3860 6262
290 263 392 312 535

1633 262 1888 315 ALVARI
1930 263 2434 319 CORDUBENSIS.

3713 269 3792 318 L13":-

289 393 432 444 strat
453 400 477 424 ι
505 410 520 456 ;
548 389 761 459 ubique
784 390 998 459 absque
1019 389 1257 442 rationis
1280 406 1441 443 camo
1467 391 1799 460 procedens,
1824 395 1880 444 et
1899 392 1994 445 ha-
2032 395 2072 447 A
2105 391 2339 446 denario
2373 408 2612 445 numero
2647 408 2904 462 surgens,
2939 393 3038 464 qui
3067 394 3376 463 Scripturis
3409 393 3636 448 sanctis
3661 410 3790 448 sem-

289 479 452 534 benis
481 479 680 531 laxatis
713 484 994 532 metarum
1026 479 1167 532 ﬁnes
1193 479 1375 547 magis
1415 479 1765 547 transiliens,
1805 496 1975 550 quam

291 568 628 636 adimplens,
693 583 807 620 uno
866 567 1241 619 contumacia:
1291 567 1403 619 ictu
1442 568 1741 635 editorem,
1792 571 1984 622 obser-

286 661 628 722 vantemque
677 661 1067 724 prosternens,
1102 656 1238 708 dum
1278 661 1332 708 et
1372 655 1717 725 principium
1762 673 1793 708 a
1843 673 1988 710 vana

289 742 473 812 gloria
505 742 701 808 sumit,
742 749 799 796 et
829 761 886 796 se
935 743 1048 796 nisi
1091 742 1152 796 in
1183 743 1542 798 laudantium
1592 749 1823 813 pectora
1869 761 1987 798 non

289 829 559 883 infundit.
601 831 730 884 HERC
761 837 956 884 contra
992 832 1308 884 Donatistas
1339 831 1542 884 dixisse
1577 833 1840 885 sufﬁciat.

361 921 449 971 2l.
485 920 646 972 Nunc
675 919 742 972 ad
781 936 847 972 ea
891 925 1018 989 post
1048 920 1358 973 discessum
1394 920 1738 974 defensionis
1781 925 1988 973 nostrae

297 1007 656 1060 redeundum
707 1013 811 1074 est,
845 1024 972 1078 qua
1019 1007 1154 1061 huic
1183 1009 1518 1077 parvissimo
1553 1011 1712 1079 Operi
1758 1011 1989 1062 culmen

295 1096 662 1166 perfectionis
725 1096 1026 1166 imponant
1079 1100 1134 1149 et
1190 1113 1598 1165 praecursorem
1655 1097 1988 1151 Antichristi

295 1190 418 1238 tota
483 1185 766 1252 libertate,
844 1185 1297 1238 testimoniorum
1359 1185 1508 1238 fasce
1571 1191 1794 1238 tantum
1855 1186 1988 1239 huic

297 1272 610 1326 materiolze
661 1271 881 1340 exiguae
917 1273 1391 1326 substentandum
1437 1276 1518 1324 est
1561 1275 1608 1340 b,
1641 1273 1804 1326 facile
1833 1289 1987 1326 com-

295 1360 549 1430 primant
575 1360 658 1412 vel
687 1360 1028 1429 dimergant.
1064 1365 1104 1414 A
1149 1359 1378 1412 Daniele
1411 1359 1702 1430 capiamus
1730 1361 1986 1424 initium,

299 1455 355 1502 et
416 1465 480 1500 ex
531 1452 690 1518 parte
745 1464 872 1518 quae
929 1448 990 1500 in
1029 1448 1375 1500 Antichristo
1423 1465 1456 1500 a
1515 1449 1678 1501 beato
1737 1449 1990 1517 exposita

298 1539 516 1590 exstant
569 1537 942 1604 Hieronymo,
985 1536 1119 1589 huic
1167 1536 1580 1588 nefandissimo
1611 1545 1991 1589 consentanea

299 1631 356 1679 et
399 1626 584 1678 vicina
633 1625 948 1678 ﬁrmemus.
1005 1624 1222 1677 Dehinc
1256 1625 1408 1677 beati
1437 1613 1538 1677 Job
1565 1625 1631 1677 de
1679 1626 1992 1678 Behemoth

299 1714 388 1766 vel
446 1713 776 1766 Leviatham
839 1712 986 1765 dicta
1037 1711 1334 1778 rimemus,
1397 1719 1453 1766 et
1503 1713 1679 1765 sancti
1735 1715 1990 1783 Gregorii

301 1802 713 1854 concordantes
762 1800 1107 1871 expositioni
1137 1810 1176 1866 ε,
1227 1817 1354 1870 quae
1395 1801 1452 1852 in
1501 1801 1846 1855 Antichristo
1877 1819 1998 1868 spe-

302 1890 522 1943 cialiter
574 1896 706 1941 sunt
771 1889 1083 1958 designata,
1160 1889 1254 1941 isti
1311 1889 1575 1942 similiter
1633 1892 1998 1944 ostendamus

303 1978 578 2048 injuncta.
613 1977 702 2032 Sic
741 1978 906 2030 tertio
939 1977 1058 2030 loco
1091 1977 1161 2030 ad
1195 1979 1591 2048 Apocalypsin)
1644 1979 1992 2043 accedentes,

304 2069 358 2118 et
403 2064 623 2135 aliquas
653 2064 826 2117 simili
871 2069 1070 2118 tenore
1123 2065 1340 2134 species
1392 2065 1748 2132 disserentes,
1798 2067 1998 2120 docto—t

302 2155 460 2207 ribus
517 2159 572 2206 et
615 2153 1043 2206 inlustrioribus
1097 2154 1376 2206 secuturis
1438 2155 1751 2208 disserendi
1804 2155 1998 2208 omnia

304 2243 604 2296 materiam
635 2241 1052 2311 relinquamus,
1085 2246 1140 2294 et
1169 2247 1298 2311 post
1328 2243 1714 2311 quorumdam
1747 2244 1997 2313 prophe-

303 2335 491 2384 tarum
528 2330 614 2384 vel
653 2337 980 2384 sanctorum
1013 2331 1300 2384 difﬂorata
1336 2331 1362 2371 ά
1405 2332 1634 2384 oracula
1665 2333 1776 2384 ﬁne
1807 2332 1999 2384 debito

305 2419 644 2488 opusculum
677 2418 1093 2487 praicidamus:
1129 2435 1192 2470 ac
1214 2419 1273 2470 in
1304 2419 1552 2472 secundo
1575 2419 1768 2472 libello
1801 2419 1996 2474 docto—

309 2523 436 2560 rum
484 2508 797 2560 sententias
847 2523 1282 2576 congregemus,
1334 2512 1667 2576 nostrasque
1730 2524 1999 2576 operosas

305 2596 539 2649 fabellas
597 2596 882 2649 veracium
933 2595 1252 2649 stellatione
1311 2597 1607 2649 ﬁrmemus
1657 2607 1698 2649 θ.
1745 2596 1802 2650 Si
1846 2597 1999 2651 enim

309 2683 644 2752 Domitium,
678 2685 960 2738 Neronem
993 2700 1095 2753 pro
1126 2685 1480 2736 immanitate
1512 2685 1811 2752 scelerum,
1841 2687 2002 2738 Anti-

307 2773 585 2826 christum
640 2772 816 2843 aliqui
856 2772 1179 2838 ﬁrmavere,
1229 2779 1285 2826 et
1334 2773 1682 2825 Anthiocum
1733 2775 2000 2827 eumdem

308 2861 558 2930 ﬁgurare
589 2861 801 2924 dixere,
843 2861 929 2913 vel
963 2865 1196 2913 caeteras
1225 2869 1412 2931 pestes
1457 2867 1656 2913 contra
1695 2862 2000 2915 Ecclesiam

310 2950 691 3019 insurgentes,
768 2965 1148 3020 praecursores
1221 2949 1400 3018 ipsius
1479 2950 1736 3003 nefandae
1809 2951 2003 3004 bestias

311 3038 574 3091 doctores
604 3037 992 3108 probatissimi
1015 3044 1326 3102 astruxere,
1353 3039 1490 3107 quid
1515 3045 1642 3090 nost
1670 3043 1802 3108 post
1833 3040 2001 3092 hodie

311 3127 630 3196 incongrue
681 3126 934 3196 garriant
981 3127 1253 3196 posuisse,
1306 3127 1407 3196 qui
1455 3143 1682 3179 naevum
1738 3128 2003 3196 operibus

314 3214 560 3267 aliorum
592 3219 800 3268 conant
841 3215 1172 3284 imponere?
1207 3216 1342 3268 Ecce
1377 3215 1622 3268 Danielis
1657 3217 2002 3286 prazsagium

311 3302 502 3372 primo
547 3303 670 3356 loco
720 3303 1066 3357 discutiens:
1119 3303 1388 3357 brevibus
1437 3309 1494 3356 et
1534 3305 2002 3373 consequentiam

312 3389 654 3444 habentibus
703 3391 1166 3444 conclusionibus
1214 3391 1482 3458 serviam,
1527 3397 1583 3444 et
1629 3408 1744 3444 non
1797 3391 2005 3462 specia-

314 3478 444 3530 liter
476 3478 689 3546 omnia,
722 3479 817 3531 sed
851 3477 1044 3549 aliqua
1075 3495 1144 3532 ex
1172 3484 1332 3548 parte
1375 3479 1694 3548 expediam,
1731 3483 1786 3530 et
1831 3481 1934 3532 hoc
1973 3496 2006 3533 a

313 3568 548 3621 Patrum
627 3567 840 3638 regulis
912 3568 972 3620 in
1025 3569 1254 3622 devium
1315 3584 1428 3620 non
1493 3567 1791 3621 divertam.
1861 3569 2004 3622 Dicit

314 3672 566 3726 namque
619 3657 686 3710 de
745 3657 1049 3710 undecimo
1113 3657 1308 3710 bestias
1368 3673 1591 3710 cornu:
1653 3659 1854 3722 Bestia,
1915 3658 2005 3710 in-

314 3745 458 3816 quit,
492 3749 710 3814 quarta,
743 3761 905 3815 quam
931 3745 1146 3812 vidisti,
1180 3753 1434 3814 quartum
1456 3761 1676 3812 regnum
1708 3749 1829 3813 erit,
1865 3746 2008 3815 quod

313 3836 490 3903 majus
565 3837 668 3888 erit
726 3833 970 3887 omnibus
1030 3837 1210 3900 regnis
1269 3833 1426 3904 (Dan.
1501 3851 1596 3896 vn,
1657 3835 1765 3903 23).
1847 3835 2004 3888 Haud

316 3921 334 3955 ί
393 3921 650 3984 dubium,
720 3921 876 3990 quod
961 3922 1284 3975 Romanum
1349 3921 1652 3988 signiﬁcet,
1718 3922 2008 3974 inultoties

318 4011 625 4076 elevatum,
681 4009 972 4078 latiusque
1051 4025 1083 4061 a
1155 4009 1347 4078 regnis
1401 4010 1623 4062 caeteris
1686 4009 2002 4063 dilatatum.

317 4101 481 4152 Porro
533 4112 738 4150 cornua
779 4097 954 4150 decem
1003 4100 1178 4165 ipsius
1223 4101 1395 4164 regni,
1443 4097 1618 4150 Jeccm
1651 4113 1798 4162 rcges
1847 4103 2003 4152 sunt:

317 4191 368 4238 et
399 4185 541 4238 alius
565 4191 845 4250 consurget
878 4189 1002 4253 post
1030 4199 1136 4250 eos,
1185 4189 1234 4237 et
1273 4187 1387 4252 ipse
1411 4187 1682 4252 potentior
1717 4187 1818 4238 erit
1855 4189 2006 4253 prio-

317 4273 491 4339 ribus,
547 4277 596 4326 et
654 4277 758 4325 tres
809 4288 960 4340 reges
1022 4273 1354 4338 humiliabit,
1408 4279 1458 4326 et
1511 4289 1773 4326 sermones
1822 4281 2008 4327 contra

319 4363 605 4417 Ercelsum
678 4361 943 4430 loquetur,
1015 4365 1064 4414 et
1134 4367 1344 4414 sanctos
1403 4363 1682 4414 Altissimi
1739 4367 2004 4416 conteret:

319 4457 369 4504 et
415 4449 639 4518 putabit
677 4450 821 4518 quod
865 4451 1036 4518 possit
1084 4454 1294 4502 mutare
1341 4457 1599 4516 tempora,
1648 4456 1696 4502 et
1749 4451 1906 4516 teges,
1961 4455 2011 4503 et

321 4540 606 4592 tradentur
657 4542 714 4592 in
769 4555 936 4592 manu
983 4539 1099 4606 ejus
1142 4553 1311 4604 usque
1352 4543 1577 4604 temmls,
1641 4542 1691 4590 et
1749 4545 2006 4606 tempora,

318 4634 368 4682 et
419 4627 712 4682 dimidium
767 4630 1022 4696 temporis
1078 4625 1265 4695 (lbid.,
1311 4627 1400 4693 24,
1470 4626 1578 4696 ‘25).
1632 4626 1767 4690 Quae
1817 4627 2012 4680 omnia

319 4717 606 4783 historice,
677 4722 734 4770 et
796 4717 1026 4786 propiie
1105 4715 1377 4768 Porﬁrius
1440 4715 1498 4766 in
1565 4714 1838 4767 Anthioco
1905 4731 2008 4784 po-

319 4805 449 4860 suit.
515 4805 706 4859 Nostri
761 4821 893 4858 vero
941 4805 998 4856 in
1039 4803 1324 4858 Anthioco
1375 4806 1579 4873 typice,
1622 4808 1675 4856 et
1723 4803 1912 4856 verius
1951 4803 2010 4856 in

317 4893 690 4956 Antichristo,
735 4898 790 4946 et
833 4893 1042 4945 rectius
1092 4893 1412 4961 specialiter
1454 4909 1714 4962 posuere.
1769 4893 1879 4945 Nos
1925 4897 2007 4944 ta-

317 4999 452 5036 men
499 4983 558 5036 in
589 4982 740 5036 hunc
771 4980 951 5034 nostri
991 4981 1263 5050 temporis
1289 4981 1538 5034 damnati
1571 4979 1825 5034 hominis
1857 4996 2007 5050 prae-

317 5087 610 5125 cursorem
641 5083 669 5125 s
700 5087 764 5123 ex
797 5074 956 5140 parte
999 5070 1236 5124 dicimus
1283 5071 1605 5124 convenire.
1641 5070 1782 5123 Nam
1813 5069 1874 5122 in
1909 5087 2010 5122 uu-

387 5203 410 5228 ι
441 5194 497 5246 Si
531 5197 827 5266 macerant,
862 5199 918 5246 et
947 5195 1241 5247 inlustrant
1271 5194 1502 5263 legeris,
1535 5195 1834 5264 sequentia
1871 5210 2010 5266 quo-

320 5281 430 5334 que
463 5264 820 5334 corrigenda.

389 5336 414 5376 b
463 5333 945 5404 Testimoniorum
993 5334 1113 5386 face
1163 5334 1347 5387 lucem
1391 5334 1474 5388 rei
1523 5334 1658 5389 dare
1710 5335 1875 5404 velle,
1925 5337 2010 5389 in-

318 5419 496 5455 nuere
537 5403 763 5456 videtur
793 5419 897 5470 per
925 5403 1046 5456 haec
1079 5405 1268 5458 verba.

389 5482 409 5506 ε
440 5473 498 5524 F.
535 5476 915 5541 emposiliones.

385 5543 412 5584 ά
443 5545 742 5612 Deﬂorare,
775 5543 942 5599 ﬂores
975 5545 1184 5615 legere.

2096 499 2198 551 per
2219 482 2499 534 infaustus
2530 487 2636 547 est,
2667 481 2777 535 tria
2800 498 2976 552 regna
3010 483 3370 551 perdomuit,
3399 484 3544 537 dum
3591 483 3796 536 Graea-

2099 585 2246 634 rum,
2310 571 2678 634 Francorum,
2747 587 2874 641 quae
2945 571 3053 624 sub
3117 572 3348 625 nomine
3409 573 3794 626 Romanorum

2097 658 2384 726 vigebant,
2437 657 2756 727 provincias
2807 659 3124 728 Occupavit,
3173 663 3228 712 et
3272 660 3610 713 Gothorum
3665 661 3798 714 Oeri-

2099 745 2414 799 dentalium
2463 746 2586 798 cola
2619 748 2834 798 ViCLliUi
2867 747 3056 812 planta
3091 747 3326 800 calcavit
3359 763 3372 800 :
3411 748 3502 800 vel
3557 749 3700 800 dum
3723 749 3798 800 de-

2101 835 2387 903 calogum,
2421 833 2529 886 hoc
2559 837 2660 898 est,
2693 833 3074 887 universalem
3113 835 3480 906 religionem,
3501 827 3582 888 Aet
3615 851 3796 888 nume-

2099 939 2251 988 rum,
2305 921 2404 992 qui
2461 922 2804 992 plerumque
2851 937 2956 992 pro
3013 928 3132 975 toto
3181 923 3475 991 inseritur,
3533 923 3798 993 dissipare

2099 1011 2344 1076 conavit,
2379 1015 2436 1064 et
2467 1017 2664 1064 contra
2703 1009 2878 1064 ﬁdem
2909 1011 3222 1076 Trinitatis,
3257 1029 3374 1082 spe,
3423 1013 3577 1078 ﬁde,
3631 1013 3798 1066 chari-

2098 1103 2210 1153 tate
2276 1099 2577 1161 munitam,
2639 1099 2934 1169 superbire
3003 1101 3262 1152 tentavit.
3329 1101 3556 1154 Contra
3633 1102 3795 1154 Deum

2100 1189 2382 1240 excelsum
2425 1204 2715 1240 sermones
2762 1189 3045 1257 petulanti
3091 1189 3460 1242 contumacia
3497 1188 3798 1256 fabricatis,

2100 1277 2339 1345 grandia
2356 1277 2654 1342 trutinans,
2682 1281 2738 1330 et
2765 1277 2991 1330 fumosa
3023 1277 3120 1330 illa
3150 1283 3482 1344 contexens,
3511 1295 3656 1348 quae
3687 1294 3800 1330 vere

2101 1365 2445 1418 Antichristo
2494 1371 2628 1417 sunt
2674 1364 2906 1434 preevia,
2944 1369 2993 1416 et
3041 1365 3248 1416 humili
3281 1364 3558 1434 religioni
3609 1373 3800 1417 nostrae

2101 1451 2235 1505 satis
2282 1451 2533 1504 adversa.
2569 1451 2774 1520 Legem
2808 1449 3036 1502 Domini
3089 1451 3506 1503 miraculorum
3543 1452 3672 1503 sole
3717 1467 3796 1503 co-

2102 1556 2347 1607 ruscam,
2399 1539 2672 1593 nebulosa
2703 1539 2993 1591 involvere
3026 1543 3232 1608 putans
3277 1539 3553 1608 ealigine,
3595 1546 3654 1591 et
3697 1541 3800 1592 fau-

2102 1628 2319 1681 toribus
2351 1627 2467 1680 suis
2496 1627 2658 1698 quasi
2689 1643 2754 1679 ex
2779 1628 2944 1696 jussu
2989 1627 3252 1680 altissimi
3301 1629 3532 1681 Domini
3569 1627 3800 1680 ridiculo

2104 1731 2266 1778 ausu,
2317 1716 2490 1778 leves,
2542 1721 2597 1767 et
2648 1715 2762 1766 risu
2813 1715 3016 1778 dignas
3067 1719 3264 1766 texens
3309 1715 3620 1775 historias,
3675 1716 3800 1782 style

2111 1805 2269 1869 falso,
2318 1803 2546 1872 impura
2593 1803 2802 1868 fronte,
2837 1801 3101 1856 theatrali
3135 1803 3346 1867 favore,
3393 1802 3672 1856 fabulosa
3712 1805 3801 1855 tin-

2106 1908 2250 1960 gens
2300 1890 2609 1952 mendacia,
2657 1891 2814 1944 nullo
2861 1891 3146 1944 virilitatis
3189 1893 3272 1944 vel
3321 1891 3577 1944 rationis
3627 1891 3804 1959 vigore

2105 1980 2431 2050 praecincta,
2468 1987 2691 2032 sanctos
2735 1979 2829 2032 Dei
2876 1987 3197 2042 conterens,
3235 1985 3292 2032 et
3329 1981 3398 2033 de
3431 1979 3630 2032 stellis
3673 1981 3800 2040 caeli,

2106 2069 2162 2121 id
2208 2073 2290 2121 est
2321 2085 2384 2120 ex
2429 2069 2688 2120 Ecclesiae
2720 2067 2874 2130 ﬁliis,
2908 2076 3128 2136 partem
3169 2067 3313 2138 pede
3361 2068 3665 2120 scurribili
3715 2069 3804 2120 cal-

2105 2173 2255 2210 cans.
2307 2157 2466 2220 Quod
2517 2156 2700 2224 magis
2755 2157 3052 2208 oculorum
3099 2155 3332 2220 indicio,
3385 2172 3570 2225 quam
3627 2163 3802 2208 nostro

2105 2244 2474 2314 expositionis
2502 2243 2912 2313 comprobatur
2939 2245 3185 2313 eloquio.
3230 2245 3354 2297 Jam
3387 2259 3526 2296 vero
3559 2250 3800 2312 tempus,

2106 2338 2386 2402 tempora,
2418 2337 2471 2385 et
2489 2331 2794 2384 dimidium
2819 2331 3110 2399 temporis,
3135 2331 3308 2400 capiti
3338 2331 3463 2399 ejus
3487 2332 3804 2401 specialiter

2105 2421 2525 2490 injungendum
2577 2426 2661 2472 est
2721 2420 3100 2472 Antichristi):
3145 2427 3202 2472 et
3243 2419 3670 2489 requirendum
3719 2435 3804 2470 cur

2109 2527 2224 2564 non
2257 2515 2451 2579 aperte
2484 2514 2598 2560 tres
2629 2524 2810 2560 annos
2831 2515 2886 2560 et
2911 2507 3159 2560 medium
3193 2508 3416 2574 dixerit,
3442 2509 3542 2560 sed
3575 2508 3804 2560 obscure.

2108 2599 2206 2651 illo
2233 2599 2503 2650 vocabulo
2535 2613 2720 2649 sermo
2753 2597 2921 2666 hujus
2951 2597 3122 2648 fuerit
3151 2597 3397 2658 divinus,
3433 2613 3553 2666 quo
3582 2597 3804 2648 solitum

2110 2691 2195 2738 est
2240 2685 2525 2738 diversum
2560 2701 2790 2737 sensum
2841 2685 2900 2736 in
2936 2684 3107 2738 corda
3141 2685 3428 2754 parturire
3480 2685 3802 2738 doctorum.

2112 2775 2252 2827 Nam
2285 2779 2342 2826 et
2375 2789 2558 2825 annus
2592 2779 2840 2843 quatuor
2872 2779 3128 2842 tempora
3173 2773 3360 2839 habet,
3391 2777 3446 2824 et
3477 2773 3610 2842 ipse
3641 2790 3803 2825 unum

2111 2867 2336 2931 tempus
2369 2861 2576 2913 dicitur
2605 2877 2811 2926 annus,
2845 2867 2900 2913 et
2930 2861 3349 2930 quinquaginta
3377 2865 3434 2912 et
3462 2867 3728 2928 centum,
3761 2867 3802 2913 et

2069 2951 2340 3016 )brevem
2373 2950 2422 3000 el
2469 2949 2706 3016 longum
2738 2949 3030 3013 horarum,
3066 2949 3308 3014 dierum,
3347 2949 3659 3011 mensium,
3713 2965 3798 3000 an.

2050 4273 2088 4324 D

2115 3051 2438 3105 nurumque
2477 3037 2748 3104 spatium,
2785 3041 3108 3106 temporum
3139 3037 3377 3088 nomine
3409 3036 3798 3106 designantur.

2115 3124 2343 3178 Hebrzei
2407 3140 2657 3193 namque
2707 3140 2886 3176 unum
2929 3130 3156 3193 tempus
3205 3125 3578 3194 septuaginta
3645 3141 3800 3178 annos

2115 3213 2421 3282 accipiunt,
2455 3213 2768 3266 secundum
2801 3213 2978 3266 illud:
3015 3214 3145 3265 Dies
3191 3228 3456 3265 annorum
3503 3221 3802 3268 nostrorum

2115 3304 2464 3369 septuaginta
2495 3303 2629 3353 anni
2659 3302 2830 3368 (Psal.
2879 3315 3090 3366 ωηιξη,
3125 3301 3208 3364 10)
3236 3315 3247 3353 :
3283 3301 3371 3352 vel
3397 3300 3572 3368 juxta
3619 3317 3802 3354 nume—

2114 3405 2242 3442 rum
2277 3405 2558 3442 annorum
2592 3405 2705 3458 quo
2737 3389 2842 3442 sub
2875 3389 3397 3442 Nabuchobonosor
3425 3389 3672 3442 fuerunt
3703 3405 3804 3442 ser-

2116 3476 2264 3529 vitus
2305 3477 2445 3546 jugo
2498 3477 2729 3529 addicti.
2763 3477 3044 3546 quue...,
3073 3506 3138 3513 —
3171 3475 3580 3545 intelligentiae
3613 3493 3803 3548 genere

2117 3565 2290 3632 ducti,
2322 3569 2570 3635 tempus,
2595 3571 2876 3634 tempora,
2899 3569 2954 3617 et
2979 3565 3283 3617 dimidium
3309 3567 3600 3635 temporis
3629 3568 3686 3618 in
3713 3567 3800 3617 hoc

2116 3654 2241 3707 loco
2277 3654 2601 3720 ΗΘΜ-ἱρὴν,
2631 3684 2700 3693 -
2731 3653 3004 3707 ducentos
3033 3653 3413 3724 quadraginta
3438 3655 3708 3725 quinque
3743 3653 3802 3706 ls-

2117 3742 2520 3796 mahelitarum
2553 3743 2832 3812 deputant
2867 3744 3044 3810 genti,
3078 3743 3284 3811 quibus
3317 3743 3568 3812 peractis
3611 3742 3798 3796 ﬁnien-

2116 3831 2252 3884 dum
2278 3847 2517 3901 regnum
2545 3829 2800 3900 ipsorum
2825 3831 2960 3882 satis
2986 3831 3186 3884 audaci
3209 3847 3472 3883 sermone
3499 3831 3800 3884 conﬁdunt.

2117 3919 2413 3990 Siquidem
2445 3921 2502 3972 in
2537 3919 2642 3972 hoc
2670 3919 3084 3971 lncarnationis
3113 3919 3338 3971 Domini
3369 3935 3523 3971 anno
3548 3949 3617 3958 —
3641 3917 3800 3971 octin-

2119 4009 2439 4076 gentesimo
2478 4007 2953 4078 quinquagesimo
2987 4012 3216 4077 quarto,
3244 4011 3300 4058 et
3328 4022 3440 4060 aera
3472 4023 3610 4077 quae
3645 4007 3804 4058 currit

2121 4095 2592 4165 octingentesima
2619 4095 2986 4164 nonagesima
3005 4096 3275 4159 secunda,
3300 4095 3438 4147 anni
3470 4125 3538 4134 —
3565 4095 3800 4148 Arabum

2121 4185 2348 4237 lunares
2407 4185 2636 4237 ducenti
2685 4189 3093 4253 computantur
3149 4183 3554 4254 quadraginta,
3608 4187 3802 4236 solares

2121 4289 2250 4326 vero
2286 4275 2420 4326 anni
2453 4275 2682 4326 ducenti
2733 4289 2942 4326 xxvuu.
2982 4274 3057 4326 Ex
3107 4289 3220 4342 qua
3267 4288 3494 4324 summa
3545 4275 3802 4342 superant

2119 4378 2299 4415 annos
2329 4363 2540 4415 salares
2572 4362 2841 4414 sedecim.

2188 4453 2276 4505 22.
2315 4451 2426 4504 Nos
2467 4467 2599 4503 vero
2645 4451 2763 4503 haac
2809 4449 2908 4503 Dei
2952 4448 3056 4501 soli
3091 4447 3490 4519 intelligentiae
3539 4445 3798 4516 relinqui-

2119 4557 2267 4605 mus,
2327 4544 2384 4592 et
2404 4539 2502 4592 'eis
2559 4538 2655 4608 qui
2710 4538 2901 4591 divino
2949 4537 3163 4608 Spiritu
3214 4537 3345 4589 tacti
3393 4542 3638 4605 possunt
3683 4549 3794 4587 cum

2117 4629 2302 4698 Moyse
2345 4627 2554 4681 nubem
2606 4625 3007 4692 conscendere,
3053 4631 3110 4678 et
3156 4625 3372 4678 occulta
3417 4625 3516 4677 Dei
3553 4641 3622 4678 eo
3663 4636 3796 4674 rese-

2119 4721 2280 4769 rante
2313 4717 2465 4768 clara
2496 4715 2636 4768 facie
2669 4715 2910 4767 intuere.
2947 4714 3052 4767 Sed
3084 4715 3318 4766 solerter
3339 4712 3795 4772 estintuendum,

2121 4810 2176 4858 et
2198 4805 2371 4874 legali
2397 4803 2754 4858 dissertionis
2767 4802 2955 4856 studio
2978 4801 3436 4872 praavidendum,
3461 4818 3534 4853 ne
3563 4802 3706 4854 hanc
3725 4797 3802 4850 ob-

2119 4893 2450 4947 scuritatem
2476 4892 2794 4944 involutam
2819 4891 3124 4944 temerarie
3142 4895 3323 4944 tentet
3344 4905 3634 4959 exponere
3657 4901 3798 4940 mens

2101 4997 2347 5044 ~vesana,
2381 4985 2438 5034 et
2469 4979 2846 5048 multiplicem
2879 4978 3236 5048 designatam
3269 4977 3618 5030 sententiam
3651 4973 3799 5028 auda-

2119 5071 2268 5124 cium
2301 5075 2356 5122 et
2387 5069 2760 5122 insolentium
2791 5072 3095 5120 retractare
3126 5071 3440 5136 praesumat
3471 5064 3695 5118 insania
3723 5061 3798 5115 de-

2191 5202 2212 5228 °
2243 5195 2299 5247 1'".
2347 5193 2605 5260 favillas;
2651 5196 2711 5244 ut
2757 5191 2834 5243 sic
2875 5191 3026 5255 quod
3075 5190 3332 5260 sequitur
3365 5193 3642 5260 veracium
3691 5185 3796 5260 stel-

2119 5266 2319 5318 latione
2350 5259 2657 5330 ﬁrmemus,
2692 5261 2846 5315 idem
2900 5263 2972 5314 sit
3004 5277 3067 5314 ac
3113 5259 3279 5313 ﬁrma
3309 5265 3365 5312 et
3413 5259 3648 5313 micanti
3691 5259 3792 5313 luce

2119 5335 2444 5456 doptjprum,
2471 5333 2770 5386 veritatem
2794 5332 2880 5385 sui
2910 5331 3106 5384 asserti
3140 5331 3447 5384 illustrare.

2267 5406 2362 5456 ιε..
2394 5409 2507 5456 aut.

2295 5423 2362 5468 s.,
2394 5421 2507 5457 aut.

2190 5488 2219 5529 ε
2249 5477 2304 5529 Id
2338 5481 2425 5527 est
2457 5474 2764 5538 Mahomet,
2791 5473 3122 5526 Antichristi
3149 5487 3489 5544 praecursor.
