3860 6262
52 329 141 378 53ἷ
1387 327 1754 384 INDICULUS
1793 331 2204 387 LUMINOSUS.

3439 336 3541 387 538

46 455 318 509 testanda.
347 455 488 508 Dicit
515 455 670 509 enim
701 456 762 509 in
791 456 906 509 ﬁne
939 454 1242 509 voluminis
1274 473 1286 510 :
1317 457 1732 511 Pertransibunt
1769 462 1814 512 Α
1847 459 2037 526 habet,
2089 462 2174 514 vel
2214 477 2331 515 non
2380 462 2580 515 habeat
2620 463 3135 533 concupiscentiam
3190 464 3538 518 feminarum

45 547 284 611 plurimi,
333 549 382 597 et
407 545 696 612 multiplea:
734 547 838 598 erit
875 547 1099 598 scientia
1147 544 1312 612 (Dan.
1357 562 1452 608 xu,
1499 547 1556 615 4)
1592 563 1604 598 :
1639 547 1732 600 di-

47 633 362 686 versitatem
400 634 768 686 tractantium
813 649 1070 703 prazsago
1126 633 1332 702 spiritu
1362 635 1611 702 nuntiat,
1678 642 1735 688 et

47 738 151 774 non
184 722 552 787 stolidorum,
601 722 700 774 sed
741 722 1105 792 sapientium,
1140 723 1553 777 commentaria
1587 740 1733 793 pra:-

47 812 310 879 tigurans.
348 811 632 879 Multiplex
665 826 916 880 namque
947 810 1055 863 erit
1083 811 1338 876 scientia,
1388 811 1524 864 dum
1572 811 1735 865 multi

48 913 152 950 non
185 902 465 966 errantes,
501 900 596 952 sed
630 900 1001 952 discutientes
1035 899 1398 968 opinaverint
1429 901 1624 966 multa,
1679 907 1735 955 et

47 987 389 1038 diversarum
438 994 765 1055 temporum
815 1003 999 1040 causae
1049 1003 1164 1040 uno
1214 987 1426 1041 fuerint
1474 989 1734 1042 revelata}

50 1091 323 1127 sermone.
376 1077 531 1130 Unde
578 1082 634 1128 et
681 1076 886 1145 opinor
938 1075 1271 1129 sublimaria
1319 1075 1736 1146 signiﬁcatione

49 1163 377 1231 ﬁgurarum,
438 1171 493 1215 et
542 1164 847 1233 multiplici
909 1164 1236 1216 inductione
1290 1165 1732 1232 problematum,

51 1267 204 1304 unam
234 1252 600 1321 eamdemque
627 1267 747 1304 rem
777 1251 1094 1319 saepissime
1121 1251 1410 1304 multoties
1435 1255 1733 1322 repetitam

51 1343 98 1391 et
127 1340 181 1392 in
229 1339 414 1392 tribus
445 1347 500 1392 et
531 1348 782 1409 quatuor
825 1340 964 1392 locis
999 1341 1103 1392 sub
1138 1340 1249 1392 alia
1279 1345 1449 1410 atque
1509 1343 1674 1410 longe
1706 1360 1738 1395 a

51 1427 214 1496 priori
246 1429 672 1481 monstrationis
702 1428 886 1495 ﬁgura
939 1429 995 1480 id
1034 1429 1219 1497 ipsum
1269 1429 1421 1498 quod
1464 1429 1736 1498 primitus

52 1517 301 1585 ﬁgurare.
352 1517 413 1568 Et
443 1517 548 1568 hoc
578 1517 636 1568 in
680 1517 945 1569 omnibus
989 1517 1261 1584 operibus
1292 1517 1631 1586 prophetiae,
1677 1523 1738 1570 ut

55 1605 261 1673 opinor,
285 1603 454 1657 debet
487 1603 750 1674 intelligi,
783 1610 841 1656 et
869 1605 974 1657 sub
1001 1604 1153 1657 varia
1185 1606 1494 1673 repetionis
1553 1607 1738 1674 specie

53 1691 211 1744 totius
237 1691 514 1760 temporis
553 1708 752 1744 causas
781 1707 893 1744 uno
929 1692 1249 1761 prophetiae
1301 1693 1450 1745 libro
1484 1693 1732 1762 signare.

56 1779 173 1842 Quae
210 1779 510 1844 sententia,
543 1779 587 1831 si
619 1780 791 1847 digna
824 1784 878 1832 et
907 1780 1090 1832 amica
1123 1785 1312 1832 mente
1335 1781 1734 1848 perpenditur,

62 1883 158 1919 non
202 1882 263 1919 ex
313 1867 420 1919 hac
467 1868 838 1936 generatione
899 1866 1095 1920 livoris
1153 1867 1596 1936 improbabitur,
1640 1867 1737 1920 sed

58 1955 384 2007 evidentium
407 1971 708 2008 causarum
743 1956 1040 2008 eventibus
1085 1957 1483 2008 conﬁrmatur.
1524 1957 1590 2008 Et
1630 1956 1735 2009 isto

63 2043 435 2112 intelligentim
489 2060 698 2111 genere
750 2045 1092 2108 conﬁrmati,
1141 2060 1208 2096 eo
1260 2060 1568 2113 possumus
1617 2045 1737 2097 sine

64 2149 232 2184 errore
261 2133 594 2200 procedere,
629 2138 690 2184 ut
733 2148 848 2186 non
890 2134 1076 2185 solum
1111 2133 1416 2202 prophetas
1458 2134 1738 2200 temporis

68 2221 290 2289 ipsorum
317 2221 572 2273 dicamus
602 2222 807 2290 spiritu
841 2221 1032 2273 divino
1064 2221 1377 2286 nuntiasse,
1407 2238 1534 2291 qum
1581 2227 1738 2289 gesta

67 2315 194 2368 sunt.
217 2310 308 2362 sed
323 2311 491 2362 etiam
507 2311 766 2363 omnium
792 2310 1128 2363 szeculorum
1156 2326 1284 2380 quae
1311 2311 1561 2380 gerenda
1575 2317 1738 2364 erant

71 2397 462 2452 evidentissime
478 2414 824 2467 praesagasse
844 2403 903 2450 ut
923 2413 1110 2450 sermo
1125 2398 1351 2450 divinus
1376 2415 1489 2450 uno
1511 2405 1739 2451 contex-

67 2494 117 2538 tu
136 2488 584 2540 sermonistotius
598 2487 791 2539 saeculi
819 2492 1131 2556 exponeret
1159 2503 1374 2540 causas.
1399 2487 1605 2540 Eccein
1632 2489 1736 2540 Ha-

70 2573 217 2626 bacuc
250 2580 447 2627 contra
469 2575 987 2628 Nabuchodonosor
1008 2591 1196 2628 sermo
1234 2576 1525 2645 dirigitur,
1579 2576 1739 2628 omni

69 2661 225 2714 vicina
269 2668 324 2714 et
372 2668 754 2715 consentanea
798 2679 924 2715 mox
959 2663 1175 2715 clarum
1227 2663 1553 2715 videntibus
1597 2679 1736 2731 ape-

69 2749 192 2802 ritur
216 2761 259 2815 ³,
291 2768 440 2804 neca
484 2751 714 2804 tramite
746 2751 999 2804 veritatis
1031 2752 1334 2818 errabitur,
1368 2751 1414 2804 si
1481 2753 1738 2821 prophe-

73 2839 136 2889 tia
161 2839 447 2892 adversum
478 2839 776 2893 Chaldaeos
821 2840 1054 2905 directa,
1112 2839 1170 2892 in
1205 2857 1301 2892 eos
1343 2840 1538 2893 itidem
1571 2856 1740 2908 expo-

73 2932 230 2980 natur.
267 2929 380 2980 Hoc
407 2929 619 2997 quippe
669 2928 851 2998 magis
881 2928 1144 2997 congruit
1183 2929 1481 2997 sapientia
1527 2928 1645 2992 Dei,
1682 2933 1740 2980 et

76 3017 318 3068 catholici)
351 3017 440 3068 cui
480 3016 761 3069 servimus
791 3017 1064 3084 dogmati,
1116 3032 1286 3086 quam
1345 3022 1403 3068 ut
1459 3017 1733 3082 dicamus,
1777 3051 1816 3104 ρ

76 3101 218 3170 hujus
242 3105 426 3156 vesani
457 3103 709 3156 hominis
741 3106 825 3156 vel
874 3105 1118 3157 aliorum
1151 3120 1459 3174 regnorum
1503 3105 1736 3157 storiaun

79 3191 380 3258 prophetice
428 3208 544 3244 non
592 3192 914 3261 praevisum.
968 3193 1258 3257 Quinimo,
1294 3199 1356 3244 ut
1403 3192 1542 3245 mihi
1577 3192 1738 3245 vide-

81 3285 169 3343 tur,
197 3282 336 3349 quod
389 3281 712 3350 specialiter
748 3282 806 3333 in
852 3281 1034 3351 capite
1069 3282 1472 3351 praidictorum
1507 3288 1591 3333 est
1649 3281 1736 3334 di-

82 3373 223 3432 ctum,
257 3370 308 3422 in
335 3370 611 3435 membro,
643 3371 780 3436 imo,
809 3375 869 3423 ut
901 3371 1224 3423 evidentius
1255 3370 1461 3436 dicam,
1497 3369 1553 3421 in
1614 3375 1739 3439 gut-

83 3461 180 3509 ture
209 3458 344 3526 ejus,
393 3463 555 3511 acute
614 3459 978 3512 cernentibus
1021 3459 1382 3529 aaniginatice
1443 3459 1634 3524 servit,
1683 3463 1738 3511 et

83 3545 198 3597 hanc
226 3547 610 3616 intelligentia:
641 3563 871 3600 sensum
902 3547 1040 3602 ﬁdes
1073 3549 1349 3601 catholica
1382 3563 1493 3600 non
1526 3547 1738 3600 abhor—

84 3638 163 3685 ret.
195 3635 324 3686 Nam
350 3651 415 3688 ea
442 3652 570 3706 quae
611 3635 670 3688 in
701 3637 812 3688 line
845 3636 1156 3689 voluminis
1185 3637 1252 3689 de
1287 3636 1411 3704 ipso
1458 3637 1738 3704 superbo-

85 3737 184 3774 rum
231 3724 404 3792 capite
477 3724 721 3794 Spiritus
779 3723 917 3777 dicit
965 3725 1356 3794 propheticus,
1416 3723 1633 3794 liquide
1683 3729 1742 3776 et

86 3810 237 3862 subtili
277 3812 540 3881 indagine
599 3812 891 3876 ventilata,
942 3812 1076 3865 huic
1125 3812 1461 3881 nequissimi
1503 3812 1738 3880 spiritus

86 3897 289 3965 hospitis
335 3901 695 3953 disseruntur
724 3903 748 3943 ι)
779 3900 1079 3954 intentata.
1134 3901 1470 3965 Elevabitur,
1528 3900 1736 3969 inquit,

87 3989 556 4056 etmagniﬁcabitur
580 3989 841 4042 adversus
871 4005 1075 4042 omnem
1113 3990 1284 4042 Deum
1308 3991 1478 4059 (Dan.
1521 4005 1592 4053 XI,
1628 3991 1733 4056 36),

89 4072 128 4124 id
154 4082 224 4126 est
248 4077 518 4144 gentium,
549 4093 694 4146 quos
734 4077 897 4147 quasi
930 4077 1227 4145 religione,
1276 4078 1371 4129 sed
1404 4077 1458 4129 ei
1507 4078 1738 4146 magni-

91 4160 246 4228 ﬁcans,
277 4165 652 4234 despectionis
692 4165 832 4234 pede
859 4167 1160 4217 conteruit.
1191 4168 1258 4218 Et
1284 4164 1542 4219 adversus
1573 4169 1737 4220 Deum

91 4250 265 4304 deorum
307 4255 550 4321 loquetur
593 4253 1122 4323 magniﬁca(lbid.).
1172 4253 1497 4307 Sanctiﬁcet
1545 4261 1739 4306 contra

1842 549 2065 602 dicente
2093 549 2300 618 Aquila
2329 565 2342 602 :
2378 550 2439 602 lit
2469 566 2642 618 super
2674 552 2851 604 Deum
2883 557 3111 620 patrum
3144 568 3376 605 suorum
3422 570 3536 607 non

1846 638 2123 707 intelliget
2153 655 2164 690 :
2201 644 2255 691 et
2285 654 2454 706 super
2505 638 3024 708 concupiscentiam
3059 641 3423 707 feminarum,
3482 646 3539 694 et

1845 742 2016 795 super
2047 743 2275 779 omnem
2315 728 2492 779 Deum
2532 743 2645 779 non
2687 727 2968 797 intelliget
3001 746 3012 782 :
3059 730 3266 798 quibus
3328 729 3532 794 verbis,

1846 821 1908 867 ut
1957 816 2093 882 dixi,
2145 822 2203 868 et
2250 816 2461 868 habere
2497 832 2626 867 eum
2659 817 3234 885 inetinwpiscentiam
3293 819 3537 871 femina-

1844 919 1993 969 rum,
2027 910 2081 956 et
2110 920 2221 956 non
2256 904 2463 957 habere
2487 903 3026 973 intelligitur;quod
3050 905 3221 958 dubie
3250 906 3375 958 ideo
3410 922 3538 958 reor

1844 992 2093 1061 positum
2119 1008 2260 1052 esse,
2294 996 2356 1044 ut
2381 996 2651 1062 utrosque
2687 1009 2800 1044 uno
2827 1008 2997 1045 sensu
3030 993 3324 1046 sententiae
3348 994 3536 1046 scien-

1844 1080 1996 1133 tibus
2029 1081 2298 1150 aperiret.
2335 1081 2561 1135 Scilicet
2592 1081 2650 1133 in
2684 1081 2787 1132 hac
2831 1081 3084 1150 priorem
3136 1082 3373 1135 bestiam
3407 1099 3537 1140 con-

1845 1169 2250 1238 cupiscentiam
2299 1169 2643 1222 feminarum
2695 1169 3004 1229 afﬁrmans,
3047 1184 3103 1222 et
3140 1170 3196 1222 in
3229 1171 3540 1240 posteriore

1845 1273 1960 1310 non
2010 1257 2192 1309 inesse
2241 1258 2554 1320 declarans,
2589 1258 2723 1310 dum
2767 1263 2822 1310 et
2861 1258 3070 1311 habere
3099 1265 3154 1310 et
3187 1275 3299 1311 non
3331 1259 3540 1312 habere

1844 1360 1961 1398 uno
1994 1345 2385 1415 intelligentiae
2435 1352 2622 1414 potest
2671 1345 2913 1415 intelligi
2942 1351 3121 1399 tractu
3161 1364 3173 1400 :
3209 1363 3313 1400 nec
3345 1348 3431 1400 fac
3457 1353 3542 1400 est

1848 1434 2310 1487 utdiscordantia
2342 1450 2580 1504 operum
2618 1435 3063 1504 uniassiguetur
3096 1452 3376 1506 personae,
3420 1437 3536 1500 sed,

1848 1527 1910 1574 ut
1943 1523 2075 1587 dixi,
2110 1522 2188 1574 ita
2221 1539 2332 1574 uno
2383 1523 2664 1574 sermonis
2720 1528 2876 1575 textu
2929 1540 3104 1576 unum
3161 1523 3393 1589 iudicat,
3433 1530 3490 1576 ut
3519 1536 3539 1559 ε

1849 1610 2022 1663 alium
2057 1627 2170 1662 nou
2206 1609 2490 1663 dimittat:
2525 1611 2599 1662 ita
2629 1610 2882 1680 priorem
2910 1628 3095 1664 sermo
3124 1611 3255 1664 ferit
3289 1613 3538 1680 prophe-

1847 1697 2009 1757 ticus,
2064 1697 2437 1750 novissimum
2501 1698 2776 1751 intactum
2827 1698 3050 1751 divinus
3101 1714 3212 1751 non
3255 1697 3540 1768 relinquat

1846 1786 2102 1854 spiritus.

1917 1875 2002 1926 23.
2031 1873 2323 1939 Convenit,
2359 1879 2414 1926 et
2438 1874 2570 1927 satis
2610 1881 2670 1929 ut
2713 1890 2839 1927 reor
2869 1873 3084 1943 optime
3118 1872 3400 1942 congruit,
3433 1871 3541 1924 hoc

1846 1961 1904 2013 in
1937 1961 2059 2013 loco
2089 1961 2292 2014 horum
2317 1962 2576 2029 gentium
2603 1961 2944 2014 deridendus
2993 1961 3265 2014 recensiri
3297 1975 3540 2026 errores,

1846 2049 2121 2118 omnique
2157 2049 2408 2102 Ecclesiae
2456 2066 2557 2118 pro
2603 2050 2989 2102 exsecratione
3039 2048 3336 2102 habendos
3377 2063 3543 2116 expo-

1847 2153 1982 2190 nere
2029 2137 2254 2190 fetores.
2301 2137 2551 2190 Tradunt
2609 2138 2761 2190 enim
2813 2143 2869 2190 et
2912 2137 3074 2207 quasi
3133 2136 3541 2189 exclamatione

1847 2226 2075 2294 egregia
2114 2226 2462 2294 importunis
2519 2226 2780 2293 garriunt
2830 2223 3163 2293 disciplinis,
3217 2223 3367 2275 hunc
3411 2223 3541 2275 illo-

1848 2329 1972 2366 rum
2007 2313 2286 2366 amasium
2308 2313 2626 2366 femellario
2658 2329 2830 2380 Opere
2857 2318 3193 2382 occupatum
3226 2327 3344 2380 prie
3377 2316 3539 2363 caete-

1846 2404 1924 2456 ris
1983 2402 2312 2455 liominibus
2370 2402 2651 2455 afrodisizc
2686 2403 2713 2443 ἀ
2769 2402 3081 2455 obtinuisse
3136 2401 3426 2464 virtutem,
3488 2404 3543 2452 et

1847 2492 2326 2545 abundantiorem
2363 2491 2630 2545 omnibus
2673 2509 2703 2544 a
2747 2493 2858 2544 Deo
2906 2508 3008 2544 suo
3043 2491 3124 2543 illi
3164 2507 3268 2559 pro
3301 2505 3540 2542 munere

1847 2581 2036 2632 datam
2109 2581 2340 2632 Veneris
2385 2581 2738 2633 voluntatem
2773 2593 2810 2642 °,
2855 2580 3250 2649 liquoremque
3302 2578 3544 2648 spurcis-

1846 2668 1972 2720 simi
2009 2669 2196 2737 nperis
2228 2674 2284 2720 et
2308 2669 2615 2728 largiorem
2645 2668 2864 2721 caeteris
2898 2668 3183 2734 habuisse,
3220 2673 3275 2720 et
3303 2667 3542 2720 faciliori

1845 2757 2046 2810 effectu
2098 2757 2166 2809 ab
2209 2757 2334 2810 aliis
2377 2757 2676 2826 digessisse
2713 2773 2724 2809 :
2778 2757 3112 2826 iluxumque
3144 2756 3200 2809 in
3235 2757 3445 2808 coitum
3487 2760 3544 2808 et

1845 2846 2122 2913 vigorem,
2157 2845 2271 2896 imo
2311 2845 2551 2912 copiam,
2607 2843 2665 2896 in
2705 2844 3010 2896 femineam
3047 2843 3342 2896 libidinem
3386 2858 3545 2895 exer-

1845 2933 2080 2984 cendam
2117 2933 2500 3001 quadraginta
2528 2932 2780 2985 virorum
2816 2950 2847 2985 a
2877 2933 3097 3002 superis
3127 2932 3208 2984 illi
3243 2931 3414 2984 fuisse
3453 2931 3544 2983 de-

1846 3021 2040 3074 latam.
2087 3020 2268 3083 Quam
2339 3037 2624 3089 spurcam,
2679 3021 3070 3091 pinguemque
3135 3020 3543 3073 abundantiam

1848 3109 1987 3161 olidi
2021 3109 2198 3160 lumbi
2222 3125 2335 3160 non
2371 3124 2403 3160 a
2433 3125 2624 3161 rerum
2655 3115 2886 3178 parente
2927 3111 3063 3173 Deo,
3105 3115 3167 3160 ut
3200 3110 3395 3177 przedo
3440 3107 3544 3160 ini-

1848 3197 2156 3266 quissimus
2189 3197 2518 3262 somniavit,
2571 3198 2664 3250 sed
2698 3215 2727 3249 a
2774 3199 2990 3250 Venere
3036 3198 3370 3260 ludibriosa,
3417 3196 3545 3248 Vul-

1847 3286 1973 3338 cani
2005 3285 2270 3354 conjuge,
2307 3285 2364 3338 id
2397 3291 2479 3337 est
2525 3285 2677 3355 ignis
2733 3301 2988 3349 uxorem,
3023 3303 3151 3356 quae
3203 3293 3258 3337 et
3310 3291 3544 3354 propter

1848 3389 2185 3443 spumosum
2212 3373 2494 3442 liquorem
2529 3373 2764 3426 Afrodin
2793 3373 2942 3426 dicta
2985 3380 3068 3426 est
3104 3391 3115 3427 :
3165 3373 3263 3443 qui
3303 3381 3358 3425 et
3403 3389 3544 3442 opus

1850 3477 2152 3514 venereum
2187 3462 2528 3529 assignatur,
2577 3461 2853 3526 alkaufeit
2885 3461 3032 3514 idem
3077 3461 3402 3531 impudicus
3449 3476 3544 3512 no-

1849 3551 2105 3603 minavit.
2155 3549 2398 3618 Egregia
2443 3565 2578 3602 sane
2629 3550 2752 3602 laus
2800 3555 2854 3602 et
2911 3551 3155 3601 multum
3226 3548 3542 3600 carnalium

1847 3639 2075 3708 elegans
2109 3654 2336 3690 munus.
2361 3638 2464 3691 Cui
2495 3643 2624 3706 apte
2656 3638 2920 3690 convenit
2963 3638 3058 3689 illa
3091 3637 3147 3688 in
3207 3635 3544 3689 Srabelitica

1848 3733 2015 3795 gente
2043 3742 2104 3778 ex
2147 3725 2251 3777 hac
2301 3725 2689 3793 generationis
2722 3725 2986 3788 invectio,
3047 3741 3174 3795 quae
3218 3740 3313 3776 ore
3372 3739 3543 3792 super

1852 3815 2219 3883 Egyptiorum
2257 3814 2407 3866 ﬂuxu
2457 3820 2650 3866 manat
2687 3814 3021 3882 prophetico
3059 3830 3070 3865 :
3125 3814 3397 3866 Iusanivit
3446 3813 3539 3863 in-

1849 3903 1992 3972 quit,
2047 3918 2208 3970 super
2256 3902 2594 3955 concubitum
2643 3918 2709 3954 ca:
2758 3901 2775 3935 τ
2814 3917 3041 3970 quorum
3087 3916 3273 3954 carnes
3314 3906 3439 3953 sunt
3483 3906 3544 3953 ut

1848 4008 2032 4046 carnes
2059 3995 2358 4056 asinorum,
2389 3996 2438 4043 et
2467 3994 2607 4044 sicut
2636 3994 2817 4057 ﬂuxus
2864 4005 3120 4057 equorum
3151 3993 3330 4057 Ilua-us
3364 4004 3543 4041 eorum

1850 4081 2062 4149 (Ezech.
2098 4097 2229 4142 vxu,
2252 4083 2364 4145 ‘20).
2392 4079 2486 4131 Vel
2517 4080 2654 4132 illud
2681 4095 2694 4132 :
2722 4081 2865 4146 Equi
2885 4082 3214 4131 insanientes
3233 4081 3291 4129 in
3319 4079 3542 4142 feminis

1845 4173 1985 4236 facti
2010 4175 2165 4234 sunt;
2197 4171 2570 4236 unusquisque
2596 4167 2669 4219 ad
2690 4183 2911 4220 iur-orem
2935 4170 3181 4235 proximi
3201 4169 3290 4220 sui
3332 4167 3542 4219 hin-nie-

1849 4259 1939 4311 but
1972 4260 2095 4326 (Jer.
2135 4275 2184 4323 ν,
2211 4256 2262 4326 8)
2319 4257 2474 4320 Quod
2506 4256 2595 4308 hic
2626 4256 3049 4324 impurissimus
3079 4261 3230 4308 vates
3264 4262 3317 4308 et
3348 4254 3544 4308 fecisse

95 4337 351 4393 Dominum
379 4341 749 4394 dominorum
775 4343 900 4395 caeli
931 4347 986 4394 et
1015 4352 1205 4408 terras,
1238 4348 1550 4394 creatorem
1581 4348 1740 4394 aeter-
1780 4349 1823 4401 Ι)
1849 4343 2192 4414 praedicatur
2223 4349 2278 4396 et
2306 4342 2644 4411 praedicasse
2694 4342 2974 4407 laudatur,
3029 4343 3163 4394 dum
3197 4343 3458 4394 seductus
3490 4348 3546 4393 et

96 4441 218 4492 num,
247 4430 421 4499 legem
453 4431 609 4482 illam
645 4446 817 4498 quam
849 4430 1121 4482 instinctu
1152 4430 1480 4482 daemonum
1514 4446 1580 4482 ex
1615 4430 1737 4499 ejus

95 4516 282 4570 nomine
311 4535 526 4571 veneno
558 4518 899 4587 composuit,
933 4524 984 4571 et
1028 4518 1396 4588 sequentibus
1429 4535 1488 4570 se
1531 4518 1734 4572 falsum

98 4607 450 4660 testamentum
501 4607 756 4674 tertium,
807 4608 945 4660 falsa
993 4607 1361 4677 subreptione
1427 4607 1733 4659 contexuit.

99 4689 155 4742 Et
190 4695 332 4748 Deum
378 4702 599 4764 patrum
626 4710 845 4749 suorum
903 4711 1008 4748 non
1053 4695 1329 4764 reputabat
1377 4695 1562 4760 (lbid.,
1626 4693 1735 4765 37),

99 4775 176 4829 hoc
215 4787 306 4844 est,
359 4783 819 4836 Ismahetitarum
868 4783 1045 4848 idola,
1079 4799 1208 4852 quae
1242 4798 1418 4852 usque
1452 4783 1508 4835 in
1542 4784 1732 4850 ipsum

99 4868 278 4936 tempus
318 4872 601 4936 colebant,
643 4872 722 4925 Et
751 4875 854 4924 erit
897 4875 956 4925 in
1013 4874 1455 4940 concupiscentiis
1496 4875 1738 4938 femina—

99 4956 394 5028 rum(lbid.).
431 4959 567 5022 Quis
611 4976 724 5012 non
753 4959 940 5013 videat
972 4961 1076 5014 hoc
1120 4961 1242 5014 loco
1274 4961 1427 5013 hunc
1485 4960 1736 5030 impudi-

98 5054 193 5095 cum
220 5048 524 5114 specialiter
555 5048 660 5101 hac
687 5049 970 5102 sententia
999 5048 1357 5119 designatum
1377 5048 1404 5102 ?
1436 5050 1497 5102 Et
1521 5049 1651 5102 licet
1678 5049 1737 5101 in

102 5127 284 5187 Hebrteo
308 5135 412 5189 hoc
460 5136 632 5190 dubie
683 5138 935 5207 positum
985 5138 1292 5207 relegatur,
1326 5137 1481 5208 quod
1531 5137 1739 5192 scilicet

148 5261 166 5329 ᾗ
272 5262 520 5313 omnia...
553 5261 764 5315 clare...
799 5262 1139 5329 aperiuntur.

150 5326 167 5362 δ
198 5326 298 5390 Ms,
328 5330 633 5383 disseritur.

149 5401 164 5425 ‘
193 5396 294 5461 Ms,
319 5407 387 5453 et.

149 5461 168 5496 ἀ
199 5471 546 5536 Aphrodisia,
577 5471 631 5524 id
655 5477 741 5524 est
764 5471 1020 5525 Veneris.

153 5543 168 5608 ῗ
202 5539 521 5608 Voluptatem
554 5541 827 5607 iutellige.

155 5602 168 5637 τ
200 5602 408 5680 Vulgata
439 5627 452 5675 ;
486 5627 663 5665 eorum
694 5602 939 5680 quorum.

1846 4449 1948 4485 sua
1980 4433 2270 4501 voluptate
2302 4433 2523 4484 illectus
2555 4446 2788 4483 uxorem
2823 4430 3069 4499 proximi
3107 4429 3193 4482 sui
3247 4430 3380 4482 ﬁdei
3427 4445 3545 4482 suae

1846 4526 2228 4573 consentaneo
2261 4521 2413 4579 tulit,
2443 4536 2614 4589 quam
2647 4518 2787 4571 adeo
2820 4531 2849 4571 ε
2879 4518 2984 4569 sibi
3018 4533 3120 4586 per
3141 4517 3545 4569 reVelationem

1846 4608 2121 4662 Gabrielis
2149 4610 2404 4678 junctam
2461 4607 2732 4660 mentitus
2784 4611 2885 4664 est,
2923 4608 3104 4667 Quam
3171 4604 3546 4674 impurissimi

1848 4703 2082 4763 sectam,
2113 4697 2489 4766 impurissimi
2530 4693 2824 4766 sequipedi
2859 4693 3197 4762 amplientes
3228 4696 3273 4753 h,
3313 4692 3545 4744 amissa-

1846 4787 1917 4838 rii
1949 4786 1960 4820 ί
1984 4792 2040 4839 et
2065 4787 2310 4839 adulteri
2333 4784 2585 4839 universi
2607 4789 2739 4835 sunt
2759 4782 2910 4846 facti,
2937 4781 3072 4835 dum
3099 4781 3547 4849 etpropterjura

1846 4883 2102 4928 mentum
2127 4875 2396 4927 scindunt
2412 4873 2744 4942 conjugium
2771 4871 2944 4940 quod,
2975 4888 2989 4930 ι
3031 4870 3243 4937 majore
3271 4869 3546 4922 dedecm'e

1845 4963 2054 5016 iterum
2087 4962 2464 5016 adulterando
2498 4961 2856 5030 conjungunt
2891 4975 2902 5012 :
2937 4963 2993 5011 et
3035 4956 3241 5028 pelices
3276 4955 3548 5026 multipli-

1846 5051 2026 5104 cando
2059 5067 2091 5103 a
2131 5050 2393 5120 trigamis
2449 5050 2533 5102 vel
2565 5047 2957 5119 quadrigamis
3010 5044 3305 5099 serviendo
3350 5045 3546 5097 femel-

1845 5139 1994 5204 larii,
2030 5137 2146 5190 imo
2177 5137 2366 5190 verius
2399 5137 2676 5190 amissarii
2715 5136 2848 5207 equi
2900 5134 3247 5200 binnientes,
3291 5149 3386 5186 seu
3446 5148 3543 5186 ru-

1917 5274 1947 5315 s
1989 5260 2044 5313 F.
2075 5276 2109 5312 a
2142 5262 2258 5312 Deo.

1916 5333 1942 5373 ιι
1986 5330 2040 5382 L.
2071 5331 2472 5396 amplectantes,
2509 5328 2596 5381 vel
2623 5329 2978 5396 ampliantes.
3160 5375 3167 5380 .

1916 5401 1928 5435 ⁸
1971 5401 2154 5469 Supra
2184 5402 2240 5450 in
2269 5398 2546 5469 rleremiie
2578 5407 2732 5450 textu
2769 5401 3039 5452 dicuntur
3082 5401 3208 5466 equi
3251 5404 3539 5460 amatores,

1842 5476 1892 5526 et
1949 5468 2236 5533 emiSsarii,
2267 5468 2358 5540 hic
2404 5472 2704 5540 amissurii,
2741 5470 2847 5522 hoc
2870 5475 2954 5540 est
2983 5471 3306 5523 admissarii
3338 5484 3351 5522 :
3386 5468 3538 5540 quod

1846 5543 2040 5596 Latine
2073 5539 2437 5608 loquentibus
2470 5539 2743 5608 probatur
2777 5539 3044 5608 amplius.

1935 5615 1948 5655 ³
2005 5613 2125 5675 Ms,
2150 5626 2322 5678 quem.
