3860 6262
302 276 404 326 539

1664 278 1923 334 ALVARI
1960 276 2441 333 CORDUBENSIS
3721 269 3748 307 ῖδ
3846 323 3847 326 η

303 405 502 458 dentes
531 406 694 470 asini,
738 411 872 460 sunt
930 407 1198 461 universi.
1251 408 1431 462 Pudet
1469 408 1683 479 quippe
1738 414 1856 462 tota
1897 425 1984 462 re-
2022 410 2066 462 A
2103 423 2230 460 mus
2269 407 2342 471 ei,
2380 405 2533 476 quod
2568 401 2965 462 fortissimum,
3009 399 3065 452 id
3097 402 3181 452 est
3240 399 3443 459 Deum,
3476 413 3534 448 se
3600 393 3808 446 similet

301 498 523 546 traxere
554 500 785 564 qumsta,
820 495 974 549 licita
1008 496 1116 548 sibi
1146 496 1203 549 in
1261 497 1619 562 mulieribus,
1662 499 1993 567 usurpando

304 583 618 634 naturalem
680 584 884 652 legem,
935 589 990 636 et
1045 601 1220 637 novas
1267 584 1384 637 vias
1439 585 1739 639 libidinum
1808 587 1995 658 inqui-

303 671 501 734 rendo,
536 687 618 723 vae
651 672 810 737 mihi,
865 672 1246 741 plausibilitcr
1290 678 1486 744 agunt.
1530 675 1640 727 Nec
1696 673 1832 727 sinit
1891 691 1994 726 nos

303 760 480 813 rubor
535 776 812 827 genarum
862 761 1211 814 rhetoricum
1273 768 1470 814 contra
1511 762 1730 815 hostem
1781 763 1994 832 jactare

303 865 624 902 sermonem
662 850 1010 919 :przrsertim
1040 850 1175 919 quia
1205 851 1390 919 pudor
1418 850 1705 903 silentium
1728 851 1991 920 imperat.

304 939 372 991 Et
402 937 529 990 licet
557 937 803 990 invectio
849 945 1111 991 accurata
1144 944 1334 991 exerto
1385 955 1555 1008 opere
1613 939 1670 990 in
1731 955 1996 1009 campum

305 1030 424 1079 tota
447 1026 746 1096 producat,
779 1031 834 1078 et
875 1026 1204 1096 impetenda
1248 1028 1449 1097 jacnlis
1489 1033 1877 1097 pugnatorum
1918 1027 1998 1080 di-

307 1121 488 1182 gerat,
548 1115 631 1166 vel
676 1121 948 1184 exponat;
1013 1121 1203 1167 tamen
1271 1115 1676 1168 inconveniens
1724 1116 1892 1181 actio,
1945 1120 2000 1169 et

307 1218 423 1255 non
454 1201 627 1271 digna
654 1201 778 1273 ipso
809 1203 965 1272 operi
995 1204 1249 1256 membra
1281 1204 1460 1274 magis
1516 1220 1574 1256 se
1628 1204 1824 1257 leviter
1888 1206 2000 1274 pal-

305 1290 433 1360 pari
510 1292 667 1344 tenui
710 1291 1125 1360 signiﬁcatione
1178 1292 1486 1358 desiderat,
1544 1309 1716 1363 quam
1775 1293 2000 1362 procaci

307 1378 689 1433 denudatione
754 1379 1014 1432 vocabuli
1076 1380 1286 1433 intecto
1339 1379 1590 1450 eloquio,
1617 1381 2001 1435 inverecunda

306 1467 521 1536 lingua,
553 1467 823 1520 modestis
871 1467 1182 1520 lectoribus
1227 1467 1417 1536 turpia
1457 1469 1755 1533 denudari,
1790 1485 1859 1521 ne
1906 1486 1998 1520 ve-

306 1555 633 1608 recundiam
665 1571 779 1625 qua
804 1556 888 1608 illi
925 1560 1232 1609 caruerunt
1275 1572 1466 1625 opere,
1502 1573 1604 1609 nos
1635 1557 1808 1610 etiam
1841 1558 2000 1610 amit-

308 1650 495 1698 tamus
526 1660 809 1697 sermone.

376 1735 464 1785 24.
498 1734 696 1786 Nullus
724 1748 856 1784 vero
889 1732 1026 1785 adeo
1066 1731 1318 1785 libidinis
1352 1732 1630 1802 perditus,
1670 1737 1726 1786 et
1773 1734 1990 1786 voluta-

307 1821 396 1876 bri
422 1820 686 1873 sordibus
723 1819 940 1872 exstitit
967 1820 1300 1885 feculentus,
1334 1827 1396 1874 ut
1427 1821 1518 1873 hic
1550 1821 1680 1873 leno
1724 1821 1998 1875 fetoribus

308 1907 665 1977 inquinatus.
712 1907 818 1971 Qui
858 1909 1027 1960 etiam
1060 1908 1331 1978 conjuges
1382 1909 1723 1970 alienorum,
1756 1915 1820 1962 ut
1849 1910 1998 1964 dixi—

307 2013 456 2060 mus,
491 1996 878 2049 lenocinanter
912 1996 1116 2048 t'ruitus
1147 2001 1250 2059 est,
1299 1997 1558 2064 angelica
1584 1998 1843 2065 jussione
1876 2015 1995 2051 sor-

309 2084 470 2139 dium
505 2101 734 2137 suarum
769 2084 1190 2138 scrabrediuem
1236 2085 1448 2151 celans,
1503 2102 1564 2138 ac
1606 2085 1712 2139 sibi
1770 2086 1999 2140 creden—

307 2177 390 2227 tes
424 2179 604 2226 scorta
636 2173 783 2242 passi
823 2177 878 2224 et
907 2173 1066 2225 nullo
1135 2178 1326 2226 saturo
1356 2182 1380 2205 δ
1429 2174 1580 2226 coitu
1623 2173 1881 2227 finienda
1937 2175 1996 2227 in

308 2262 569 2333 paradiso
606 2261 702 2315 Dei
757 2262 846 2314 sui
889 2262 960 2314 ob
1010 2261 1490 2314 remunerationis
1519 2262 1733 2314 donum
1780 2262 2000 2332 jugiter

307 2349 582 2420 potienda
609 2349 971 2418 promittens,
1005 2349 1084 2401 ita
1115 2353 1178 2400 ut
1207 2354 1496 2402 extremus
1542 2349 1698 2402 calor
1727 2348 2000 2403 instinctu

313 2436 480 2490 unius
504 2437 662 2490 horae
693 2439 856 2491 solito
891 2454 1004 2491 non
1029 2438 1371 2490 terminetur
1401 2437 1609 2506 spatio,
1634 2438 1730 2490 sed
1762 2443 2002 2506 proten-

311 2527 478 2579 datur
524 2543 627 2596 per
684 2527 1050 2596 septuaginta
1103 2525 1478 2580 delectatione
1548 2526 1820 2587 virorum,
1879 2526 2001 2596 ipsa

312 2613 611 2666 delectatio
674 2614 992 2684 specialiter
1045 2613 1336 2684 proﬂuens
1399 2613 1714 2667 asinorum.
1777 2615 2002 2669 [labens

312 2701 570 2771 quisquis
603 2701 700 2755 ille
736 2703 980 2772 paradisi
1026 2703 1199 2756 fuerit
1245 2703 1480 2755 colonus
1513 2707 1844 2756 veternosus
1887 2719 2003 2756 am-

311 2789 551 2859 pliatum
601 2791 842 2858 ﬂuxum,
901 2798 956 2844 et
982 2791 1308 2844 desiderum
1346 2792 1702 2861 pinguorum
1748 2794 1772 2834 Ιτ
1819 2799 2006 2845 exten-

311 2884 433 2931 tum
465 2883 520 2932 et
549 2895 651 2948 per
681 2896 851 2933 omne
878 2880 1090 2933 coitum
1127 2880 1423 2950 virginitas
1450 2885 1566 2932 tam
1601 2879 1819 2948 prolixo
1868 2879 2002 2933 faci-

2101 497 2222 550 haac
2253 496 2457 565 religio
2482 495 2536 546 in
2570 495 2694 546 loco
2727 508 2830 544 suo
2858 505 3152 543 venerare.
3195 487 3299 541 Sed
3345 486 3448 539 hoc
3479 485 3623 538 ideo
3680 484 3807 550 agit,

2101 591 2162 639 ut
2215 588 2427 638 muniat
2484 585 2720 638 Maozim
2793 597 2912 634 cum
2963 580 3059 632 deo
3115 579 3289 631 alieno
3345 591 3508 644 quem
3561 577 3809 639 cognorit

2103 674 2289 744 (ibid.,
2333 676 2423 739 39)
2490 681 2532 724 ο.
2592 669 2757 734 Quod
2814 667 3132 723 Teudotion
3197 665 3454 734 apertius
3516 663 3806 730 explicat:

2105 784 2133 812 ‹‹
2167 763 2231 816 Et
2264 763 2405 824 haec,
2457 761 2664 830 inquit.
2711 758 2792 811 ait
2838 756 2854 792 ί
2886 763 2947 809 ut
2975 755 3198 809 muniat
3230 752 3506 822 praesidia
3539 767 3687 804 cum
3721 750 3810 800 deo

2105 852 2325 904 alieno:
2355 856 2412 902 et
2458 864 2587 902 cum
2619 848 2698 900 eis
2731 843 3063 908 ostenderit,
3100 844 3154 896 id
3202 848 3286 896 est
3327 841 3470 903 suis,
3523 838 3808 904 multipli-

2104 938 2253 990 cabit
2281 939 2583 1000 honorem,
2618 939 2675 987 et
2706 933 2992 987 dominari
3038 931 3230 984 multis
3261 929 3448 990 faciet,
3490 931 3554 980 et
3603 931 3808 978 terram

2103 1027 2313 1080 dividet
2356 1025 2550 1095 gratis.
2604 1024 2733 1077 Ideo
2792 1024 2968 1075 Deum
3021 1020 3397 1074 fortissimum
3445 1033 3512 1069 se
3582 1015 3810 1067 simulat

2105 1115 2363 1179 adorare,
2399 1119 2460 1166 ut
2509 1114 2688 1165 Deum
2738 1111 2991 1163 alienum
3032 1109 3149 1161 suis
3187 1106 3544 1167 introducat,
3583 1110 3647 1156 et
3698 1118 3813 1171 pe:-

2108 1217 2284 1259 veres
2316 1204 2594 1256 rationem
2635 1201 2728 1254 Dei
2769 1201 3046 1254 honorem
3105 1195 3446 1264 multiplicet
3498 1195 3566 1246 in
3626 1191 3811 1262 genti—

2106 1294 2232 1359 bus,
2292 1297 2347 1345 et
2411 1292 2727 1344 accumulet
2778 1288 3156 1342 dominatum.
3195 1305 3222 1332 ››
3254 1284 3412 1348 Quod
3441 1282 3545 1335 isti
3607 1282 3676 1334 in
3733 1279 3814 1332 fu-

2107 1381 2281 1435 mosis
2350 1380 2601 1433 turribus
2661 1377 2918 1448 quotidie
2975 1375 3194 1429 barritu
3241 1371 3472 1434 inormi,
3543 1374 3608 1423 et
3655 1384 3813 1421 mon.

2108 1479 2352 1533 struoso,
2389 1485 2451 1522 ac
2480 1470 2732 1521 ferarum
2773 1465 2888 1518 ritu
2920 1467 2970 1530 h,
3025 1461 3312 1517 dissolutis
3365 1461 3538 1512 labiis
3590 1464 3655 1510 et
3701 1458 3811 1509 fau-

2107 1560 2258 1612 cium
2308 1560 2425 1610 latu
2472 1561 2667 1626 aperto
2725 1561 2789 1608 ut
2841 1551 3122 1607 cardiacii
3173 1550 3506 1612 vocit‘erant,
3570 1564 3644 1600 ac
3683 1544 3816 1597 voci-

2107 1647 2342 1701 ferando
2375 1645 2529 1699 velut
2591 1644 2789 1697 furiosi
2836 1644 3183 1711 praeconant,
3218 1645 3278 1691 ut
3309 1640 3530 1690 muniat
3585 1637 3813 1688 Maozim

2107 1752 2223 1790 cum
2274 1736 2369 1788 deo
2429 1736 2604 1787 alieno
2665 1748 2820 1802 quem
2870 1732 3132 1796 cognovit,
3196 1727 3254 1781 id
3313 1731 3398 1778 est
3457 1730 3524 1777 ut
3579 1722 3811 1776 Maozim

2107 1840 2277 1895 quem
2314 1824 2398 1877 illi
2431 1824 2604 1878 Cobar
2635 1827 2859 1880 vocant,
2910 1820 3015 1872 hoc
3042 1822 3126 1871 est
3181 1817 3479 1885 majorem,
3513 1829 3663 1865 cum
3718 1812 3809 1863 deo

2105 1913 2316 1974 alieno,
2349 1913 2403 1965 id
2435 1918 2519 1965 est
2550 1912 2809 1965 daemone
2845 1909 2941 1962 illo
2969 1908 3067 1978 qui
3099 1908 3152 1960 ei
3183 1906 3288 1958 sub
3308 1919 3554 1974 persona
3581 1901 3811 1956 Gabrie-

2107 2003 2173 2056 lis
2201 2001 2486 2071 apparuit,
2540 2017 2652 2053 uno
2701 1997 3086 2052 venerationis
3124 1994 3356 2048 nomine
3410 1991 3700 2045 muniat:
3762 1994 3812 2040 ut

2105 2107 2208 2162 per
2238 2091 2342 2143 hoc
2373 2105 2624 2142 errorem
2667 2103 2832 2140 suum
2892 2087 2951 2140 in
3013 2085 3184 2139 corda
3225 2080 3592 2136 credentium
3645 2083 3811 2146 tegat.

2108 2180 2246 2233 dum
2293 2179 2527 2232 nomine
2579 2179 2825 2245 majores
2881 2174 2978 2228 Dei
3024 2173 3194 2226 ritum
3245 2167 3687 2223 vociferationis
3731 2181 3811 2218 ex-

2105 2268 2277 2328 tollit,
2356 2275 2413 2319 et
2468 2264 2864 2333 superstitioso
2935 2267 3164 2324 conatu,
3245 2257 3499 2311 nefando
3583 2255 3812 2324 spiritu.

2107 2357 2388 2410 nobilium
2439 2355 2659 2408 animas
2718 2351 2916 2405 inlicit.
2977 2349 3083 2404 Sed
3141 2364 3211 2400 ne
3257 2347 3452 2399 videar
3507 2345 3639 2398 haec
3690 2343 3814 2395 ani-

2109 2445 2354 2513 gmatice
2429 2447 2484 2496 et
2542 2458 2656 2494 non
2718 2439 2950 2510 proprie
3010 2438 3195 2490 dicere
3261 2459 3296 2500 ς,
3351 2437 3410 2486 et
3475 2435 3672 2499 magis
3739 2445 3812 2480 re-

2108 2537 2274 2602 putet
2330 2531 2565 2600 ingenio
2613 2529 2866 2582 humano
2925 2525 3165 2596 quaesita
3226 2539 3400 2593 quam
3451 2521 3658 2574 divino
3710 2519 3811 2586 spi-

2109 2621 2220 2674 ritu
2283 2620 2575 2672 enucleata
2631 2618 2902 2687 proferre,
2954 2613 3241 2684 apertiora
3293 2609 3628 2664 inducenda
3696 2613 3814 2658 sunt

2110 2709 2506 2776 probamenta.
2535 2708 2669 2760 Ecce
2691 2705 2846 2757 enim
2880 2704 3078 2756 eodem
3113 2701 3244 2754 ritui
3279 2698 3462 2753 dediti
3514 2697 3642 2749 dies
3705 2695 3814 2745 illus

2113 2797 2322 2868 quibus
2353 2795 2634 2848 insaniam
2666 2793 2725 2846 in
2782 2793 2954 2846 domo
2988 2791 3128 2845 idoli
3187 2791 3552 2848 consecrant,
3614 2783 3807 2836 eodem

2112 2885 2387 2938 vocabulo
2450 2885 2725 2937 hactenus
2775 2884 3135 2949 nuncupant,
3197 2885 3254 2930 et
3306 2881 3551 2946 propter
3608 2872 3810 2940 lingua

313 2982 455 3019 nore
509 2969 753 3036 perdita,
797 2973 1030 3038 tamque
1083 2968 1380 3021 inﬂexibili
1440 2969 1657 3021 calamo
1720 2969 2006 3038 perforata
2045 2974 2369 3052 CArabicaa
2429 2972 2834 3035 diversitatem,
2873 2985 3002 3039 qua:
3046 2981 3360 3037 parumper
3419 2965 3478 3016 in
3527 2961 3809 3031 plerisque

313 3055 511 3107 itidem
569 3056 887 3108 fruentibus
956 3056 1164 3109 serviat
1247 3061 1580 3119 restaurata,
1636 3072 2004 3126 crescensque

316 3143 574 3212 disrupta
604 3144 886 3214 pelliculae.
915 3144 1094 3212 ipsius
1126 3143 1395 3209 coucisio,
1427 3149 1483 3196 et
1511 3145 1698 3197 tenuis
1728 3145 2006 3215 defrigata

315 3233 501 3301 lappa!
531 3232 813 3296 contexio,
865 3248 981 3285 non
1021 3232 1216 3285 dolore
1249 3232 1560 3285 {unctionis
1612 3233 1890 3302 patientes
1938 3250 2003 3286 ex

316 3324 546 3386 terreat,
594 3320 689 3373 sed
745 3319 1138 3372 delectationis
1177 3319 1479 3373 dulcedine
1516 3325 1786 3389 utrosque
1808 3320 2002 3374 dulco-

317 3413 422 3472 ret,
454 3407 801 3462 desiderium
825 3407 1082 3476 potiendi
1108 3424 1208 3477 per
1240 3408 1350 3461 hoc
1377 3408 1686 3461 avidiorem
1720 3421 1741 3444 ε
1770 3409 2004 3461 'menti-

315 3497 422 3550 bus
451 3512 782 3565 suggerens,
833 3501 889 3549 et
932 3496 1392 3549 ardentissimum
1444 3497 1635 3565 gulam
1679 3496 2004 3550 renovatio-

318 3601 449 3639 nem
482 3601 597 3639 non
644 3586 871 3652 liniens,
921 3585 1017 3638 sed
1059 3585 1387 3638 extendens.
1440 3586 1503 3637 Et
1531 3585 1851 3655 ingentiora
1870 3584 2005 3649 alia,

319 3691 446 3744 quae
479 3675 546 3728 de
567 3679 814 3744 utroque
845 3691 1000 3739 sexu,
1050 3679 1107 3726 et
1136 3679 1380 3743 utraque
1412 3677 1636 3736 natura,
1675 3672 2008 3726 illecebrosa

315 3762 560 3817 invectio
592 3779 708 3816 non
739 3763 947 3833 puduit
976 3763 1186 3833 populo
1208 3763 1432 3832 perdito
1454 3778 1520 3815 ex
1552 3778 1795 3832 persona
1828 3760 2011 3814 omni-

318 3852 703 3920 potentissimi
755 3852 978 3905 Domini
1031 3851 1272 3922 impuris
1304 3851 1466 3921 genis
1511 3853 1812 3904 coniicere.
1873 3850 2009 3914 Quae

320 3941 516 3994 omnia
556 3940 614 3994 in
659 3941 771 3993 alio
817 3956 988 4010 opere
1047 3941 1400 3993 enucleatius
1440 3944 1497 3992 et
1535 3939 1804 3992 Iimatiori
1853 3939 2010 3992 inve-

319 4030 527 4095 ctione,
561 4030 606 4082 si
635 4031 782 4082 Deus
809 4030 984 4082 vitam
1024 4027 1387 4092 concesserit,
1421 4027 1764 4080 disseremus
1792 4029 1837 4080 ἀ.

390 4122 459 4172 25
542 4118 843 4186 Sequitur:
913 4119 1016 4172 Nec
1075 4132 1397 4184 quemquam
1481 4115 1700 4169 deorum
1773 4116 2007 4180 curabit,

321 4209 454 4274 quia
516 4207 805 4260 adversum
873 4207 1127 4258 universa
1204 4208 1488 4271 consurget
1539 4203 1695 4272 (Dan.
1765 4220 1841 4267 xx,
1900 4203 2008 4270 37),

2116 3061 2445 3116 nominibus
2502 3062 2529 3094 ιε
2576 3061 2647 3112 ab
2700 3058 2972 3112 Hebraico
3021 3057 3324 3122 discrepat,
3384 3053 3663 3106 Almozem
3705 3049 3808 3115 ipse

2115 3152 2220 3206 feri
2257 3153 2270 3184 ι
2311 3150 2694 3219 appellantur,
2731 3147 2968 3217 ipsoque
2998 3151 3255 3213 tempore
3313 3157 3427 3210 quo
3481 3140 3610 3208 jam
3668 3136 3806 3189 dicto

2115 3240 2268 3293 idolo
2316 3237 2630 3307 antiquitus
2661 3235 2784 3304 ipsa
2832 3250 2974 3299 gens
3026 3233 3114 3285 vel
3167 3229 3458 3300 gentilitas
3516 3226 3713 3295 posita
3753 3239 3805 3275 ex

2117 3326 2396 3382 universis
2421 3325 2680 3395 partibus
2725 3321 3114 3383 concurrebat,
3150 3335 3302 3372 nunc
3341 3316 3546 3370 eadem
3597 3313 3810 3383 perdita

2115 3417 2284 3470 turba
2312 3431 2503 3468 annue
2533 3413 2776 3467 confluit
2804 3429 2815 3466 :
2849 3411 3071 3481 ipsique
3111 3406 3364 3462 daemoni
3424 3413 3464 3439 ω
3491 3418 3675 3474 quem
3719 3416 3806 3468 pu-

2117 3509 2242 3558 tant
2273 3521 2306 3558 ε.
2334 3504 2460 3557 loco
2507 3502 2631 3572 ipso
2682 3501 2812 3554 fidei
2853 3501 3109 3570 ipsorum
3157 3493 3559 3565 magnitudine
3615 3489 3802 3542 exstir-

2118 3598 2273 3664 pato,
2322 3591 2654 3660 perenniter
2713 3588 2984 3640 serviunt.
3048 3583 3279 3639 Maozim
3328 3585 3385 3633 in
3443 3582 3557 3633 loco
3592 3593 3712 3637 suo,
3754 3578 3804 3625 ut

2117 3680 2400 3751 propheta
2430 3677 2645 3748 Spiritu
2684 3675 2876 3730 divino
2917 3674 3130 3738 retulit,
3186 3685 3372 3740 neque
3417 3666 3594 3720 hodie
3659 3665 3804 3717 inco-

2119 3771 2265 3835 lunt,
2327 3768 2557 3839 quando
2612 3771 2669 3819 et
2697 3766 2851 3834 ipsos
2899 3778 2926 3806 η
2971 3763 3091 3816 dies
3135 3761 3300 3814 solito
3341 3760 3688 3824 nuncupant
3729 3769 3805 3804 no

2119 3858 2298 3920 mine,
2332 3861 2387 3909 et
2416 3871 2670 3910 mensem
2715 3854 2898 3915 illum,
2942 3867 3114 3921 quem
3156 3850 3296 3902 almo
3353 3860 3542 3900 arram
3606 3854 3632 3879 ο
3679 3841 3806 3894 voci-

2120 3951 2266 4012 tant,
2315 3949 2380 3998 ut
2409 3945 2658 3996 cultores
2689 3941 2966 3994 idolatria:
3010 3938 3146 3991 olim
3177 3935 3576 3995 sustollebant,
3635 3933 3711 3985 ita
3761 3931 3806 3982 hi

2121 4035 2293 4089 hodie
2355 4030 2777 4094 abundantiori,
2831 4026 3175 4098 perfectiori,
3232 4029 3296 4077 ut
3359 4023 3470 4075 sibi
3525 4021 3806 4076 videntur,

2121 4123 2262 4176 caelo
2321 4126 2489 4175 tenus
2538 4119 2853 4190 perferunt.
2917 4116 3096 4170 Pudet
3147 4131 3170 4170 P
3226 4126 3475 4181 namque
3531 4107 3808 4162 insaniam

2121 4210 2303 4279 ipsius
2326 4210 2531 4263 domus
2561 4206 2894 4276 singillatim
2927 4218 3235 4272 exponere.
3270 4202 3379 4253 Nec
3419 4198 3643 4266 expetit
3689 4197 3807 4249 bre-

321 4295 562 4359 Scilicet,
598 4293 734 4363 quia
763 4298 818 4346 et
855 4293 1161 4346 Gentilium
1195 4297 1251 4345 et
1277 4292 1629 4355 Judaeorum.
1682 4308 1782 4344 seu
1833 4292 2004 4344 etiam
2046 4297 2087 4350 ι)
2115 4298 2258 4351 viter
2302 4297 2497 4366 aliqua
2554 4312 2618 4348 ex
2671 4293 2866 4347 multis
2907 4289 3220 4344 deridenda
3271 4288 3477 4356 jaculis
3528 4284 3805 4353 impetire.

323 4382 770 4437 Christianorum
833 4381 1172 4450 religionem
1207 4380 1483 4449 despexit,
1536 4385 1592 4433 et
1639 4387 1837 4433 contra
1882 4381 2010 4434 uni-

321 4488 481 4526 versa
529 4470 793 4523 surrexit.
842 4473 1004 4524 Deum
1035 4475 1213 4522 autem
1251 4471 1480 4524 Maozim
1508 4471 1566 4522 in
1622 4471 1732 4524 loco
1775 4485 1869 4523 suo
1920 4487 2010 4524 ve-

319 4561 610 4614 nerabitur
639 4559 820 4623 (1ὁὶίί.,
853 4559 960 4627 38).
990 4559 1222 4611 Maozim
1258 4557 1486 4627 grandis
1527 4564 1583 4611 et
1643 4560 1820 4627 major
1875 4558 2013 4610 dici-

322 4657 433 4716 tur,
467 4665 563 4702 seu
597 4650 755 4703 fortis
797 4648 883 4701 vel
913 4647 1274 4700 fortissimus.
1317 4647 1375 4701 Si
1406 4662 1539 4699 vero
1569 4663 1685 4700 non
1715 4648 2012 4716 majorem,

322 4738 419 4791 sed
474 4737 847 4792 fortissimum
897 4735 1102 4790 dixerit
1154 4735 1358 4805 aliquis
1386 4735 1652 4804 figurare,
1705 4736 2019 4805 responde-

390 4892 410 4916 ³
453 4882 538 4947 F.,
572 4883 772 4934 saturi.

391 4953 416 4993 ὓ
449 4953 506 5005 L.
526 4953 807 5020 pinguius.

393 5031 414 5054 θ
452 5023 512 5074 L.
545 5021 786 5073 avidius.

395 5095 419 5134 d
461 5092 595 5143 Vide
634 5091 926 5154 Notitiam,
956 5106 1148 5159 supra.
1182 5090 1290 5145 col.
1322 5093 1442 5145 587.

394 5171 416 5196 °
455 5162 538 5214 Ad
579 5162 776 5213 horam
830 5161 922 5214 hic
961 5162 1020 5214 in
1071 5161 1262 5214 codice
1317 5166 1619 5216 notatum:
1672 5160 1768 5214 deo
1816 5162 2013 5227 alieno,

326 5232 559 5285 (temone
587 5232 740 5285 dicit.

397 5300 418 5337 ί
461 5303 515 5355 L.
546 5305 683 5366 agit.

399 5385 429 5426 ε
468 5373 528 5425 L.
553 5387 650 5440 per
676 5374 810 5426 veri.

398 5443 427 5484 h
465 5443 660 5495 Melius
691 5445 854 5496 rictu.

403 5511 414 5544 ¹
457 5513 514 5566 Id
547 5519 650 5578 est,
686 5515 785 5585 qui
807 5514 1062 5568 cardiaco
1096 5515 1359 5570 laborant
1386 5514 1604 5569 morbo.

2123 4402 2254 4439 cum
2313 4385 2523 4438 nostris
2555 4387 2818 4436 teneatur
2866 4382 2922 4433 in
2976 4378 3258 4433 mentibus
3307 4380 3424 4428 tota
3473 4375 3807 4444 quandoque

2124 4473 2391 4527 ﬁdelibus
2420 4471 2732 4542 publicare.
2768 4473 2836 4524 Et
2863 4467 3321 4535 multiplicabitur
3367 4465 3546 4530 gloria
3577 4461 3716 4530 ejus.
3769 4463 3808 4510 et

2124 4563 2278 4615 dabit
2315 4564 2389 4615 eis
2425 4564 2744 4630 potestatem
2784 4560 2842 4610 in
2887 4557 3089 4618 multis,
3146 4558 3197 4608 et
3226 4550 3435 4606 dividet
3479 4555 3555 4604 eis
3618 4557 3806 4604 terram

2123 4652 2365 4714 gratuito
2414 4649 2571 4716 (Dan.
2612 4664 2694 4710 x1,-
2731 4647 2838 4714 39).
2901 4643 3102 4698 Divisit
3149 4657 3395 4711 namque
3454 4640 3536 4691 eis
3585 4645 3806 4692 terram.

2124 4737 2307 4807 magis
2333 4751 2507 4806 quam
2536 4736 2764 4799 caelum,
2797 4739 2854 4786 et
2883 4731 3126 4803 gloriam
3160 4730 3315 4784 dedit
3358 4728 3634 4798 gratuito,
3684 4726 3803 4778 dum

2193 4903 2204 4945 ί
2251 4877 2372 4942 Ms.,
2415 4875 2545 4929 dici.

2199 4948 2224 4981 κ
2257 4948 2376 5011 Ms,
2409 4948 2468 4998 in
2486 4948 2744 5014 pleraque
2768 4945 3007 4998 nomina.

2198 5019 2213 5052 ¹
2253 5019 2310 5071 F.
2336 5019 2468 5084 ipsa?
2494 5019 2667 5082 feria.

2195 5097 2236 5122 ω
2270 5089 2392 5153 Ms.,
2434 5091 2658 5156 ipsoque
2687 5086 2939 5140 damone.

2195 5174 2222 5202 η
2263 5160 2387 5226 Ms.,
2435 5165 2485 5212 et
2513 5158 2571 5209 in
2598 5160 2762 5224 ipsos.

2197 5246 2220 5272 ο
2260 5219 2482 5282 lncuria
2513 5219 2648 5281 hinc
2698 5223 3129 5279 transcribentis
3173 5226 3433 5294 apparet,
3487 5221 3626 5294 dum
3674 5219 3802 5294 inter

2125 5300 2340 5354 Arabes
2386 5300 2622 5368 degens,
2673 5312 2931 5351 mensem
2978 5295 3143 5348 illum
3173 5295 3248 5346 ita
3278 5292 3627 5346 inconcinne
3683 5292 3800 5341 scri-

2167 5372 2256 5424 sit.
2565 5408 2570 5416 .

2125 5387 2256 5440 psit.
2565 5408 2570 5416 .

2199 5458 2223 5497 ρ
2259 5442 2378 5505 Ms.,
2411 5442 2632 5494 Putet...
2658 5438 2861 5492 domui.
