3860 6262
336 295 439 345 543

1695 285 1950 341 ALVARI
1989 285 2472 340 COHDUBENSIS
3733 289 3802 336 Eii

335 422 650 492 voluptates
679 434 704 462 ι
735 424 792 473 et
824 419 876 472 ei
925 425 1076 473 certe
1118 420 1426 484 daemones,
1477 419 1578 490 qui
1625 419 1918 472 tenebrosi
1963 417 2020 471 in
2060 419 2106 470 A
2137 417 2342 470 sterilis
2391 435 2503 470 non
2547 423 2630 472 est
2673 419 2730 471 in
2788 419 2885 472 eis.
2941 418 3264 471 Absorrebit
3311 419 3562 484 ﬂuvium,
3629 421 3680 468 et
3729 433 3802 468 iter.

332 510 636 579 Scripturis
671 513 892 561 montes
921 513 1218 574 vocantur,
1264 525 1362 561 seu
1409 507 1697 578 principes
1739 513 1925 574 terrai,
1971 512 2026 559 et

330 599 677 670 philosophi,
710 597 809 668 qui
851 597 902 650 ei
933 597 1246 667 exquisitos
1280 598 1460 662 dolos,
1511 598 1872 667 excultosque
1916 597 2023 648 do-

329 686 644 738 ctrinarum
701 686 1056 738 diversarum
1117 685 1424 754 porrigunt
1479 685 1764 738 mendacii
1843 685 2018 736 cibos.

329 774 522 830 Omnes
572 775 752 827 bestiae
799 777 924 840 agri
973 775 1158 827 ludent
1208 775 1306 837 ibi,
1341 775 1429 826 vel
1483 775 1542 826 in
1589 775 1759 826 corde
1807 773 2024 842 impiis-

329 862 456 914 simi
481 862 790 924 daemones,
825 863 912 914 vel
945 863 1002 914 in
1033 863 1156 931 lege
1191 862 1368 932 ipsius
1399 863 1708 914 multarum
1742 863 2020 914 luerosum

328 950 628 1016 novitates,
689 967 753 1003 ex
804 951 1014 1021 quibus
1066 951 1230 1004 sectis
1283 966 1564 1003 venenum
1609 955 1864 1003 sucatum
1923 967 2022 1003 ore

327 1040 521 1108 patulo
580 1055 848 1108 suggeris,
901 1039 1312 1093 coniectionem
1364 1056 1534 1109 opere
1579 1055 1636 1092 se
1691 1041 1715 1081 ι’
1761 1039 2020 1091 inticiens

329 1126 572 1178 eufrasia
638 1144 737 1180 sua
821 1128 1053 1180 milleno
1131 1133 1413 1181 sectarum
1487 1127 1598 1180 ritu
1665 1127 1909 1180 confecit
1978 1136 2016 1192 ε,

329 1231 500 1284 quam
553 1231 614 1267 ex
651 1215 1064 1282 haereticorum,
1125 1216 1624 1285 philosophorum,
1656 1216 2018 1269 Judazorum-

329 1319 438 1372 que
487 1303 760 1356 doctrinis
791 1321 1140 1373 componens
1169 1305 1406 1357 diversis
1434 1305 1703 1374 gentibus
1733 1305 1922 1358 colore
1953 1305 2018 1357 ti-

327 1391 418 1444 dei
463 1396 608 1444 tecta
657 1392 896 1456 vestivit,
954 1393 1288 1464 cunctisque
1341 1393 1560 1446 levibus
1613 1395 1961 1462 pastinatum
1993 1395 2020 1435 d

327 1481 658 1548 operculum
691 1481 1036 1550 propinavit.
1081 1481 1190 1536 Sub
1231 1482 1423 1534 umbra
1471 1483 1672 1535 dormit
1705 1483 1902 1552 utique
1935 1487 2018 1535 te-

324 1568 633 1620 nebrarum
667 1575 723 1620 et
771 1570 986 1635 mortis,
1024 1586 1116 1621 seu
1152 1571 1463 1639 caliginum
1497 1575 1551 1622 et
1590 1570 1820 1635 erroris,
1855 1587 1957 1623 nec
1988 1589 2018 1623 a

325 1656 567 1722 Christo,
598 1655 695 1726 qui
729 1673 889 1708 verus
921 1662 978 1709 et
1024 1665 1273 1710 aeternus
1305 1657 1386 1710 sol
1436 1658 1705 1723 creditur,
1740 1659 1823 1710 vel
1859 1661 2016 1711 tenui

323 1744 558 1796 luminis
591 1745 746 1796 radio
781 1745 1140 1808 inlustratur,
1169 1747 1223 1798 in
1255 1751 1448 1798 secreto
1490 1747 1705 1812 calami,
1750 1751 1798 1798 et
1837 1750 1891 1800 in
1939 1749 2016 1800 lo-

325 1835 399 1885 cis
451 1834 813 1900 humentibus,
855 1833 953 1886 ubi
1007 1833 1270 1886 voluntas
1319 1851 1695 1902 grammunea
1744 1843 1783 1900 ο,
1819 1841 1874 1887 et
1921 1835 2018 1888 ubi

324 1919 458 1972 licor
487 1921 720 1984 lluidus,
754 1929 810 1972 et
840 1937 1006 1973 exosa
1043 1922 1305 1986 ludibria,
1347 1923 1445 1974 ubi
1496 1921 1769 1974 effrenata
1815 1923 2015 1977 barba-

325 2007 456 2070 ries,
511 2013 566 2061 et
617 2009 980 2061 exsecrabilis
1026 2011 1194 2074 furia,
1235 2015 1290 2062 et
1345 2011 1616 2080 perplexa
1677 2012 1918 2077 luxuria,
1961 2018 2018 2065 et

323 2097 683 2166 propagatio,
720 2103 776 2149 et
815 2097 1070 2150 inritatio
1101 2105 1184 2150 est
1217 2099 1570 2168 nuptiarum,
1605 2105 1662 2152 et
1692 2100 2012 2164 dissolutio,

322 2188 376 2236 et
419 2185 710 2238 euervatio
744 2185 868 2238 iluit
899 2186 1244 2252 animarum,
1279 2193 1330 2240 et
1379 2188 1436 2239 in
1489 2204 1603 2257 quo
1653 2189 1734 2241 illi
1765 2189 2015 2242 densan-

320 2277 413 2324 tur
458 2273 556 2343 qui
607 2275 854 2326 exterius
910 2283 1192 2343 apparent
1249 2275 1434 2341 nitidi,
1493 2277 1834 2330 intrinsecus
1893 2294 2012 2330 me—

320 2361 474 2414 dulla
533 2367 666 2414 sunt
717 2363 900 2416 vacui.
963 2367 1256 2431 Protegunt
1325 2367 1526 2418 umbra:
1585 2367 1833 2420 umbram
1879 2367 2012 2435 ejus.

320 2450 530 2504 Omnes
559 2455 710 2503 certe
753 2451 938 2520 iniqui
981 2453 1280 2505 mendacio
1316 2470 1418 2505 suo
1467 2455 1828 2507 mendacium
1859 2455 2012 2508 illius

316 2540 550 2608 proprio
589 2539 902 2592 defendunt
947 2541 1235 2611 obsequio.
1271 2541 1426 2594 Sicut
1467 2543 1621 2596 enim
1672 2543 1728 2596 in
1773 2560 2009 2613 corpore

316 2627 540 2692 veritas,
617 2629 694 2679 ita
769 2627 824 2680 in
905 2629 1106 2680 umbra
1179 2631 1436 2698 corporis
1499 2631 1730 2684 falsitas.
1801 2633 2010 2686 Omnes

317 2713 492 2776 enim,
553 2719 616 2766 ut
670 2715 806 2780 dixi,
869 2715 1075 2786 iniqui,
1130 2723 1185 2769 et
1241 2719 1474 2771 saevitiae
1529 2721 1760 2772 fracibus
1827 2723 2004 2790 pleni,

317 2802 678 2856 mendacium
753 2805 908 2856 illius
988 2821 1091 2857 suo
1159 2807 1456 2859 mendacio
1509 2813 1819 2876 protegunt
1880 2827 1891 2862 :
1954 2815 2009 2862 et

314 2890 372 2942 in
428 2907 542 2960 quo
609 2891 704 2944 ille
763 2892 906 2945 forte
962 2909 1078 2945 non
1133 2899 1348 2946 attente
1405 2901 1637 2949 curante
1688 2897 1862 2949 debili
1921 2913 2010 2949 ve-

2129 506 2422 559 mirabitur
2477 523 2490 559 :
2535 507 2956 562 Multitudinem
3007 505 3272 559 videlicet
3303 507 3570 576 gentium
3625 507 3802 574 absque

2131 594 2272 662 legis
2305 595 2526 656 notitia,
2563 611 2732 664 quem
2769 595 3039 647 radicitus
3069 595 3384 658 devoravit,
3415 597 3468 646 et
3499 594 3662 646 habet
3695 593 3802 660 ﬁdu-

2129 685 2276 736 ciam
2331 684 2475 751 quod
2521 686 2718 750 inﬂuat
2777 684 3034 736 Jordanis
3079 685 3138 735 in
3191 698 3246 736 os
3295 683 3437 750 ejus,
3485 699 3584 735 eos
3633 693 3802 751 plllaﬂs

2130 771 2302 823 etiam
2371 772 2598 840 vipereo
2673 773 2804 825 dolo
2889 787 3226 824 consumere
3282 787 3425 840 quos
3483 771 3643 824 unda
3697 775 3804 822 sacri

2128 859 2493 928 baptismatis
2523 860 2679 924 lavit,
2725 866 2780 914 et
2835 861 2986 926 regis
3033 861 3328 913 character
3373 861 3614 930 signum
3655 861 3800 912 crucis

2129 948 2350 1001 Christo
2385 949 2497 1000 Deo
2531 953 2722 1000 nostro
2753 954 2810 1000 et
2838 948 2958 1016 regi
3001 947 3232 1002 dicavit.

2197 1037 2289 1088 ‘28.
2351 1037 2474 1088 Jam
2525 1053 2587 1088 ea
2650 1053 2776 1106 quae
2835 1039 3204 1106 sequunturk
3257 1035 3578 1090 habitatori
3631 1051 3802 1088 vasca.

2128 1125 2497 1178 contumeliae
2565 1131 2857 1194 perpetua:
2915 1131 3239 1194 preparato
3295 1125 3479 1192 magis
3513 1125 3799 1194 pertinent,

2127 1229 2298 1281 quam
2335 1214 2668 1266 Biotheuato
2701 1214 2924 1266 homini
2954 1214 3076 1278 illo,
3109 1213 3210 1283 qui
3265 1229 3454 1266 escam
3503 1213 3722 1278 videns,
3765 1221 3802 1265 et

2125 1301 2362 1354 hamum
2417 1301 2710 1371 ignorans,
2769 1318 3023 1355 morsum
3083 1303 3266 1371 tigens
3335 1301 3654 1354 transﬁxus
3723 1311 3800 1358 est.

2126 1394 2350 1458 utpote
2406 1390 2506 1459 qui
2555 1391 2938 1458 inreptionem
2985 1390 3182 1443 Zabuli
3231 1389 3506 1454 sentiens,
3559 1390 3804 1459 angelum

2126 1477 2267 1529 lucis
2307 1477 2511 1530 leviter
2539 1479 2798 1541 credidit,
2833 1483 3148 1548 captusque
3181 1494 3294 1530 non
3345 1480 3610 1530 nesciens
3659 1479 3754 1530 fuit
3795 1499 3802 1528 :

2126 1567 2204 1618 Et
2240 1568 2546 1634 per/brabit
2611 1567 2836 1619 sudibus
2893 1581 3053 1619 nares
3118 1565 3254 1635 ejus.
3305 1567 3412 1618 Per
3465 1582 3644 1619 nares
3689 1567 3804 1619 odor

2125 1654 2392 1716 trahitur,
2429 1661 2487 1706 et
2517 1670 2604 1706 res
2635 1654 2770 1706 foris
2803 1654 3004 1723 positae
3033 1654 3236 1707 olfactu
3273 1654 3538 1722 protinus
3573 1655 3804 1708 indican-

2059 1717 2096 1768 Β
2129 1747 2242 1795 tur.
2307 1743 2572 1811 Magister
2627 1759 2759 1795 vero
2810 1747 3000 1794 noster
3049 1749 3104 1796 et
3164 1743 3440 1795 Dominus
3485 1759 3664 1796 nares
3709 1745 3804 1811 ejus

2131 1849 2308 1900 usque
2341 1832 2506 1884 hodie
2542 1833 2780 1884 sudibus
2811 1831 2978 1897 forat,
3009 1847 3138 1884 cum
3185 1847 3290 1900 per
3327 1837 3664 1884 sanctorum
3697 1849 3802 1899 pru-

2128 1921 2380 1973 dentiain
2423 1937 2622 1973 omnes
2674 1937 2870 1973 eorum
2923 1919 3304 1972 calliditatum
3357 1920 3520 1972 dolos
3575 1925 3804 1973 enervat.

2129 2010 2287 2063 Nunc
2328 2011 2396 2062 ad
2447 2009 2620 2062 alium
2675 2009 3009 2062 vocabulum
3060 2025 3248 2062 sermo
3293 2009 3523 2061 divinus
3573 2017 3806 2079 apostra-

2125 2097 2238 2150 fam
2269 2095 2282 2131 ί
2311 2097 2458 2158 facit,
2504 2103 2560 2150 et
2588 2097 2931 2166 expressiori
2967 2097 3200 2149 nomine
3231 2103 3382 2150 artes
3414 2100 3538 2166 ejus
3591 2105 3650 2150 et
3695 2114 3804 2149 ροη-

2123 2186 2246 2238 silia
2279 2186 2565 2254 patefacit.
2599 2187 2687 2239 Au
2718 2187 3024 2250 extrahere,
3061 2185 3272 2254 inquit,
3321 2191 3472 2253 potes
3525 2187 3804 2239 Leriathan

2123 2275 2318 2327 hamo?
2351 2275 2654 2326 Leviathan
2687 2275 3123 2327 additamentum
3171 2289 3352 2326 eorum
3383 2275 3602 2327 dicitur
3637 2291 3650 2326 :
3685 2291 3806 2343 quo-

2121 2379 2248 2415 rum
2273 2363 2532 2416 videlicet
2561 2363 2670 2415 nisi
2703 2363 3000 2415 hominum
3023 2363 3428 2431 superborum,
3467 2364 3570 2432 qui
3603 2379 3806 2432 semper

2121 2453 2249 2522 plus
2281 2457 2580 2522 appetunt,
2605 2467 2778 2521 quam
2811 2457 2960 2518 sunt,
2995 2449 3214 2504 videri?
3263 2451 3426 2514 Quod
3475 2451 3612 2504 huic
3653 2453 3804 2519 aptis-

2119 2541 2256 2594 sime
2301 2541 2586 2608 congruit,
2649 2540 2746 2608 qui
2793 2539 3114 2592 temeritate
3165 2541 3401 2608 propria
3458 2549 3806 2594 commentus

2119 2636 2204 2682 est
2229 2645 2400 2696 supra
2434 2647 2498 2681 ea
2531 2645 2658 2698 quae
2695 2629 2792 2681 Dei
2833 2644 2930 2680 ore
2960 2639 3122 2682 erant
3151 2629 3361 2693 elicita,
3393 2630 3566 2697 quasi
3593 2631 3708 2681 alia
3733 2629 3802 2680 in-

2117 2717 2264 2769 ferre
2291 2717 2532 2783 novitia;
2559 2717 2658 2786 qui
2713 2717 2914 2770 merito
2956 2717 3237 2786 serpentis
3281 2717 3522 2769 nomine
3566 2718 3802 2785 desigua

2117 2811 2212 2858 tur
2242 2805 2375 2874 quia
2407 2805 2685 2874 serpentis
2727 2821 2884 2857 more
2918 2805 3186 2858 incedens
3231 2811 3506 2858 cunctum
3537 2805 3802 2874 generali-

2118 2897 2223 2958 ter,
2254 2892 2450 2944 orbem
2484 2891 2762 2960 serpendo
2793 2891 3057 2960 replevit;
3085 2892 3180 2960 qui
3221 2893 3391 2944 hamo
3437 2909 3576 2945 vere
3619 2893 3802 2946 divin:-

315 2977 483 3046 stigio
515 2980 872 3046 claudicavit,
905 2987 958 3034 et
987 2997 1043 3033 se
1086 2982 1321 3036 veritate
1353 2983 1528 3035 victus
1558 2983 1858 3036 defendere
1891 3001 2006 3038 non
2047 2995 2086 3048 c
2115 2981 2247 3034 tatis
2277 2989 2414 3033 tunc
2443 2987 2639 3050 captus
2667 2987 2770 3046 est,
2817 2981 3046 3050 quando
3084 2997 3291 3048 corpus
3333 2987 3641 3050 appetens,
3693 2997 3800 3033 acn-

314 3067 548 3133 curavit,
598 3067 656 3119 hi
703 3084 984 3138 proceres,
1038 3075 1094 3122 et
1133 3071 1412 3138 sapientia
1456 3071 1474 3104 ί
1505 3073 1758 3124 saeculari
1789 3073 2003 3126 floren-

313 3157 417 3220 tes,
482 3171 544 3207 ac
601 3157 850 3208 versutia
907 3158 1288 3211 assertionum
1350 3161 1647 3228 pollentes,
1707 3160 2006 3230 ingeniosa

316 3247 455 3306 arte,
523 3247 577 3294 et
633 3243 856 3296 erudita
913 3259 940 3299 ς
997 3245 1264 3312 falsitate,
1328 3247 1624 3316 exquisitis
1687 3250 2001 3318 sententiis,

314 3336 513 3381 ornate
558 3332 584 3372 ιι
633 3332 967 3396 defendunt,
1020 3337 1074 3384 et
1120 3333 1264 3384 elate
1329 3339 1710 3402 componunt;
1768 3335 2003 3406 ejusque

313 3417 501 3485 operis
534 3423 822 3487 patentem
865 3418 876 3451 ⁵
929 3419 1292 3473 mendacium
1347 3423 1530 3474 fucata
1575 3423 1816 3476 falsitate
1853 3425 2004 3477 colo-

311 3513 442 3558 rant
469 3508 796 3560 verborum.
831 3507 936 3561 Sed
972 3515 1028 3561 et
1060 3509 1260 3562 umbra:
1299 3517 1539 3578 possunt
1571 3511 1749 3580 accipi
1785 3515 1998 3564 da’rno-

310 3611 410 3648 nes
438 3595 554 3659 alii,
606 3595 704 3664 qui
737 3597 887 3648 hunc.
919 3597 1306 3650 habitatorum
1339 3599 1762 3652 sceleratissimi
1793 3617 2000 3668 corpo-

309 3682 386 3736 ris
441 3683 772 3754 obsequiolo
825 3685 1058 3754 proprio
1109 3703 1166 3738 se
1229 3691 1524 3756 protegere
1575 3687 1819 3756 tingunt.
1872 3691 2004 3742 Tra-

310 3772 485 3824 duntl
529 3773 680 3824 enim
703 3790 832 3826 eum
861 3791 1054 3842 pacem
1091 3775 1241 3827 inter
1273 3775 1506 3845 spiritus
1536 3777 2001 3831 δοιοιενάιίδεὶωοε

309 3878 340 3913 a
372 3877 429 3912 se
459 3861 794 3914 dissidentes
829 3863 1186 3928 reformasse,
1223 3871 1278 3917 et.
1311 3869 1518 3918 multos
1551 3882 1618 3918 ex
1641 3865 2001 3920 daemonibus

308 3965 422 4001 suae
453 3949 582 4002 ﬁdei
631 3951 950 4017 inclinasse,
987 3953 1289 4021 legemque
1338 3971 1496 4006 suam
1549 3955 1662 4006 illis
1695 3957 1998 4009 tenendam

309 4040 640 4090 memoriter
684 4039 998 4092 tradidisse.
1037 4041 1190 4093 Unde
1224 4047 1278 4092 et
1309 4041 1364 4094 in
1397 4042 1518 4111 lege
1557 4041 1678 4110 ipsa
1713 4043 1996 4110 horribili,

309 4125 639 4192 frequenter
679 4141 740 4177 ex
775 4142 1016 4194 persona
1053 4129 1143 4181 Dei
1167 4129 1527 4181 daemonibus
1554 4130 1640 4182 vel
1673 4131 1998 4185 horninibus

309 4227 496 4263 sermo
553 4215 972 4280 prierlicationis
1041 4217 1350 4280 inducitur,
1408 4223 1462 4269 et
1530 4223 1591 4269 ut
1658 4219 1890 4272 credant
1947 4221 1998 4272 ei

2115 3070 2269 3122 mine
2329 3071 2486 3122 verbi
2543 3072 2844 3123 translixus
2891 3075 2992 3122 est.
3040 3071 3432 3139 Circulumque
3481 3074 3544 3122 in
3595 3071 3798 3123 nuribus

2113 3159 2362 3228 positum
2399 3165 2572 3224 tenet,
2607 3159 2738 3228 quia
2791 3158 2920 3210 licet
2957 3163 3140 3211 astute
3175 3159 3344 3210 fortia
3377 3161 3592 3228 pulset,
3627 3167 3798 3212 tamen

2113 3247 2260 3300 intra
2293 3256 2330 3280 ιιι
2361 3247 2637 3300 circulum
2673 3247 2894 3316 opiﬁcis
2939 3249 3134 3299 currit.
3173 3247 3284 3300 Nec
3333 3251 3556 3300 tantam
3593 3255 3800 3300 tentans

2114 3342 2392 3406 quantum
2447 3337 2680 3405 appetit,
2743 3353 2843 3388 nec
2893 3342 3120 3388 tantum
3179 3341 3458 3404 appetens
3525 3345 3798 3406 quantum

2115 3429 2312 3477 tentat.
2359 3425 2528 3493 Cujus
2564 3429 2619 3476 et
2651 3425 2882 3477 maCLilltl
2913 3425 3195 3491 perforata
3225 3423 3355 3475 ideo
3405 3424 3642 3484 dicitur,
3677 3429 3796 3494 quia

2111 3513 2451 3584 plerumque
2485 3529 2629 3582 quos
2661 3513 2825 3565 avida
2869 3517 3056 3565 mente
3089 3511 3328 3576 invadit,
3365 3515 3684 3580 potentiori
3717 3529 3792 3564 or-

2113 3600 2406 3654 dinatione
2441 3601 2695 3653 dimittit.
2747 3601 2934 3654 Semel
2977 3601 3188 3670 quippe
3241 3607 3460 3669 raptus,
3509 3603 3670 3654 exire
3701 3617 3802 3654 non

2111 3692 2354 3756 poterat,
2387 3689 2433 3741 si
2483 3705 2598 3741 non
2649 3689 2877 3741 maxilla
2927 3687 3192 3740 draconis
3241 3689 3498 3741 foramen
3553 3690 3798 3742 haberet.

2109 3778 2440 3844 Maltiplicat
2479 3779 2546 3830 ad
2585 3779 2760 3830 Deum
2807 3791 3006 3842 preces,
3050 3777 3185 3828 dum
3231 3778 3488 3830 membra
3535 3781 3666 3847 ejus
3715 3795 3800 3848 pro

2110 3879 2176 3916 eo
2210 3867 2518 3918 momentis
2555 3865 2798 3934 singulis
2853 3865 3159 3918 Dominum
3200 3865 3578 3934 interpellant
3625 3885 3638 3920 :
3689 3885 3796 3937 pre-

2109 3968 2199 4005 ces
2230 3955 2574 4022 accipiendae
2610 3961 2742 4006 sunt
2785 3956 2938 4020 leges
2969 3953 3101 4014 illae,
3155 3970 3298 4024 quas
3329 3955 3597 4008 fabuloso
3631 3957 3746 4009 risu
3779 3971 3800 3998 ιι

2108 4043 2418 4095 contexuit.
2471 4045 2532 4096 Et
2578 4044 2820 4111 loquitur
2865 4043 3070 4106 mollia,
3121 4058 3248 4112 quae
3293 4059 3395 4112 per
3459 4059 3564 4096 ora
3605 4061 3797 4098 eorum

2111 4131 2292 4182 multo
2324 4131 2671 4200 eloquentia:
2700 4131 3002 4200 splendore
3055 4131 3407 4183 miserationi
3437 4131 3630 4185 vicina
3661 4149 3798 4202 quo—

2107 4219 2570 4282 tidieinsonant;
2605 4220 2739 4272 dum
2784 4219 3002 4288 jugiter
3053 4217 3250 4271 dicunt
3291 4235 3304 4272 :
3353 4223 3597 4286 Domine,
3645 4239 3800 4290 parce

307 4299 640 4367 frequenter
687 4301 986 4368 ingeritur.
1031 4304 1467 4357 Circumdabunt
1501 4321 1618 4358 eum
1665 4305 1854 4360 salices
1885 4313 1994 4360 tor-
2035 4291 2376 4375 Dprcphetaz
2403 4309 2505 4360 illi.
2542 4309 2650 4360 Nec
2685 4307 2968 4360 usitatiori
2999 4323 3112 4376 quo
3141 4323 3243 4376 pro
3285 4307 3412 4360 aliis
3455 4325 3672 4377 genere
3725 4311 3798 4362 lo-

305 4390 494 4452 rentis,
545 4389 806 4441 videlicet
853 4390 1210 4452 infructuosi,
1260 4397 1315 4445 et
1361 4393 1460 4462 qni
1507 4393 1662 4446 ﬂuxu
1693 4395 1996 4449 libidinum

305 4473 686 4539 revirescunt;
751 4475 922 4544 hujus
974 4477 1124 4529 enim
1190 4479 1407 4530 arboris
1465 4495 1660 4532 semen
1739 4481 1797 4534 in
1873 4481 1998 4535 cibo

305 4567 599 4630 sumptum
648 4565 866 4616 steriles
913 4564 1106 4617 efticit.
1151 4566 1311 4618 Tales
1354 4573 1484 4619 sunt
1529 4567 1774 4636 ministri
1819 4570 1998 4624 hostis

306 4649 588 4718 Ecclesize,
612 4653 904 4705 sterilitate
934 4653 1064 4706 tidvi
1097 4653 1264 4720 aridi,
1298 4659 1352 4706 et
1383 4661 1696 4709 sementem
1726 4657 1998 4712 doctrinm

305 4740 532 4806 penitus
565 4747 887 4804 ene-cantes,
922 4759 951 4794 e
985 4741 1217 4810 regione
1255 4744 1526 4810 Ecclesiae,
1553 4745 1654 4796 tilii
1678 4745 1746 4798 de
1777 4749 1997 4801 lavacro

304 4829 748 4882 conscendentes
778 4846 977 4882 omnes
1025 4831 1302 4898 gemellos
1351 4833 1500 4886 fetus
1541 4833 1890 4903 producunt,
1943 4841 1999 4890 et

370 4983 390 5010 ε·
432 4971 545 5034 Ms.,
579 4973 899 5024 voluntates.

369 5042 394 5080 ι)
437 5041 489 5093 L.
517 5056 748 5108 operose.

371 5119 390 5142 ε
429 5111 546 5164 ΜΒ..
582 5113 846 5179 conﬁcuit.

371 5181 398 5222 ά
439 5181 493 5233 F.
526 5183 880 5246 fascinutum.

369 5261 390 5284 θ
432 5257 516 5303 Au
549 5253 923 5318 gramminea?

371 5319 388 5354 τ
426 5322 546 5388 Ms.,
601 5325 900 5388 sapientiae.

372 5403 402 5444 It
442 5393 562 5458 Ms.,
594 5393 882 5446 cruditate.

367 5461 396 5536 ll
431 5463 553 5536 Ms.,
587 5479 799 5516 ornare.

373 5533 382 5563 ‘
429 5533 484 5586 ιι.
537 5541 747 5602 pate-us.

2105 4395 2352 4448 cutionis
2378 4397 2610 4448 solitum
2637 4401 2720 4448 est
2745 4396 2949 4460 dicere,
2984 4395 3080 4448 sed
3113 4396 3351 4464 tropice,
3387 4402 3438 4448 et
3461 4399 3648 4450 multo
3683 4399 3798 4451 aliis.

2105 4484 2274 4536 rebus
2322 4485 2747 4537 accommodato
2799 4499 3063 4537 sermone
3103 4499 3116 4536 :
3176 4485 3381 4538 Psallat
3411 4489 3566 4550 Deus,
3617 4487 3796 4546 aiunt,

2105 4587 2267 4640 sape-1'
2322 4587 2460 4629 eum.
2511 4579 2562 4625 et
2621 4574 2792 4625 salvet
2845 4581 2885 4623 °.
2951 4572 3016 4624 Et
3070 4571 3216 4624 sicut
3266 4589 3368 4625 nos
3411 4575 3798 4628 indesinenter

2106 4677 2207 4730 pro
2275 4661 2434 4713 omni
2497 4666 2672 4730 gestu,
2743 4661 3014 4729 omnique
3073 4677 3356 4712 sermone.
3430 4679 3498 4715 ex
3554 4679 3796 4733 evange-

2107 4750 2213 4802 lica
2295 4751 2633 4802 auctoritate
2715 4749 2978 4818 procellis
3061 4749 3422 4818 urgentibus,
3489 4753 3798 4820 apostolica

2105 4837 2255 4890 docti
2299 4839 2528 4902 Christe,
2579 4839 2735 4890 salua
2779 4853 2873 4890 nos
2916 4837 3184 4902 dicimus;
3233 4837 3314 4890 ita
3377 4837 3464 4892 illi
3513 4855 3616 4908 per
3665 4857 3794 4894 cun-

2183 4979 2195 5020 ⁵
2229 4982 2344 5042 Ms.,
2379 4981 2612 5032 tl‘mtrut.

2175 5053 2200 5093 ιε
2241 5051 2360 5114 Ms.,
2391 5067 2508 5118 qua:
2557 5053 2820 5118 sequitur.
2856 5049 2992 5113 Qua!
3021 5050 3080 5102 in
3106 5055 3262 5104 textu
3293 5057 3488 5106 autem
3527 5053 3633 5107 Job
3665 5055 3790 5106 sub-

2104 5127 2442 5192 sequuntur,
2479 5137 2723 5190 qumque
2763 5121 2853 5173 hic
2904 5121 3165 5172 videntur
3213 5124 3618 5190 praetermissa,
3679 5125 3792 5178 haec

2101 5199 2236 5244 sunt
2270 5209 2282 5245 :
2311 5194 2373 5245 In
2407 5193 2572 5245 oculis
2604 5193 2720 5258 ejus
2761 5193 2924 5259 quasi
2953 5193 3108 5245 hamo
3133 5195 3312 5260 capiet
3337 5209 3478 5248 cum.

2175 5265 2188 5296 ¹
2231 5263 2284 5315 ld
2311 5267 2396 5314 est
2424 5263 2804 5329 apostrophen.

2173 5343 2212 5404 Ξιι
2253 5335 2412 5399 Infra
2441 5333 2530 5385 hic
2560 5333 2708 5404 idem
2741 5349 2804 5384 ac
2830 5335 3000 5398 intra,
3031 5337 3092 5385 ut
3118 5331 3328 5401 passim
3351 5335 3512 5404 apud
3543 5341 3788 5390 auctores

2101 5403 2316 5457 intima:
2358 5403 2681 5456 latinitatis.

2171 5483 2196 5510 ιι
2239 5475 2293 5528 F.
2321 5477 2453 5527 ritu.

2169 5553 2192 5578 °
2233 5547 2315 5598 lta
2347 5544 2586 5598 et'divus
2613 5541 2884 5614 Eulogius
2919 5543 3010 5598 lib.
3049 5560 3104 5608 ιι,
3139 5559 3261 5613 cap.
3307 5547 3349 5598 l.
