3860 6262
42 321 144 370 ,ί-ηὶῖὶ

1444 322 1676 378 lNDlCU
1689 325 1811 379 LUS
1854 323 2260 379 LUMINOSUS.

3476 333 3576 385 536

42 460 128 507 :ta
217 463 538 511 momenta
614 457 1006 512 indesinenter
1069 457 1304 511 verbum
1360 459 1479 526 jam
1553 457 1767 511 dictum
1809 461 1847 510 Α
1888 475 2059 526 super
2103 459 2254 528 quod
2287 458 2399 527 legi
2446 457 2669 511 Domini
2711 461 3063 514 auctoritatis
3095 462 3377 518 clevatum
3409 482 3573 519 cacu-

41 547 342 613 repetunt
404 562 418 598 :
478 553 532 598 et
590 547 696 599 hoc
751 546 1132 610 familiariter,
1189 546 1555 612 prmconabili
1614 563 1767 611 voce,

41 633 98 683 in
141 633 444 686 domibus
489 640 543 688 et
590 635 847 688 turribus
887 636 1157 702 clamant,
1191 636 1470 705 replicant
1519 639 1572 688 et
1615 652 1769 704 prai-

41 728 293 774 conznnt.
379 725 444 777 Et
510 724 607 794 qui
675 741 778 794 per
848 726 1024 777 multa
1093 724 1313 788 deﬂuit,
1382 729 1439 776 et
1507 724 1767 794 deliquit,

41 826 68 860 a
143 811 374 863 multis
439 829 580 882 quos
652 815 773 882 ipse
842 812 1091 882 perdidit
1162 819 1218 865 et
1289 813 1570 881 frequenti
1637 829 1770 865 ora-

41 898 207 949 tione
246 901 716 954 commendatur.
752 901 858 954 Sed
893 901 1252 954 orationibus
1283 909 1766 970 transgressorum

41 987 236 1040 elueri
274 1004 400 1040 non
436 990 664 1059 poterit,
702 990 801 1059 qui
841 996 1110 1060 rogantes
1149 1007 1252 1060 pro
1301 1007 1359 1041 se
1408 1007 1475 1042 ne
1527 991 1764 1043 exaudi-

41 1084 254 1128 rentur
288 1077 506 1130 erroris
545 1079 631 1129 sui
666 1077 998 1147 deceptione
1041 1079 1289 1131 caecavit.
1337 1079 1534 1131 Omnis
1576 1082 1765 1130 tamen

41 1163 170 1232 ejus
228 1165 377 1216 dolo
437 1165 719 1234 exquisita
780 1167 1067 1231 doctrina,
1124 1168 1293 1220 verba
1351 1173 1484 1219 sunt
1542 1167 1764 1232 mollia,

41 1269 224 1321 quem
284 1253 507 1307 caduca
553 1256 898 1323 promittens
930 1264 953 1288 ⁸
994 1263 1050 1308 et
1089 1257 1260 1320 ﬂuxa,
1305 1256 1438 1310 labii
1470 1261 1525 1309 et
1558 1256 1765 1308 inlece-

42 1341 224 1394 broso
260 1341 509 1395 dulcore
541 1349 772 1397 manent
804 1349 1097 1413 compacta
1134 1361 1145 1398 :
1182 1346 1264 1396 vel
1302 1344 1468 1397 verba
1510 1344 1606 1396 illa
1636 1346 1769 1395 sunt

45 1430 279 1490 mollia,
331 1447 463 1501 quas
504 1438 908 1501 argumentose
958 1432 1336 1502 et'exquisite
1386 1433 1444 1485 in
1495 1433 1619 1502 lege
1669 1432 1767 1484 illa

43 1516 328 1572 horribili
366 1521 655 1572 somnians
686 1520 974 1573 fabulavit.
1013 1522 1076 1574 Et
1105 1522 1248 1573 sicut
1278 1522 1366 1574 lex
1404 1521 1503 1574 Dei
1525 1521 1760 1589 angelis,

50 1608 541 1678 hominibusque,
580 1625 642 1662 ex
684 1610 1022 1662 auctoritate
1079 1611 1370 1662 Dominica
1409 1611 1651 1674 intonat,
1689 1611 1766 1662 ita

49 1696 171 1747 haec
202 1713 234 1748 e
289 1697 532 1765 regione
577 1698 793 1750 diaboli
834 1701 1100 1767 dogmata
1129 1699 1510 1763 dmmonibus,
1547 1704 1602 1751 et
1634 1714 1764 1767 per-

55 1786 187 1835 ditis
235 1784 605 1848 hominibus,
655 1786 891 1838 verbum
946 1787 1078 1839 tidei
1129 1787 1391 1855 porrigit,
1443 1786 1659 1849 crebre,
1709 1791 1766 1839 et

55 1874 287 1926 assidue
319 1875 516 1926 dicens
548 1891 560 1926 :
593 1875 635 1927 0
670 1874 975 1926 multitudo
1007 1875 1350 1938 daemonum,
1375 1879 1430 1927 et
1461 1878 1720 1931 omnium
1749 1896 1762 1932 :

57 1962 207 2030 quod
262 1962 510 2015 Arabice
557 1962 764 2014 dicitur
815 1978 826 2014 :
877 1963 1236 2016 Lemahascar
1287 1965 1463 2031 algen.
1508 1965 1574 2017 Et
1619 1967 1763 2020 bene

55 2057 253 2103 auctor
303 2051 488 2120 ipsius
535 2051 594 2102 in
646 2067 779 2103 usus
829 2056 914 2103 est
955 2053 979 2092 ὃ
1022 2051 1183 2120 quasi
1216 2051 1352 2104 avis.
1393 2053 1536 2114 Quia
1573 2070 1760 2108 escam

61 2139 306 2191 duc-ante
344 2143 618 2208 appetens
648 2139 803 2208 guila
835 2148 872 2203 ε,
913 2139 1101 2208 laquei
1145 2155 1258 2192 non
1294 2141 1554 2209 prmvidit
1594 2143 1763 2211 pedi-

62 2243 172 2279 cam
214 2246 231 2279 :
289 2230 394 2297 qui
444 2229 644 2279 merito
696 2228 905 2280 dicitur
952 2229 1090 2292 avis,
1139 2229 1274 2298 quia
1318 2245 1415 2280 rex
1465 2235 1550 2282 est
1597 2231 1762 2284 istius

62 2316 220 2378 aeris,
255 2317 317 2368 in
355 2333 470 2386 quo
501 2317 755 2367 volucres
787 2316 1044 2381 volitant,
1077 2322 1133 2368 et
1162 2316 1450 2385 principes
1491 2320 1760 2374 tenebra-

67 2420 182 2456 rum
218 2409 534 2472 potestant.
583 2404 725 2467 Quia
767 2404 967 2457 brutus
1011 2420 1079 2456 ex
1118 2405 1144 2445 ἀ
1193 2405 1312 2457 sine
1354 2406 1560 2458 litteris
1603 2414 1760 2461 ortus

63 2500 160 2553 est,
195 2492 534 2558 bebemotb,
569 2494 676 2545 hoc
707 2499 793 2544 est
824 2493 1060 2556 animal,
1109 2493 1292 2546 dictus
1343 2500 1444 2547 est.
1481 2495 1624 2558 Quia
1658 2497 1756 2550 do-

69 2582 210 2632 losus
274 2582 564 2650 apparuit,
630 2588 890 2634 versutus
952 2587 1006 2633 et
1067 2581 1302 2634 callidus
1361 2599 1612 2651 serpens,
1669 2586 1758 2638 vel

66 2669 246 2731 draco,
286 2676 373 2721 est
408 2677 787 2736 nuncupatus.
839 2670 1054 2722 Dicitur
1093 2675 1148 2722 et
1193 2670 1328 2734 avis,
1373 2686 1438 2722 eo
1472 2673 1620 2742 quod
1658 2690 1758 2725 su-

71 2759 291 2826 perbus,
328 2760 510 2810 elatus
541 2764 597 2810 et
623 2774 798 2827 vagus
827 2757 1074 2821 incessit,
1107 2759 1380 2828 nulloque
1411 2759 1573 2812 freno
1605 2765 1759 2815 tem—

71 2847 343 2912 perantia:
381 2846 748 2915 semetipsum
786 2845 1046 2898 munivit.
1084 2846 1372 2900 Concident
1410 2862 1526 2900 eum
1571 2851 1754 2914 amici,

75 2935 262 3003 utique
301 2933 552 2998 Domini,
585 2934 644 2985 bi
677 2935 956 2997 videlicet,
987 2933 1084 3002 qui
1119 2933 1281 2986 dolos
1309 2934 1461 2986 illius
1494 2937 1757 2989 universo

76 3022 275 3074 mundo
328 3027 643 3090 exponunt,
699 3038 947 3092 eumque
992 3022 1221 3090 publica
1265 3023 1618 3091 professione
1664 3026 1758 3077 ho-

77 3115 204 3160 stem
263 3109 526 3161 Ecclesim
581 3108 866 3161 insiluisse
919 3108 1293 3161 contendunt.
1354 3110 1544 3163 Toties
1599 3112 1753 3164 enim

77 3196 401 3260 conciditur,
444 3197 670 3266 quoties
709 3196 1069 3249 anathemate
1118 3197 1442 3250 denotatur.
1499 3200 1754 3253 Divident

77 3299 179 3336 cum
219 3288 598 3352 negotiatores,
649 3284 829 3336 sancti
873 3284 1000 3349 viri,
1046 3283 1144 3354 qui
1191 3285 1449 3338 membra
1493 3286 1754 3340 draconis

80 3388 104 3422 a
132 3373 296 3440 capiti
329 3372 543 3442 perﬁdo
580 3373 913 3436 dividentes,
963 3373 1072 3424 sibi
1121 3373 1494 3442 conjungunt.
1546 3376 1610 3427 Et
1651 3379 1750 3429 im-

77 3461 227 3526 pletis
259 3476 487 3528 sagatus
515 3462 656 3530 pelle
693 3462 831 3527 ejus,
865 3466 961 3514 aut
998 3465 1341 3528 gurgustium
1381 3464 1614 3530 piscium
1653 3481 1752 3517 ca-

77 3551 173 3614 pite
207 3551 374 3602 illius.
418 3550 477 3602 In
525 3549 673 3617 pelle
716 3549 1017 3614 exteriora,
1068 3549 1125 3602 in
1177 3551 1360 3618 capite
1412 3552 1651 3619 majora,
1700 3557 1754 3604 et

80 3636 438 3690 luculentiora
486 3638 764 3707 designat.
825 3637 1055 3691 Servate
1110 3638 1309 3690 ordine
1359 3655 1616 3707 sagcnas,
1666 3641 1750 3692 vel

83 3728 417 3791 gurgustium
450 3726 716 3796 piscium,
755 3726 809 3778 id
849 3731 934 3778 est
983 3725 1282 3779 Ecclesium
1318 3743 1502 3793 suam,
1539 3733 1594 3780 et
1625 3733 1751 3780 vota

82 3813 334 3879 tidelium,
372 3816 623 3882 primum
665 3830 724 3867 se
769 3815 918 3883 pelle
951 3829 1093 3883 ejus,
1149 3819 1205 3867 et
1247 3815 1612 3882 postmodum
1659 3834 1750 3868 ca-

84 3902 203 3967 pite,
235 3903 429 3955 asserit
459 3903 867 3972 impleturum;
903 3903 1039 3972 quia
1070 3903 1258 3971 primo
1292 3903 1466 3971 elegit
1499 3903 1745 3971 inﬁrma,

83 3996 136 4040 ut
173 3997 294 4058 post
333 3991 708 4044 confunderet
747 3991 935 4043 fortia.
981 3992 1135 4042 intra
1185 3991 1486 4044 Ecclesiam
1535 3993 1749 4062 quippe

87 4076 310 4132 ﬁdelium
345 4080 503 4148 prius
548 4079 710 4148 quasi
753 4079 962 4147 pellem
1006 4078 1216 4131 diaboli
1263 4085 1547 4132 extremos
1577 4085 1747 4149 atque

87 4164 286 4219 inﬁmos
318 4167 552 4237 colligit,
585 4172 642 4220 et
669 4173 1037 4236 postmodum
1069 4167 1251 4235 capite
1285 4168 1408 4234 ejus
1438 4167 1748 4236 prudentes

88 4253 174 4306 sibi
203 4257 543 4309 adversarios
577 4256 764 4309 subdit
797 4256 849 4324 (Ι
879 4256 998 4310 Cor.
1050 4272 1087 4319 I,
1141 4256 1228 4319 27)
1278 4271 1291 4307 :
1344 4257 1612 4322 Ponetque
1654 4272 1744 4309 su-

90 4357 165 4407 per
190 4359 296 4397 eum
337 4347 591 4399 Dominus
630 4360 869 4408 manum,
917 4343 1052 4413 quia
1097 4343 1230 4395 forti
1279 4343 1442 4396 illum
1491 4345 1745 4412 potentia
1786 4358 1827 4410 ι)
1858 4357 1985 4394 rum
2036 4358 2047 4394 :

91 4431 334 4498 reprimit,
391 4450 497 4486 nec
547 4435 852 4502 plusquam
913 4431 1140 4500 expedit
1192 4431 1387 4483 saevire
1439 4433 1738 4500 permittit.

95 4517 274 4573 Dicitur
300 4522 560 4574 Ecclesia:
599 4523 852 4574 Memento
897 4520 1037 4582 belli,
1083 4535 1173 4572 nec
1207 4520 1354 4572 ultra
1386 4519 1560 4572 addas
1597 4521 1746 4588 loqui

93 4613 430 4680 praaterquam
478 4609 729 4677 positum
779 4613 883 4674 est,
921 4613 977 4660 et
1009 4613 1225 4660 sacrate
1258 4612 1570 4676 receptum.
1607 4608 1741 4675 Ejus

93 4700 252 4748 contra
279 4703 330 4750 te
362 4699 588 4751 interna
625 4696 827 4766 prmlia
874 4697 940 4750 ad
987 4700 1239 4748 mentem
1273 4712 1494 4762 revoca,
1529 4701 1585 4748 et
1625 4696 1742 4749 noli

94 4779 356 4838 Dominum
411 4801 677 4839 accusare
735 4785 802 4838 de
859 4785 1158 4850 exteriore,
1215 4799 1386 4853 quam
1438 4785 1736 4854 conspicis,

96 4871 238 4924 multo
266 4875 478 4928 elevata
505 4874 764 4944 potentia
802 4889 814 4926 :
860 4873 941 4925 vel
975 4881 1124 4925 certe
1160 4877 1468 4938 memento,
1503 4874 1638 4942 quia
1669 4873 1738 4925 ad

93 4955 173 5010 hoc
199 4961 289 5015 tibi
317 4979 526 5033 pugnae
552 4969 841 5016 certamen
873 4961 1203 5030 opponitur,
1232 4965 1295 5013 ut
1321 4962 1420 5031 qui
1442 4961 1695 5030 legitime
1718 4969 1738 4994 °

96 5052 366 5116 certaverit,
400 5058 730 5105 coronetur.
773 5051 828 5103 Si
864 5057 1056 5102 tamen
1090 5049 1376 5118 patienter
1408 5045 1427 5084 ί
1462 5049 1738 5102 tentatio-

96 5146 200 5188 num
228 5137 467 5209 impetus
511 5140 718 5201 ferens,
753 5139 822 5192 de
863 5137 1099 5208 proprio
1134 5137 1276 5191 nihil
1308 5136 1740 5206 praesumpserit

147 5286 165 5353 ᾖ
191 5280 237 5333 F.
267 5299 383 5353 quae
412 5283 617 5336 caduca
645 5283 1039 5350 promittentia.

145 5351 164 5389 ιι
191 5349 314 5418 Lege
346 5371 358 5406 :
393 5355 602 5406 inlusus
632 5349 709 5405 est
746 5369 758 5404 :
797 5353 932 5405 dicit
966 5352 1121 5405 enim
1151 5355 1334 5404 textus
1377 5349 1482 5404 Job
1527 5365 1540 5401 :
1585 5350 1734 5402 Nun-

98 5422 193 5482 quid
216 5425 398 5477 illzales
427 5427 476 5476 ci
502 5425 660 5491 quasi
691 5425 817 5476 aui?

148 5498 163 5561 ἦ
190 5492 234 5545 L.
263 5497 409 5561 gula.

147 5558 166 5590 ⁴¹
190 5558 281 5616 Er:
310 5566 346 5616 i'.
378 5571 446 5616 et.

1879 547 2034 599 mine
2090 546 2265 610 videt,
2324 561 2428 598 nec
2478 559 2506 599 ε
2555 547 3009 602 additamentum
3057 550 3354 604 incurrens
3405 571 3574 624 super

1881 633 2190 702 superbiai;
2230 641 2377 686 recte
2411 635 2718 688 Leviatlian
2761 637 2922 689 istius
2970 638 3249 706 figuretur
3281 658 3519 710 corpore
3555 663 3566 695 :

1880 723 2016 791 quia
2045 738 2165 791 spes
2195 723 2561 789 frustrabilur
2598 725 2752 776 illum
2783 741 3015 778 manum
3058 728 3276 796 opiticis
3307 732 3568 796 evadere,

1880 819 1937 862 et
1965 818 2245 863 mternum
2278 812 2624 881 supplicium
2659 814 2849 882 angeli
2881 814 3166 867 tenebrosi
3193 816 3489 871 delusione
3511 835 3570 870 se

1880 899 2136 963 extimat,
2172 916 2288 952 non
2326 901 2556 953 teneri:
2599 917 2696 952 seu
2742 917 2834 968 spe
2880 903 2976 954 illa
3021 903 3404 970 frustrabitur,
3456 923 3570 976 qua

1878 1003 1935 1039 se
1978 988 2158 1041 credit
2203 989 2485 1057 passivam
2535 989 2829 1042 libidinem
2879 991 2936 1042 in
2987 990 3179 1044 futuro
3223 997 3428 1045 saeculo
3468 1011 3571 1063 per

1876 1076 2095 1128 diversa
2125 1082 2306 1129 scorta
2335 1078 2493 1146 largo
2529 1077 2859 1146 dispergere
2894 1078 3068 1131 t'luxu.

1946 1166 2033 1216 29.
2099 1164 2417 1219 Videnlibus
2467 1168 2693 1230 cunctis,
2755 1166 2969 1232 electis,
3031 1173 3087 1219 et
3146 1168 3421 1237 reprobis,
3483 1171 3568 1222 vel

1877 1269 2022 1322 quos
2054 1252 2294 1320 decepit,
2325 1254 2764 1321 prszczpitabitur
2793 1255 2849 1305 in
2884 1259 3149 1322 stagnum
3183 1255 3331 1324 ignis
3359 1257 3568 1310 arden-

1877 1340 1967 1393 tis.
2016 1343 2134 1395 Non
2178 1345 2338 1409 quasi
2395 1341 2628 1393 crudelis
2681 1343 2953 1395 suscitabo
3010 1359 3127 1396 cum
3187 1346 3324 1409 (Job.
3377 1361 3484 1410 xu,
3542 1351 3559 1400 t

1876 1435 1924 1481 et
1954 1429 2153 1498 seqq),
2192 1437 2254 1482 ut
2285 1435 2419 1498 pote
2460 1430 2556 1498 qui
2593 1430 2772 1498 magis
2807 1430 3128 1483 misericors
3169 1446 3276 1500 per
3323 1448 3475 1498 eum,
3511 1440 3568 1485 et

1870 1518 2038 1587 justis
2069 1519 2325 1570 debitum
2374 1518 2696 1587 praemium,
2731 1524 2786 1570 et
2819 1519 3044 1586 injustis
3077 1526 3406 1588 competens
3440 1536 3563 1573 me—

1877 1606 1998 1657 ritis
2047 1606 2249 1675 inrogo
2305 1606 2668 1675 supplicium.
2722 1606 2851 1671 Quis
2900 1611 3041 1660 enim
3085 1611 3278 1676 poterit
3319 1611 3566 1661 resistere

1875 1696 2050 1746 vultui
2077 1710 2210 1755 meo,
2242 1711 2273 1745 a
2303 1711 2416 1764 quo
2459 1694 2577 1746 haec
2621 1701 2836 1747 sacrata
2869 1696 3174 1761 ordinatio,
3213 1703 3267 1748 et
3297 1699 3470 1766 justa,
3504 1698 3562 1750 in

1807 1764 1844 1816 Β
1877 1783 2092 1835 mundo
2135 1783 2425 1850 procedit?
2473 1783 2672 1835 Nullus
2705 1790 2873 1849 certe,
2911 1784 3228 1837 miseriCors
3259 1792 3314 1837 et
3345 1787 3564 1854 patiens

1872 1886 2045 1938 super
2077 1870 2324 1922 malitias
2358 1870 2682 1936 hominum,
2717 1870 2980 1924 Domine.
3019 1873 3081 1924 Et
3115 1875 3235 1940 quis
3267 1879 3389 1926 ante
3413 1873 3564 1928 dedit

1870 1960 2024 2022 mihi,
2081 1964 2142 2011 ut
2196 1959 2423 2010 reddam
2480 1958 2566 2011 ei?
2627 1960 2836 2012 lterum
2910 1959 3200 2012 verissime
3263 1962 3363 2013 tibi
3424 1961 3559 2015 dici-

1872 2062 2018 2111 mus,
2077 2046 2362 2115 jutissime
2420 2047 2714 2112 Conditor,
2775 2055 2830 2099 et
2889 2048 3142 2116 piissime
3209 2050 3372 2114 Deus,
3434 2053 3558 2102 nul-

1869 2133 2001 2186 lus:
2049 2135 2183 2203 quia
2214 2151 2244 2186 a
2283 2141 2337 2186 te
2370 2135 2557 2186 omnis
2605 2141 2865 2188 creatura
2910 2136 3253 2189 subsistendi
3304 2139 3556 2207 vigorem

1864 2223 2098 2292 accepit.
2149 2223 2205 2276 Si
2258 2239 2394 2292 ergo
2443 2223 2701 2277 resistere
2752 2225 3146 2293 Omnipotenti
3195 2226 3391 2278 miseri
3439 2243 3556 2279 non

1867 2311 2140 2376 valemus,
2186 2326 2290 2363 nec
2340 2311 2651 2363 debitorem
2699 2318 2998 2376 aeternum,
3055 2318 3118 2365 ut
3165 2319 3292 2381 pote
3337 2314 3555 2379 caduci,

1867 2413 1932 2450 ex
1975 2404 2169 2450 nostro
2213 2415 2382 2468 opere
2431 2401 2765 2463 retinemus,
2819 2415 3060 2468 operum
3107 2401 3229 2469 ejus
3274 2401 3557 2454 rationem

1868 2485 2148 2539 discutere
2191 2503 2302 2540 non
2338 2494 2645 2550 tentemus,
2685 2503 2857 2557 quam
2901 2490 3118 2556 justam
3163 2504 3230 2541 ex
3279 2491 3556 2559 supplicio

1865 2580 2252 2644 peccatorum,
2301 2581 2354 2628 et
2401 2577 2708 2645 gratuitam
2758 2591 2822 2628 ex
2871 2575 3022 2628 dono
3075 2577 3332 2630 videmus
3378 2579 3554 2646 justo-

1868 2678 2014 2715 rum.
2059 2663 2164 2716 Sed
2213 2679 2283 2715 ne
2332 2663 2654 2733 desperatio
2696 2664 3022 2717 confoderet
3064 2666 3285 2718 animas
3318 2668 3557 2720 audien-

1865 2751 2034 2813 tium,
2071 2767 2193 2803 mox
2234 2751 2484 2804 futuram
2517 2752 2574 2804 in
2616 2768 2747 2804 eum
2780 2754 2950 2804 latam
2995 2754 3332 2806 sententiam
3365 2756 3557 2808 divina

1867 2840 2259 2908 promulgavit
2303 2856 2560 2903 censura,
2595 2841 2789 2893 dicens
2837 2857 2848 2893 :
2900 2843 3017 2895 Non
3049 2857 3277 2910 parcam
3311 2845 3396 2897 illi
3435 2860 3554 2896 vcr-

1867 2927 1945 2980 bis
1980 2929 2309 2996 potentibus,
2351 2933 2400 2981 et
2450 2929 2522 2981 ad
2571 2929 2966 2996 deprecandum
3010 2933 3336 2999 compositis.
3387 2933 3553 2986 Com—

1867 3016 2209 3084 positionem
2244 3023 2305 3069 ut
2328 3017 2448 3086 jam
2479 3018 2596 3070 dixi
2627 3019 2956 3086 verborum,
2989 3026 3043 3070 et
3074 3036 3267 3088 preces
3297 3022 3554 3074 omnium

1866 3105 1989 3172 ejus
2017 3106 2433 3169 membrorum,
2467 3106 2725 3175 quotidie
2758 3123 2860 3175 pro
2894 3123 2958 3159 eo
2991 3109 3238 3175 eleganti
3269 3108 3552 3173 facundia,

1865 3199 1921 3245 et
1951 3200 2186 3246 venusto
2215 3194 2499 3246 confectas
2530 3196 2555 3236 Ιι
2587 3197 2836 3264 eloquio,
2888 3212 2993 3247 nos
3023 3195 3190 3248 hodie
3223 3213 3323 3264 per
3357 3214 3553 3250 eorum

1863 3281 2173 3345 volumina,
2209 3287 2264 3334 et
2289 3282 2468 3334 oculis
2498 3281 2764 3351 legimus,
2799 3287 2855 3334 et
2885 3285 3224 3352 plerumque
3256 3285 3548 3338 miramus.

1863 3369 1969 3422 Sed
2019 3385 2134 3420 non
2185 3371 2436 3438 parcitur
2483 3371 2534 3422 ei
2584 3371 2754 3422 tantis
2802 3377 2857 3423 et
2906 3371 3135 3437 talibus,
3187 3373 3323 3440 quia
3369 3374 3552 3426 oratio

1863 3457 2293 3524 praevaricatum
2335 3458 2399 3510 tit
2444 3459 2500 3510 in
2544 3464 2862 3528 peccatum,
2898 3466 2955 3511 et
2981 3460 3103 3528 jugi
3138 3463 3468 3514 curvatione
3501 3467 3555 3515 et

1863 3545 2165 3613 multiplici
2202 3546 2402 3614 capitis
2433 3548 2725 3614 pressione
2762 3563 2934 3615 quam
2971 3549 3291 3601 ostensione
3329 3552 3552 3618 jactan-

1862 3633 1952 3684 tice
1991 3634 2334 3687 creberrime
2381 3641 2545 3687 terrae
2589 3635 2867 3704 deligunt,
2921 3652 3036 3688 non
3082 3637 3163 3688 eis
3209 3640 3549 3704 remedium,

1861 3721 1956 3774 sed
1992 3722 2333 3791 supplicnum
2378 3723 2622 3791 acquirit
2653 3734 2952 3776 internum.
2997 3726 3101 3776 Per
3143 3725 3294 3794 quod
3331 3729 3549 3796 perspi-

1860 3826 1962 3862 cue
2009 3811 2174 3862 datur
2223 3809 2466 3880 intelligi
2519 3811 2673 3881 quod
2725 3812 2911 3863 omnis
2960 3813 3163 3878 oratio,
3221 3815 3304 3866 vel
3353 3831 3548 3884 opera,

1860 3913 1987 3967 quae
2018 3897 2072 3949 in
2109 3897 2315 3951 Christi
2351 3898 2459 3950 tide
2493 3914 2608 3950 non
2642 3903 2872 3951 manent
2900 3898 3152 3963 fundata,
3185 3917 3359 3954 vacua
3390 3903 3548 3956 inve-

1867 3987 2099 4038 niantur
2152 3991 2410 4055 tempore
2461 3985 2681 4056 judicii,
2745 3992 2802 4040 et
2854 3988 3072 4040 nociva.
3132 3990 3263 4042 Sine
3324 3991 3549 4044 Christo

1857 4074 2011 4127 enim
2043 4076 2228 4127 omnis
2260 4075 2439 4127 virtus
2461 4076 2518 4128 in
2539 4075 2675 4129 vitio
2698 4081 2782 4129 est
2816 4093 2826 4128 :
2853 4077 3075 4130 dicente
3098 4095 3202 4147 ego
3230 4095 3243 4131 :
3276 4080 3398 4147 Ego
3429 4096 3545 4134 sum

1861 4163 1958 4215 tua:
1988 4164 2224 4216 mundi:
2260 4166 2356 4230 qui
2386 4166 2633 4231 sequitur
2678 4181 2759 4218 me
2802 4180 2908 4218 non
2953 4167 3254 4221 ambulabit
3297 4170 3353 4221 in
3403 4174 3551 4222 tene-

1858 4253 1990 4320 bris,
2040 4253 2135 4307 scd
2181 4254 2396 4308 habebit
2441 4256 2616 4307 lumen
2666 4258 2792 4308 vita:
2841 4257 3016 4324 (Joan.
3055 4273 3170 4320 vin,
3209 4258 3312 4326 t2).
3351 4259 3416 4311 Et
3444 4259 3552 4312 ite-

2099 4344 2211 4407 Ego
2256 4357 2374 4394 sum
2414 4344 2525 4409 via,
2577 4345 2801 4407 veritas,
2854 4349 2903 4396 et
2953 4334 3083 4397 vita.
3111 4346 3291 4414 (Joan.
3328 4362 3437 4413 Juv,
3473 4347 3545 4416 6).

1854 4429 2123 4499 Quisquis
2160 4446 2290 4482 vero
2322 4431 2539 4496 lumen,
2585 4432 2901 4498 veritatem,
2935 4433 3129 4497 vitam,
3167 4443 3220 4486 et
3251 4435 3398 4487 viam
3434 4451 3548 4488 non

1855 4523 2034 4583 tenet,
2068 4519 2124 4571 in
2158 4519 2406 4572 tenebris
2439 4519 2760 4578 ambulans,
2793 4524 2847 4573 et
2877 4521 3240 4574 mendacium
3276 4523 3544 4589 retinens,

1854 4622 1956 4675 per
2003 4607 2164 4660 devia
2210 4623 2426 4672 errans,
2482 4613 2725 4660 mortem
2774 4613 3048 4660 aeternam
3106 4609 3361 4662 incurrit.
3417 4611 3546 4675 Quis

1852 4695 2111 4750 reuelabit
2146 4697 2344 4760 faciem
2373 4694 2676 4747 indumenti
2713 4695 2869 4763 eius?
2898 4694 2954 4748 id
2989 4701 3071 4748 est
3108 4697 3381 4749 malitiam
3421 4697 3544 4766 ejus

1851 4781 1994 4836 facie
2033 4789 2198 4836 tenus
2230 4784 2495 4853 pietatem
2528 4784 2977 4851 prmtendentem
3027 4785 3153 4853 quis
3186 4785 3541 4840 denudabit?

1850 4874 1919 4925 Et
1950 4874 2008 4924 in
2036 4871 2209 4925 medio
2240 4873 2348 4925 oris
2381 4871 2499 4940 ejus
2529 4874 2650 4938 quis
2678 4873 2948 4925 intrabit?
2982 4873 3360 4926 Calliditatem
3400 4874 3543 4942 legis

1848 4958 2064 5030 iniquae
2108 4961 2234 5029 quis
2279 4959 2638 5029 penetrabit?
2692 4960 3128 5030 involutumque
3177 4978 3430 5016 errorem
3485 4967 3542 5016 et

1847 5062 2156 5101 numerum
2198 5048 2543 5112 litterarum,
2587 5063 2755 5117 quem
2798 5050 2854 5101 in
2906 5049 3248 5117 quibusdam
3280 5051 3540 5104 fabulose

1848 5151 1966 5188 suac
2011 5134 2155 5203 legis
2204 5135 2338 5186 locis
2377 5135 2640 5199 intexuit,
2688 5135 2816 5204 quis
2858 5137 3211 5191 discussione
3257 5139 3538 5193 acerrima

1918 5284 1940 5309 θ
1973 5276 2092 5335 Ms,
2126 5275 2234 5340 legi
2258 5289 2402 5326 meae.

1918 5343 1938 5379 τ
1970 5347 2044 5397 Ms
2077 5385 2088 5406 ,
2118 5347 2406 5410 patientes.

1918 5428 1947 5468 ς
1978 5415 2096 5473 Ms.,
2129 5430 2210 5466 ne.

1915 5487 1941 5526 1·
1974 5486 2094 5550 315.,
2123 5487 2375 5549 confecta.
