3860 6262
360 367 462 420 547

1724 360 1985 415 ALVARI
2023 362 2496 420 CORDUBENSIS
3731 377 3797 426 53S-

358 506 689 566 ventilabit?
730 507 928 560 Portas
975 505 1094 573 ejus
1140 507 1260 572 quis
1307 509 1532 574 aperiet,
1577 523 1718 577 quas
1749 510 1965 562 clausas
1993 516 2048 564 et
2084 499 2129 549 Α
2159 497 2274 566 ejus
2305 499 2580 568 lampades
2610 499 2926 567 Ρνοσθάαηίν
2960 517 3077 554 non
3111 502 3330 572 fl1'80re
3362 503 3494 558 θάεί
3526 506 3797 564 Ῑοωίηοεεε.
3834 497 3835 532 1

356 601 608 654 obtectas
633 610 854 649 veneno
883 593 1198 646 conclusit?
1223 593 1574 647 Subauditur
1610 612 1624 648 :
1659 595 1765 648 nisi
1799 614 1926 666 ego,
1951 599 2049 667 qui

355 687 551 741 electis
597 684 758 746 meis,
803 688 860 736 et
907 683 1112 751 pusillo
1159 683 1342 751 gregi,
1377 683 1493 735 imo
1528 685 1741 736 malitia
1771 687 2044 753 parvulis,

353 775 694 846 sapientiam
743 771 1042 824 doctorum
1087 771 1264 839 ipsius
1312 771 1638 836 subdolam,
1687 777 1743 824 et
1787 772 2048 827 fraudem

354 864 646 922 subtilem,
691 865 1043 928 tectumque,
1088 859 1443 927 prmstigium
1499 860 1796 929 perspicua
1847 863 2044 931 cogni-

353 953 506 1005 tione
541 950 752 1004 diaboli
781 954 1134 1015 compactam
1181 963 1418 1010 veneno,
1464 948 1604 1000 meis
1640 948 1906 1001 omnibus
1939 967 2042 1018 pa—

353 1041 472 1094 tule
527 1037 848 1091 manifesto.
907 1037 1008 1088 Per
1064 1049 1257 1102 gyrum
1317 1036 1559 1089 dentium
1615 1035 1730 1105 ejus
1785 1039 2043 1104 formido,

354 1133 540 1182 terror
582 1123 876 1196 potestatis
921 1123 1279 1176 evidentibus
1327 1123 1503 1192 signis
1547 1125 1810 1187 edicitur,
1847 1127 1946 1196 qui
1987 1127 2045 1180 in

356 1216 478 1286 ejus
536 1213 913 1268 muniendum
973 1210 1357 1277 mendacium,
1411 1217 1466 1264 et
1526 1213 1640 1265 oris
1698 1213 2047 1268 fallacissimi

357 1304 591 1357 verbum
639 1316 832 1354 severa
875 1299 1016 1368 legis
1055 1299 1270 1352 ultione
1311 1301 1623 1369 consurgit.
1658 1302 1861 1369 Corpus
1895 1303 2044 1356 illius

353 1396 506 1444 scuta
536 1390 750 1456 fusitia.
788 1387 954 1440 Scuta
979 1386 1172 1438 fusilia
1201 1387 1446 1439 telorum
1478 1392 1608 1440 sunt
1638 1389 1843 1441 ictibus
1874 1405 2044 1459 repu-

353 1479 605 1549 gnantia,
641 1477 736 1530 sed
782 1479 1017 1528 manent
1047 1489 1181 1526 casu
1212 1474 1456 1542 fragilia.
1495 1475 1572 1527 Ita
1607 1480 1662 1527 et
1711 1475 2043 1544 praedicato-

353 1583 440 1618 res
469 1563 874 1618 crudelissima:
903 1561 1098 1614 bestia:
1131 1577 1233 1630 per
1266 1561 1713 1614 obstinationem
1763 1565 2043 1615 mentium

351 1655 620 1714 existunt,
667 1668 797 1703 vera
833 1649 1274 1720 praedicantibus
1311 1649 1460 1712 duri,
1503 1659 1559 1700 et
1594 1665 1694 1718 per
1737 1666 2042 1702 conversa-

348 1743 565 1796 tionem
610 1755 851 1810 operum
897 1737 1102 1790 mereri
1135 1746 1157 1768 ³
1199 1743 1254 1789 et
1303 1737 1517 1800 caduci,
1564 1737 1661 1806 qui
1693 1744 1747 1790 et
1783 1739 2040 1790 Ecclesiae.

349 1829 746 1883 contradicunt
777 1825 960 1878 inﬂati
993 1830 1161 1877 vento
1193 1823 1494 1893 superbiae,
1545 1832 1598 1876 et
1650 1825 1805 1894 lapsu
1855 1827 2040 1878 carnis

349 1936 407 1972 se
451 1916 684 1988 propria
737 1912 1086 1966 interﬁciunt
1129 1913 1440 1965 voluntate.
1491 1914 1834 1980 Campactum
1871 1929 2034 1982 squa-

346 2010 449 2061 mis
481 2022 534 2060 se
562 2003 927 2074 prementibus
959 2020 975 2054 :
1008 2017 1214 2070 corpus
1255 2001 1514 2054 draconis
1559 2003 1761 2054 scamis
1809 2018 2036 2072 compa-

346 2101 497 2148 ctum
526 2099 630 2157 est,
669 2109 736 2144 ne
777 2090 977 2159 jaeulis
1009 2094 1199 2158 pateat
1228 2089 1661 2157 praedicautum,
1692 2090 1790 2160 qui
1821 2107 2037 2143 scamas

346 2182 605 2235 Ecclesia:
638 2179 852 2248 objicit,
887 2194 958 2230 ne
996 2177 1248 2228 veritatis
1279 2178 1484 2245 sagitta
1513 2178 1692 2244 possit
1721 2179 1982 2247 transﬁgi
2021 2195 2032 2231 :

343 2270 440 2324 sed
472 2287 528 2322 se
572 2267 784 2339 premit
823 2283 934 2318 non
967 2266 1128 2332 alios,
1175 2265 1311 2317 dum
1343 2270 1506 2333 putat
1537 2283 1594 2318 se
1644 2267 2033 2320 defensionem

342 2359 552 2429 clypeis
579 2361 604 2400 ι)
632 2355 768 2424 tegi.
811 2357 927 2409 Una
962 2357 1057 2407 uni
1098 2354 1466 2421 conjungitur,
1522 2360 1571 2406 et
1617 2370 1682 2406 ne
1725 2358 2033 2423 respiracu-

343 2449 452 2501 tum
495 2446 712 2515 quidem
755 2443 1000 2512 procedit
1039 2457 1139 2510 per
1185 2457 1293 2496 eas.
1349 2442 1574 2495 Scilicet
1620 2444 2036 2511 respiraculum

340 2535 471 2588 vitae
506 2551 518 2587 :
555 2533 847 2587 obduratae
889 2530 1041 2583 enim
1074 2537 1207 2582 sunt
1239 2537 1295 2583 et
1326 2531 1645 2600 conjunctae
1683 2532 2036 2585 obstinanter

342 2623 413 2677 ad
456 2623 692 2687 malum,
744 2619 890 2672 nulli
937 2618 1240 2672 reddentes
1288 2618 1422 2671 boni
1472 2619 1666 2671 odoris
1715 2619 1951 2672 olfatum
1989 2629 2028 2673 °.

288 2691 293 2700 ’
347 2714 464 2767 Una
495 2712 658 2764 alteri
685 2707 1054 2773 adhaerebunt,
1089 2711 1138 2759 et
1177 2711 1406 2759 tenentes
1457 2722 1512 2760 se
1558 2723 1903 2776 nequaquam
1946 2723 2030 2761 se-

334 2800 702 2869 parabuntur.
738 2796 890 2849 Forti
921 2795 1131 2866 quippe
1163 2795 1582 2864 conjunctione,
1615 2801 1670 2848 et
1697 2797 1882 2848 tenaci
1909 2798 2032 2866 glu-

337 2888 460 2941 tino
502 2885 818 2958 iniquitatis
863 2884 1128 2947 connexi,
1181 2883 1484 2937 uuauimes
1533 2893 1588 2938 et
1646 2885 1854 2954 aequali
1899 2891 2032 2939 sunt

340 2977 556 3046 majore
599 2975 736 3028 vitio
788 2975 816 3015 ἀ
869 2972 1157 3043 glutinati.
1212 2972 1548 3026 Sternutatio
1603 2973 1720 3039 ejus
1779 2973 2034 3040 splendor

340 3067 505 3130 ignis.
539 3063 685 3127 Quid
717 3078 821 3131 per
851 3059 1312 3113 sturnitationctn
1345 3072 1383 3125 ο,
1429 3060 1537 3112 nisi
1577 3060 1798 3113 inﬂatio
1831 3078 2029 3131 corpo-

340 3153 437 3218 ris,
498 3156 553 3204 et
604 3149 910 3203 commotio
970 3147 1170 3217 capitis
1219 3147 1588 3216 designatur?
1633 3154 1690 3202 et
1739 3149 1875 3218 quid
1927 3167 2029 3219 per

340 3239 786 3293 commotionem
831 3235 1050 3305 capitis,
1096 3240 1154 3287 et
1201 3234 1557 3288 inﬂationem
1605 3236 1866 3305 pectoris,
1917 3238 2028 3290 nisi

339 3320 637 3397 superbia:
678 3326 858 3390 furor,
913 3323 997 3375 ira
1054 3327 1110 3375 et
1152 3322 1471 3375 constantia
1528 3324 1774 3376 mentis?
1819 3325 2027 3392 Splen—

337 3416 441 3470 dor
485 3415 634 3469 dicta
677 3419 759 3466 est
807 3413 889 3464 vis
938 3411 1034 3464 illa
1073 3411 1302 3475 furoris,
1335 3427 1400 3462 eo
1431 3411 1580 3480 quod
1615 3413 1777 3481 quasi
1807 3413 2026 3466 ultione

333 3502 478 3574 legis
509 3503 696 3557 rabies
740 3517 944 3554 vesana
993 3500 1054 3552 in
1103 3499 1308 3553 Christi
1354 3500 1598 3552 cultores
1643 3500 1891 3566 desaevit,
1924 3502 2027 3554 lin-

333 3610 476 3661 gens
517 3609 574 3645 se
615 3591 978 3662 splendorem
1031 3588 1172 3658 legis
1212 3587 1442 3652 habere,
1478 3605 1606 3658 qua:
1645 3605 1760 3642 non
1791 3589 2024 3642 luminis

330 3683 596 3748 faculam,
630 3681 725 3734 sed
759 3679 1132 3749 nigerrimam
1179 3677 1418 3730 ustionis
1458 3678 1666 3730 retinet
1704 3678 2016 3730 ﬂammam.

329 3772 432 3826 Sed
478 3781 535 3823 ut
576 3770 691 3823 dixi
738 3769 982 3822 colorem
1032 3765 1291 3818 veritatis
1329 3766 1596 3834 induens,
1639 3766 1920 3834 justitiam
1964 3767 2022 3818 iu

327 3860 503 3914 oculis
557 3858 906 3912 intuentium
953 3855 1254 3908 defendere
1303 3854 1470 3924 tingit
1521 3871 1534 3907 :
1597 3854 1695 3907 sed
1754 3871 1882 3908 vere
1931 3871 2021 3923 go-

326 3945 533 3999 henna:
564 3946 899 3998 tenebrosus
931 3949 1016 3996 est
1045 3942 1215 4012 ignis,
1243 3943 1378 4011 quia
1401 3959 1518 3994 non
1541 3941 1850 3995 inluminat
1871 3959 2020 3996 crea-

325 4039 529 4097 turam,
575 4033 669 4086 sed
721 4033 855 4086 urit.
911 4032 1065 4085 Oculi
1113 4032 1230 4097 ejus
1279 4035 1338 4082 ut
1385 4031 1658 4097 palpebra:
1702 4029 1720 4062 ‘
1765 4031 2017 4084 diluculi.

327 4122 432 4174 Per
460 4120 652 4173 oculos
674 4119 968 4172 haurimus
991 4120 1213 4183 lumen;
1245 4123 1300 4169 et
1333 4117 1468 4187 quid
1502 4117 1813 4171 Bchemoth
1844 4118 2017 4186 oculi,

326 4209 438 4262 nisi
474 4214 572 4260 aut
599 4212 885 4277 praecepta
919 4206 1060 4275 ejus,
1094 4222 1198 4274 per
1237 4221 1364 4274 qua:
1398 4221 1455 4257 se
1485 4205 1681 4257 lumen
1714 4189 2018 4260 infundere

326 4296 493 4362 fallit,
541 4301 639 4348 aut
681 4295 984 4364 sapientes,
1019 4309 1122 4361 per
1151 4309 1295 4362 quos
1325 4293 1574 4344 versutia
1607 4293 1814 4346 latinus
1857 4299 2020 4348 tensa

327 4384 632 4439 discurrit?
661 4383 958 4452 Spondent
996 4399 1053 4434 se
1088 4380 1350 4432 tenebras
1384 4380 1681 4448 repellere,
1723 4387 1779 4434 et
1810 4383 2014 4436 verita-

324 4474 397 4527 tis
428 4474 625 4526 lumen
656 4471 836 4541 signis
879 4467 1224 4523 clarentibus
1267 4469 1549 4532 nuntiare,
1593 4468 1765 4522 tidem
1808 4469 2015 4524 Christi

322 4563 587 4616 tenebras
617 4564 954 4622 asserentes,
1001 4562 1056 4609 et
1100 4573 1156 4608 se
1199 4572 1395 4608 verum
1433 4572 1599 4608 mane
1631 4558 2012 4625 credentibus,

325 4651 666 4723 quibusdam
715 4645 1088 4718 prmstigios'is
1139 4643 1362 4696 indiciis
1406 4643 1726 4712 designare.
1775 4645 2017 4699 Possunt

325 4747 381 4794 et
412 4742 574 4810 quasi
607 4737 899 4808 palpebras
933 4733 1165 4787 diluculi
1210 4732 1337 4784 ideo
1384 4732 1599 4785 dictum
1646 4732 1910 4802 intelligi,
1947 4750 2013 4787 eo

325 4830 480 4899 quod
517 4827 823 4881 simulante
854 4823 1108 4893 priorem
1149 4821 1333 4889 legem
1365 4826 1636 4888 veterem,
1682 4821 1842 4890 quasi
1885 4821 2016 4891 qui-

323 4915 563 4969 busdam
596 4912 937 4966 indiciorum
983 4907 1245 4975 decretis,
1280 4908 1366 4960 vel
1401 4913 1821 4977 praeceptorum
1862 4907 2012 4978 rigo-

322 5004 502 5069 ribus,
535 5003 596 5056 in
629 5002 818 5071 aliqua
859 4998 1054 5053 tenuia
1094 4997 1319 5049 imitare
1365 4995 1592 5049 conavit
1620 5007 1659 5048 ι.
1691 4996 1802 5050 Sed
1830 4996 1895 5048 de
1925 5011 2014 5050 ore

389 5159 413 5187 ι
442 5147 500 5200 F.
531 5147 734 5198 miseri.

388 5219 415 5260 ι)
445 5219 562 5276 Ms.,
593 5218 855 5282 ctippeus.

389 5295 409 5320 ⁶
457 5286 548 5340 Sic
597 5278 817 5354 vulgari
865 5283 1082 5350 lingua,
1134 5298 1159 5335 c
1209 5295 1532 5352 suppressa,
1587 5278 1818 5349 Hispani
1866 5278 2011 5332 olfa-

321 5361 472 5426 ctum
507 5356 850 5426 proferimus
879 5355 1068 5418 otfato.

391 5425 417 5460 ἀ
450 5423 788 5494 [α’Ῐᾶερααιίε,
824 5429 949 5478 sunt
978 5423 1179 5492 majori
1207 5424 1339 5475 vitio
1369 5423 1649 5494 glutinati.

389 5511 410 5534 ο
440 5500 578 5552 Cum
611 5505 726 5550 tam
761 5511 940 5565 prope
971 5495 1294 5565 sternutatio
1337 5493 1637 5565 praecedat,
1683 5505 1797 5542 non
1842 5493 2008 5559 pote-

317 5567 394 5620 ris
418 5583 537 5622 non
569 5562 1218 5620 mirari—transcribentis
1249 5562 1666 5615 oscitationem.

390 5636 406 5671 τ
436 5640 556 5706 Ms,
580 5637 871 5706 palfebrz.

2156 587 2249 639 sed
2281 587 2595 655 nigredinis
2623 589 2779 640 fumo
2814 588 3135 642 videntibus
3166 591 3451 660 caligosie.
3489 594 3625 646 Nam
3659 600 3796 664 sequi.

2156 681 2250 728 tur
2282 692 2293 728 :
2342 677 2491 729 Sicut
2535 678 2684 730 tedae
2716 679 2861 744 ignis
2903 693 3154 732 accensae.
3187 681 3353 733 Taeda
3394 698 3526 734 cum
3557 686 3799 736 δυεεεῠὰξ-

2154 769 2265 829 tur,
2299 765 2492 833 ignem
2534 765 2675 833 gerit
2712 767 3041 831 obscurum,
3079 773 3137 820 et
3178 769 3384 837 globus
3429 769 3665 823 nubium
3709 774 3798 824 lun-

2155 852 2294 904 dens
2331 869 2432 922 per
2461 853 2654 905 inania
2684 855 2946 920 tendens,
2979 856 3156 908 mittit
3185 857 3253 910 ad
3289 859 3518 911 caelum.
3555 858 3646 911 Sic
3675 867 3721 911 et
3747 865 3799 912 te:

2156 941 2344 1008 hujus,
2381 957 2494 993 non
2531 942 2770 1007 domini,
2815 943 3076 996 vindicta:
3115 945 3236 1012 igni
3281 947 3650 1000 succenditur
3689 965 3699 998 :
3737 951 3800 999 μελά

2153 1031 2535 1084 simulationis
2563 1033 2874 1086 calliditate
2902 1035 3024 1087 loco
3055 1036 3376 1104 splendoris
3407 1038 3707 1105 caliginem
3735 1056 3800 1108 ge-

2153 1117 2228 1171 rit
2257 1119 2484 1172 erroris.

2223 1209 2309 1260 30.
2375 1211 2445 1261 De
2495 1209 2722 1262 naribus
2777 1212 2894 1277 ejus
2948 1211 3194 1278 procedit
3250 1215 3459 1278 fumus.
3518 1215 3626 1267 Per
3678 1230 3800 1266 nare:

2153 1311 2402 1364 namque
2447 1296 2592 1348 odor
2638 1297 2918 1363 trahitur;
2961 1303 3016 1350 et
3063 1299 3202 1369 quid
3242 1317 3344 1369 per
3383 1317 3554 1355 nares
3587 1303 3690 1354 nisi
3715 1306 3803 1371 ejus

2153 1383 2409 1436 odoritici
2458 1384 2790 1438 indicantur
2824 1401 2838 1438 :
2886 1385 2937 1438 id
2985 1391 3087 1452 est,
3125 1387 3430 1457 sapientes,
3467 1396 3524 1442 et
3555 1392 3707 1450 clari,
3735 1395 3804 1461 qui

2153 1487 2264 1524 non
2314 1471 2551 1524 olfatum
2597 1478 2947 1538 nectareum,
3000 1475 3412 1546 ambreumque
3460 1479 3486 1518 δ
3533 1478 3805 1547 thymiama

2151 1560 2542 1626 odorantibus,
2594 1561 2689 1614 sed
2741 1568 3005 1630 putorem
3063 1565 3402 1618 cadaverum
3462 1566 3724 1635 proferet,
3767 1584 3803 1617 se

2151 1666 2378 1718 semper
2425 1651 2840 1704 suflicientibus
2878 1652 2910 1704 ί.
2963 1652 3028 1704 Et
3069 1653 3274 1705 merito
3306 1655 3447 1706 fumi
3483 1657 3710 1708 nomine
3737 1658 3805 1707 de-

2153 1739 2428 1806 signatur,
2482 1745 2544 1790 ut
2594 1739 2958 1807 liypocriseos
3017 1743 3254 1794 materia
3306 1742 3515 1811 aptiori
3573 1744 3805 1795 vocabulo

2081 1797 2120 1849 Β
2150 1797 2492 1880 ἀξιιιιαυών.
2526 1797 2744 1880 Halitus
2774 1829 2893 1895 ejus
2918 1845 3128 1896 prunas
3172 1797 3364 1883 ardere
3403 1834 3547 1895 facit
3577 1850 3595 1884 :
3640 1833 3805 1884 halitus

2149 1915 2363 1985 quippe
2396 1916 2808 1984 respiraculum
2844 1918 2972 1970 vita:
3017 1924 3119 1982 est,
3168 1925 3219 1972 et
3271 1920 3382 1971 vita
3418 1920 3717 1973 hominum
3747 1923 3804 1973 le:

2149 2003 2250 2056 Dei
2299 2009 2402 2069 est,
2453 2020 2581 2073 quae
2630 2021 2817 2057 mores
2865 2006 3167 2059 hominum
3223 2008 3477 2078 corrigit,
3527 2015 3586 2062 et
3635 2016 3806 2061 statum

2145 2091 2413 2144 humana:
2444 2093 2642 2144 salutis
2678 2097 2868 2162 optata
2914 2095 3164 2163 dirigens
3209 2111 3344 2164 pace
3375 2098 3688 2165 componit.
3728 2097 3805 2148 Sed

2145 2179 2314 2248 hujus
2349 2180 2583 2248 legifera
2615 2181 2828 2233 sanctio
2861 2198 3071 2249 prunas
3109 2184 3301 2236 ardere
3331 2186 3492 2250 facit,
3541 2186 3678 2254 quia
3715 2202 3805 2236 car-

2145 2269 2259 2321 nali
2301 2268 2606 2333 desiderio,
2643 2276 2699 2322 et
2748 2285 2943 2322 amore
2991 2271 3224 2336 caduco,
3279 2273 3530 2325 cultores
3580 2275 3808 2343 proprios

2143 2357 2347 2425 replet,
2398 2363 2455 2409 et
2498 2357 2624 2426 jugi
2675 2358 3008 2424 ambitione,
3060 2365 3125 2412 ut
3181 2360 3438 2425 ardeant,
3491 2362 3807 2431 quibusdam

2145 2445 2417 2514 exemplis
2464 2451 2520 2498 et
2565 2447 2776 2515 regulis
2824 2446 3006 2500 docet.
3061 2449 3248 2501 Potest
3286 2455 3342 2502 et
3382 2450 3596 2502 halitus
3639 2467 3806 2503 eorum

2143 2534 2351 2586 ardens
2397 2533 2621 2602 gladius
2665 2535 2716 2599 5,
2769 2551 2941 2603 quem
2989 2535 3288 2604 fulgurans
3338 2537 3591 2604 minitat,
3637 2539 3806 2606 accipi,

2143 2636 2314 2690 quem
2348 2620 2563 2673 mundo
2589 2637 2727 2689 pace
2759 2626 2816 2674 et
2839 2622 3118 2690 patientia
3146 2625 3463 2692 composito
3501 2626 3747 2690 Domini,
3769 2639 3808 2676 ut

2143 2725 2270 2761 vere
2325 2709 2704 2762 Antichristus
2758 2710 3046 2762 contrario
3105 2711 3507 2780 Redemptoris
3570 2714 3808 2766 incedens

2141 2798 2302 2862 calle,
2341 2797 2647 2850 universali
2679 2797 3046 2851 exsecutione
3077 2803 3213 2864 toto,
3247 2807 3312 2852 ut
3339 2801 3612 2864 diximus,
3647 2802 3810 2871 injecit

2142 2886 2572 2938 crudelissimus
2623 2885 2780 2938 orbe.
2829 2885 2987 2949 Quod
3038 2888 3289 2956 apertius
3336 2891 3667 2957 prosecutio
3712 2891 3809 2959 ipsa

2141 2972 2386 3040 explicat
2424 2972 2556 3025 libri
2600 2972 2793 3025 dicens
2836 2988 2849 3024 :
2890 2973 2968 3025 Et
3005 2975 3226 3040 ﬂamma
3255 2974 3321 3027 de
3350 2991 3439 3028 ore
3470 2978 3594 3043 ejus
3626 2978 3806 3044 egredi~

2070 3090 2109 3144 ρ
2142 3067 2230 3114 tur
2263 3078 2277 3112 :
2315 3076 2438 3129 qum
2468 3060 2828 3115 Christicolas
2856 3067 2911 3113 et.
2935 3063 3344 3131 omnipotentis
3379 3065 3610 3117 Domini
3645 3083 3805 3118 setvos

2137 3155 2398 3217 satagens
2436 3149 2676 3200 adurere
2720 3149 3033 3202 carnalium
3077 3150 3248 3203 corda
3287 3151 3550 3217 libidine,
3593 3169 3805 3206 comm;-

2137 3233 2435 3304 stioneque
2469 3237 2778 3290 multarum
2807 3237 3030 3290 faucium
3065 3237 3192 3291 facit
3224 3239 3442 3292 ardere.
3479 3242 3543 3293 In
3575 3242 3684 3294 loco
3713 3258 3805 3308 ejus

2135 3323 2438 3375 morabitur
2464 3325 2732 3387 fortitudo
2764 3342 2780 3376 :
2810 3332 3060 3393 potestas
3093 3333 3147 3379 et
3176 3327 3339 3395 vigor
3370 3330 3602 3397 regalis,
3635 3336 3690 3382 et
3717 3331 3806 3381 late

2134 3410 2456 3463 discurrens
2510 3412 2825 3481 principale
2883 3413 3195 3479 decretum,
3252 3418 3592 3470 auctoritate
3649 3419 3804 3486 impe-

2132 3499 2345 3552 ratoria
2403 3500 2546 3552 forte
2594 3496 2639 3551 ι.
2699 3501 2808 3554 Sed
2861 3503 3055 3566 faciem
3115 3504 3232 3570 ejus
3281 3505 3548 3572 praecedet
3602 3514 3805 3571 egestus.

2135 3587 2362 3655 Egestas
2395 3603 2522 3640 vere
2562 3587 2779 3658 aliquid
2825 3590 3220 3658 promittendi,
3269 3591 3355 3644 vel
3401 3598 3558 3646 certe
3609 3602 3805 3664 egestas

2129 3690 2278 3728 verm
2325 3675 2622 3741 doctrinae,
2658 3693 2786 3746 quae
2818 3695 2846 3729 a
2895 3677 2986 3730 die
3027 3679 3365 3748 egressionis
3394 3680 3600 3733 bestiae
3646 3683 3807 3735 immi-

2131 3769 2268 3816 nuta
2299 3768 2402 3828 est,
2436 3769 2492 3817 et
2525 3764 2838 3831 confracta;
2869 3781 2970 3818 seu
3001 3765 3277 3820 virtutum
3319 3773 3375 3820 et
3410 3767 3806 3823 miraculorum

2131 3851 2292 3920 signa
2326 3853 2360 3916 ι,
2395 3868 2524 3921 quae
2559 3852 2867 3917 moderate,
2902 3869 3003 3906 nec
3034 3859 3095 3906 ut
3121 3853 3180 3906 in
3212 3854 3494 3924 principio
3519 3858 3808 3926 multiplici

2130 3942 2289 4005 ﬂore,
2337 3947 2650 3993 coruscant.
2697 3943 2935 3995 Membra
2983 3947 3232 3996 carnium
3278 3959 3394 4012 ejus
3444 3945 3810 3999 cohaerentium

2127 4027 2284 4080 sibi:
2320 4027 2518 4079 eadem
2549 4027 2748 4080 crebro
2788 4027 3016 4080 divinus
3059 4028 3268 4097 repetit
3316 4044 3520 4080 sermo.
3580 4031 3649 4082 Et
3691 4031 3812 4082 sicut

2127 4115 2302 4168 fortes
2342 4114 2600 4183 ipsorum
2643 4116 2992 4169 cohaerentes
3031 4133 3134 4186 per
3163 4133 3226 4169 os
3255 4132 3423 4169 suum
3458 4118 3700 4170 nomine
3731 4120 3810 4170 de-

2128 4201 2401 4271 signavit;
2431 4205 2510 4254 ita
2538 4202 2738 4255 molles
2777 4206 2833 4256 et
2875 4202 3090 4256 debiles
3121 4220 3222 4273 per
3260 4203 3519 4256 carnium
3564 4205 3811 4258 membra

2127 4290 2398 4344 distinxit.
2446 4291 2516 4344 Ut
2555 4307 2782 4343 omnem
2829 4291 3180 4360 perditorum
3214 4309 3458 4346 massam
3492 4300 3549 4346 et
3589 4295 3688 4347 hic
3718 4293 3811 4345 ini-

2061 4387 2102 4440 D
2132 4379 2368 4448 quitatis
2403 4378 2560 4432 unite
2591 4395 2752 4432 caeno
2785 4378 3042 4433 firmaret
3072 4386 3381 4445 ostensam,
3423 4387 3479 4434 et
3518 4381 3580 4434 in
3631 4383 3811 4434 futuro

2123 4483 2156 4519 a
2196 4468 2381 4536 pcenis
2413 4467 2570 4520 nullo
2616 4468 2785 4521 modo
2827 4467 3054 4521 doceret
3094 4469 3353 4522 divisam.
3404 4469 3630 4538 Ubique
3672 4471 3808 4522 enim

2125 4555 2233 4607 sibi
2263 4554 2564 4620 haerentes,
2597 4563 2650 4608 et
2681 4571 2796 4607 non
2829 4555 3097 4624 disjuucti
3140 4556 3475 4622 consistunt,
3511 4557 3653 4626 quia
3679 4565 3734 4610 et
3762 4559 3810 4608 in

2124 4645 2329 4696 steculo
2360 4659 2462 4712 per
2490 4643 2844 4696 voluntatem
2889 4659 3122 4713 pravam
3168 4649 3303 4697 sunt
3351 4644 3458 4698 sibi
3504 4646 3808 4714 conjuncti,

2125 4737 2180 4784 et
2208 4731 2266 4784 in
2300 4731 2666 4784 damnatione
2696 4731 2891 4784 futura
2917 4733 3416 4801 perjustissimam
3442 4734 3580 4801 justi
3608 4734 3809 4788 Judicis

2125 4820 2455 4890 aequitatem
2486 4819 2557 4872 ab
2587 4818 2829 4872 invicem
2859 4835 2972 4873 non
3016 4820 3202 4873 divisi.
3248 4822 3419 4874 Mittit
3469 4829 3661 4875 contra
3704 4838 3810 4874 eum

2120 4909 2374 4974 fulmina,
2406 4912 2455 4959 et
2487 4907 2561 4958 ad
2593 4908 2764 4960 locum
2793 4908 2962 4960 alium
3004 4922 3110 4960 non
3151 4911 3427 4973 feruntur.
3475 4909 3617 4971 Quia
3659 4927 3808 4963 com-

2122 4994 2468 5047 minationes
2497 4994 2706 5047 divinae
2731 4993 2869 5047 dum
2895 5009 3048 5059 eum,
3084 5011 3520 5066 memoremque
3550 4999 3697 5067 ejus,
3730 5015 3810 5067 ap-

2190 5147 2210 5182 ι
2244 5135 2359 5198 Hic,
2393 5134 2490 5188 ubi
2523 5135 2592 5188 de
2625 5152 2683 5188 re
2716 5134 2833 5204 agit
2863 5135 3173 5203 praeterita,
3223 5151 3326 5206 per
3375 5136 3404 5188 ὁ
3460 5137 3689 5207 scripsit
3730 5154 3807 5190 co-

2119 5207 2304 5269 nabit;
2339 5209 2596 5274 tempora
2627 5212 2817 5258 autem
2861 5208 3053 5258 futura
3086 5222 3184 5275 per
3213 5223 3242 5258 v
3275 5208 3609 5276 frequenter
3642 5216 3805 5261 notat.

2191 5279 2228 5349 hg
2249 5276 2332 5329 Ab
2358 5276 2614 5349 ambaro,
2651 5292 2747 5328 seu
2782 5277 3004 5344 ambro,
3030 5276 3185 5346 quod
3207 5277 3436 5343 Graecis,
3469 5285 3526 5332 et
3559 5279 3810 5349 Hispanis

2119 5347 2311 5400 ambar
2343 5347 2566 5399 dicitur.

2191 5417 2202 5450 ί
2240 5419 2294 5470 L.
2331 5416 2679 5482 sufﬁentibus,
2713 5432 2745 5468 a
2775 5416 2966 5482 suftio,
2996 5415 3294 5487 Hispanice
3325 5419 3615 5472 sahumar.

2184 5489 2196 5530 1
2237 5487 2358 5553 Ms.,
2391 5487 2666 5539 ardentem
2691 5487 2956 5554 gladium.

2187 5555 2210 5591 ¹ι
2238 5558 2356 5617 Ms.,
2388 5558 2712 5624 principalis
2742 5557 3051 5611 decretus...
3084 5560 3265 5624 fortis.

2190 5629 2201 5660 ¹
2241 5627 2361 5691 Ms,
2391 5629 2592 5692 signia.
