3860 6262
34 371 110 423 iw
1353 355 1725 413 INDICULUS
1765 356 2173 414 LUMINOSUS.

3403 368 3506 419 550

34 496 450 561 )rehenderint;
492 495 564 548 ad
605 493 846 547 aliorum
881 491 1163 562 supplicia
1195 506 1309 544 non
1342 490 1687 555 transibunt,
1732 495 1776 545 Α
1804 491 2051 555 fundum
2082 509 2231 545 mare
2262 495 2426 561 quasi
2467 496 2628 549 ollam
2670 498 2921 562 fervescit
2959 497 3007 563 f;
3054 498 3189 552 dum
3224 501 3502 555 mundum

34 588 141 655 {nia
172 586 326 655 quod
362 585 421 637 in
454 586 536 636 eis
569 589 696 636 urat
726 582 1083 635 abundanter
1111 580 1419 633 habebunt.
1460 582 1560 634 Cor
1588 581 1702 647 ejus

34 675 363 727 'ndurabitur
412 676 573 741 quasi
622 674 785 740 lapis,
834 688 900 723 eo
946 670 1097 739 quod
1150 669 1361 733 nullus,
1410 674 1509 720 aut
1553 673 1703 720 certe

34 763 186 823 narvi,
226 765 296 814 ad
344 760 599 813 veritatis
630 761 804 812 ﬁdem
836 774 900 811 ex
946 757 1203 809 membro
1230 757 1348 823 ejus
1392 761 1699 808 revertent.

33 824 406 909 Etstringetur
452 846 613 911 quasi
649 842 979 894 malleatoris
1011 842 1181 892 incus.
1241 840 1526 891 Funiculis
1575 855 1706 908 pec-

34 941 267 985 :atoruni
306 930 644 985 constrincti
689 930 853 999 quasi
886 928 1231 981 malleatoris
1263 933 1433 980 erunt
1473 927 1706 979 incudes

34 1023 288 1075 indurati.
326 1023 496 1074 lucus
532 1018 881 1072 malleatoris
934 1017 1143 1070 idcirco
1176 1016 1602 1084 constringitur,
1646 1020 1703 1066 ut

34 1112 253 1164 issiduis
286 1110 494 1162 ictibus
541 1108 798 1161 feriatur.
842 1107 903 1158 Et
949 1106 1009 1157 hi
1040 1105 1167 1157 ideo
1200 1105 1497 1173 pertinaci,
1545 1104 1705 1171 juxta

33 1200 216 1252 merita
278 1196 681 1268 praecedentia,
738 1206 760 1230 ³
808 1193 1048 1264 perfidia
1101 1192 1592 1260 constringuntur.
1648 1196 1709 1241 ut

34 1288 286 1340 :ontinua
334 1285 699 1355 percussione
746 1283 803 1335 in
854 1281 1156 1334 infernalia
1205 1281 1325 1333 loca
1372 1280 1703 1333 tendantur.

34 1378 142 1431 Cum
201 1377 451 1428 sublatus
527 1376 717 1439 fuerit,
778 1371 1038 1425 timebunt
1094 1370 1290 1435 angeli,
1340 1374 1390 1421 et
1463 1370 1711 1421 exterriti

33 1465 419 1533 purgabantur.
458 1461 862 1515 l’rzedicatores
895 1458 1147 1513 Ecclesia:
1183 1475 1215 1509 a
1261 1457 1479 1511 Christo
1531 1456 1706 1519 missi,

34 1554 114 1622 qui
152 1552 389 1604 terroris
432 1550 588 1602 illius
622 1549 836 1601 visione
869 1566 900 1600 a
929 1547 1236 1600 levioribus
1268 1544 1513 1614 peccatis
1543 1558 1711 1596 mun-

34 1640 222 1694 dantur
266 1640 328 1691 in
377 1639 506 1691 line.
553 1638 684 1692 Cum
722 1635 1141 1704 apprehenderit
1189 1637 1212 1674 ὃ
1243 1633 1481 1699 gladius,
1535 1632 1709 1684 subsi-

34 1734 149 1781 stere
188 1744 297 1780 non
352 1728 549 1794 poterit
594 1741 763 1794 neque
797 1726 975 1790 hasta,
1027 1738 1196 1790 neque
1246 1724 1461 1774 thorax.
1514 1720 1711 1773 Gladio

34 1816 491 1887 apprehenditur,
568 1816 705 1883 quia
774 1813 874 1866 iraa
951 1829 1068 1864 suae
1124 1827 1235 1864 non
1299 1808 1711 1875 dominabitur,

34 1922 201 1974 neque
248 1905 436 1970 hasta,
479 1919 667 1973 neque
696 1902 895 1954 thorax
942 1901 991 1953 ei
1027 1898 1300 1965 subsistit,
1334 1898 1469 1968 quia
1503 1897 1715 1966 praedi-

35 2000 208 2044 cantes
263 1990 378 2044 sibi
450 2006 582 2041 vera
653 1989 876 2041 necavit
930 1987 1254 2052 crudeliter,
1317 1993 1373 2038 et
1434 1986 1718 2055 patientes

37 2080 427 2133 condemnavit
472 2078 773 2130 instanter.
812 2077 937 2130 Sive
984 2076 1143 2129 hasta
1184 2081 1239 2128 et
1267 2074 1466 2126 thorax
1519 2090 1633 2125 non
1667 2073 1718 2124 ei

38 2170 85 2220 in
114 2176 369 2237 tempore
418 2167 557 2220 belli
591 2165 918 2228 subsistent,
957 2165 1093 2218 dum
1125 2169 1178 2216 et
1218 2162 1490 2231 praesules
1529 2161 1717 2214 oflicio

41 2256 446 2325 praedicationis
482 2256 781 2325 pollentes,
829 2259 1015 2306 metus
1055 2255 1230 2305 terret
1278 2249 1622 2315 formidinis,
1665 2253 1721 2301 et

42 2344 280 2397 Ecclesiae
314 2350 529 2397 sanctae
578 2342 795 2396 robusti
826 2342 1192 2395 consentiunt
1242 2337 1523 2392 labefacti.
1556 2338 1719 2401 Quod

41 2434 383 2487 manifestius
426 2432 724 2502 sequentia
755 2431 1053 2499 explicant.
1104 2429 1424 2497 Reputabit,
1472 2426 1568 2493 ait,
1606 2429 1718 2492 fer-

40 2539 144 2575 rum
203 2521 562 2575 fortitudinis
632 2519 915 2587 Ecclesiae,
981 2523 1032 2572 et
1094 2532 1185 2585 aes,
1248 2516 1401 2585 jugis
1462 2524 1481 2549 ⁶
1548 2514 1723 2567 ofticii

41 2627 129 2681 per
171 2611 376 2664 mundi
431 2610 686 2663 carmina
732 2608 759 2643 ιι
806 2607 1137 2672 tinnientes,
1183 2612 1243 2659 ut
1282 2607 1492 2674 paleas,
1539 2608 1589 2657 et
1624 2620 1723 2672 pu-

45 2701 229 2752 tridum
260 2702 497 2767 lignum,
545 2700 682 2752 dum
725 2697 902 2751 fortes
931 2696 1086 2760 terit,
1124 2701 1180 2747 et
1209 2709 1471 2762 proceres
1504 2692 1723 2745 inlusos

44 2788 236 2840 inridit.
294 2790 417 2842 Non
446 2787 667 2853 fugabit
715 2800 831 2838 eum
861 2787 948 2838 vir
986 2785 1334 2849 sagittarius,
1380 2780 1722 2833 ecclesiasti-

46 2892 127 2927 cus
156 2875 357 2944 utique
399 2874 769 2944 praedicator;
803 2873 954 2943 quod
988 2872 1168 2924 multo
1203 2869 1564 2923 luminositer
1594 2868 1724 2921 huic

47 2971 222 3015 nostro
271 2963 528 3032 tempori
580 2963 864 3032 congruit,
916 2966 973 3013 et
1018 2965 1218 3012 contra
1260 2956 1725 3028 reprehensionis

49 3051 411 3105 invectionem
464 3050 751 3114 stolidam,
812 3050 1155 3102 adorearum
1208 3043 1501 3103 catholicis
1562 3044 1726 3098 victo-

50 3140 173 3192 riam
204 3139 429 3193 tribuit.
463 3141 525 3192 In
565 3140 826 3209 stipulam
858 3140 1002 3192 versi
1032 3142 1158 3191 sunt
1200 3139 1249 3188 ei
1276 3135 1483 3203 lapides
1513 3134 1720 3201 fundae,

50 3227 245 3295 lapides
277 3227 499 3280 scilicet
548 3227 875 3292 sanctuarii,
928 3226 1029 3295 qui
1061 3223 1314 3293 lapidum
1364 3238 1519 3275 more
1553 3223 1723 3276 corda

50 3315 377 3381 percutiunt,
432 3314 517 3367 vel
558 3320 709 3366 certe
759 3330 790 3366 a
834 3312 1043 3383 quibus
1074 3312 1278 3364 domus
1324 3310 1574 3376 Domini,
1617 3311 1724 3363 hoc

53 3407 122 3453 est
147 3401 502 3455 Hierusalem
541 3400 640 3453 illa
659 3401 919 3468 caelestis,
943 3398 1184 3468 perenni
1205 3398 1524 3451 munimine
1553 3396 1721 3449 fabri-

54 3488 117 3538 cis
157 3489 577 3557 pulcherrimus
610 3489 925 3542 decoratur.
959 3487 1067 3541 Sed
1102 3492 1163 3539 ut
1207 3486 1418 3555 stipula
1454 3490 1722 3553 reputan-

55 3582 147 3640 tur,
178 3578 313 3646 quia
344 3583 445 3629 aut
475 3593 578 3647 per
606 3577 862 3646 gladium
894 3577 951 3629 in
988 3574 1167 3629 nihilo
1193 3573 1590 3639 dissolventur,
1626 3578 1725 3625 aut

54 3678 139 3730 per
180 3666 509 3735 injectionis
556 3665 816 3735 decipula
868 3673 889 3698 °
934 3664 1353 3718 consentientes
1397 3660 1599 3725 errori,
1663 3661 1723 3713 in

54 3751 148 3804 leni
196 3753 608 3806 mollendinem
663 3754 1019 3824 redigentur.
1078 3752 1184 3806 Sed
1230 3750 1367 3821 quid
1420 3751 1631 3803 mirum
1678 3750 1724 3802 si

54 3838 245 3905 lapides
273 3838 489 3908 dejicit,
520 3841 617 3910 qui
641 3842 907 3893 malleum
932 3857 988 3893 se
1012 3839 1349 3892 tundentem
1373 3837 1723 3891 contemnit?

55 3923 197 3987 Quasi
252 3930 518 3996 stipulam
577 3930 869 3982 aestimabit
927 3928 1198 3991 malleum,
1248 3930 1305 3978 et
1368 3924 1723 3977 humanitate

55 4023 290 4082 suscepta
326 4032 728 4085 percussorem
762 4032 930 4069 suum
965 4031 1157 4069 rerum
1194 4013 1499 4067 Dominum
1531 4013 1721 4065 Jesnm

56 4097 335 4153 Christum.
369 4104 457 4155 An
488 4119 602 4155 non
632 4104 987 4155 malleus-est
1016 4101 1101 4153 illi
1126 4100 1289 4170 quasi
1319 4100 1528 4169 stipula
1558 4115 1725 4168 repu-

56 4190 156 4236 tare
191 4186 404 4255 Regem
435 4188 694 4240 omnium
736 4189 1075 4240 saeculorum
1125 4187 1474 4256 protoplasto
1505 4185 1725 4238 homini

58 4273 306 4338 aequalem
340 4274 428 4326 vel
456 4274 703 4327 similem
736 4273 1060 4327 somniare?

1814 581 1977 634 bellis
2009 582 2252 649 lacessit,
2286 585 2370 636 vel
2408 584 2543 637 dum
2578 586 2749 638 corda
2782 589 3137 640 saecularium
3173 590 3503 659 cupiditate,

1813 669 2070 734 libidine,
2107 672 2192 723 vel
2229 672 2395 740 legali
2429 673 2720 736 instinctu,
2772 681 2827 727 et
2858 678 2976 728 zelo
3012 678 3107 737 Dei
3140 684 3201 731 ut
3233 679 3503 745 ostendit,

1813 757 2087 811 incendit.
2152 761 2325 812 Ponet
2381 763 2543 827 quasi
2589 768 2864 827 unguenta
2916 779 3031 816 cum
3090 767 3380 829 evulliunt;
3443 775 3509 819 ut

1816 846 1935 898 hinc
1974 846 2237 899 universa
2286 864 2413 916 quae
2448 847 2712 918 nequiter
2741 851 2859 916 agit
2899 862 2926 902 ς
2975 852 3094 902 zelo
3149 854 3507 906 rectitudinis

1815 938 1869 983 et
1900 933 2033 985 ﬁdei
2065 933 2393 1005 intorquere
2446 936 2502 988 in
2548 938 2817 989 adversus
2859 943 2913 990 et
2956 940 3267 992 contrarios
3301 942 3504 1010 glorie-

1815 1023 1909 1071 tur
1936 1036 1947 1071 :
1982 1020 2123 1073 illud
2158 1023 2525 1092 Evangelium
2563 1023 2943 1093 adimplentes
2970 1040 2981 1076 :
3008 1026 3190 1079 Omnis
3213 1030 3309 1093 qui
3340 1030 3508 1080 inter-

1812 1109 2001 1172 fecerit
2040 1125 2151 1175 vos,
2221 1111 2583 1164 arbitrabitur
2623 1128 2678 1166 se
2738 1114 3047 1180 obsequium
3104 1120 3363 1183 praestare
3410 1119 3511 1169 Dco

1816 1195 1996 1262 (Joan.
2035 1213 2143 1262 xvn,
2195 1200 2271 1267 2).
2325 1199 2484 1262 Quod
2516 1206 2707 1252 nostro
2749 1204 3002 1270 tempore
3052 1202 3319 1255 occidisse
3352 1204 3508 1256 vide-

1820 1298 1964 1343 mus,
2002 1285 2137 1337 dum
2165 1302 2424 1338 cruorem
2449 1286 2705 1339 fidelium
2734 1287 2896 1356 quasi
2927 1287 2982 1339 in
3013 1288 3340 1341 defensione
3373 1290 3513 1359 legis

1819 1370 2058 1423 libatum
2112 1374 2355 1426 Domino
2406 1375 2707 1439 volvimus,
2752 1380 2807 1427 et
2849 1391 3089 1444 corpora
3136 1382 3451 1447 martyrum
3483 1396 3516 1431 a

1820 1458 2128 1525 gentilibus
2159 1476 2284 1513 arsa
2317 1462 2498 1513 oculis
2538 1462 2743 1514 nostris
2776 1463 3172 1531 conspeximus
3207 1479 3219 1515 :
3262 1470 3317 1516 et
3358 1466 3515 1535 quod

1821 1545 2224 1598 abundantiori
2274 1556 2357 1599 est
2387 1549 2519 1600 ﬂetu
2554 1549 2917 1617 plorandum,
2969 1551 3272 1620 plerosque
3322 1553 3516 1607 Patres

1822 1633 2373 1687 anathematizantes
2430 1638 2563 1688 talia
2625 1637 2906 1705 patientes
2963 1639 3314 1692 miravimus.
3394 1644 3517 1696 Post

1825 1735 1943 1772 eum
1989 1722 2183 1774 lucebit
2212 1724 2421 1775 semita.
2468 1724 2771 1792 Perspicua
2803 1726 3154 1792 expositione
3197 1744 3313 1780 non
3362 1728 3517 1781 indi-

1826 1814 1940 1877 get,
1979 1815 2035 1862 et
2068 1810 2170 1862 hoc
2203 1814 2319 1863 tam
2362 1818 2627 1878 apertum
2677 1820 2729 1865 et
2765 1812 2983 1865 clarum
3024 1819 3124 1874 est,
3169 1825 3252 1882 ut,
3296 1832 3354 1868 re
3397 1817 3519 1886 ipsa

1826 1897 2103 1965 fulgente,
2139 1901 2367 1953 doctore
2400 1916 2515 1953 non
2557 1906 2706 1971 egat.
2749 1903 2887 1955 Nam
2924 1909 3048 1972 post
3077 1903 3257 1972 ipsius
3290 1904 3520 1958 nefandi

1827 1988 2166 2054 probrosum
2194 1988 2537 2055 fdiscessum,
2576 1990 2749 2042 tantis
2786 1990 3055 2044 doctrinis
3090 1999 3147 2044 et
3186 1994 3517 2062 suppetitio-

1826 2073 1995 2126 nibus
2024 2074 2227 2127 semita
2256 2075 2452 2145 fulget,
2487 2083 2549 2129 ut
2579 2077 2689 2130 nisi
2737 2094 2984 2147 superna
3014 2080 3324 2147 spiratione
3353 2081 3521 2135 corda

1828 2177 2207 2229 supernorum
2250 2163 2459 2215 civium
2503 2164 2982 2217 clementissimus
3021 2167 3234 2219 arbiter
3276 2174 3518 2237 regeret,

1828 2249 2015 2301 omnis
2047 2246 2071 2282 ιι
2099 2250 2384 2303 saecularis
2429 2250 2580 2303 illius
2610 2251 2804 2320 fulgor
2840 2251 3144 2321 deciperet.
3194 2255 3308 2307 Nec
3346 2271 3519 2325 expo-

1828 2336 2035 2389 sitione
2066 2337 2285 2405 prolixa
2312 2354 2454 2407 opus
2484 2344 2568 2390 est
2598 2338 2657 2390 in
2690 2355 2749 2391 re
2781 2354 2908 2407 quae
2932 2340 3058 2393 luce
3087 2341 3293 2394 clarior
3312 2348 3462 2395 extat
3483 2344 3517 2409 ί,

1831 2439 1959 2493 qua:
1990 2424 2046 2476 in
2080 2425 2363 2477 munditia
2390 2431 2445 2478 et
2471 2426 2529 2478 in
2565 2426 2771 2478 lavacri
2815 2429 3102 2496 superﬂua
3146 2435 3200 2481 et
3244 2431 3523 2500 exquisita

1830 2528 1933 2582 per
1961 2512 2219 2565 omnium
2249 2514 2731 2583 supplicationum
2754 2515 3007 2569 elutione
3030 2517 3315 2586 disseruit,
3350 2526 3522 2589 atque

1829 2599 1890 2652 in
1924 2600 2239 2653 multarum
2271 2602 2479 2653 artium
2511 2602 2943 2655 subtilissimam
2977 2604 3357 2674 disciplinam,
3394 2623 3522 2677 qua:

1831 2687 2119 2756 corporeis
2162 2694 2387 2741 tantum
2428 2689 2685 2756 injuncta
2721 2696 2805 2743 est
2842 2692 3099 2756 artubus,
3155 2709 3267 2762 qua
3315 2694 3525 2762 poterit

1833 2784 2115 2830 oratorem
2163 2778 2432 2831 facundia
2471 2780 2725 2833 enodari.
2782 2780 2979 2833 Omnis
3030 2798 3277 2851 namque
3323 2798 3522 2836 eorum

1832 2863 2027 2917 lucens
2058 2865 2261 2918 semita
2293 2866 2351 2918 in
2384 2866 2465 2918 eis
2495 2882 2667 2936 quam
2696 2868 2941 2920 maxime
2974 2868 3173 2937 fulget,
3208 2886 3335 2939 quae
3368 2870 3524 2923 carni

1833 2952 2153 3007 fomentum
2186 2953 2530 3021 luxuriandi,
2563 2960 2620 3008 et
2648 2956 3021 3025 delinquendi
3065 2959 3361 3012 materiam
3390 2960 3523 3012 sub-

1834 3041 2157 3095 ministrant
2190 3058 2202 3094 :
2240 3058 2353 3095 non
2393 3060 2521 3113 quae
2550 3044 2803 3097 animam
2836 3063 2868 3097 a
2908 3046 3034 3098 labe
3066 3048 3438 3115 deceptionis,
3472 3052 3527 3100 et

1832 3147 1865 3181 a
1921 3130 2079 3181 lluxu
2129 3130 2366 3200 deliquii
2423 3133 2775 3186 correctione
2835 3150 3056 3187 morum
3114 3137 3521 3206 constringant.

1833 3219 2143 3271 zEstimabit
2199 3220 2449 3287 abyssum
2499 3224 2660 3288 quasi
2709 3228 3076 3276 senescentem.
3132 3223 3280 3276 Licet
3330 3224 3527 3277 beatus

1834 3306 1941 3357 hoc
1996 3311 2194 3357 contra
2256 3306 2703 3375 Origenianistas
2759 3324 2920 3361 more
2978 3325 3079 3362 suo
3138 3309 3236 3362 illo
3296 3326 3527 3363 corusco

1832 3392 2136 3460 Gregorius
2177 3392 2434 3460 disserat,
2482 3397 2673 3446 tamen
2712 3396 2846 3464 quia
2895 3397 3190 3450 catholicae
3246 3398 3522 3451 doctrina:

1832 3481 2127 3549 multiplex
2169 3498 2365 3534 sensus
2404 3499 2514 3535 non
2560 3482 2747 3535 obviat
2796 3511 2849 3551 ε,
2894 3490 2947 3536 et
2980 3486 3319 3555 plerumque
3372 3485 3526 3538 Scri-

1830 3574 1999 3637 ptura
2029 3584 2185 3620 sacra
2216 3585 2331 3622 uno
2362 3586 2643 3635 sermone,
2681 3571 2764 3623 vel
2791 3571 2998 3639 figura,
3038 3574 3214 3624 multa
3245 3573 3523 3641 designat,

1832 3660 2039 3708 nostra:
2084 3656 2455 3724 expositionis
2495 3656 2756 3709 ordinem
2800 3673 3238 3726 prosequamur.
3282 3660 3527 3729 Abyssus

1833 3745 1891 3796 in
1939 3742 2133 3795 multis
2179 3742 2486 3811 Scripturze
2535 3744 2672 3796 locis
2711 3745 2799 3796 lex
2851 3745 2950 3797 Dei
2993 3746 3284 3814 accipitur.
3326 3748 3388 3799 Et
3434 3746 3527 3799 hic

1832 3836 2216 3884 senescentem
2249 3830 2533 3898 reputavit
2565 3831 2848 3900 abyssum,
2885 3832 3103 3902 dumjn
3132 3833 3529 3903 derogatione-

1836 3914 2121 3984 Evangelii
2162 3915 2325 3984 quasi
2370 3915 2523 3969 aliud
2570 3932 2779 3969 novum
2832 3916 2916 3969 illi
2964 3920 3312 3971 contrarium
3364 3919 3526 3988 dispo

1833 4002 1946 4054 suit
2001 4008 2424 4056 testamentum.
2498 4005 2616 4059 Non
2659 4010 2737 4057 est
2798 4010 3035 4072 potestas
3092 4021 3254 4073 super
3302 4011 3524 4073 terram,

1833 4104 1953 4156 quae
2004 4095 2342 4157 comparetur
2388 4092 2462 4143 ei:
2512 4106 2639 4160 quin
2680 4089 2761 4143 ita
2804 4097 2860 4143 et
2904 4090 3266 4146 simulatione
3307 4093 3530 4147 saeviret

1833 4178 1993 4246 legis,
2045 4184 2098 4231 et
2147 4184 2365 4231 terrore
2399 4183 2687 4247 premeret
2732 4178 3051 4247 potestatis.
3101 4180 3286 4248 Super
3324 4187 3530 4234 terram

1833 4264 1886 4318 ei
1918 4282 2033 4318 non
2082 4266 2365 4335 reperitur
2404 4266 2627 4332 similis,
2659 4266 2795 4335 quia
2826 4283 2942 4319 non
2978 4283 3043 4319 ex
3076 4269 3397 4338 terrigenis,
3431 4268 3529 4321 sed

115 4360 190 4411 31.
234 4364 303 4414 Et
351 4361 623 4415 deridebit
672 4364 975 4416 vibrantem
1021 4365 1254 4428 hastam,
1308 4361 1477 4431 hujus
1524 4367 1729 4416 sanctae
1768 4369 1810 4422 ι)
1841 4353 2151 4423 inspirator
2190 4354 2311 4423 ejus
2356 4371 2502 4407 unus
2552 4354 2662 4406 fuit
2715 4369 2780 4406 ex
2817 4356 3144 4423 apostaticis
3188 4357 3429 4426 angelis,
3474 4361 3531 4409 et

60 4439 176 4509 legis
236 4446 745 4499 comminationem
811 4447 1028 4516 jugiter
1092 4447 1177 4499 illi
1230 4446 1526 4499 interitum
1590 4464 1725 4500 con-

62 4537 383 4598 crepantem,
438 4533 577 4586 dum
618 4534 853 4602 sagittas
895 4534 1015 4596 Dei,
1069 4534 1123 4587 id
1170 4538 1256 4587 est
1303 4534 1723 4602 praedicatores,

63 4615 261 4681 inridet,
287 4625 344 4672 et
370 4620 544 4674 verba
561 4636 760 4672 eorum
785 4636 913 4689 quae
932 4620 1042 4672 illis
1062 4621 1361 4673 interitum
1386 4628 1723 4691 praesagant,

66 4709 113 4752 ut
149 4703 433 4760 insanium
468 4707 844 4760 deliramenta
874 4709 1208 4762 contemnit.
1254 4709 1455 4763 Sternit
1493 4710 1598 4762 sibi
1628 4725 1726 4761 au-

64 4804 160 4842 rum
204 4798 363 4860 quasi
409 4796 602 4861 lutum,
662 4796 816 4847 velut
863 4810 1096 4848 Sensum
1154 4795 1513 4863 spiritualem
1565 4793 1729 4863 quasi

64 4874 219 4931 lutum
256 4887 652 4948 contemnens,
706 4882 792 4935 vel
842 4882 1118 4951 populum
1149 4880 1535 4935 Christianum
1587 4881 1729 4950 pede

64 4963 284 5020 victoriae
334 4968 583 5034 calcans,
636 4970 721 5021 vel
771 4975 966 5021 sancta
1013 4968 1111 5021 Dei
1151 4967 1479 5037 profanans,
1528 4973 1583 5020 et
1631 4967 1728 5020 Dei

64 5049 220 5120 legem
252 5056 530 5109 inrisione
568 5056 767 5110 sedula
803 5056 1106 5110 detrahens
1155 5063 1214 5110 et
1252 5056 1560 5109 inculcans.
1595 5058 1730 5110 Pro-

121 5202 142 5226 ⁸
169 5196 283 5264 Ms.,
312 5196 676 5265 precidentia.

122 5266 142 5304 δ
170 5265 218 5319 L.
252 5267 679 5336 apprehenderit
708 5282 838 5320 eum
868 5266 1118 5333 gladius;
1149 5273 1213 5321 ut
1243 5267 1302 5320 in
1334 5270 1489 5321 textu
1519 5266 1641 5319 Job.

124 5342 139 5366 ε
170 5336 282 5399 Ms,
308 5342 525 5405 jungis.

124 5406 145 5444 ά
167 5405 219 5463 L.
247 5410 498 5460 car-diua.

127 5478 143 5545 ξ
173 5478 225 5528 L.
256 5481 600 5544 injectionem
621 5477 897 5545 decipula.

127 5542 143 5577 ί
169 5542 323 5615 Apud
350 5550 490 5601 Job:
524 5542 815 5611 fervescere
837 5550 1023 5613 faciet.

127 5626 152 5665 τ
177 5616 293 5683 M5,,
333 5621 544 5685 agitur.

1835 4442 2144 4511 prndentio
2172 4442 2197 4475 κ
2217 4443 2356 4495 coelo
2386 4459 2578 4495 secum
2603 4442 2905 4511 dilapsam,
2937 4444 2992 4496 in
3027 4446 3378 4498 contrarium
3410 4460 3531 4497 ver-

1838 4531 2000 4583 sutia;
2049 4530 2365 4584 recedendo
2413 4531 2659 4584 retorsit.
2711 4533 2816 4596 Qui
2849 4536 3032 4598 factus
3071 4541 3168 4599 est,
3210 4540 3271 4588 ut
3320 4535 3530 4587 nullum

1838 4620 2066 4684 timeret,
2107 4624 2313 4686 printer
2351 4618 2526 4670 Deum
2568 4618 2666 4686 qui
2701 4634 2831 4671 eum
2868 4626 3026 4672 tanto
3057 4622 3405 4675 excellentiae
3438 4620 3531 4673 de-

1838 4722 1966 4758 core
2013 4707 2347 4775 repleverat.
2382 4705 2487 4758 Sed
2520 4705 2615 4757 ille
2660 4721 2772 4758 non
2806 4714 3110 4760 contentus
3140 4716 3531 4763 creaturarum

1838 4793 2116 4858 omnium,
2169 4794 2376 4863 quibus
2424 4793 2691 4861 praalatus
2740 4792 2927 4846 fuerat
2955 4795 3175 4849 honore
3218 4799 3253 4862 ι,
3291 4796 3532 4866 superbe

1839 4880 2289 4933 additamentum
2330 4896 2556 4949 semper
2586 4879 2794 4931 habere
2827 4880 3177 4947 desiderans,
3214 4900 3318 4937 nec
3359 4885 3535 4936 facto-

1839 4984 1958 5022 rem
1991 4968 2215 5021 timoris
2246 4969 2561 5020 reverentia
2592 4966 2786 5032 coluit,
2823 4982 2927 5019 nec
2956 4974 3255 5037 contentus
3286 4972 3531 5024 beatitu-

1838 5056 1971 5110 dine
1985 5073 2096 5126 qua
2113 5055 2387 5123 praeditus
2401 5054 2617 5107 caeteris
2637 5054 2943 5122 eminebat,
2960 5056 3218 5110 ordinem
3234 5058 3530 5128 proprium

1913 5199 1939 5237 ιι
1966 5197 2024 5248 F.
2058 5197 2258 5260 omnia,
2291 5194 2344 5248 id
2378 5200 2466 5247 est
2492 5194 2660 5247 corda
2690 5195 2969 5251 omnium.

1915 5266 1927 5299 ί
1958 5267 2057 5319 Hic
2088 5265 2228 5336 forte
2271 5267 2542 5333 periodus
2574 5266 2945 5336 claudendus,
2978 5268 3069 5321 cui
3113 5284 3293 5323 novus
3338 5286 3529 5324 succe-

1842 5336 1958 5403 dat,
1992 5337 2123 5387 nota
2154 5334 2560 5404 interrogantis
2590 5334 3005 5390 terminandus.

1932 5433 1945 5474 ι
1995 5405 2053 5458 ld
2079 5410 2160 5456 est
2186 5405 2539 5458 adversatur.

1912 5472 1941 5509 ἵ
1972 5477 2028 5527 F.
2062 5474 2435 5541 prudentiam.

1913 5544 1925 5579 ¹
1958 5549 2075 5609 515.,
2108 5545 2377 5598 honorem.
