3860 6262
322 321 414 369 531
1680 310 1934 364 ALVAltl
1977 307 2453 365 (IORDUBENSIS

323 445 648 510 custodivit;
676 443 808 497 inde
839 443 910 496 ad
943 443 1056 494 ima
1087 441 1362 506 deﬂuens,
1392 440 1564 494 etiam
1597 441 1701 494 sub
1735 441 2010 494 creaturis
2047 445 2092 495 Α
2123 456 2233 510 que
2277 441 2434 494 aliud
2483 441 2884 509 Autichristus,
2927 458 3100 512 quam
3135 443 3342 496 Christi
3375 445 3696 498 contrarius
3725 446 3784 498 di-

325 538 504 589 Deum
537 532 862 586 timentium
908 531 1042 584 ruit.
1092 531 1254 584 Omne
1283 532 1510 583 sublime
1542 531 1706 582 videt.
1763 532 1884 584 Non
1929 530 2014 582 in-

323 629 410 678 tra
436 633 458 656 ³
491 623 683 676 omnia
709 621 1036 673 desiderans
1061 636 1195 682 esse,
1230 621 1324 672 sed
1350 635 1520 688 super
1547 619 1742 671 omnia
1787 625 2016 670 tumens

325 717 491 766 vento
513 711 802 780 jactantiae
831 709 1022 761 extolli
1044 709 1376 760 desiderans
1399 707 1718 760 sublimiori
1751 707 2018 760 omnibus

322 805 618 870 pot-estate.
651 797 758 852 Sed
807 803 862 850 et
894 798 962 850 de
1009 796 1268 849 membro
1311 796 1434 864 ejus
1479 801 1663 864 potest
1693 795 1814 848 haec
1861 795 2016 846 clau-

326 890 446 942 sula
481 904 598 941 non
629 888 1066 954 incongruenter
1095 884 1339 937 tractari.
1373 885 1550 938 Omne
1585 899 1832 953 namque
1864 887 2014 952 quml

323 976 628 1048 pretiosior
663 975 718 1027 in
755 973 924 1027 rebus
961 973 1269 1025 mundanis
1299 973 1558 1038 habetur,
1592 987 1790 1024 eorum
1815 971 2020 1024 ditioui

326 1066 609 1128 subditur,
662 1068 717 1116 et
776 1062 1033 1115 otl‘crtur.
1093 1063 1216 1128 Ipse
1261 1066 1338 1113 est
1382 1076 1482 1112 rex
1533 1076 1696 1127 super
1737 1061 2020 1112 universos

325 1155 466 1222 ﬁlios
502 1153 782 1220 superbia.
829 1151 976 1202 More
1024 1165 1126 1201 suo
1184 1149 1472 1218 Scriptura
1521 1165 1676 1200 sacra
1725 1147 2017 1200 multoties

328 1243 502 1295 semel
535 1241 683 1295 dicta
713 1240 948 1308 replicat
980 1245 1037 1290 et
1083 1237 1330 1290 intentat
1361 1253 1372 1290 :
1427 1243 1482 1290 et
1514 1237 1838 1306 superbiam
1871 1236 2015 1305 ejus,

329 1337 386 1384 et
431 1335 714 1383 tumorem
747 1331 908 1380 elatas
961 1327 1192 1392 mentis,
1233 1327 1408 1379 semel
1456 1325 1697 1378 infirmis
1732 1325 2022 1378 mentibus

327 1435 442 1473 non
485 1418 696 1471 sufﬁcit
743 1417 1086 1484 designasse.
1141 1416 1252 1468 Nec
1282 1431 1414 1467 eum
1446 1415 1760 1482 superbum
1806 1413 2022 1482 simpli-

329 1510 468 1560 riter
489 1506 850 1559 solummodo
886 1511 1063 1570 vocat,
1097 1505 1192 1556 sed
1227 1521 1358 1556 eum
1388 1519 1558 1571 super
1591 1519 1792 1554 omnes
1825 1518 2020 1570 super-

329 1598 428 1650 bos
473 1597 739 1648 ducatum
787 1594 996 1646 habere
1042 1593 1361 1644 conﬁrmat.
1419 1592 1720 1644 Universos
1775 1605 2022 1658 namque

328 1687 643 1748 haereticos,
677 1689 732 1735 et
765 1683 1120 1734 diversorum
1143 1686 1400 1732 auctores
1422 1695 1682 1731 errorum
1721 1678 1950 1747 iniquos
1971 1679 2019 1742 ι),

2128 529 2310 582 citur?
2343 531 2407 581 Et
2442 529 2576 598 quid
2611 529 2739 595 iste,
2787 531 2896 583 nisi
2937 531 3300 584 adversarius
3333 532 3538 585 Christi
3569 533 3692 584 est?
3717 537 3788 602 qui

2129 624 2326 670 contra
2369 618 2521 669 illius
2561 618 2916 672 sanctissima
2965 621 3237 689 dogmata
3283 621 3492 674 exertis
3543 621 3788 674 lacertisIL

2129 706 2420 775 praeliavit.
2475 707 2853 776 Inspiciamus
2904 709 3012 762 hoc
3061 711 3206 773 loco,
3255 709 3300 762 si
3351 709 3610 778 expedit,
3662 726 3790 762 suum

2129 794 2572 847 machinationis
2606 811 2670 848 ex
2703 797 2898 866 aliqua
2929 801 3087 866 parte
3117 803 3532 850 commentum.

2199 885 2284 936 33.
2319 883 2818 936 Resurrectionem
2853 884 3080 936 Domini
3113 885 3262 938 diem
3293 885 3572 938 feriarum
3607 889 3792 956 ganeas

2128 973 2365 1040 respuit,
2395 978 2452 1024 et
2479 979 2691 1024 sextam
2725 971 2926 1024 feriam
2965 973 3246 1041 passionis
3281 974 3512 1026 Domini
3547 975 3792 1026 mmstitin

2127 1060 2216 1112 vel
2240 1059 2466 1128 jejunio
2499 1061 2777 1125 deditum,
2813 1061 2996 1113 ventri
3029 1067 3086 1114 et
3115 1061 3344 1114 libidini
3379 1062 3687 1116 dedicavit.
3719 1063 3792 1114 Pa-

2129 1164 2252 1201 cem
2283 1149 2560 1212 Christus,
2594 1155 2649 1201 et
2687 1149 3022 1218 patientiam
3065 1149 3261 1202 docuit
3301 1167 3312 1202 :
3361 1151 3458 1203 ille
3509 1151 3718 1204 bellum
3757 1159 3796 1202 et

2130 1237 2386 1306 gladium
2417 1237 2790 1289 innocentum
2826 1237 3138 1290 cervicibus
3178 1239 3432 1291 acuendo
3475 1239 3712 1298 limavit,
3755 1245 3796 1290 ul

2130 1325 2198 1378 de
2243 1341 2302 1378 se
2344 1325 2579 1390 dictum,
2630 1325 2714 1377 vel
2765 1325 2833 1378 de
2879 1325 3016 1392 suis,
3068 1342 3188 1380 esse
3233 1326 3490 1380 ﬁrmaret
3539 1342 3553 1378 :
3607 1330 3796 1394 Dissijz-s

2130 1419 2308 1480 gentes
2352 1429 2470 1481 quae
2509 1414 2648 1466 bella
2697 1415 2882 1466 uolunt
2931 1415 3100 1482 (Psal.
3153 1431 3318 1479 vau,
3369 1415 3460 1484 3t)
3505 1429 3522 1468 :
3573 1415 3635 1468 hi
3677 1431 3796 1466 enim

2131 1501 2188 1554 iu
2231 1508 2452 1554 tantum
2509 1502 2654 1554 bella
2704 1502 3051 1567 desiderant,
3113 1508 3178 1556 ut
3229 1503 3349 1556 haec
3407 1503 3496 1554 vel
3551 1505 3712 1572 quasi
3751 1519 3796 1554 ex

2126 1590 2384 1659 jussione
2441 1590 2539 1642 Dei
2593 1591 2650 1642 in
2709 1591 2925 1643 cunctis
2992 1591 3258 1659 gentibus
3317 1597 3510 1660 agant.
3577 1591 3798 1643 Christus

2131 1678 2474 1746 virginitatis
2521 1679 2675 1730 dono
2725 1685 2782 1732 et
2830 1680 3106 1732 castitatis
3155 1680 3324 1746 bono,
3375 1681 3662 1748 populum
3715 1679 3796 1730 silli

329 1775 432 1826 iste
467 1739 662 1825 auctor
694 1771 919 1822 sceleris
957 1769 1130 1834 rexit;
1166 1774 1222 1820 et
1261 1767 1360 1838 qui
1391 1784 1491 1836 per
1521 1767 1691 1836 hujus
1727 1783 1788 1818 us
1819 1739 2018 1835 paten-
2061 1739 2102 1794 Β
2133 1739 2390 1820 deditum
2429 1766 2755 1819 candidavit
2797 1783 2808 1820 :
2865 1768 2958 1819 ille
3003 1739 3390 1836 pinguissima.
3415 1739 3792 1824 oblectatione,

329 1867 417 1915 ter
445 1873 464 1895 ο
497 1877 554 1913 se
585 1859 860 1929 prodidit,
897 1874 997 1926 per
1019 1857 1414 1910 hmreticorum
1449 1856 1666 1908 dudum
1698 1861 2024 1907 commenta

331 1953 476 2004 clam
508 1964 816 2018 suggerens
861 1947 1118 2016 ingentia
1150 1945 1396 1998 Slbllttt’li.
1424 1944 1468 1998 ά.
1521 1945 1584 1997 In
1631 1943 1741 1997 illis
1781 1944 2025 1996 latenter

333 2041 438 2092 sub
480 2039 665 2108 specie
705 2036 934 2089 latitans
969 2052 980 2086 :
1013 2033 1106 2086 isti
1137 2039 1333 2100 aperta
1363 2038 1480 2084 tota
1525 2033 1672 2084 bella
1703 2031 2020 2084 denudans.

331 2130 566 2182 Illorum
617 2141 719 2194 per
765 2125 987 2192 linguas
1019 2123 1202 2191 legem
1237 2127 1486 2174 sanctam
1535 2121 1798 2173 malivolo
1847 2121 2024 2173 disse-

331 2232 500 2270 rens:
537 2230 640 2282 per
689 2212 851 2264 istius
883 2226 1168 2280 organum
1201 2226 1373 2262 novas
1406 2225 1777 2278 componens.
1830 2209 1936 2262 Sed
1971 2213 2025 2260 ct

331 2321 428 2357 rex
479 2318 650 2372 super
686 2316 884 2352 omnes
927 2299 1078 2352 ﬁlios
1119 2298 1400 2366 superbire
1464 2298 1650 2364 aptius
1707 2296 2022 2348 conﬁrma-

331 2394 506 2456 bitur,
545 2391 589 2443 si
622 2389 808 2442 cuncti
839 2396 860 2422 ο
896 2387 994 2456 qui
1025 2387 1129 2440 sub
1163 2389 1286 2456 ejus
1320 2386 1602 2454 regimine
1634 2386 2021 2450 continentur,

334 2481 550 2550 liquide
581 2482 1021 2548 pertractentur.
1055 2475 1198 2528 Sunt
1223 2475 1434 2526 etenim
1469 2473 1524 2524 in
1557 2472 1826 2542 superbia
1857 2473 2027 2524 tumi-

334 2567 410 2632 di,
445 2567 504 2618 in
545 2571 769 2618 tumore
800 2564 988 2616 cordis
1018 2562 1168 2626 elati,
1217 2563 1272 2614 in
1306 2563 1676 2614 delectatione
1709 2561 2022 2613 carnalium

334 2669 574 2724 operum
609 2651 790 2719 tluidi,
837 2651 892 2702 iu
923 2651 1272 2702 comestione
1303 2649 1600 2718 superllui,
1637 2649 1697 2701 in
1733 2649 2025 2718 conquisi-

331 2743 487 2796 tione
537 2757 728 2794 rerum
776 2745 831 2792 et
879 2739 1198 2808 direptione
1263 2754 1580 2807 pauperum
1639 2738 1927 2790 invasores
1975 2743 2029 2790 et

331 2830 542 2901 cupidi,
575 2830 788 2898 absque
838 2827 1048 2897 pietate
1095 2834 1344 2890 tenaces,
1391 2827 1511 2878 sine
1545 2825 1754 2879 rubore
1787 2825 2026 2878 menda-

332 2937 444 2986 ces,
491 2920 612 2970 sine
644 2917 983 2970 discretione
1017 2915 1264 2980 fallaces,
1291 2916 1504 2983 absque
1541 2914 1822 2966 modestia
1869 2929 2028 2966 men-

2135 1861 2196 1906 ut
2237 1855 2371 1920 dixi,
2407 1862 2462 1906 et
2506 1871 2694 1908 crasso
2739 1855 3050 1924 voluptatis
3095 1856 3345 1926 liquore,
3385 1855 3800 1924 incestuosoque

2133 1943 2464 2008 concubitu,
2523 1942 2962 2012 obsequentium
3019 1949 3236 1997 mentes
3289 1949 3346 1996 et
3402 1959 3652 2013 corpora
3703 1961 3802 1995 Sur-

2132 2030 2362 2084 didavit.
2412 2031 2670 2084 Christus
2711 2031 3063 2100 conjugium,
3111 2033 3216 2084 iste
3261 2033 3578 2084 divortium
3625 2047 3636 2084 :
3675 2032 3802 2084 Chri-

2134 2125 2250 2171 stus.
2286 2120 2700 2188 parcimoniam
2735 2126 2792 2173 et
2818 2121 3106 2189 jejunium
3153 2121 3372 2186 docuit,
3421 2120 3518 2172 ille
3573 2121 3804 2172 convitia

2133 2214 2190 2261 et
2249 2209 2547 2277 epularum
2608 2208 2953 2271 inlecebras;
3019 2210 3370 2278 protendens
3431 2209 3716 2262 luxuriam
3765 2213 3804 2260 et

2132 2297 2377 2350 dilatans
2423 2297 2828 2364 oblectamina,
2873 2297 3144 2350 indecora
3179 2297 3341 2350 freno
3373 2298 3532 2350 nullo
3565 2297 3708 2362 legis
3733 2315 3802 2348 co-

2133 2385 2342 2438 hibuit.
2398 2386 2652 2438 Christus
2696 2385 2754 2437 in
2802 2386 3019 2438 cunctis
3063 2386 3428 2438 continentia:
3477 2387 3726 2454 legibus,
3769 2393 3806 2438 et

2135 2475 2526 2543 temperantiae
2573 2473 2842 2540 termino,
2895 2474 3217 2526 naturalem
3259 2483 3504 2538 motum,
3549 2475 3680 2527 sine
3719 2493 3807 2544 qua

2135 2563 2388 2616 humana
2433 2563 2662 2616 difﬁcile
2709 2568 2912 2615 natura
2955 2563 3266 2629 invenitur,
3319 2561 3712 2614 constrinxit:
3745 2561 3808 2610 tua

2136 2653 2348 2721 passim
2399 2651 2837 2716 lascivientibus,
2871 2651 3052 2704 frenis
3094 2649 3365 2720 disruptis
3405 2649 3716 2719 pellicandi
3745 2649 3808 2699 in-

2137 2741 2578 2793 numerositates
2637 2739 2926 2792 licentiam
2985 2739 3204 2792 tribuit.
3266 2739 3522 2792 Christus
3574 2743 3809 2804 tempore.

2131 2829 2339 2898 jejunii
2370 2846 2402 2881 a
2431 2829 2662 2898 proprio
2695 2827 2964 2898 licitoque
3005 2827 3294 2880 connubio
3345 2827 3641 2880 abstinere
3685 2825 3810 2878 ordi-

2137 2925 2238 2971 nat
2269 2934 2281 2970 :
2313 2917 2408 2970 ille
2439 2933 2612 2986 quam
2645 2918 2892 2970 maxime
2921 2917 2978 2969 in
3019 2917 3131 2970 illis
3173 2916 3374 2970 diebus
3405 2932 3502 2968 seu
3547 2921 3679 2967 vota
3707 2915 3808 2982 pin-

333 3007 404 3058 tis
437 3020 725 3074 procaces,
761 3004 880 3054 sine
916 3002 1308 3054 misericordia
1339 3001 1618 3062 crudeles,
1655 3001 1774 3052 sine
1809 2999 2029 3068 justitia
2068 3031 2107 3084 ρ
2138 3007 2273 3074 guia
2324 3005 2639 3058 cultoribus
2695 3006 2754 3058 in
2815 3005 3118 3074 praemium
3185 3006 3458 3056 Venerem
3517 3015 3804 3056 consecrat.

333 3093 642 3152 invasores,
675 3091 796 3142 sine
831 3092 1043 3142 honore
1071 3091 1285 3158 absque
1317 3089 1578 3153 veritate,
1613 3088 1980 3156 benignitatis
2013 3087 2029 3120 τ

335 3181 649 3234 nescientes
703 3179 988 3231 affectum.
1039 3179 1372 3247 lgnorantes
1429 3176 1650 3245 pietatis
1690 3177 2025 3232 conilexum.

336 3269 574 3338 truposi,
627 3267 836 3332 ornati,
882 3267 1090 3332 callidi,
1139 3265 1370 3327 versuti,
1421 3266 1504 3317 vel
1555 3271 1886 3316 cunctarum
1927 3264 2030 3316 im-

337 3359 618 3428 pietatum
667 3356 900 3408 faecibus
933 3371 1048 3407 non
1081 3354 1287 3414 medie,
1319 3353 1411 3406 sed
1445 3353 1853 3422 principaliter,
1905 3368 2028 3404 sor-

340 3447 537 3500 didati.
577 3446 968 3499 Humilitatem
995 3445 1146 3494 velut
1175 3442 1457 3494 insaniam
1491 3443 1837 3506 deridentes,
1871 3443 2029 3493 casti-

335 3541 510 3589 tatem
545 3533 705 3604 quasi
749 3533 1082 3602 spurcitiam
1117 3537 1470 3600 respuentes,
1503 3531 1888 3598 virginitatem
1929 3545 2026 3581 seu

335 3625 530 3676 sordes
563 3621 962 3675 scrabedinum
996 3632 1024 3674 8
1058 3619 1443 3687 detrahentes,
1476 3625 1532 3672 et
1563 3621 1816 3684 virtutes,
1851 3617 2030 3670 animi

335 3712 588 3783 corporis
636 3711 774 3764 vitio
827 3711 1232 3780 percalcantes,
1283 3713 1444 3776 gestu
1489 3707 1801 3777 habituque
1839 3723 2028 3760 mores

335 3802 598 3871 proprios
627 3799 962 3852 indicantes.

408 3894 495 3944 32.
531 3891 656 3942 Hmc
700 3903 826 3958 quae
859 3889 926 3940 de
961 3887 1107 3940 libro
1136 3885 1288 3940 beati
1339 3886 1442 3939 .lob
1473 3885 1803 3938 summatim
1845 3881 2028 3952 tetigi,

335 3979 747 4032 imbecillatum
781 3978 806 4017 h
855 3976 1062 4028 virium
1107 3991 1367 4028 mearum
1397 3975 1670 4038 sentiens,
1711 3973 1860 4026 beati
1890 3973 2028 4025 Grc-

337 4067 484 4136 gorii
514 4063 954 4117 commentarios
985 4079 1108 4115 sum
1137 4069 1382 4116 secutus.
1411 4063 1476 4115 Et
1496 4062 1650 4132 quod
1683 4063 1778 4114 ille
1805 4061 2030 4130 c0piose

337 4155 632 4220 eloquens,
664 4157 718 4202 et
749 4150 1086 4218 eloquenter
1119 4149 1440 4208 inveniens,
1472 4149 1530 4200 in
1561 4149 1819 4202 membra
1851 4147 2031 4216 ipsius

339 4237 602 4290 draconis
632 4235 972 4304 quibusdam
1022 4237 1406 4288 schematibus
1437 4236 1782 4304 generaliter
1812 4241 1867 4288 ct
1908 4251 2031 4304 spe-

2138 3093 2391 3147 Cliristus
2425 3093 2602 3144 servis
2634 3093 2749 3144 suis
2789 3093 3114 3160 angelicum
3157 3092 3594 3161 spiritalemque
3629 3099 3808 3143 statum

2139 3181 2358 3252 pollicit
2390 3197 2402 3233 :
2437 3181 2530 3232 ille
2561 3179 2674 3232 suis
2707 3181 2947 3248 perditis
2980 3183 3360 3250 corporalem,
3397 3180 3517 3232 imo
3559 3183 3809 3249 equinum

2139 3271 2354 3322 ﬂuxum
2402 3269 2640 3322 indm-it.
2691 3268 2800 3321 Sed
2849 3273 2902 3320 et
2941 3284 3139 3320 omnes
3173 3267 3449 3320 hactenus
3481 3269 3742 3326 haereses,
3771 3271 3808 3316 ei

2138 3359 2388 3412 universi
2423 3363 2574 3410 retro
2609 3372 2832 3410 errores
2862 3373 2892 3408 a
2937 3361 3194 3425 tempore
3241 3357 3560 3409 nativitatis
3612 3357 3810 3410 Domini

2137 3446 2316 3500 nostri
2365 3451 2419 3498 et
2469 3445 2568 3498 Dei
2621 3445 2746 3498 Filii
2799 3444 3217 3513 Redemptoris,
3255 3462 3287 3496 a
3317 3445 3516 3498 Iudaea
3553 3451 3612 3498 et
3655 3445 3810 3497 Εο(·ἱεο

2139 3535 2220 3588 sia
2253 3549 2576 3600 manavere,
2611 3533 2716 3586 hoc
2748 3537 2830 3586 est
2860 3533 2930 3588 ab
2971 3533 3051 3585 eis
3098 3550 3242 3602 quos
3287 3533 3391 3586 sub
3433 3533 3660 3586 ditione
3695 3531 3814 3601 legis

2141 3639 2300 3676 mera
2362 3621 2566 3674 veritas
2631 3621 2933 3674 retinebat.
3002 3622 3314 3690 Nullusque
3383 3622 3532 3674 alius
3593 3637 3812 3689 regnum

2139 3717 2339 3764 contra
2382 3709 2592 3764 Christi
2650 3713 2770 3762 toto
2823 3710 3040 3762 mundo
3093 3710 3308 3762 clarum
3369 3709 3604 3762 advexit
3659 3711 3812 3778 impe-

2141 3800 2312 3865 rium,
2364 3798 2475 3851 nisi
2523 3797 2614 3850 hic
2657 3797 3056 3867 iniquissimus
3083 3798 3414 3851 somniator
3443 3797 3707 3850 inanium
3749 3813 3816 3847 va.

2143 3889 2408 3952 uitatum,
2466 3887 2620 3939 hunc
2671 3887 3080 3939 Antichristum
3141 3886 3404 3939 dolosum
3461 3886 3726 3952 tendens,
3777 3893 3818 3934 et

2139 3977 2407 4030 callidum
2441 3974 2764 4044 inreptione
2795 3975 3038 4028 nefanda
3072 3991 3174 4044 per
3203 3979 3386 4028 totum
3417 3975 3628 4027 mundi
3659 3977 3818 4027 circu-

2141 4064 2261 4118 lum
2313 4063 2460 4116 male
2505 4067 2850 4132 porrectum.
2903 4063 2964 4115 Et
3005 4063 3132 4116 ideo
3179 4063 3316 4132 quia
3363 4063 3636 4116 adversus
3675 4063 3822 4116 Chri-

2141 4157 2290 4206 stum
2337 4151 2682 4204 humilitatis
2733 4151 3070 4220 magistrum
3119 4157 3338 4204 erectus
3387 4155 3490 4218 est,
3540 4156 3598 4204 et
3639 4157 3822 4202 contra

2141 4241 2293 4294 illius
2345 4239 2637 4292 lenissima
2684 4243 2740 4291 et
2781 4238 3040 4308 jucunda
3091 4245 3391 4308 praecepta,
3449 4239 3818 4292 contumacia.

338 4326 556 4380 cialiter
585 4324 644 4378 in
667 4325 853 4393 ipsum
879 4325 1140 4393 regulum
1171 4324 1454 4388 diribavit,
1489 4341 1594 4392 ego
1625 4323 1893 4392 contigue
1925 4323 1938 4355 ί
1969 4325 2028 4376 in
2067 4327 2111 4380 D
2140 4329 2394 4394 verbere,
2429 4333 2486 4380 et
2524 4328 2736 4398 gladio,
2777 4344 2915 4381 usus
2962 4335 3071 4392 est;
3125 4335 3272 4381 recte
3321 4327 3700 4381 Anticliristus
3743 4343 3822 4380 vo-

337 4415 484 4468 hanc
515 4413 750 4466 bestiam
790 4413 1000 4464 nostris
1045 4411 1398 4480 temporibus
1447 4417 1630 4464 ortam
1663 4419 1860 4464 nactus
1901 4427 2026 4463 sum

338 4503 644 4573 explicare,
689 4501 1026 4554 auctoritate
1061 4500 1159 4553 illa
1190 4517 1300 4570 qua
1333 4499 1462 4552 novi
1497 4500 1566 4552 ab
1595 4501 2028 4569 explanatorum

337 4591 551 4662 regulis
595 4606 708 4644 non
761 4590 1122 4659 aliquatenus
1163 4587 1430 4640 deviare:
1471 4587 1604 4657 quia
1648 4604 1750 4640 nec
1801 4587 2031 4656 propria

338 4680 662 4734 temeritate
695 4695 851 4746 usus,
886 4694 1060 4731 novas
1097 4675 1264 4729 rebus
1293 4676 1700 4744 intelligentias
1735 4676 1890 4740 ﬁnxi,
1932 4675 2028 4728 sed

339 4771 584 4841 majores
629 4785 874 4840 sequens
903 4767 1016 4820 illis
1047 4765 1566 4836 signiﬁcationibus
1595 4765 1867 4828 serviens,
1911 4765 2032 4834 qui-

341 4859 445 4912 bus
486 4859 740 4912 imbutus
787 4872 914 4910 sum
967 4853 1304 4922 disciplinis.
1355 4853 1464 4906 Nec
1505 4852 1561 4904 in
1597 4869 1762 4905 sensu
1809 4869 2029 4918 eorum,

339 4961 444 4999 nec
476 4947 534 4999 in
581 4961 772 4998 rerum
805 4941 1270 5013 praeﬁguratione
1303 4940 1653 5006 discordans,
1705 4940 2034 4994 Antichristi

339 5039 518 5089 totam
553 5035 612 5088 in
639 5035 784 5086 hanc
835 5059 847 5100 ί
893 5031 1204 5098 imaginem
1238 5030 1670 5098 transplantavi.
1704 5029 1849 5093 Quid
1883 5046 2036 5083 nam-

411 5185 436 5208 “
459 5175 518 5228 Id
555 5177 638 5228 est
670 5173 801 5225 infr.
840 5173 1006 5225 Num.
1037 5176 1226 5224 autem
1251 5175 1335 5236 28,
1355 5174 1459 5238 inf.
1487 5188 1590 5242 pro
1618 5175 1768 5226 intra
1789 5171 2031 5242 scripsit.

411 5247 437 5286 Β
467 5247 588 5310 Ms,
623 5246 933 5296 universi...
969 5244 1251 5296 heretici...
1283 5247 1482 5312 iniqui.

414 5323 434 5347 ε
467 5317 590 5380 Ms,
619 5329 720 5382 per
739 5313 902 5381 hujus
935 5315 1060 5366 hare
1088 5320 1356 5381 parentes.

413 5383 439 5418 ἀ
471 5385 597 5450 Ms,
630 5385 892 5437 sivilavit.

414 5459 438 5524 ξ’
469 5455 584 5518 Ms.,
619 5457 669 5507 si
698 5461 910 5508 cunctos
941 5456 1038 5522 qui
1067 5455 1164 5509 sub
1195 5456 1308 5524 ejus
1329 5457 1612 5522 regimine.

414 5522 434 5556 τ
467 5525 586 5587 Ms.,
618 5526 1019 5590 benignitatem.

417 5605 447 5646 ε
477 5595 536 5648 L.
567 5597 884 5660 virginitati
909 5611 1001 5648 seu
1029 5596 1278 5650 sordibus
1309 5595 1704 5648 scabredinum.

2137 4421 2294 4470 catus
2326 4421 2426 4482 est,
2463 4417 2562 4486 qui
2593 4417 2928 4470 Christianae
2959 4417 3255 4486 religionis
3303 4417 3700 4486 apertissimus
3745 4417 3820 4467 in-

2137 4505 2401 4568 famator,
2445 4509 2501 4555 et
2537 4503 2940 4556 subtilissimus
2992 4520 3216 4557 eversor
3261 4503 3526 4556 inventus
3571 4509 3676 4556 est.
3727 4506 3820 4556 Ha-

2139 4591 2264 4646 buit
2308 4591 2561 4645 Christus
2613 4591 2891 4644 Dominus
2935 4591 3034 4661 qui
3075 4607 3207 4645 eum
3253 4592 3594 4662 quibusdam
3631 4593 3820 4661 ﬁguris

2139 4686 2270 4734 ante
2319 4680 2672 4732 nativitatem
2727 4695 3058 4749 corpoream
3113 4685 3295 4750 gestu.
3348 4680 3684 4749 habituque,
3735 4681 3820 4731 tir-

2141 4773 2326 4822 maret
2370 4773 2676 4822 venturum
2721 4784 2734 4821 :
2777 4769 2947 4822 habet
2993 4771 3048 4821 et
3078 4769 3171 4821 ille
3203 4770 3476 4838 nequitia:
3520 4785 3638 4820 suae
3679 4783 3820 4836 prae-

2141 4872 2422 4921 cursores,
2473 4855 2570 4925 qui
2617 4871 2750 4909 eum
2799 4855 3010 4926 integri
3053 4855 3390 4909 versationis
3425 4858 3440 4890 ι
3480 4855 3611 4908 dolo
3651 4861 3818 4907 totum

2141 4949 2507 5016 praesentent.
2555 4945 2716 5008 Quod
2771 4946 3004 4998 lectores
3046 4946 3158 4997 mei
3198 4944 3243 4997 si
3287 4945 3706 5014 reprehendere
3737 4960 3820 4994 vo-

2143 5033 2374 5100 luerint,
2413 5033 2574 5102 prius
2606 5033 2903 5086 doctorum
2938 5033 3227 5086 volumina
3260 5039 3522 5099 currunt,
3561 5037 3616 5086 et
3649 5033 3824 5086 medi-

2215 5178 2242 5218 ιι
2277 5175 2657 5242 Imbeciltatus,
2701 5191 2810 5228 vox
2842 5175 3100 5230 addenda
3135 5176 3417 5230 Glossario
3464 5175 3674 5229 inﬁmae
3707 5175 3826 5227 lati-

2145 5246 2340 5299 nitatis
2373 5263 2386 5298 :
2421 5246 2570 5298 idem
2601 5261 2666 5298 ac
2693 5247 3054 5300 imbecillitas.

2215 5317 2227 5350 ί
2257 5317 2352 5370 Ms.
2365 5357 2377 5380 ,
2412 5321 2667 5370 conticue.

2211 5387 2224 5429 Ξ
2269 5387 2464 5439 Melius
2517 5402 2528 5440 :
2579 5390 2640 5440 in
2688 5387 2848 5454 hunc,
2906 5387 2964 5440 id
3015 5391 3100 5441 est
3151 5387 3460 5455 Mahomet,
3509 5385 3822 5442 Antichristi

2144 5473 2577 5528 priecursorem.

2217 5529 2242 5560 κ
2273 5528 2366 5580 Ms.
2379 5567 2392 5586 ,
2419 5527 2726 5581 lacertibus.

2215 5593 2226 5628 ¹
2263 5599 2318 5650 l".
2357 5600 2412 5650 in
2448 5599 2928 5662 tergiversationis.
