3860 6262
25 334 92 385 S3

25 466 209 518 itione
254 463 512 517 lectionis
544 464 601 517 in
649 462 899 533 amplius
929 467 1205 530 crescant,
1238 469 1292 517 et
1322 480 1451 533 quae
1492 468 1688 533 aperte
1727 474 1767 522 Α

26 555 172 607 osita
200 558 351 618 sunt,
386 568 503 606 non
534 551 824 621 sugillent.

55 687 148 739 34.
184 683 536 754 Expeditius,
569 687 630 735 ut
679 700 831 747 reor,
895 683 1204 753 exponitur
1247 684 1395 755 quod
1448 684 1682 747 videtur,

25 790 161 826 uam
220 772 373 843 quod
428 771 774 842 quibusdam
841 772 1219 825 velaminibus
1266 774 1687 842 problematum

26 866 341 926 sscuratur,
376 864 432 913 et
467 876 569 912 nos
622 859 803 928 magis
835 859 1132 929 sequimur
1161 861 1531 930 prassentium
1566 877 1685 913 ma-

25 966 176 1002 irum
206 950 465 1013 storiam,
503 964 674 1018 quam
703 953 1159 1018 exspectatarum
1186 965 1377 1002 rerum
1411 948 1685 1002 futuram.

25 1054 123 1091 um
170 1037 324 1106 quod
373 1038 508 1090 olim
563 1037 888 1090 nuntiatum
942 1037 1263 1107 prophetiae
1312 1037 1534 1106 legibus
1587 1053 1691 1107 per

26 1126 283 1179 ervitutis
330 1126 540 1195 jugum
596 1142 709 1195 quo
758 1125 1080 1195 premimur
1135 1126 1491 1179 difﬂoramus
1533 1134 1573 1177 α.
1626 1127 1691 1178 Et

26 1218 127 1266 uto
180 1214 334 1283 quod
384 1230 486 1283 per
534 1213 903 1276 Antiochum,
957 1218 1014 1266 et
1072 1214 1377 1276 Neronem,
1441 1218 1497 1267 et
1546 1214 1689 1266 alios

26 1319 132 1355 nos
194 1302 343 1355 beati
394 1302 658 1356 doctores
702 1302 1002 1372 replicant,
1057 1301 1396 1356 Antichristi
1448 1302 1689 1372 praevios

26 1406 315 1444 rmavere.
376 1391 534 1443 Hunc
587 1389 938 1443 Antichristo
996 1406 1274 1459 organum
1326 1390 1595 1457 dicerem,
1643 1390 1689 1442 si

26 1495 43 1530 ι
74 1478 203 1530 haec
224 1481 421 1529 nostra
450 1483 711 1547 tempora
751 1476 1104 1529 devenirent.
1152 1478 1289 1529 Nam
1338 1480 1393 1528 et
1434 1476 1687 1529 admira-

28 1566 119 1618 ilis
152 1567 357 1619 doctor
389 1570 583 1617 noster
627 1565 1029 1634 Hieronymus,
1082 1564 1213 1617 licet
1267 1564 1581 1633 Porphyrii)
1631 1565 1691 1617 in

26 1654 269 1707 .ntiocho
328 1655 610 1719 adverset,
671 1657 725 1705 et
781 1653 841 1705 in
900 1652 1287 1705 Domitianum
1341 1656 1364 1693 ιι
1412 1654 1688 1705 Neronem

26 1742 115 1794 liis
176 1742 523 1795 doctissimis
580 1742 970 1805 contradicat;
1004 1747 1195 1793 tamen
1250 1757 1369 1793 non
1415 1757 1478 1793 ex
1526 1746 1686 1810 parte
1727 1774 1769 1827 Β

28 1848 82 1882 os
146 1830 479 1884 Antichristi
539 1836 911 1899 praesentasse
972 1831 1217 1899 figuram
1274 1830 1523 1899 negavit,
1589 1832 1687 1883 sed

26 1936 84 1971 os
159 1918 485 1988 specialiter
549 1918 925 1973 Antichristos
995 1935 1114 1971 esse
1170 1924 1450 1988 quantum
1505 1919 1691 1987 potuit

26 2006 386 2059 onfutatione
430 2006 712 2076 probabili
752 2006 1080 2071 confutavit,
1133 2012 1187 2059 et
1236 2007 1575 2059 Antiochum
1611 2007 1690 2075 ip-

26 2112 116 2147 um
151 2112 216 2148 ex
249 2100 410 2165 parte
452 2096 758 2164 imaginari
796 2096 1064 2159 firmavit,
1106 2095 1297 2149 dicens
1327 2112 1338 2149 :
1393 2095 1549 2149 Sicut
1580 2096 1686 2164 igi-

25 2201 84 2236 ur
108 2184 367 2237 Salvator
406 2184 579 2237 habet
610 2184 996 2246 Salomonem,
1052 2187 1108 2236 et
1163 2184 1307 2237 alios
1367 2189 1585 2237 sanctos
1630 2184 1688 2236 in

26 2288 193 2341 ypum
255 2288 423 2325 suum
476 2272 743 2325 habuisse
797 2272 1113 2325 credendus
1147 2276 1250 2337 est,
1288 2288 1414 2341 quae
1472 2272 1532 2325 in
1589 2272 1687 2325 illo

26 2377 58 2412 rx
110 2365 273 2430 parte
322 2361 631 2430 prmcessit,
682 2359 741 2413 in
800 2360 1146 2413 Antichristo
1192 2361 1486 2430 explenda.
1546 2361 1692 2413 Dicit

26 2448 143 2501 dem
176 2448 535 2502 admirabilis
564 2448 760 2501 doctor
790 2447 846 2501 in
879 2447 1025 2500 libro
1051 2451 1175 2501 cata
1205 2458 1224 2482 ε
1262 2448 1589 2501 Matthaeum
1620 2448 1688 2502 de

26 2539 262 2591 imnibus
338 2537 625 2590 haereticis
696 2541 944 2606 quarto:
1012 2558 1031 2583 ι
1099 2538 1235 2605 Ego,
1290 2536 1494 2606 inquit,
1560 2552 1691 2589 reor

26 2643 193 2679 unnes
241 2626 651 2679 haeresiarchas
708 2624 1086 2678 Antichristos
1142 2641 1283 2691 esse,
1319 2630 1374 2677 et
1426 2625 1528 2678 sub
1584 2642 1684 2678 no-

26 2715 148 2767 nine
184 2714 394 2769 Christi
452 2730 517 2766 ea
546 2714 747 2767 docere
780 2730 908 2783 quae
949 2713 1235 2766 contraria
1266 2713 1489 2766 Christo
1536 2719 1687 2765 sunt.

25 2804 111 2855 \‘ec
142 2804 356 2856 mirum
392 2802 438 2855 si
470 2801 686 2871 aliquid
716 2818 859 2871 quos
890 2798 915 2836 δ
948 2801 1016 2854 ab
1039 2801 1127 2854 his
1157 2801 1447 2854 videamus
1476 2801 1686 2869 seduci,

26 2908 126 2943 :um
175 2891 454 2945 Dominus
505 2890 758 2945 dixerit:
819 2892 889 2944 Et
944 2892 1137 2943 multos
1175 2890 1425 2943 seducent
1471 2890 1687 2959 (Matth.

26 2996 142 3045 mv,
176 2984 253 3045 5.)
309 2980 476 3043 Quod
516 2983 571 3032 et
627 2978 823 3031 beatus
869 2979 1115 3032 Joannes
1174 2979 1233 3031 in
1273 2995 1373 3031 sua
1440 2978 1691 3048 Epistula

26 3068 365 3121 luminositer
394 3067 530 3120 dicit
565 3083 577 3120 :
620 3067 869 3121 Audistis
921 3068 1053 3135 quia
1098 3067 1473 3120 Antichristus
1502 3072 1691 3120 ventu-

28 3174 96 3208 rus
124 3162 237 3209 est:
272 3172 411 3209 nunc
462 3162 641 3208 autem
689 3156 1022 3208 Antichristi
1065 3156 1225 3207 multi
1260 3158 1386 3207 sunt
1429 3155 1483 3221 (1
1530 3156 1687 3207 Joan.

28 3263 71 3309 u,
105 3246 202 3313 l8).
234 3246 409 3298 Erant
446 3244 618 3297 etiam
649 3243 761 3297 alia
810 3259 937 3313 quae
977 3242 1112 3296 huic
1150 3248 1362 3295 nostrae
1394 3241 1692 3295 assertioni

30 3333 394 3387 lulcimentum
444 3333 769 3386 edoctorum
815 3343 835 3366 ε
865 3332 1197 3385 exhiberent
1227 3346 1439 3400 opera:
1471 3331 1565 3384 sed
1631 3329 1692 3383 in

32 3438 72 3475 re
98 3424 211 3476 luce
242 3422 436 3492 potius
467 3420 722 3474 claritate
753 3420 1031 3491 fulgente,
1076 3435 1297 3473 moram
1343 3418 1691 3489 superfluam

32 3506 264 3561 deiitavi.
298 3508 405 3561 Sed
440 3524 512 3561 ne
557 3509 741 3562 solum
787 3513 1012 3562 tantum
1064 3514 1259 3561 nostro
1312 3508 1510 3561 doctor
1559 3508 1693 3560 Hie-

34 3611 240 3665 ronymo
271 3597 562 3650 conﬁdere
598 3596 877 3663 dicamur,
922 3601 977 3649 et
1020 3597 1255 3650 alterius
1296 3596 1486 3650 fulciri
1542 3596 1695 3649 testi-

34 3686 194 3739 monio
222 3702 338 3739 non
373 3691 730 3756 reputemur.
784 3688 905 3739 Non
937 3702 1077 3739 num
1109 3683 1129 3721 ί
1160 3686 1437 3738 Hilarium
1481 3685 1695 3739 confes-

36 3788 185 3827 sorem
215 3774 515 3844 egregium
556 3774 616 3827 in
652 3774 830 3827 aciem
858 3774 1063 3827 iterum
1113 3774 1519 3843 producamus,
1566 3790 1693 3827 nos-

36 3874 118 3927 que
146 3860 384 3915 duorum
419 3861 776 3931 professione
807 3861 1091 3914 veracium
1121 3862 1547 3915 contirmemus.

87 3995 162 4046 35.
208 3994 586 4047 Antichristos
626 3994 817 4064 plures
863 4009 1002 4060 esse,
1063 3992 1271 4064 inquit,
1330 3994 1503 4047 etiam
1556 4009 1695 4063 apo-

39 4081 149 4132 stolo
171 4082 383 4136 Joanne
409 4082 756 4153 praedicante
805 4081 1197 4152 cognovimus.
1241 4081 1508 4152 Quisquis
1541 4081 1693 4134 enim

40 4166 290 4223 Christum
330 4170 519 4241 qualis
549 4170 619 4223 ab
654 4171 929 4240 apostolis
958 4174 1042 4223 est
1074 4169 1416 4238 praedicatus
1445 4169 1693 4238 negavit,

42 4258 383 4313 Aulichristus
423 4264 527 4311 est.
566 4259 824 4312 Nominis
871 4257 1204 4312 Antichristi
1236 4258 1556 4327 proprietas
1613 4261 1699 4310 est

1347 329 1718 386 INDICULUS
1759 330 2162 387 LUMINOSUS.

3391 339 3493 391 554

1802 463 1936 517 ﬁdei
1990 466 2360 519 exercendam
2390 466 2677 533 instituat;
2732 469 2821 521 bic
2874 484 2936 523 ex
2987 472 3149 538 parte
3206 470 3359 525 visus
3406 478 3493 525 est

1798 569 2095 605 renovasse
2117 553 2561 606 circumcisionis
2592 556 2837 609 cultrum
2872 557 3253 626 plausibiliter
3281 575 3491 613 acuens

1798 645 2099 695 etacarne
2141 642 2305 695 suilla
2337 655 2367 695 ε
2409 643 2723 711 prohibens
2769 644 3017 698 cultores
3048 650 3214 699 sectae
3274 648 3490 718 impiae,

1796 730 1882 781 vel
1914 746 2197 783 coercens.
2231 730 2391 793 Quod
2422 734 2613 783 autem
2659 732 2725 785 de
2754 733 3087 803 Apocalypsi
3120 734 3493 803 promisimus

1796 820 2132 891 exponenda
2159 824 2350 872 nostro
2382 819 2513 872 huic
2535 821 2800 890 pertenui
2841 822 3001 890 operi
3031 839 3303 892 congrua,
3339 824 3489 892 licet,

1798 912 1858 959 ut
1888 908 2084 961 crebro
2116 908 2256 973 dixi,
2288 909 2672 962 Antichristus
2722 909 2782 961 in
2812 925 2870 961 se
2918 912 3362 979 praesentialiter
3403 930 3492 965 ex-

1796 996 1985 1049 hibeat
2011 1000 2153 1061 tota;
2190 1002 2379 1049 tamen
2403 996 2448 1049 si
2502 997 2708 1066 spiritu
2744 998 3008 1063 ducante,
3048 1003 3106 1051 ut
3137 1001 3491 1054 consuetudo

1796 1084 2172 1137 ecclesiastica
2227 1085 2598 1138 celeberrime
2651 1085 2882 1151 retinet,
2944 1086 3065 1139 haec
3111 1086 3235 1156 ipsa
3283 1092 3494 1143 tracte—

1797 1189 1942 1239 mus,
1995 1189 2059 1225 ex
2110 1179 2270 1242 parte
2318 1172 2557 1242 impleta
2610 1188 2783 1243 super
2830 1174 2951 1241 jam
3005 1174 3221 1227 dictum
3273 1176 3495 1229 hostem

1796 1261 2221 1315 evidentissime
2244 1262 2607 1327 disseremus,
2654 1266 2706 1314 et
2736 1278 2843 1330 pro
2896 1262 3003 1315 hoc
3035 1264 3256 1316 nullum
3299 1264 3494 1333 loqua-

1797 1365 1920 1403 cem
1950 1348 2280 1401 malivolum
2305 1349 2651 1402 dubitamus.
2683 1350 2881 1403 Nullus
2914 1351 3068 1404 enim
3101 1358 3360 1405 nostrum
3388 1354 3494 1405 hoc

1798 1441 2054 1505 tempore
2087 1436 2190 1489 sub
2225 1453 2423 1489 eorum
2447 1438 2735 1506 reperitur
2776 1454 2974 1508 regno,
3007 1440 3107 1509 qui
3161 1444 3334 1504 emat,
3397 1446 3494 1493 aut

1797 1525 2005 1577 vendat
2033 1524 2307 1577 immunis
2336 1526 2528 1577 omine
2562 1527 2586 1566 h
2616 1526 2979 1579 ferocissimae
3042 1528 3237 1580 bestiae
3298 1530 3489 1597 (Apoc.

1799 1629 1912 1676 xui,
1950 1613 2055 1680 l7).
2091 1613 2287 1666 Omnis
2338 1614 2488 1666 enim
2530 1616 2949 1683 receptaculum
2997 1615 3050 1667 ei
3098 1616 3156 1668 in
3198 1616 3381 1669 fronte
3434 1617 3491 1669 in

1798 1700 2101 1771 principali
2139 1717 2311 1770 opere
2344 1700 2377 1761 ί,
2421 1702 2506 1753 vel
2539 1701 2597 1753 in
2644 1717 2840 1764 manu,
2876 1702 2930 1754 id
2976 1708 3079 1769 est,
3127 1704 3184 1756 in
3222 1705 3492 1773 operibus

1799 1789 2051 1858 segniter
2102 1788 2396 1856 inhiando,
2472 1790 2931 1859 frequentissime
2996 1792 3229 1860 praebet.
3292 1794 3490 1845 Notam

1799 1877 1921 1945 ejus
1950 1877 2247 1943 habentes,
2290 1878 2424 1930 dum
2459 1877 2902 1931 consuetudines
2932 1894 3132 1932 eorum
3183 1881 3488 1947 neglectas,

1798 1965 2232 2035 probatissimas
2290 1970 2517 2035 patrum
2587 1966 2885 2035 pestiferas
2941 1972 3119 2019 sectas
3187 1969 3489 2036 gentilium

1799 2058 2185 2107 consectamus
2220 2070 2232 2106 :
2268 2058 2324 2106 et
2358 2070 2568 2107 nomen
2598 2055 2656 2106 in
2690 2054 2993 2121 frontibus,
3024 2055 3158 2108 dum
3188 2057 3491 2110 obliterato

1798 2143 1979 2196 crucis
2034 2143 2259 2208 vexillo,
2331 2143 2509 2212 ipsius
2565 2143 2798 2196 nefandi
2857 2143 3075 2196 utimur
3127 2151 3489 2213 argumento.

1801 2234 1945 2285 Dum
1973 2231 2127 2283 enim
2149 2231 2643 2284 circumcisionem
2675 2232 2746 2283 ob
2767 2231 3286 2301 improperantium
3321 2234 3491 2303 igno-

1802 2319 2035 2372 miniam
2085 2319 2470 2382 devitandam,
2516 2320 2777 2388 despecta
2818 2320 3001 2372 cordis
3040 2336 3169 2389 qua:
3210 2322 3494 2391 principa-

1799 2407 1930 2460 liter
1952 2408 2108 2477 jussa
2139 2411 2242 2471 est,
2267 2424 2397 2460 cum
2423 2407 2584 2460 dolor
2613 2407 2782 2460 etiam
2818 2424 2929 2460 non
2987 2408 3176 2461 medio
3220 2436 3231 2477 ί
3292 2426 3495 2479 corpo-

1800 2495 1877 2547 ris
1906 2511 2250 2560 exercemus,
2281 2494 2418 2564 quid
2443 2494 2596 2547 aliud
2621 2511 2793 2564 quam
2827 2495 2949 2563 ejus
2979 2500 3169 2548 notam
3203 2495 3261 2547 in
3303 2502 3494 2548 mente

1800 2589 1857 2636 et
1885 2583 2143 2636 membro
2184 2582 2521 2651 portamus?
2556 2584 2625 2636 Et
2668 2582 2804 2635 dum
2854 2598 3054 2635 eorum
3105 2584 3380 2650 versibus,
3440 2589 3491 2636 et

1799 2670 2018 2724 fabellis
2050 2670 2206 2722 mille
2238 2670 2353 2722 suis
2400 2670 2769 2734 delectamus,
2828 2670 3024 2739 eisque
3072 2670 3363 2733 inservire,
3403 2672 3488 2723 vel

1800 2758 1940 2828 ipsis
2001 2756 2366 2827 nequissimis
2419 2756 2805 2809 obsecundare
2850 2757 3024 2810 etiam
3063 2759 3301 2827 praemio
3354 2760 3491 2811 emi-
3572 2814 3575 2819 _

1800 2862 1939 2911 nus;
1973 2850 2029 2898 et
2057 2861 2121 2897 ex
2164 2845 2269 2897 hoc
2303 2845 2473 2897 vitam
2519 2844 2577 2897 in
2627 2846 2833 2897 samulo
2885 2846 3168 2910 ducimus,
3225 2848 3308 2899 vel
3360 2864 3488 2900 cor-

1801 2951 1938 3006 pora
1994 2933 2341 3003 saginamus,
2398 2949 2464 2985 ex
2508 2932 2726 2985 inlicito
2766 2934 2995 2987 servitio
3049 2940 3105 2987 et
3151 2938 3490 2989 exsecrando

1801 3021 2117 3075 ministerio
2162 3020 2603 3074 abundantiores
2634 3037 2771 3091 opes
2807 3028 3242 3093 congregantes,
3302 3019 3492 3095 fulgo-

1800 3126 1909 3176 res,
1939 3109 2158 3175 odores,
2198 3110 2806 3180 vestimentorumque,
2868 3111 2983 3163 sive
3016 3128 3189 3181 opum
3252 3113 3494 3165 diversa-

1801 3215 1927 3252 rum
1969 3198 2343 3267 opulentiam,
2406 3199 2465 3251 in
2523 3199 2694 3268 longa
2734 3203 2995 3268 tempora
3044 3200 3205 3254 nobis
3248 3201 3492 3272 filiisque

1801 3287 2028 3350 nostris,
2066 3291 2234 3356 atque
2267 3287 2571 3356 nepotibus
2598 3286 2997 3356 prazvidentes,
3037 3304 3363 3359 nomenque
3398 3307 3493 3342 ne-

1801 3373 1987 3427 fandae
2025 3373 2219 3426 bestiae
2252 3390 2377 3426 cum
2411 3374 2627 3427 honore
2661 3379 2718 3427 et
2747 3376 3074 3445 precamine
3104 3377 3217 3429 illis
3264 3378 3433 3430 solito
3468 3380 3491 3411 κ

1801 3462 1919 3515 vice
1952 3478 2151 3515 eorum
2192 3462 2402 3515 nostris
2460 3463 2723 3514 manibus
2756 3467 3175 3533 praenotantes;
3233 3466 3492 3535 nunquid

1800 3567 1915 3604 non
1968 3551 2159 3620 patule
2215 3566 2425 3603 nomen
2475 3551 2669 3603 bestia:
2720 3552 2807 3603 his
2858 3551 3150 3603 affectibus
3200 3553 3257 3605 in
3318 3570 3490 3606 manu

1800 3639 1997 3692 dextra
2048 3640 2390 3707 portamus?
2446 3638 2533 3691 Sic
2591 3644 2645 3690 et
2696 3639 2831 3691 dum
2880 3638 2951 3691 ob
3008 3639 3251 3692 honores
3304 3642 3493 3694 saeculi

1800 3727 2001 3780 fratres
2041 3742 2170 3777 cum
2218 3725 2454 3777 crimine
2513 3725 2742 3795 regibus
2794 3726 2985 3794 impiis
3029 3734 3379 3790 accusamus,
3437 3734 3494 3782 et

1801 3814 2049 3868 inimicis
2098 3813 2306 3865 summi
2341 3813 2439 3865 Dei
2470 3814 2539 3866 ad
2573 3811 2946 3866 occidendum
2982 3829 3213 3884 gregem
3266 3816 3491 3870 Domini

1802 3900 2058 3970 gladium
2090 3899 2448 3952 revelationis
2469 3900 2843 3969 porrigimus,
2878 3901 3260 3972 ducatumque
3291 3920 3491 3958 eorum

1803 3993 1860 4042 et
1880 3988 2262 4041 ministerium
2296 3989 2364 4041 ad
2396 3989 2586 4058 ipsum
2618 3988 2837 4042 facinus
2887 3991 3262 4045 exercendum
3320 4009 3492 4063 pecu-

1802 4077 1915 4131 niis
1945 4077 2210 4142 emimus,
2245 4077 2378 4147 quid
2414 4078 2570 4131 aliud
2619 4094 2787 4148 quam
2824 4094 2954 4131 cum
2982 4079 3179 4133 bestia:
3238 4083 3491 4149 nomine,

1804 4171 1862 4220 et
1890 4166 2214 4219 charactere
2248 4166 2653 4219 crudelissimae
2687 4166 2821 4219 ferae
2862 4168 2899 4231 ι,
2934 4168 3222 4222 nundinas
3264 4185 3495 4224 exerce-

1808 4271 1955 4321 mus,
1984 4259 2039 4308 et
2068 4270 2200 4307 oves
2222 4254 2451 4308 Domini
2485 4255 2753 4324 luporum
2801 4256 3065 4309 dentibus
3098 4264 3305 4311 nostra:
3354 4276 3499 4313 mer-

43 4344 227 4399 Christo
278 4363 399 4400 esse
450 4347 787 4400 contrarius.
844 4348 909 4400 In
966 4346 1264 4399 transitum
1327 4362 1460 4398 vero
1507 4346 1697 4415 operis
1733 4344 2065 4415 Dcimonim
2120 4344 2458 4413 exponendo
2507 4345 2851 4413 peccamus?
2907 4345 2997 4399 Sic
3054 4350 3111 4400 et
3166 4348 3303 4401 dum
3368 4348 3496 4402 illo-

46 4434 250 4499 positum
294 4436 403 4489 hoc
456 4435 939 4489 considerandum
987 4434 1253 4504 prudenti
1300 4434 1498 4488 lectori
1540 4438 1698 4488 nota-

46 4533 161 4586 mus,
217 4524 369 4594 quod
426 4540 494 4577 ea
557 4539 685 4593 quaa
745 4523 813 4577 de
884 4522 1234 4576 Antichristo
1290 4522 1459 4575 multi
1506 4522 1697 4575 dixere

49 4608 284 4677 doctores,
308 4629 376 4666 eo
398 4612 550 4683 quod
576 4612 812 4665 veniens
836 4611 1137 4666 Mosaicam
1164 4612 1350 4680 legem
1377 4610 1697 4681 repriorere

49 4703 241 4769 sataget,
275 4702 412 4755 dum
441 4699 891 4754 circumcisionis
938 4698 1211 4770 injuriam
1244 4699 1315 4753 ob
1366 4698 1698 4752 firmitatem

103 4884 202 4961 “.F.
232 4885 593 4964 deploramus.
627 4884 830 4964 Supra.
879 4900 937 4964 n.
990 4887 1079 4949 2t,
1136 4883 1419 4964 dif/teratu
1481 4885 1702 4937 oracula

58 4952 414 5020 legimusfsed
448 4973 515 5009 ea
537 4972 688 5008 nunc
710 4952 1041 5024 importuna
1069 4955 1227 5007 notio
1261 4956 1503 5009 videtur.

106 5027 123 5064 δ
150 5028 434 5097 Domitium
466 5028 612 5095 lege,
647 5031 707 5079 ut
736 5042 928 5097 supra,
963 5042 1018 5078 n.
1049 5028 1135 5078 2i.

107 5105 121 5127 ε
148 5096 196 5149 ld
224 5103 305 5149 est
329 5100 664 5150 secundum.

64 5166 128 5267 Md
160 5168 203 5221 Ι.
236 5171 284 5221 si
310 5169 524 5237 aliquos
551 5184 618 5220 ex
661 5166 920 5235 Ilieron.,
956 5165 1054 5220 lib.
1091 5183 1165 5235 iv,
1214 5165 1272 5219 in
1313 5165 1527 5231 Matth.,
1574 5180 1697 5235 cap.

62 5234 122 5286 Ἦ.

110 5314 125 5337 ε
158 5308 206 5360 F.
237 5309 531 5363 doctorum.

95 5375 126 5451 ,ί
157 5381 262 5443 iis,
314 5396 421 5432 non
475 5394 623 5434 num.
675 5378 985 5449 legendum
1022 5382 1213 5432 autem
1277 5379 1572 5434 A’onnum:
1636 5390 1701 5428 ex

68 5443 185 5499 dictis
212 5467 361 5503 num.
382 5454 437 5514 9,
467 5466 523 5519 p.
557 5451 681 5502 233.

118 5530 137 5563 ε
166 5521 269 5574 Μελ..
304 5537 338 5573 a
366 5534 553 5574 carnes
573 5520 784 5573 suillos.

121 5590 139 5627 ¹ι
168 5592 242 5645 Ad
286 5592 428 5645 illud
468 5590 673 5643 alludit
712 5588 1101 5659 Apocalypsis,
1160 5588 1260 5643 ubi
1315 5587 1568 5642 dicitur:
1635 5588 1707 5641 Ne

373 5690 651 5753 PATROL.
704 5687 913 5752 CXXI.

1806 4450 1933 4486 rum
1976 4438 2329 4486 sacramenta
2379 4433 2747 4503 inquirimus,
2779 4438 2835 4487 et
2864 4434 3339 4504 philosophorum
3383 4437 3499 4490 imo

1806 4521 2308 4592 philocomporum
2335 4530 2394 4588 ω,
2430 4526 2607 4575 sectas
2640 4521 2782 4575 scire
2815 4538 2928 4575 non
2961 4539 3064 4591 pro
3094 4524 3349 4592 ipsorum
3373 4540 3500 4577 con-

1809 4609 2101 4664 vincendis
2133 4610 2444 4675 erroribus,
2479 4610 2577 4663 sed
2607 4625 2715 4680 pro
2743 4611 3030 4679 elegantia
3058 4611 3288 4680 leporis,
3322 4616 3377 4664 et
3414 4612 3497 4664 lo-

1808 4699 2037 4753 cutione
2066 4698 2385 4753 luculenter
2411 4698 2641 4763 diserta,
2675 4697 2948 4764 neglectis
2981 4698 3189 4751 sanctis
3240 4698 3500 4752 lectioni-

1812 4884 1934 4949 quis
1962 4883 2135 4950 possit
2164 4896 2352 4943 emere,
2386 4885 2481 4933 aut
2510 4880 2757 4945 vendere,
2805 4881 2918 4932 nisi
2948 4882 3044 4946 qui
3100 4880 3261 4934 habet
3313 4881 3503 4934 chara-

1810 4958 2026 5017 cterem,
2078 4957 2172 5004 aut
2200 4966 2387 5004 nomen
2412 4952 2609 5015 bestia,
2647 4958 2741 5003 aut
2774 4965 3054 5003 numerum
3093 4953 3327 5005 nominis
3362 4952 3500 5019 ejus,

1811 5040 1935 5093 cap.
1974 5026 2056 5076 l3.
2095 5023 2239 5075 Hinc
2268 5022 2410 5073 forte
2461 5021 2556 5073 ubi
2608 5022 2704 5074 Ms.
2738 5022 3011 5073 inmunem
3059 5024 3249 5087 omine,
3311 5022 3495 5088 legen-

1813 5095 1949 5147 dum
1981 5109 1993 5145 :
2025 5094 2280 5144 immunis
2314 5095 2541 5143 nomine.

1885 5164 1897 5197 ί
1930 5163 2052 5228 Ms.,
2082 5164 2139 5213 in
2167 5162 2471 5229 principale
2500 5162 2742 5229 operis...
2780 5162 2839 5214 in
2868 5176 3050 5229 opera.

1902 5256 1915 5297 ,-
1946 5234 2025 5285 lta
2058 5237 2193 5283 tunc
2216 5247 2317 5298 pro
2348 5247 2451 5284 non
2480 5230 2704 5285 modico.

1886 5302 1912 5335 κ
1954 5304 2074 5366 Ms.,
2097 5302 2333 5353 solitum.

1888 5373 1901 5405 ¹
1942 5373 2062 5436 Ms.,
2091 5371 2459 5424 crudelissime
2490 5373 2652 5437 ferre.

1886 5451 1924 5476 ω
1948 5442 2003 5518 Id
2032 5446 2132 5505 est,
2157 5456 2272 5518 non
2300 5442 2904 5518 amatorumscientize
2928 5444 3105 5518 (quod
3132 5445 3508 5518 philosophus

1816 5510 2205 5588 sonat),__sed_
2240 5516 2567 5588 amatorum
2621 5513 2930 5581 jactantiie.
2968 5510 3050 5568 Ex
3108 5510 3312 5586 grmco,
3363 5510 3511 5588 ’φιλό-

1817 5602 2011 5654 κομπος
2042 5580 2098 5635 id
2130 5586 2211 5633 est
2228 5582 2517 5651 jactantiae
2550 5580 2787 5638 amator.

3122 5693 3200 5748 18
