3860 6262
370 352 470 403 533

1763 347 2014 402 ALVARI
2057 344 2543 401 CORDUBENSIS
3725 356 3781 399 ἧκε

364 483 470 536 bus
501 495 936 551 congregamus,
965 478 1110 533 nihil
1141 478 1295 533 aliud
1326 494 1499 549 quam
1548 494 1853 532 numerum
1886 486 1910 511 ⁸
1958 494 2056 530 ιιο-
2097 480 2144 535 Α
2172 477 2362 545 stiani,
2405 481 2461 531 et
2490 477 2748 548 linguam
2792 478 3084 549 propriam
3133 494 3248 533 non
3300 478 3597 533 advertunt
3646 481 3783 541 Latini,
3814 477 3815 513 ³

365 570 537 624 minis
568 570 689 639 ejus
720 569 778 622 in
810 569 1072 622 cubiculo
1094 574 1286 622 nostro
1308 567 1471 634 quasi
1494 567 1648 621 idola
1674 568 2056 620 conlocamus.

366 659 518 725 Quis,
553 675 713 727 rogo,
746 658 918 712 hodie
947 658 1122 711 solers
1153 657 1209 710 in
1243 656 1450 710 nostris
1479 656 1741 709 ﬁdelibus
1772 656 1929 709 laicis
1972 656 2058 709 in-

366 748 594 800 venitur
621 750 663 813 b,
724 746 823 817 qui
872 745 1179 815 Scripturis
1233 744 1441 797 sanctis
1473 744 1737 798 inventus
1770 744 2060 797 volumina

365 852 847 907 quorumcunque
892 836 1194 889 doctorum
1268 834 1461 887 Latine
1512 834 1830 903 conscripta
1878 833 2057 902 respi-

365 925 476 978 ciat
507 926 563 978 c‘P
594 924 730 988 Quis
772 924 1115 993 evangelico,
1158 922 1284 994 quis
1329 922 1685 992 prophetico,
1745 921 1874 992 quis
1921 938 2059 991 apo-

365 1014 561 1065 stolico
594 1018 752 1065 ustus
778 1017 1006 1065 tenetur
1029 1012 1267 1066 amore?
1314 1012 1515 1065 Nonne
1545 1027 1744 1064 omnes
1774 1010 2060 1080 djuveues

367 1101 674 1155 Christiani
702 1100 860 1154 vultu
897 1101 1102 1167 decori,
1150 1101 1363 1169 lingua:
1396 1104 1418 1131 °
1461 1098 1677 1166 diserti,
1732 1099 1928 1152 habitu
1960 1114 2059 1167 ge-

365 1194 570 1258 stuque
622 1188 936 1258 conspicui,
993 1187 1283 1257 gentilicia
1342 1186 1664 1240 eruditione
1714 1185 1977 1255 praeclari
2020 1184 2057 1251 τ,

366 1277 605 1330 Arabico
652 1276 879 1345 eloquio
937 1275 1252 1340 sublimati,
1311 1274 1605 1327 volumina
1664 1273 2058 1327 Chaldaeorum

366 1366 689 1418 avidissime
737 1369 980 1418 tractant
1014 1377 1061 1431 ς,
1096 1362 1478 1417 intentissime
1528 1363 1747 1433 legunt,
1784 1361 2059 1415 ardentis-

365 1454 506 1505 sime
530 1453 837 1518 disserunt,
873 1457 927 1506 et
959 1452 1182 1521 ingenti
1215 1452 1399 1506 studio
1452 1460 1880 1521 congregantes.
1924 1450 2054 1513 lata,

364 1542 780 1611 constrictaque
815 1541 1010 1610 lingua
1045 1540 1331 1594 laudando
1365 1539 1681 1607 divulgant,
1735 1539 2061 1592 ecclesiasti-

363 1646 486 1683 ειη]
518 1630 1008 1699 pulchritudinem
1036 1629 1391 1699 ignorantes,
1424 1634 1479 1680 et
1512 1628 1769 1681 Ecclesia:
1821 1628 2061 1681 tlumina

363 1719 431 1771 de
465 1718 729 1787 paradiso
762 1717 1074 1782 manantia,
1102 1718 1267 1787 quasi
1288 1716 1557 1769 vilissima
1605 1720 2055 1769 contemnentes.

436 1807 577 1871 Ileu,
610 1805 757 1875 proh
788 1805 979 1859 dolor!
1025 1806 1282 1874 linguam
1315 1807 1341 1847 ιι
1374 1820 1536 1858 suam
1585 1804 1849 1858 nesciunt
1906 1805 2062 1858 Chri-

436 1972 460 1996 ι
498 1965 789 2018 Numerum
835 1965 1069 2016 nominis
1130 1961 1266 2031 ejus,
1327 1962 1381 2015 id
1439 1966 1541 2026 est,
1602 1962 1853 2016 sexcenti
1894 1977 2059 2016 sexa-

366 2034 525 2103 ginta
556 2051 648 2086 sex
675 2035 863 2103 (Apoc.
889 2050 1003 2099 xm,
1045 2036 1154 2101 18).

435 2107 460 2146 ιι
502 2105 730 2157 Aldrete
769 2104 867 2157 lib.
918 2122 954 2157 1.
998 2104 1152 2174 Orig.
1210 2104 1345 2173 ling.
1381 2103 1603 2158 Castell.
1637 2120 1683 2157 c.
1740 2106 1807 2157 22
1842 2120 1854 2157 :
1908 2106 2055 2157 inve-

364 2178 574 2227 niatur.

435 2255 455 2278 °
493 2247 647 2299 Idem
690 2262 702 2298 :
736 2247 984 2313 recipiat.

433 2318 458 2358 ά
501 2318 655 2369 Idem
699 2333 710 2368 :
748 2318 1003 2370 homines.

435 2391 458 2416 “
502 2388 653 2440 Idem
699 2404 711 2439 :
749 2389 955 2453 lingua.

436 2456 452 2489 ί
493 2459 614 2523 Ms,
645 2456 1225 2527 gmtilicicruditioni.

2169 566 2248 619 ita
2275 572 2333 619 ut
2366 566 2525 619 omni
2556 567 2567 600 ¹
2601 566 2810 622 Christi
2839 568 3081 637 collegio
3113 567 3204 621 vix
3252 568 3541 621 invenitur
3591 586 3715 625 unus
3752 574 3785 625 in

2169 655 2404 708 milleno
2451 656 2753 709 hominum
2785 672 3048 723 numero,
3115 656 3213 726 qui
3280 658 3635 711 salutatorias
3681 658 3786 713 {miri

2169 744 2349 814 possit
2390 745 2812 799 rationabiliter
2850 745 3099 815 dirigere
3144 746 3357 799 litteras
3431 748 3492 799 Et
3522 748 3773 816 reperiturz

2169 834 2385 903 absque
2416 850 2658 888 numero
2690 835 2990 903 multiplex
3030 834 3199 887 turba
3224 835 3271 901 κ,
3314 834 3417 904 qui
3448 836 3657 888 erudite
3678 837 3791 890 Chai-

2170 920 2359 975 daicas
2404 922 2710 975 verborum
2768 923 3011 993 explicet
3066 938 3325 993 pompas.
3376 924 3459 976 Ita
3514 928 3572 976 ut
3627 927 3791 977 metriae

2170 1009 2471 1063 eruditiori
2502 1011 2570 1063 ab
2603 1010 2740 1081 ipsis
2789 1011 3058 1079 gentibus
3108 1011 3380 1073 carmine,
3439 1015 3495 1064 et
3544 1012 3793 1065 sublimior.

2170 1098 2622 1167 pulchritudine,
2668 1099 2866 1152 ﬁnales
2912 1100 3192 1152 clausulas
3212 1098 3380 1152 unius
3431 1100 3631 1152 littera:
3682 1086 3819 1152 coar-d

2170 1185 2416 1239 ctatione
2475 1188 2761 1251 decorent,
2814 1192 2871 1239 et
2918 1187 3083 1256 juxta
3133 1187 3285 1257 quod
3340 1188 3797 1257 linguwipsiusre

2170 1274 2350 1343 quirit
2381 1274 2617 1341 idioma,
2666 1291 2795 1344 quae
2841 1291 3041 1329 omnes
3086 1276 3308 1329 vocales
3360 1277 3548 1345 apices
3586 1286 3798 1329 commata

2169 1363 2383 1416 claudit
2426 1368 2480 1417 et
2536 1365 2677 1429 cola,
2731 1364 3029 1433 rythmice,
3077 1364 3193 1418 imo
3245 1365 3329 1417 uti
3388 1364 3527 1434 ipsis
3575 1368 3797 1434 competit

2169 1452 2405 1507 metrice
2438 1453 2689 1507 universi
2718 1454 3009 1523 alphabeti
3062 1454 3264 1508 littera:
3292 1470 3397 1523 per
3430 1454 3612 1507 varias
3654 1455 3797 1508 dictio-

2170 1557 2271 1595 nes
2318 1542 2595 1611 plurimas
2626 1543 2907 1596 variantes
2949 1559 3062 1596 uno
3105 1543 3219 1596 fine
3252 1544 3722 1612 constringuntur,
3746 1546 3799 1593 vel

2170 1630 2345 1689 simili
2389 1631 2568 1699 apice.
2618 1631 2788 1684 Multa
2834 1636 2891 1683 et
2944 1630 3055 1684 alia
3112 1636 3275 1685 erant
3315 1647 3444 1701 quae
3489 1636 3684 1684 nostra:
3716 1630 3797 1681 huic

2170 1718 2511 1788 expositioni
2538 1719 2875 1772 exhiberent
2917 1719 3247 1772 firmitatem
3283 1736 3295 1773 :
3349 1720 3465 1772 imo
3498 1735 3622 1789 quia
3674 1718 3799 1787 ipsam

2170 1807 2363 1876 patule
2384 1806 2445 1860 in
2478 1808 2659 1860 lucem
2683 1808 3066 1876 producerent
3096 1824 3269 1877 quam
3302 1807 3638 1878 exponimus
3665 1807 3693 1858 ‘.

2243 1977 2272 2017 π
2308 1964 2549 2030 Aldret.,
2583 1970 2848 2019 eructant.

2242 2038 2268 2078 h
2309 2035 2463 2088 Idem
2499 2052 2510 2087 :
2549 2037 2731 2101 legem.

2243 2108 2256 2140 ί
2299 2106 2453 2158 Idem
2491 2121 2502 2161 :
2537 2122 2603 2159 ea:
2634 2110 2797 2160 omni.

2246 2199 2258 2241 ί
2302 2177 2458 2229 Idem
2494 2193 2505 2229 :
2539 2178 2617 2229 Et
2647 2179 2907 2245 reperias.

2244 2247 2269 2279 κ
2309 2247 2428 2312 Ms,
2461 2249 2784 2316 multiplices
2823 2248 3031 2302 turbas.

2246 2317 2258 2349 ¹
2300 2318 2600 2388 Hueusque
2659 2319 2830 2371 codex
2889 2317 3289 2374 Cordubensis.
3339 2317 3635 2373 Secundus
3684 2330 3805 2386 quem

2172 2388 2438 2457 promisit
2468 2389 2613 2441 liber
2644 2391 2827 2458 (num.
2858 2392 2907 2454 1,
2945 2392 2998 2443 tt
3030 2396 3085 2442 et
3111 2392 3198 2453 2t)
3231 2389 3613 2444 desideratur.

1353 2769 2102 2880 INCIPIUNT
2190 2771 2743 2883 VERSUS
2813 2768 2877 2881 ³.

1190 3078 1230 3129 I.

925 3181 1135 3219 CARNEN
1174 3179 1505 3217 PUILOMELJE.

363 3260 500 3324 Vox,
530 3256 865 3320 Philomela,
899 3259 996 3307 tua
1028 3259 1342 3306 metrorum
1369 3251 1624 3305 carmina
1656 3250 1850 3317 vincit,

436 3348 498 3399 Et
527 3348 758 3415 superat
788 3343 945 3397 miris
970 3342 1205 3395 ﬂamina
1236 3356 1444 3410 magna
1467 3340 1673 3395 modis.

364 3435 501 3497 Vox,
536 3432 869 3496 Philomela,
894 3436 993 3483 tua
1020 3429 1203 3484 dulcis
1226 3445 1401 3499 super
1430 3444 1645 3498 organa
1677 3428 1887 3499 pergit,

432 3523 663 3578 Cantica
692 3536 826 3574 nam
856 3534 1025 3572 suave
1057 3517 1271 3588 fulgide
1304 3533 1514 3587 magna
1543 3534 1672 3570 ca...

362 3612 501 3675 Vox,
540 3610 876 3673 Philomela,
902 3613 1000 3661 tua
1019 3611 1251 3678 superat
1270 3606 1349 3658 sic
1378 3610 1609 3675 gutture
1642 3620 1850 3671 musas,

438 3701 503 3754 Ut
532 3700 778 3753 citharas
803 3699 828 3740 ι)
858 3696 1042 3749 vincat
1068 3695 1233 3748 sibila
1256 3704 1275 3727 ε
1303 3700 1454 3748 ter...

360 3789 563 3858 Sicque
586 3788 737 3856 lyras
766 3786 958 3839 dulces
979 3783 1321 3837 chordarum
1354 3783 1560 3853 pollice
1594 3782 1796 3836 ductus
1818 3782 1843 3822 ἀ

434 3875 667 3930 Excellis
702 3874 957 3928 mulcens
988 3872 1165 3926 corda
1192 3872 1388 3925 fovens
1416 3871 1717 3924 hominum
1746 3881 1787 3924 ε.

361 3965 535 4019 Cedat
565 3962 815 4017 omni....
848 3961 952 4015 tibi
983 3976 1084 4013 vox
1121 3975 1351 4029 quoque
1378 3960 1609 4028 garrula
1638 3959 1801 4012 cedat
1833 3974 1845 4011 :

429 4052 620 4105 Judice
654 4067 743 4103 me
774 4065 1003 4102 carmen
1036 4048 1253 4118 fulgeat
1276 4063 1446 4099 omne
1490 4052 1675 4100 tuum.

362 4142 525 4194 Nulla
543 4144 693 4192 certe
725 4138 827 4189 tibi
860 4136 1104 4205 mquiter
1137 4152 1287 4188 nunc
1314 4134 1574 4188 cantibus
1600 4135 1717 4187 ales

441 4271 452 4281 .
478 4269 490 4282 .
515 4269 525 4282 .
547 4268 560 4279 .
604 4226 899 4279 hominum
925 4240 1059 4277 Voce
1080 4224 1255 4277 feras.
1278 4264 1290 4275 .
1314 4264 1326 4276 .
1350 4265 1361 4277 .
1385 4264 1397 4276 .
1420 4264 1434 4277 .

1008 4353 1023 4366 .
1060 4310 1543 4366 blande........

432 4405 525 4457 Et.
548 4444 557 4458 .
582 4444 595 4457 .
618 4446 630 4458 .
656 4441 703 4459 ..
742 4400 916 4454 funde
950 4398 1111 4452 solite
1144 4401 1376 4468 gutture
1406 4412 1557 4466 saepe
1592 4395 1789 4449 melos.

362 4494 549 4548 Porri.
575 4540 582 4546 .
608 4533 621 4545 .
644 4534 656 4546 .
696 4490 888 4544 dulces
920 4503 1123 4541 sonum
1146 4485 1418 4555 gaudenti
1450 4490 1677 4554 pectore
1699 4485 1983 4555 plectrunt

433 4581 1252 4636 Etdulce................
1287 4574 1487 4643 elange
1518 4589 1748 4626 sonans.

358 4672 547 4725 Gloria
1095 4705 1142 4717 ..
1182 4678 1283 4733 per
1306 4662 1513 4715 saecula
1542 4661 1780 4715 Christo.

429 4758 1468 4824 Qui
1512 4749 1868 4805 tantadedit.

425 4912 449 4936 ⁸
488 4902 828 4955 Constanter
856 4898 1002 4950 versi
1023 4896 1079 4948 in
1104 4895 1207 4948 Ms.

427 4976 451 5015 ι)
493 4973 725 5026 Morales
768 4985 782 5022 :
811 4968 1028 5022 cicadas
1058 4968 1247 5019 vincit.

426 5054 445 5077 ε
480 5045 601 5107 Ms,
633 5042 815 5094 sivita.

427 5115 452 5155 ιι
494 5114 653 5175 Mor.,
686 5111 909 5164 ducunt.

425 5196 446 5221 ε
488 5185 705 5236 Desunt
742 5182 1045 5249 sequentes
1100 5192 1295 5231 versus
1339 5177 1398 5229 in
1442 5176 1657 5241 Murali,
1706 5191 1880 5247 supra
1912 5192 2042 5247 pag.

355 5258 421 5309 32
472 5254 667 5318 citaro,
720 5251 819 5304 ubi
877 5254 1117 5303 monet:
1162 5251 1282 5303 Haec
1328 5251 1511 5316 prima
1566 5250 1775 5316 pagina
1816 5252 2047 5316 prater-

354 5341 517 5393 quam
549 5322 692 5392 quod
722 5323 899 5375 lacera
918 5324 1031 5386 fuit
1059 5326 1109 5374 et
1136 5320 1391 5393 mutitata
1431 5324 1708 5387 tantopere
1732 5321 1848 5393 fuit
1872 5323 2048 5373 vetus-

355 5392 465 5449 tate
516 5395 689 5448 deleta
757 5397 817 5445 ut
868 5395 971 5445 vix
1024 5407 1213 5461 pauca
1272 5392 1463 5444 littera
1518 5392 1738 5455 agnosci
1804 5394 2042 5461 possent.

352 5466 576 5536 Agnitae
628 5479 761 5517 vero
812 5468 941 5516 sunt
987 5460 1181 5517 solerti
1229 5463 1288 5515 D.
1337 5461 1633 5514 Francisco
1662 5460 1912 5530 Delgado
1956 5460 2045 5513 in-

352 5536 747 5606 vestigatione.

424 5606 442 5640 τ
482 5600 689 5661 {Bona
714 5620 846 5675 pars
875 5604 1020 5669 folii,
1060 5602 1250 5675 inquit
1285 5602 1540 5675 Morales,
1580 5601 1817 5675 inferne
1840 5600 2041 5675 defuit,

353 5678 449 5731 ubi
502 5671 733 5731 initium
782 5675 889 5729 fuit
914 5676 1084 5744 hujus
1116 5671 1567 5744 epigrammatis.
1600 5672 1769 5724 Verso
1785 5671 1931 5744 _fol_io
1962 5687 2044 5723 se-

350 5749 585 5820 quentia
632 5749 859 5802 inerant
892 5762 904 5798 :
952 5742 1209 5801 Carmina
1224 5742 1355 5798 ’lzte
1384 5748 1501 5805 tua,
1536 5749 1641 5795 etc.
1678 5772 1746 5781 —
1777 5742 1885 5795 Sed
1938 5757 2038 5795 no-

2342 3093 2458 3131 ITEM
2500 3093 2667 3133 ALIUD
2708 3094 3136 3133 PHILOMELAICUK
3176 3096 3390 3134 CARIEN
3430 3097 3679 3135 EJUSDEI.

2168 3164 2265 3219 Dic
2294 3165 3719 3238 dic................mihigutturecan.....‘

2167 3254 2432 3307 Carmina
2464 3255 2591 3308 laete
2623 3260 2719 3309 tua
2749 3256 2880 3310 rudi
2910 3257 3131 3327 cripare
3162 3274 3423 3324 susurro,

2239 3343 2305 3395 Et
2333 3344 2530 3397 laudes
2560 3344 2825 3398 metricas
2856 3346 3118 3413 exercita,
3142 3362 3357 3416 quaeso,
3393 3347 3500 3401 tibi
3532 3361 3581 3401 Β.

2166 3429 2435 3483 Cantibus
2470 3447 2595 3484 ecce
2628 3432 2738 3486 tuis
2768 3448 3039 3504 responsa
3070 3434 3291 3504 poetica
3315 3442 3581 3501 currunt,

2238 3520 2302 3572 Et
2332 3524 2549 3573 certant
2572 3521 2727 3574 vario
2758 3537 2817 3575 se
2846 3524 2873 3563 Ιι
2899 3538 3171 3591 superare
3200 3524 3366 3594 pede.

2167 3608 2373 3661 Excute
2404 3609 2739 3679 pennigera,
2770 3611 2986 3664 exaltai
3014 3612 3093 3665 sic
3123 3614 3376 3665 carmina
3410 3629 3549 3667 voce
3585 3629 3598 3666 :

2236 3697 2375 3749 Nolo
2402 3696 2604 3751 timere
2635 3699 2792 3763 velis,
2824 3700 2958 3753 nolo
2984 3704 3170 3753 tacere
3215 3701 3375 3755 velis.

2162 3785 2339 3838 Cedat
2366 3786 2694 3856 omnigena,
2734 3788 2897 3841 cedat
2919 3804 3027 3841 vox
3058 3789 3289 3857 garrula
3311 3789 3495 3855 cedat,

2235 3873 2430 3927 Iudice
2457 3891 2547 3928 me
2579 3876 2781 3929 cedant
2810 3877 3003 3930 omnia
3029 3876 3208 3930 ﬂabra
3240 3877 3344 3931 tibi
3371 3905 3383 3945 ς
3409 3918 3423 3933 .

2165 3961 2462 4032 Perstrepe
2488 3964 2813 4034 plumigera
2843 3966 3073 4018 vincens
3095 3966 3173 4020 sic
3198 3966 3345 4020 facta
3372 3967 3399 4000 κ
3435 3967 3708 4037 priorum,

2238 4052 2305 4105 Ut
2328 4056 2523 4105 nostra
2555 4052 2770 4121 pariter
2796 4058 2969 4124 tuque
3001 4070 3150 4108 nova
3176 4071 3428 4125 superes.

2164 4140 2357 4194 Gloria
2389 4157 2599 4211 magna
2632 4143 2747 4195 Deo
2773 4148 2987 4209 nostro,
3018 4142 3118 4214 qui
3146 4142 3281 4197 sede
3312 4145 3584 4214 perenni,

2233 4230 2453 4300 Regnat
2481 4236 2780 4302 perpetue,
2810 4247 2915 4286 nos
2943 4232 3056 4302 pie,
3088 4231 3239 4303 juste
3266 4232 3487 4289 fovens.

2674 4510 2911 4549 DISTICHA
2954 4496 2966 4529 ¹
3007 4511 3075 4549 ΒΕ
3140 4511 3335 4551 GALLO.

2162 4669 2353 4724 Gallus
2382 4684 2440 4724 se
2474 4670 2768 4725 excutiens
2798 4671 3023 4742 pennis,
3060 4676 3117 4727 et
3149 4687 3283 4725 voce
3313 4672 3577 4733 resultat,

2234 4759 2533 4813 Dulcisone
2562 4768 2601 4793 αι
2633 4760 2886 4831 crispans
2906 4766 3138 4831 gutture
3168 4760 3409 4831 pulchre
3442 4777 3669 4815 sonans.

2156 4899 2383 5023 vistsime
2414 4900 2663 5025 dtuorum
2696 4902 3143 4973 praecedentium
3176 4918 3443 4957 versuum
3494 4909 3679 4974 partes
3727 4896 3812 4968 legi

2158 4987 2231 5025 no
2261 4987 2442 5025 uerun
2495 4988 2507 5025 :

2158 4987 2468 5041 patuerunt
2495 4988 2507 5025 ι

2624 5082 2680 5126 tu
2712 5078 2986 5127 desinente
3012 5078 3253 5128 canendo

2619 5140 2729 5189 dies
2762 5147 2918 5191 nocte
2944 5142 3189 5190 tenebras
3219 5140 3377 5190 solas.

2498 5202 2742 5252 Carmina
2769 5203 2886 5253 laete
2911 5208 3017 5266 tua,
3042 5208 3140 5253 etc.
3175 5223 3198 5245 ιι

2228 5328 2257 5369 ε
2295 5316 2455 5383 Mor.,
2483 5318 2582 5370 tui.

2226 5384 2251 5420 "
2292 5388 2414 5453 Ms.,
2441 5393 2510 5442 te.

2228 5458 2238 5490 ¹
2275 5458 2434 5523 Mor.,
2467 5459 2670 5523 exaltu,
2703 5463 2753 5513 et
2785 5460 2901 5513 Ms..
2926 5460 3134 5513 emtatta
3166 5460 3261 5513 sic.

2220 5554 2234 5596 ι
2307 5528 2397 5582 Sic
2428 5530 2565 5593 Mor,
2602 5530 2724 5597 Ms.,
2756 5531 2910 5584 cedat
2940 5546 3109 5584 omne.

2225 5601 2252 5641 ιι
2292 5600 2452 5652 Mor..
2472 5600 2617 5664 fata.

2224 5665 2235 5699 '
2275 5671 2397 5735 Ms.,
2440 5672 2666 5724 Distica.

2226 5748 2264 5773 ιιι
2296 5740 2387 5794 Sic
2416 5740 2550 5795 Mor.
2585 5741 2706 5805 M5,,
2737 5740 2887 5795 dulci
2912 5756 3056 5795 sono.
