  <div class='ocr_page' id='page_1' title='image "/cluster/home/n/w/nwhite01/storage/ocr_20150623/121/uva.x000827051/288.png"; bbox 0 0 3860 6262; ppageno 0'>
   <div class='ocr_carea' id='block_1_1' title="bbox 31 370 3537 426">
    <p class='ocr_par' dir='ltr' id='par_1_1' title="bbox 31 370 3537 426">
     <span class='ocr_line' id='line_1_1' title="bbox 31 370 3537 426; baseline 0.001 -5"><span class='ocrx_word' id='word_1_1' title='bbox 31 370 126 421; x_wconf 75' lang='lat'><strong>557</strong></span> <span class='ocrx_word' id='word_1_2' title='bbox 1612 370 1948 426; x_wconf 78' lang='lat' dir='ltr'><strong>CARMINA.</strong></span> <span class='ocrx_word' id='word_1_3' title='bbox 3436 372 3537 426; x_wconf 72' lang='lat'><strong>538</strong></span> 
     </span>
    </p>
   </div>
   <div class='ocr_carea' id='block_1_2' title="bbox 34 495 1344 568">
    <p class='ocr_par' dir='ltr' id='par_1_2' title="bbox 34 495 1344 568">
     <span class='ocr_line' id='line_1_2' title="bbox 34 495 1344 568; baseline 0.002 -18"><span class='ocrx_word' id='word_1_4' title='bbox 34 498 126 550; x_wconf 83' lang='lat' dir='ltr'><strong>Hic</strong></span> <span class='ocrx_word' id='word_1_5' title='bbox 156 495 366 566; x_wconf 88' lang='lat' dir='ltr'><strong>repetit</strong></span> <span class='ocrx_word' id='word_1_6' title='bbox 390 496 530 549; x_wconf 88' lang='lat' dir='ltr'><strong>altas</strong></span> <span class='ocrx_word' id='word_1_7' title='bbox 563 499 841 551; x_wconf 90' lang='lat' dir='ltr'><strong>nocturno</strong></span> <span class='ocrx_word' id='word_1_8' title='bbox 877 501 1133 568; x_wconf 90' lang='lat' dir='ltr'><strong>tempore</strong></span> <span class='ocrx_word' id='word_1_9' title='bbox 1164 514 1344 567; x_wconf 87' lang='lat' dir='ltr'><strong>voces,</strong></span> 
     </span>
    </p>
   </div>
   <div class='ocr_carea' id='block_1_3' title="bbox 102 586 1251 657">
    <p class='ocr_par' dir='ltr' id='par_1_3' title="bbox 102 586 1251 657">
     <span class='ocr_line' id='line_1_3' title="bbox 102 586 1251 657; baseline 0.003 -20"><span class='ocrx_word' id='word_1_10' title='bbox 102 587 167 637; x_wconf 79' lang='lat' dir='ltr'><strong>Et</strong></span> <span class='ocrx_word' id='word_1_11' title='bbox 196 586 327 638; x_wconf 89' lang='lat' dir='ltr'><strong>luce</strong></span> <span class='ocrx_word' id='word_1_12' title='bbox 358 586 568 655; x_wconf 63' lang='lat' dir='ltr'><strong>praevia</strong></span> <span class='ocrx_word' id='word_1_13' title='bbox 598 586 851 639; x_wconf 79' lang='lat' dir='ltr'><strong>carmina</strong></span> <span class='ocrx_word' id='word_1_14' title='bbox 881 588 1046 657; x_wconf 88' lang='lat' dir='ltr'><strong>plura</strong></span> <span class='ocrx_word' id='word_1_15' title='bbox 1078 589 1251 643; x_wconf 90' lang='lat' dir='ltr'><strong>canit.</strong></span> 
     </span>
    </p>
   </div>
   <div class='ocr_carea' id='block_1_4' title="bbox 36 674 1471 746">
    <p class='ocr_par' dir='ltr' id='par_1_4' title="bbox 36 674 1471 746">
     <span class='ocr_line' id='line_1_4' title="bbox 36 674 1471 746; baseline 0.002 -18"><span class='ocrx_word' id='word_1_16' title='bbox 36 676 128 729; x_wconf 86' lang='lat' dir='ltr'><strong>llic</strong></span> <span class='ocrx_word' id='word_1_17' title='bbox 158 674 360 728; x_wconf 83' lang='lat' dir='ltr'><strong>laudes</strong></span> <span class='ocrx_word' id='word_1_18' title='bbox 391 675 629 729; x_wconf 91' lang='lat' dir='ltr'><strong>Domino</strong></span> <span class='ocrx_word' id='word_1_19' title='bbox 660 676 864 745; x_wconf 80' lang='lat' dir='ltr'><strong>pandit</strong></span> <span class='ocrx_word' id='word_1_20' title='bbox 896 693 999 746; x_wconf 89' lang='lat' dir='ltr'><strong>per</strong></span> <span class='ocrx_word' id='word_1_21' title='bbox 1030 677 1172 731; x_wconf 86' lang='lat' dir='ltr'><strong>hora</strong></span> <span class='ocrx_word' id='word_1_22' title='bbox 1200 678 1421 732; x_wconf 88' lang='lat' dir='ltr'><strong>dierum</strong></span> <span class='ocrx_word' id='word_1_23' title='bbox 1459 695 1471 731; x_wconf 92' lang='lat'><strong>:</strong></span> 
     </span>
    </p>
   </div>
   <div class='ocr_carea' id='block_1_5' title="bbox 100 764 1311 834">
    <p class='ocr_par' dir='ltr' id='par_1_5' title="bbox 100 764 1311 834">
     <span class='ocr_line' id='line_1_5' title="bbox 100 764 1311 834; baseline 0.002 -17"><span class='ocrx_word' id='word_1_24' title='bbox 100 764 329 818; x_wconf 80' lang='lat' dir='ltr'><strong>Excitat</strong></span> <span class='ocrx_word' id='word_1_25' title='bbox 358 769 415 818; x_wconf 89' lang='lat' dir='ltr'><strong>et</strong></span> <span class='ocrx_word' id='word_1_26' title='bbox 444 765 638 834; x_wconf 87' lang='lat' dir='ltr'><strong>pigros</strong></span> <span class='ocrx_word' id='word_1_27' title='bbox 670 766 877 834; x_wconf 79' lang='lat' dir='ltr'><strong>saepius</strong></span> <span class='ocrx_word' id='word_1_28' title='bbox 909 766 1003 819; x_wconf 88' lang='lat' dir='ltr'><strong>hic</strong></span> <span class='ocrx_word' id='word_1_29' title='bbox 1032 766 1311 821; x_wconf 84' lang='lat' dir='ltr'><strong>recinens.</strong></span> 
     </span>
    </p>
   </div>
   <div class='ocr_carea' id='block_1_6' title="bbox 838 873 933 925">
    <p class='ocr_par' dir='ltr' id='par_1_6' title="bbox 838 873 933 925">
     <span class='ocr_line' id='line_1_6' title="bbox 838 873 933 925; baseline 0.011 -1"><span class='ocrx_word' id='word_1_30' title='bbox 838 873 933 925; x_wconf 87' lang='lat' dir='ltr'><strong>III.</strong></span> 
     </span>
    </p>
   </div>
   <div class='ocr_carea' id='block_1_7' title="bbox 702 976 1063 1015">
    <p class='ocr_par' dir='ltr' id='par_1_7' title="bbox 702 976 1063 1015">
     <span class='ocr_line' id='line_1_7' title="bbox 702 976 1063 1015; baseline 0.006 -3"><span class='ocrx_word' id='word_1_31' title='bbox 702 976 897 1014; x_wconf 72' lang='lat' dir='ltr'><strong>VERSUS</strong></span> <span class='ocrx_word' id='word_1_32' title='bbox 934 977 1063 1015; x_wconf 76' lang='lat' dir='ltr'><strong>ALII.</strong></span> 
     </span>
    </p>
   </div>
   <div class='ocr_carea' id='block_1_8' title="bbox 38 1067 1733 1137">
    <p class='ocr_par' dir='ltr' id='par_1_8' title="bbox 38 1067 1733 1137">
     <span class='ocr_line' id='line_1_8' title="bbox 38 1067 1733 1137; baseline 0.002 -18"><span class='ocrx_word' id='word_1_33' title='bbox 38 1067 168 1133; x_wconf 83' lang='lat' dir='ltr'><strong>(Illa</strong></span> <span class='ocrx_word' id='word_1_34' title='bbox 195 1067 329 1132; x_wconf 75' lang='lat' dir='ltr'><strong>folii</strong></span> <span class='ocrx_word' id='word_1_35' title='bbox 356 1082 511 1135; x_wconf 80' lang='lat' dir='ltr'><strong>pars,</strong></span> <span class='ocrx_word' id='word_1_36' title='bbox 546 1083 710 1136; x_wconf 83' lang='lat' dir='ltr'><strong>quam</strong></span> <span class='ocrx_word' id='word_1_37' title='bbox 749 1068 1059 1137; x_wconf 78' lang='lat' dir='ltr'><strong>disruptum</strong></span> <span class='ocrx_word' id='word_1_38' title='bbox 1088 1068 1353 1131; x_wconf 66' lang='lat' dir='ltr'><strong>dimimus,</strong></span> <span class='ocrx_word' id='word_1_39' title='bbox 1391 1072 1502 1121; x_wconf 75' lang='lat' dir='ltr'><strong>octo</strong></span> <span class='ocrx_word' id='word_1_40' title='bbox 1526 1071 1733 1137; x_wconf 79' lang='lat' dir='ltr'><strong>primos</strong></span> 
     </span>
    </p>
   </div>
   <div class='ocr_carea' id='block_1_9' title="bbox 100 1140 1729 1271">
    <p class='ocr_par' dir='ltr' id='par_1_9' title="bbox 100 1140 1729 1271">
     <span class='ocr_line' id='line_1_9' title="bbox 100 1140 1729 1271; baseline 0.001 -80"><span class='ocrx_word' id='word_1_41' title='bbox 100 1153 289 1271; x_wconf 48' lang='lat' dir='ltr'><strong>Eiet-su;</strong></span> <span class='ocrx_word' id='word_1_42' title='bbox 339 1140 660 1192; x_wconf 77' lang='lat' dir='ltr'><strong>abstulerat.</strong></span> <span class='ocrx_word' id='word_1_43' title='bbox 703 1140 984 1206; x_wconf 79' lang='lat' dir='ltr'><strong>Sequentis</strong></span> <span class='ocrx_word' id='word_1_44' title='bbox 1022 1140 1150 1205; x_wconf 75' lang='lat' dir='ltr'><strong>folii</strong></span> <span class='ocrx_word' id='word_1_45' title='bbox 1191 1140 1285 1192; x_wconf 86' lang='lat' dir='ltr'><strong>hoc</strong></span> <span class='ocrx_word' id='word_1_46' title='bbox 1335 1142 1447 1205; x_wconf 84' lang='lat' dir='ltr'><strong>fuit</strong></span> <span class='ocrx_word' id='word_1_47' title='bbox 1487 1141 1729 1193; x_wconf 72' lang='lat' dir='ltr'><strong>initium.</strong></span> 
     </span>
     <span class='ocr_line' id='line_1_10' title="bbox 152 1223 245 1262; baseline 0.022 -2"><span class='ocrx_word' id='word_1_48' title='bbox 152 1223 245 1262; x_wconf 80' lang='lat' dir='ltr'><strong>on.</strong></span> 
     </span>
    </p>
   </div>
   <div class='ocr_carea' id='block_1_10' title="bbox 152 1223 245 1262">
    <p class='ocr_par' dir='ltr' id='par_1_10' title="bbox 152 1223 245 1262">
     <span class='ocr_line' id='line_1_11' title="bbox 152 1223 245 1262; baseline 0.022 -2"><span class='ocrx_word' id='word_1_49' title='bbox 152 1223 245 1262; x_wconf 74' lang='lat' dir='ltr'><strong>OB.</strong></span> 
     </span>
    </p>
   </div>
   <div class='ocr_carea' id='block_1_11' title="bbox 36 1296 1436 1368">
    <p class='ocr_par' dir='ltr' id='par_1_11' title="bbox 36 1296 1436 1368">
     <span class='ocr_line' id='line_1_12' title="bbox 36 1296 1436 1368; baseline 0.001 -19"><span class='ocrx_word' id='word_1_50' title='bbox 36 1296 235 1366; x_wconf 83' lang='lat' dir='ltr'><strong>Sicque</strong></span> <span class='ocrx_word' id='word_1_51' title='bbox 268 1314 449 1367; x_wconf 82' lang='lat' dir='ltr'><strong>pavus</strong></span> <span class='ocrx_word' id='word_1_52' title='bbox 480 1306 504 1331; x_wconf 68' lang='grc'><strong>³</strong></span> <span class='ocrx_word' id='word_1_53' title='bbox 525 1298 676 1351; x_wconf 90' lang='lat' dir='ltr'><strong>varie</strong></span> <span class='ocrx_word' id='word_1_54' title='bbox 702 1314 1010 1368; x_wconf 81' lang='lat' dir='ltr'><strong>pavescens</strong></span> <span class='ocrx_word' id='word_1_55' title='bbox 1038 1314 1174 1352; x_wconf 87' lang='lat' dir='ltr'><strong>voce</strong></span> <span class='ocrx_word' id='word_1_56' title='bbox 1203 1299 1436 1352; x_wconf 80' lang='lat' dir='ltr'><strong>resultat</strong></span> 
     </span>
    </p>
   </div>
   <div class='ocr_carea' id='block_1_12' title="bbox 37 1385 1310 1455">
    <p class='ocr_par' dir='ltr' id='par_1_12' title="bbox 37 1385 1310 1455">
     <span class='ocr_line' id='line_1_13' title="bbox 37 1385 1310 1455; baseline 0.002 -18"><span class='ocrx_word' id='word_1_57' title='bbox 37 1385 138 1448; x_wconf 85' lang='lat' dir='ltr'><strong>Qui</strong></span> <span class='ocrx_word' id='word_1_58' title='bbox 166 1386 381 1455; x_wconf 88' lang='lat' dir='ltr'><strong>pennis</strong></span> <span class='ocrx_word' id='word_1_59' title='bbox 413 1387 611 1440; x_wconf 77' lang='lat' dir='ltr'><strong>rutilat</strong></span> <span class='ocrx_word' id='word_1_60' title='bbox 639 1386 808 1440; x_wconf 86' lang='lat' dir='ltr'><strong>fulvis</strong></span> <span class='ocrx_word' id='word_1_61' title='bbox 837 1393 887 1441; x_wconf 87' lang='lat' dir='ltr'><strong>et</strong></span> <span class='ocrx_word' id='word_1_62' title='bbox 922 1388 1139 1442; x_wconf 84' lang='lat' dir='ltr'><strong>murice</strong></span> <span class='ocrx_word' id='word_1_63' title='bbox 1171 1387 1310 1441; x_wconf 90' lang='lat' dir='ltr'><strong>sicli.</strong></span> 
     </span>
    </p>
   </div>
   <div class='ocr_carea' id='block_1_13' title="bbox 41 1474 1407 1546">
    <p class='ocr_par' dir='ltr' id='par_1_13' title="bbox 41 1474 1407 1546">
     <span class='ocr_line' id='line_1_14' title="bbox 41 1474 1407 1546; baseline 0.002 -20"><span class='ocrx_word' id='word_1_64' title='bbox 41 1474 230 1542; x_wconf 85' lang='lat' dir='ltr'><strong>Specie</strong></span> <span class='ocrx_word' id='word_1_65' title='bbox 262 1474 516 1528; x_wconf 87' lang='lat' dir='ltr'><strong>formosa</strong></span> <span class='ocrx_word' id='word_1_66' title='bbox 546 1476 699 1545; x_wconf 91' lang='lat' dir='ltr'><strong>viget</strong></span> <span class='ocrx_word' id='word_1_67' title='bbox 732 1476 828 1546; x_wconf 86' lang='lat' dir='ltr'><strong>qui</strong></span> <span class='ocrx_word' id='word_1_68' title='bbox 861 1477 1100 1545; x_wconf 86' lang='lat' dir='ltr'><strong>pulchre</strong></span> <span class='ocrx_word' id='word_1_69' title='bbox 1132 1480 1407 1530; x_wconf 86' lang='lat' dir='ltr'><strong>venustus</strong></span> 
     </span>
    </p>
   </div>
   <div class='ocr_carea' id='block_1_14' title="bbox 41 1562 1445 1635">
    <p class='ocr_par' dir='ltr' id='par_1_14' title="bbox 41 1562 1445 1635">
     <span class='ocr_line' id='line_1_15' title="bbox 41 1562 1445 1635; baseline 0.002 -20"><span class='ocrx_word' id='word_1_70' title='bbox 41 1562 305 1615; x_wconf 82' lang='lat' dir='ltr'><strong>Cantibus</strong></span> <span class='ocrx_word' id='word_1_71' title='bbox 328 1563 632 1632; x_wconf 86' lang='lat' dir='ltr'><strong>applaudit</strong></span> <span class='ocrx_word' id='word_1_72' title='bbox 664 1573 953 1634; x_wconf 88' lang='lat' dir='ltr'><strong>gemmato</strong></span> <span class='ocrx_word' id='word_1_73' title='bbox 985 1564 1171 1617; x_wconf 83' lang='lat' dir='ltr'><strong>sidere</strong></span> <span class='ocrx_word' id='word_1_74' title='bbox 1200 1564 1445 1635; x_wconf 88' lang='lat' dir='ltr'><strong>pinctus,</strong></span> 
     </span>
    </p>
   </div>
   <div class='ocr_carea' id='block_1_15' title="bbox 42 1652 1437 1722">
    <p class='ocr_par' dir='ltr' id='par_1_15' title="bbox 42 1652 1437 1722">
     <span class='ocr_line' id='line_1_16' title="bbox 42 1652 1437 1722; baseline 0 -17"><span class='ocrx_word' id='word_1_75' title='bbox 42 1654 171 1705; x_wconf 89' lang='lat' dir='ltr'><strong>Cum</strong></span> <span class='ocrx_word' id='word_1_76' title='bbox 201 1656 413 1703; x_wconf 82' lang='lat' dir='ltr'><strong>teretes</strong></span> <span class='ocrx_word' id='word_1_77' title='bbox 443 1652 648 1717; x_wconf 80' lang='lat' dir='ltr'><strong>vibrat,</strong></span> <span class='ocrx_word' id='word_1_78' title='bbox 682 1653 823 1706; x_wconf 89' lang='lat' dir='ltr'><strong>mire</strong></span> <span class='ocrx_word' id='word_1_79' title='bbox 858 1653 996 1706; x_wconf 91' lang='lat' dir='ltr'><strong>dum</strong></span> <span class='ocrx_word' id='word_1_80' title='bbox 1026 1653 1272 1722; x_wconf 77' lang='lat' dir='ltr'><strong>explicat</strong></span> <span class='ocrx_word' id='word_1_81' title='bbox 1301 1654 1437 1719; x_wconf 82' lang='lat' dir='ltr'><strong>alas,</strong></span> 
     </span>
    </p>
   </div>
   <div class='ocr_carea' id='block_1_16' title="bbox 41 1739 1365 1811">
    <p class='ocr_par' dir='ltr' id='par_1_16' title="bbox 41 1739 1365 1811">
     <span class='ocr_line' id='line_1_17' title="bbox 41 1739 1365 1811; baseline 0.002 -19"><span class='ocrx_word' id='word_1_82' title='bbox 41 1745 109 1792; x_wconf 83' lang='lat' dir='ltr'><strong>Ac</strong></span> <span class='ocrx_word' id='word_1_83' title='bbox 138 1739 275 1792; x_wconf 89' lang='lat' dir='ltr'><strong>solis</strong></span> <span class='ocrx_word' id='word_1_84' title='bbox 305 1740 491 1793; x_wconf 87' lang='lat' dir='ltr'><strong>instar</strong></span> <span class='ocrx_word' id='word_1_85' title='bbox 519 1741 699 1795; x_wconf 84' lang='lat' dir='ltr'><strong>cauda</strong></span> <span class='ocrx_word' id='word_1_86' title='bbox 730 1742 867 1795; x_wconf 91' lang='lat' dir='ltr'><strong>dum</strong></span> <span class='ocrx_word' id='word_1_87' title='bbox 893 1758 1072 1810; x_wconf 86' lang='lat' dir='ltr'><strong>pansa</strong></span> <span class='ocrx_word' id='word_1_88' title='bbox 1100 1742 1365 1811; x_wconf 84' lang='lat' dir='ltr'><strong>refulget,</strong></span> 
     </span>
    </p>
   </div>
   <div class='ocr_carea' id='block_1_17' title="bbox 45 1830 1205 1899">
    <p class='ocr_par' dir='ltr' id='par_1_17' title="bbox 45 1830 1205 1899">
     <span class='ocr_line' id='line_1_18' title="bbox 45 1830 1205 1899; baseline 0 -16"><span class='ocrx_word' id='word_1_89' title='bbox 45 1830 101 1883; x_wconf 86' lang='lat' dir='ltr'><strong>Et</strong></span> <span class='ocrx_word' id='word_1_90' title='bbox 127 1830 309 1899; x_wconf 87' lang='lat' dir='ltr'><strong>peltes</strong></span> <span class='ocrx_word' id='word_1_91' title='bbox 338 1830 555 1884; x_wconf 86' lang='lat' dir='ltr'><strong>clarent</strong></span> <span class='ocrx_word' id='word_1_92' title='bbox 583 1831 778 1884; x_wconf 86' lang='lat' dir='ltr'><strong>lunato</strong></span> <span class='ocrx_word' id='word_1_93' title='bbox 811 1832 993 1885; x_wconf 88' lang='lat' dir='ltr'><strong>sidere</strong></span> <span class='ocrx_word' id='word_1_94' title='bbox 1024 1832 1205 1885; x_wconf 90' lang='lat' dir='ltr'><strong>densi.</strong></span> 
     </span>
    </p>
   </div>
   <div class='ocr_carea' id='block_1_18' title="bbox 48 1918 1479 1989">
    <p class='ocr_par' dir='ltr' id='par_1_18' title="bbox 48 1918 1479 1989">
     <span class='ocr_line' id='line_1_19' title="bbox 48 1918 1479 1989; baseline 0.001 -19"><span class='ocrx_word' id='word_1_95' title='bbox 48 1918 176 1970; x_wconf 85' lang='lat' dir='ltr'><strong>Dum</strong></span> <span class='ocrx_word' id='word_1_96' title='bbox 209 1918 383 1971; x_wconf 83' lang='lat' dir='ltr'><strong>vertit</strong></span> <span class='ocrx_word' id='word_1_97' title='bbox 412 1924 567 1972; x_wconf 87' lang='lat' dir='ltr'><strong>terra</strong></span> <span class='ocrx_word' id='word_1_98' title='bbox 597 1919 837 1989; x_wconf 86' lang='lat' dir='ltr'><strong>pulcher</strong></span> <span class='ocrx_word' id='word_1_99' title='bbox 860 1920 1195 1989; x_wconf 83' lang='lat' dir='ltr'><strong>placideque</strong></span> <span class='ocrx_word' id='word_1_100' title='bbox 1221 1919 1479 1985; x_wconf 89' lang='lat' dir='ltr'><strong>decorus,</strong></span> 
     </span>
    </p>
   </div>
   <div class='ocr_carea' id='block_1_19' title="bbox 44 2006 1490 2076">
    <p class='ocr_par' dir='ltr' id='par_1_19' title="bbox 44 2006 1490 2076">
     <span class='ocr_line' id='line_1_20' title="bbox 44 2006 1490 2076; baseline 0.001 -18"><span class='ocrx_word' id='word_1_101' title='bbox 44 2010 143 2058; x_wconf 81' lang='lat' dir='ltr'><strong>Aut</strong></span> <span class='ocrx_word' id='word_1_102' title='bbox 168 2006 388 2076; x_wconf 88' lang='lat' dir='ltr'><strong>crispas</strong></span> <span class='ocrx_word' id='word_1_103' title='bbox 418 2007 633 2059; x_wconf 78' lang='lat' dir='ltr'><strong>relevat</strong></span> <span class='ocrx_word' id='word_1_104' title='bbox 662 2006 923 2075; x_wconf 88' lang='lat' dir='ltr'><strong>pandens</strong></span> <span class='ocrx_word' id='word_1_105' title='bbox 954 2023 1058 2076; x_wconf 89' lang='lat' dir='ltr'><strong>per</strong></span> <span class='ocrx_word' id='word_1_106' title='bbox 1088 2007 1286 2060; x_wconf 92' lang='lat' dir='ltr'><strong>ordine</strong></span> <span class='ocrx_word' id='word_1_107' title='bbox 1318 2010 1490 2071; x_wconf 89' lang='lat' dir='ltr'><strong>rotas,</strong></span> 
     </span>
    </p>
   </div>
   <div class='ocr_carea' id='block_1_20' title="bbox 50 2093 1469 2164">
    <p class='ocr_par' dir='ltr' id='par_1_20' title="bbox 50 2093 1469 2164">
     <span class='ocr_line' id='line_1_21' title="bbox 50 2093 1469 2164; baseline 0.001 -19"><span class='ocrx_word' id='word_1_108' title='bbox 50 2093 273 2146; x_wconf 87' lang='lat' dir='ltr'><strong>Lumine</strong></span> <span class='ocrx_word' id='word_1_109' title='bbox 306 2095 549 2147; x_wconf 88' lang='lat' dir='ltr'><strong>milleno</strong></span> <span class='ocrx_word' id='word_1_110' title='bbox 582 2095 895 2164; x_wconf 88' lang='lat' dir='ltr'><strong>splendunt</strong></span> <span class='ocrx_word' id='word_1_111' title='bbox 925 2094 1060 2147; x_wconf 91' lang='lat' dir='ltr'><strong>hinc</strong></span> <span class='ocrx_word' id='word_1_112' title='bbox 1088 2094 1218 2147; x_wconf 91' lang='lat' dir='ltr'><strong>inde</strong></span> <span class='ocrx_word' id='word_1_113' title='bbox 1250 2110 1469 2158; x_wconf 85' lang='lat' dir='ltr'><strong>serene,</strong></span> 
     </span>
    </p>
   </div>
   <div class='ocr_carea' id='block_1_21' title="bbox 50 2183 1689 2259">
    <p class='ocr_par' dir='ltr' id='par_1_21' title="bbox 50 2183 1689 2259">
     <span class='ocr_line' id='line_1_22' title="bbox 50 2183 1689 2259; baseline 0 -24"><span class='ocrx_word' id='word_1_114' title='bbox 50 2183 178 2235; x_wconf 87' lang='lat' dir='ltr'><strong>Dum</strong></span> <span class='ocrx_word' id='word_1_115' title='bbox 212 2184 462 2236; x_wconf 85' lang='lat' dir='ltr'><strong>reboans</strong></span> <span class='ocrx_word' id='word_1_116' title='bbox 496 2184 788 2237; x_wconf 88' lang='lat' dir='ltr'><strong>melodum</strong></span> <span class='ocrx_word' id='word_1_117' title='bbox 820 2187 1098 2237; x_wconf 86' lang='lat' dir='ltr'><strong>concentu</strong></span> <span class='ocrx_word' id='word_1_118' title='bbox 1129 2184 1322 2252; x_wconf 89' lang='lat' dir='ltr'><strong>plume</strong></span> <span class='ocrx_word' id='word_1_119' title='bbox 1352 2184 1609 2237; x_wconf 85' lang='lat' dir='ltr'><strong>volucres</strong></span> <span class='ocrx_word' id='word_1_120' title='bbox 1680 2252 1689 2259; x_wconf 33' lang='lat'><strong><em>.</em></strong></span> 
     </span>
    </p>
   </div>
   <div class='ocr_carea' id='block_1_22' title="bbox 54 2272 1524 2342">
    <p class='ocr_par' dir='ltr' id='par_1_22' title="bbox 54 2272 1524 2342">
     <span class='ocr_line' id='line_1_23' title="bbox 54 2272 1524 2342; baseline 0.001 -19"><span class='ocrx_word' id='word_1_121' title='bbox 54 2272 307 2339; x_wconf 85' lang='lat' dir='ltr'><strong>Despicit,</strong></span> <span class='ocrx_word' id='word_1_122' title='bbox 348 2276 401 2325; x_wconf 91' lang='lat' dir='ltr'><strong>et</strong></span> <span class='ocrx_word' id='word_1_123' title='bbox 432 2272 671 2342; x_wconf 84' lang='lat' dir='ltr'><strong>replicat</strong></span> <span class='ocrx_word' id='word_1_124' title='bbox 699 2272 898 2325; x_wconf 87' lang='lat' dir='ltr'><strong>crebro</strong></span> <span class='ocrx_word' id='word_1_125' title='bbox 931 2272 1192 2325; x_wconf 90' lang='lat' dir='ltr'><strong>iterando</strong></span> <span class='ocrx_word' id='word_1_126' title='bbox 1221 2288 1524 2326; x_wconf 72' lang='lat' dir='ltr'><strong>cammnas.</strong></span> 
     </span>
    </p>
   </div>
   <div class='ocr_carea' id='block_1_23' title="bbox 51 2359 1327 2430">
    <p class='ocr_par' dir='ltr' id='par_1_23' title="bbox 51 2359 1327 2430">
     <span class='ocr_line' id='line_1_24' title="bbox 51 2359 1327 2430; baseline 0.001 -19"><span class='ocrx_word' id='word_1_127' title='bbox 51 2359 181 2429; x_wconf 82' lang='lat' dir='ltr'><strong>Ergo</strong></span> <span class='ocrx_word' id='word_1_128' title='bbox 210 2377 309 2413; x_wconf 86' lang='lat' dir='ltr'><strong>vos</strong></span> <span class='ocrx_word' id='word_1_129' title='bbox 347 2360 535 2429; x_wconf 74' lang='lat' dir='ltr'><strong>cygni,</strong></span> <span class='ocrx_word' id='word_1_130' title='bbox 566 2360 820 2430; x_wconf 76' lang='lat' dir='ltr'><strong>lautique</strong></span> <span class='ocrx_word' id='word_1_131' title='bbox 850 2360 1053 2413; x_wconf 88' lang='lat' dir='ltr'><strong>decore</strong></span> <span class='ocrx_word' id='word_1_132' title='bbox 1081 2376 1327 2430; x_wconf 88' lang='lat' dir='ltr'><strong>pavones</strong></span> 
     </span>
    </p>
   </div>
   <div class='ocr_carea' id='block_1_24' title="bbox 51 2448 1596 2513">
    <p class='ocr_par' dir='ltr' id='par_1_24' title="bbox 51 2448 1596 2513">
     <span class='ocr_line' id='line_1_25' title="bbox 51 2448 1596 2513; baseline 0.001 -12"><span class='ocrx_word' id='word_1_133' title='bbox 51 2449 176 2501; x_wconf 86' lang='lat' dir='ltr'><strong>Cum</strong></span> <span class='ocrx_word' id='word_1_134' title='bbox 206 2449 372 2501; x_wconf 82' lang='lat' dir='ltr'><strong>suavi</strong></span> <span class='ocrx_word' id='word_1_135' title='bbox 406 2465 535 2501; x_wconf 90' lang='lat' dir='ltr'><strong>mea</strong></span> <span class='ocrx_word' id='word_1_136' title='bbox 564 2464 693 2501; x_wconf 91' lang='lat' dir='ltr'><strong>cum</strong></span> <span class='ocrx_word' id='word_1_137' title='bbox 726 2451 750 2490; x_wconf 87' lang='lat' dir='ltr'><strong>b</strong></span> <span class='ocrx_word' id='word_1_138' title='bbox 780 2448 1097 2502; x_wconf 85' lang='lat' dir='ltr'><strong>Philomela</strong></span> <span class='ocrx_word' id='word_1_139' title='bbox 1130 2448 1316 2502; x_wconf 85' lang='lat' dir='ltr'><strong>ducite</strong></span> <span class='ocrx_word' id='word_1_140' title='bbox 1345 2464 1596 2513; x_wconf 89' lang='lat' dir='ltr'><strong>carmen,</strong></span> 
     </span>
    </p>
   </div>
   <div class='ocr_carea' id='block_1_25' title="bbox 54 2536 1542 2606">
    <p class='ocr_par' dir='ltr' id='par_1_25' title="bbox 54 2536 1542 2606">
     <span class='ocr_line' id='line_1_26' title="bbox 54 2536 1542 2606; baseline 0.001 -18"><span class='ocrx_word' id='word_1_141' title='bbox 54 2538 108 2589; x_wconf 85' lang='lat' dir='ltr'><strong>Et</strong></span> <span class='ocrx_word' id='word_1_142' title='bbox 127 2537 373 2606; x_wconf 88' lang='lat' dir='ltr'><strong>pedibus</strong></span> <span class='ocrx_word' id='word_1_143' title='bbox 401 2537 657 2590; x_wconf 89' lang='lat' dir='ltr'><strong>metricis</strong></span> <span class='ocrx_word' id='word_1_144' title='bbox 683 2536 881 2591; x_wconf 82' lang='lat' dir='ltr'><strong>rithmi</strong></span> <span class='ocrx_word' id='word_1_145' title='bbox 908 2538 1259 2591; x_wconf 84' lang='lat' dir='ltr'><strong>contemnite</strong></span> <span class='ocrx_word' id='word_1_146' title='bbox 1288 2543 1542 2591; x_wconf 87' lang='lat' dir='ltr'><strong>monstra</strong></span> 
     </span>
    </p>
   </div>
   <div class='ocr_carea' id='block_1_26' title="bbox 54 2625 1535 2696">
    <p class='ocr_par' dir='ltr' id='par_1_26' title="bbox 54 2625 1535 2696">
     <span class='ocr_line' id='line_1_27' title="bbox 54 2625 1535 2696; baseline 0.001 -19"><span class='ocrx_word' id='word_1_147' title='bbox 54 2626 169 2689; x_wconf 66' lang='lat' dir='ltr'><strong>Quae</strong></span> <span class='ocrx_word' id='word_1_148' title='bbox 200 2627 397 2696; x_wconf 81' lang='lat' dir='ltr'><strong>segnis</strong></span> <span class='ocrx_word' id='word_1_149' title='bbox 423 2642 620 2679; x_wconf 90' lang='lat' dir='ltr'><strong>errans</strong></span> <span class='ocrx_word' id='word_1_150' title='bbox 650 2625 834 2679; x_wconf 84' lang='lat' dir='ltr'><strong>ﬂuxus</strong></span> <span class='ocrx_word' id='word_1_151' title='bbox 861 2637 881 2660; x_wconf 75' lang='grc' dir='ltr'>ε</span> <span class='ocrx_word' id='word_1_152' title='bbox 913 2626 991 2679; x_wconf 91' lang='lat' dir='ltr'><strong>sic</strong></span> <span class='ocrx_word' id='word_1_153' title='bbox 1023 2626 1253 2680; x_wconf 86' lang='lat' dir='ltr'><strong>rancide</strong></span> <span class='ocrx_word' id='word_1_154' title='bbox 1275 2642 1480 2680; x_wconf 87' lang='lat' dir='ltr'><strong>sanans</strong></span> <span class='ocrx_word' id='word_1_155' title='bbox 1509 2627 1535 2667; x_wconf 77' lang='grc' dir='ltr'>ἀ</span> 
     </span>
    </p>
   </div>
   <div class='ocr_carea' id='block_1_27' title="bbox 56 2714 1269 2785">
    <p class='ocr_par' dir='ltr' id='par_1_27' title="bbox 56 2714 1269 2785">
     <span class='ocr_line' id='line_1_28' title="bbox 56 2714 1269 2785; baseline 0 -18"><span class='ocrx_word' id='word_1_156' title='bbox 56 2716 209 2767; x_wconf 79' lang='lat' dir='ltr'><strong>Devio</strong></span> <span class='ocrx_word' id='word_1_157' title='bbox 240 2714 469 2785; x_wconf 86' lang='lat' dir='ltr'><strong>mugitu</strong></span> <span class='ocrx_word' id='word_1_158' title='bbox 505 2714 706 2784; x_wconf 83' lang='lat' dir='ltr'><strong>pangit</strong></span> <span class='ocrx_word' id='word_1_159' title='bbox 736 2718 797 2767; x_wconf 88' lang='lat' dir='ltr'><strong>ut</strong></span> <span class='ocrx_word' id='word_1_160' title='bbox 826 2714 1045 2768; x_wconf 89' lang='lat' dir='ltr'><strong>cantica</strong></span> <span class='ocrx_word' id='word_1_161' title='bbox 1076 2719 1269 2784; x_wconf 86' lang='lat' dir='ltr'><strong>turpet</strong></span> 
     </span>
    </p>
   </div>
   <div class='ocr_carea' id='block_1_28' title="bbox 55 2803 1555 2874">
    <p class='ocr_par' dir='ltr' id='par_1_28' title="bbox 55 2803 1555 2874">
     <span class='ocr_line' id='line_1_29' title="bbox 55 2803 1555 2874; baseline 0.001 -19"><span class='ocrx_word' id='word_1_162' title='bbox 55 2803 325 2872; x_wconf 68' lang='lat' dir='ltr'><strong>Ecclesite,</strong></span> <span class='ocrx_word' id='word_1_163' title='bbox 358 2804 629 2874; x_wconf 83' lang='lat' dir='ltr'><strong>plebibus</strong></span> <span class='ocrx_word' id='word_1_164' title='bbox 659 2819 786 2874; x_wconf 70' lang='lat' dir='ltr'><strong>quas</strong></span> <span class='ocrx_word' id='word_1_165' title='bbox 816 2818 1040 2873; x_wconf 85' lang='lat' dir='ltr'><strong>semper</strong></span> <span class='ocrx_word' id='word_1_166' title='bbox 1064 2804 1282 2874; x_wconf 86' lang='lat' dir='ltr'><strong>fulgida</strong></span> <span class='ocrx_word' id='word_1_167' title='bbox 1312 2804 1486 2857; x_wconf 89' lang='lat' dir='ltr'><strong>claret</strong></span> <span class='ocrx_word' id='word_1_168' title='bbox 1515 2814 1555 2857; x_wconf 71' lang='grc' dir='ltr'><strong>ε.</strong></span> 
     </span>
    </p>
   </div>
   <div class='ocr_carea' id='block_1_29' title="bbox 482 3012 1293 3062">
    <p class='ocr_par' dir='ltr' id='par_1_29' title="bbox 482 3012 1293 3062">
     <span class='ocr_line' id='line_1_30' title="bbox 482 3012 1293 3062; baseline 0.001 -14"><span class='ocrx_word' id='word_1_169' title='bbox 482 3012 684 3051; x_wconf 78' lang='lat' dir='ltr'><strong>VERSUS</strong></span> <span class='ocrx_word' id='word_1_170' title='bbox 723 3012 909 3062; x_wconf 80' lang='lat' dir='ltr'><strong>LAUDI,</strong></span> <span class='ocrx_word' id='word_1_171' title='bbox 952 3013 1052 3049; x_wconf 80' lang='lat' dir='ltr'><strong>VEL</strong></span> <span class='ocrx_word' id='word_1_172' title='bbox 1092 3012 1293 3051; x_wconf 80' lang='lat' dir='ltr'><strong>PRECIS.</strong></span> 
     </span>
    </p>
   </div>
   <div class='ocr_carea' id='block_1_30' title="bbox 60 3100 1327 3173">
    <p class='ocr_par' dir='ltr' id='par_1_30' title="bbox 60 3100 1327 3173">
     <span class='ocr_line' id='line_1_31' title="bbox 60 3100 1327 3173; baseline 0.001 -19"><span class='ocrx_word' id='word_1_173' title='bbox 60 3101 95 3154; x_wconf 94' lang='grc' dir='ltr'><strong>Ο</strong></span> <span class='ocrx_word' id='word_1_174' title='bbox 117 3100 319 3171; x_wconf 86' lang='lat' dir='ltr'><strong>pietate</strong></span> <span class='ocrx_word' id='word_1_175' title='bbox 353 3100 542 3155; x_wconf 90' lang='lat' dir='ltr'><strong>bonus</strong></span> <span class='ocrx_word' id='word_1_176' title='bbox 575 3102 786 3173; x_wconf 82' lang='lat' dir='ltr'><strong>opifex,</strong></span> <span class='ocrx_word' id='word_1_177' title='bbox 816 3102 1040 3172; x_wconf 88' lang='lat' dir='ltr'><strong>fulgore</strong></span> <span class='ocrx_word' id='word_1_178' title='bbox 1071 3103 1327 3168; x_wconf 90' lang='lat' dir='ltr'><strong>decorus,</strong></span> 
     </span>
    </p>
   </div>
   <div class='ocr_carea' id='block_1_31' title="bbox 63 3189 1344 3261">
    <p class='ocr_par' dir='ltr' id='par_1_31' title="bbox 63 3189 1344 3261">
     <span class='ocr_line' id='line_1_32' title="bbox 63 3189 1344 3261; baseline 0.002 -19"><span class='ocrx_word' id='word_1_179' title='bbox 63 3189 159 3243; x_wconf 77' lang='lat' dir='ltr'><strong>Rex</strong></span> <span class='ocrx_word' id='word_1_180' title='bbox 188 3190 533 3244; x_wconf 68' lang='lat' dir='ltr'><strong>saeculorum</strong></span> <span class='ocrx_word' id='word_1_181' title='bbox 564 3190 746 3256; x_wconf 88' lang='lat' dir='ltr'><strong>fortis,</strong></span> <span class='ocrx_word' id='word_1_182' title='bbox 779 3191 877 3261; x_wconf 88' lang='lat' dir='ltr'><strong>qui</strong></span> <span class='ocrx_word' id='word_1_183' title='bbox 908 3192 1056 3244; x_wconf 87' lang='lat' dir='ltr'><strong>clare</strong></span> <span class='ocrx_word' id='word_1_184' title='bbox 1087 3207 1344 3258; x_wconf 87' lang='lat' dir='ltr'><strong>serenus,</strong></span> 
     </span>
    </p>
   </div>
   <div class='ocr_carea' id='block_1_32' title="bbox 64 3279 1311 3350">
    <p class='ocr_par' dir='ltr' id='par_1_32' title="bbox 64 3279 1311 3350">
     <span class='ocr_line' id='line_1_33' title="bbox 64 3279 1311 3350; baseline 0 -19"><span class='ocrx_word' id='word_1_185' title='bbox 64 3280 264 3332; x_wconf 73' lang='lat' dir='ltr'><strong>.Eterne</strong></span> <span class='ocrx_word' id='word_1_186' title='bbox 297 3295 550 3349; x_wconf 86' lang='lat' dir='ltr'><strong>regnans</strong></span> <span class='ocrx_word' id='word_1_187' title='bbox 582 3295 789 3350; x_wconf 88' lang='lat' dir='ltr'><strong>magna</strong></span> <span class='ocrx_word' id='word_1_188' title='bbox 817 3279 1033 3333; x_wconf 88' lang='lat' dir='ltr'><strong>ditione</strong></span> <span class='ocrx_word' id='word_1_189' title='bbox 1064 3284 1311 3349; x_wconf 86' lang='lat' dir='ltr'><strong>potestas</strong></span> 
     </span>
    </p>
   </div>
   <div class='ocr_carea' id='block_1_33' title="bbox 64 3367 1461 3438">
    <p class='ocr_par' dir='ltr' id='par_1_33' title="bbox 64 3367 1461 3438">
     <span class='ocr_line' id='line_1_34' title="bbox 64 3367 1461 3438; baseline 0 -18"><span class='ocrx_word' id='word_1_190' title='bbox 64 3367 383 3421; x_wconf 86' lang='lat' dir='ltr'><strong>Pulchriﬁce</strong></span> <span class='ocrx_word' id='word_1_191' title='bbox 415 3368 645 3422; x_wconf 86' lang='lat' dir='ltr'><strong>radians</strong></span> <span class='ocrx_word' id='word_1_192' title='bbox 675 3372 793 3422; x_wconf 87' lang='lat' dir='ltr'><strong>toto</strong></span> <span class='ocrx_word' id='word_1_193' title='bbox 823 3384 926 3438; x_wconf 90' lang='lat' dir='ltr'><strong>per</strong></span> <span class='ocrx_word' id='word_1_194' title='bbox 957 3368 1172 3421; x_wconf 89' lang='lat' dir='ltr'><strong>mundo</strong></span> <span class='ocrx_word' id='word_1_195' title='bbox 1202 3367 1461 3438; x_wconf 86' lang='lat' dir='ltr'><strong>refulgis,</strong></span> 
     </span>
    </p>
   </div>
   <div class='ocr_carea' id='block_1_34' title="bbox 63 3455 1735 3527">
    <p class='ocr_par' dir='ltr' id='par_1_34' title="bbox 63 3455 1735 3527">
     <span class='ocr_line' id='line_1_35' title="bbox 63 3455 1735 3527; baseline 0.001 -19"><span class='ocrx_word' id='word_1_196' title='bbox 63 3456 149 3517; x_wconf 87' lang='lat' dir='ltr'><strong>Qui</strong></span> <span class='ocrx_word' id='word_1_197' title='bbox 177 3473 359 3523; x_wconf 89' lang='lat' dir='ltr'><strong>mare,</strong></span> <span class='ocrx_word' id='word_1_198' title='bbox 397 3456 498 3527; x_wconf 88' lang='lat' dir='ltr'><strong>qui</strong></span> <span class='ocrx_word' id='word_1_199' title='bbox 546 3460 745 3524; x_wconf 88' lang='lat' dir='ltr'><strong>terras,</strong></span> <span class='ocrx_word' id='word_1_200' title='bbox 795 3457 1138 3527; x_wconf 70' lang='lat' dir='ltr'><strong>cmlumque,</strong></span> <span class='ocrx_word' id='word_1_201' title='bbox 1172 3462 1229 3509; x_wconf 89' lang='lat' dir='ltr'><strong>et</strong></span> <span class='ocrx_word' id='word_1_202' title='bbox 1271 3460 1485 3509; x_wconf 86' lang='lat' dir='ltr'><strong>tartara</strong></span> <span class='ocrx_word' id='word_1_203' title='bbox 1526 3455 1735 3524; x_wconf 91' lang='lat' dir='ltr'><strong>tendis,</strong></span> 
     </span>
    </p>
   </div>
   <div class='ocr_carea' id='block_1_35' title="bbox 64 3544 1380 3615">
    <p class='ocr_par' dir='ltr' id='par_1_35' title="bbox 64 3544 1380 3615">
     <span class='ocr_line' id='line_1_36' title="bbox 64 3544 1380 3615; baseline 0.001 -20"><span class='ocrx_word' id='word_1_204' title='bbox 64 3544 117 3597; x_wconf 83' lang='lat' dir='ltr'><strong>Et</strong></span> <span class='ocrx_word' id='word_1_205' title='bbox 144 3545 352 3599; x_wconf 87' lang='lat' dir='ltr'><strong>virtute</strong></span> <span class='ocrx_word' id='word_1_206' title='bbox 386 3546 586 3613; x_wconf 86' lang='lat' dir='ltr'><strong>vigens</strong></span> <span class='ocrx_word' id='word_1_207' title='bbox 612 3544 805 3615; x_wconf 87' lang='lat' dir='ltr'><strong>signas</strong></span> <span class='ocrx_word' id='word_1_208' title='bbox 832 3550 889 3599; x_wconf 92' lang='lat' dir='ltr'><strong>et</strong></span> <span class='ocrx_word' id='word_1_209' title='bbox 918 3545 1098 3598; x_wconf 89' lang='lat' dir='ltr'><strong>cludis</strong></span> <span class='ocrx_word' id='word_1_210' title='bbox 1130 3545 1380 3614; x_wconf 81' lang='lat' dir='ltr'><strong>abyssos,</strong></span> 
     </span>
    </p>
   </div>
   <div class='ocr_carea' id='block_1_36' title="bbox 66 3632 1584 3704">
    <p class='ocr_par' dir='ltr' id='par_1_36' title="bbox 66 3632 1584 3704">
     <span class='ocr_line' id='line_1_37' title="bbox 66 3632 1584 3704; baseline 0.001 -19"><span class='ocrx_word' id='word_1_211' title='bbox 66 3632 222 3694; x_wconf 86' lang='lat' dir='ltr'><strong>Quem</strong></span> <span class='ocrx_word' id='word_1_212' title='bbox 246 3639 509 3704; x_wconf 88' lang='lat' dir='ltr'><strong>respecta</strong></span> <span class='ocrx_word' id='word_1_213' title='bbox 536 3633 751 3697; x_wconf 86' lang='lat' dir='ltr'><strong>tremit,</strong></span> <span class='ocrx_word' id='word_1_214' title='bbox 787 3648 1029 3704; x_wconf 65' lang='lat' dir='ltr'><strong>quaeque</strong></span> <span class='ocrx_word' id='word_1_215' title='bbox 1060 3633 1266 3703; x_wconf 88' lang='lat' dir='ltr'><strong>pietate</strong></span> <span class='ocrx_word' id='word_1_216' title='bbox 1297 3632 1584 3703; x_wconf 86' lang='lat' dir='ltr'><strong>gubernas</strong></span> 
     </span>
    </p>
   </div>
   <div class='ocr_carea' id='block_1_37' title="bbox 63 3720 1535 3792">
    <p class='ocr_par' dir='ltr' id='par_1_37' title="bbox 63 3720 1535 3792">
     <span class='ocr_line' id='line_1_38' title="bbox 63 3720 1535 3792; baseline 0 -19"><span class='ocrx_word' id='word_1_217' title='bbox 63 3721 371 3792; x_wconf 87' lang='lat' dir='ltr'><strong>Temperas,</strong></span> <span class='ocrx_word' id='word_1_218' title='bbox 404 3725 461 3775; x_wconf 91' lang='lat' dir='ltr'><strong>et</strong></span> <span class='ocrx_word' id='word_1_219' title='bbox 492 3721 718 3775; x_wconf 90' lang='lat' dir='ltr'><strong>rabidas</strong></span> <span class='ocrx_word' id='word_1_220' title='bbox 748 3722 978 3775; x_wconf 86' lang='lat' dir='ltr'><strong>frenans</strong></span> <span class='ocrx_word' id='word_1_221' title='bbox 1007 3720 1212 3774; x_wconf 86' lang='lat' dir='ltr'><strong>virtute</strong></span> <span class='ocrx_word' id='word_1_222' title='bbox 1240 3721 1535 3790; x_wconf 89' lang='lat' dir='ltr'><strong>procellas.</strong></span> 
     </span>
    </p>
   </div>
   <div class='ocr_carea' id='block_1_38' title="bbox 65 3809 1394 3880">
    <p class='ocr_par' dir='ltr' id='par_1_38' title="bbox 65 3809 1394 3880">
     <span class='ocr_line' id='line_1_39' title="bbox 65 3809 1394 3880; baseline 0 -19"><span class='ocrx_word' id='word_1_223' title='bbox 65 3810 281 3866; x_wconf 87' lang='lat' dir='ltr'><strong>Tu.......</strong></span> <span class='ocrx_word' id='word_1_224' title='bbox 315 3810 599 3865; x_wconf 89' lang='lat' dir='ltr'><strong>Dominus</strong></span> <span class='ocrx_word' id='word_1_225' title='bbox 629 3810 755 3864; x_wconf 89' lang='lat' dir='ltr'><strong>coeli</strong></span> <span class='ocrx_word' id='word_1_226' title='bbox 786 3809 886 3880; x_wconf 91' lang='lat' dir='ltr'><strong>qui</strong></span> <span class='ocrx_word' id='word_1_227' title='bbox 914 3825 1092 3879; x_wconf 87' lang='lat' dir='ltr'><strong>regna</strong></span> <span class='ocrx_word' id='word_1_228' title='bbox 1123 3812 1394 3878; x_wconf 88' lang='lat' dir='ltr'><strong>potestas,</strong></span> 
     </span>
    </p>
   </div>
   <div class='ocr_carea' id='block_1_39' title="bbox 68 3898 1356 3970">
    <p class='ocr_par' dir='ltr' id='par_1_39' title="bbox 68 3898 1356 3970">
     <span class='ocr_line' id='line_1_40' title="bbox 68 3898 1356 3970; baseline 0.001 -21"><span class='ocrx_word' id='word_1_229' title='bbox 68 3898 118 3950; x_wconf 85' lang='lat' dir='ltr'><strong>Et</strong></span> <span class='ocrx_word' id='word_1_230' title='bbox 142 3900 295 3953; x_wconf 82' lang='lat' dir='ltr'><strong>vultu</strong></span> <span class='ocrx_word' id='word_1_231' title='bbox 325 3899 560 3970; x_wconf 89' lang='lat' dir='ltr'><strong>placido</strong></span> <span class='ocrx_word' id='word_1_232' title='bbox 591 3902 1074 3969; x_wconf 85' lang='lat' dir='ltr'><strong>tempestatesque</strong></span> <span class='ocrx_word' id='word_1_233' title='bbox 1106 3914 1356 3963; x_wconf 91' lang='lat' dir='ltr'><strong>serenas,</strong></span> 
     </span>
    </p>
   </div>
   <div class='ocr_carea' id='block_1_40' title="bbox 69 3986 1305 4051">
    <p class='ocr_par' dir='ltr' id='par_1_40' title="bbox 69 3986 1305 4051">
     <span class='ocr_line' id='line_1_41' title="bbox 69 3986 1305 4051; baseline -0.001 -13"><span class='ocrx_word' id='word_1_234' title='bbox 69 3987 335 4041; x_wconf 83' lang='lat' dir='ltr'><strong>Tartareas</strong></span> <span class='ocrx_word' id='word_1_235' title='bbox 366 3994 549 4041; x_wconf 85' lang='lat' dir='ltr'><strong>terras</strong></span> <span class='ocrx_word' id='word_1_236' title='bbox 577 3987 840 4041; x_wconf 88' lang='lat' dir='ltr'><strong>dissolvis</strong></span> <span class='ocrx_word' id='word_1_237' title='bbox 866 3987 989 4039; x_wconf 92' lang='lat' dir='ltr'><strong>luce</strong></span> <span class='ocrx_word' id='word_1_238' title='bbox 1020 3986 1305 4051; x_wconf 87' lang='lat' dir='ltr'><strong>tenebras,</strong></span> 
     </span>
    </p>
   </div>
   <div class='ocr_carea' id='block_1_41' title="bbox 72 4076 1473 4148">
    <p class='ocr_par' dir='ltr' id='par_1_41' title="bbox 72 4076 1473 4148">
     <span class='ocr_line' id='line_1_42' title="bbox 72 4076 1473 4148; baseline 0 -20"><span class='ocrx_word' id='word_1_239' title='bbox 72 4077 331 4133; x_wconf 83' lang='lat' dir='ltr'><strong>lnfantum</strong></span> <span class='ocrx_word' id='word_1_240' title='bbox 364 4078 595 4148; x_wconf 85' lang='lat' dir='ltr'><strong>linguas</strong></span> <span class='ocrx_word' id='word_1_241' title='bbox 621 4078 811 4132; x_wconf 89' lang='lat' dir='ltr'><strong>reddis</strong></span> <span class='ocrx_word' id='word_1_242' title='bbox 838 4076 938 4147; x_wconf 92' lang='lat' dir='ltr'><strong>qui</strong></span> <span class='ocrx_word' id='word_1_243' title='bbox 968 4077 1206 4146; x_wconf 89' lang='lat' dir='ltr'><strong>pulchre</strong></span> <span class='ocrx_word' id='word_1_244' title='bbox 1238 4076 1473 4140; x_wconf 87' lang='lat' dir='ltr'><strong>solutas,</strong></span> 
     </span>
    </p>
   </div>
   <div class='ocr_carea' id='block_1_42' title="bbox 72 4165 1480 4237">
    <p class='ocr_par' dir='ltr' id='par_1_42' title="bbox 72 4165 1480 4237">
     <span class='ocr_line' id='line_1_43' title="bbox 72 4165 1480 4237; baseline 0 -20"><span class='ocrx_word' id='word_1_245' title='bbox 72 4166 122 4217; x_wconf 85' lang='lat' dir='ltr'><strong>Et</strong></span> <span class='ocrx_word' id='word_1_246' title='bbox 142 4167 284 4235; x_wconf 85' lang='lat' dir='ltr'><strong>juste</strong></span> <span class='ocrx_word' id='word_1_247' title='bbox 313 4167 475 4237; x_wconf 87' lang='lat' dir='ltr'><strong>regis</strong></span> <span class='ocrx_word' id='word_1_248' title='bbox 504 4166 722 4236; x_wconf 87' lang='lat' dir='ltr'><strong>pariter</strong></span> <span class='ocrx_word' id='word_1_249' title='bbox 751 4182 993 4236; x_wconf 67' lang='lat' dir='ltr'><strong>quaeque</strong></span> <span class='ocrx_word' id='word_1_250' title='bbox 1024 4182 1200 4234; x_wconf 88' lang='lat' dir='ltr'><strong>regna</strong></span> <span class='ocrx_word' id='word_1_251' title='bbox 1229 4165 1480 4218; x_wconf 90' lang='lat' dir='ltr'><strong>decoras.</strong></span> 
     </span>
    </p>
   </div>
   <div class='ocr_carea' id='block_1_43' title="bbox 70 4254 1402 4325">
    <p class='ocr_par' dir='ltr' id='par_1_43' title="bbox 70 4254 1402 4325">
     <span class='ocr_line' id='line_1_44' title="bbox 70 4254 1402 4325; baseline 0.001 -20"><span class='ocrx_word' id='word_1_252' title='bbox 70 4254 134 4307; x_wconf 83' lang='lat' dir='ltr'><strong>Tu</strong></span> <span class='ocrx_word' id='word_1_253' title='bbox 163 4260 379 4310; x_wconf 88' lang='lat' dir='ltr'><strong>nostras</strong></span> <span class='ocrx_word' id='word_1_254' title='bbox 405 4262 595 4310; x_wconf 89' lang='lat' dir='ltr'><strong>rector</strong></span> <span class='ocrx_word' id='word_1_255' title='bbox 618 4260 778 4325; x_wconf 90' lang='lat' dir='ltr'><strong>terge</strong></span> <span class='ocrx_word' id='word_1_256' title='bbox 809 4254 1159 4307; x_wconf 89' lang='lat' dir='ltr'><strong>sanctissime</strong></span> <span class='ocrx_word' id='word_1_257' title='bbox 1188 4254 1402 4322; x_wconf 86' lang='lat' dir='ltr'><strong>culpas,</strong></span> 
     </span>
    </p>
   </div>
   <div class='ocr_carea' id='block_1_44' title="bbox 74 4341 1524 4433">
    <p class='ocr_par' dir='ltr' id='par_1_44' title="bbox 74 4341 1524 4433">
     <span class='ocr_line' id='line_1_45' title="bbox 74 4341 1524 4433; baseline 0 -39"><span class='ocrx_word' id='word_1_258' title='bbox 74 4343 125 4395; x_wconf 77' lang='lat' dir='ltr'><strong>Et</strong></span> <span class='ocrx_word' id='word_1_259' title='bbox 150 4344 392 4399; x_wconf 89' lang='lat' dir='ltr'><strong>clemens</strong></span> <span class='ocrx_word' id='word_1_260' title='bbox 420 4360 582 4433; x_wconf 72' lang='lat' dir='ltr'><strong>voces</strong></span> <span class='ocrx_word' id='word_1_261' title='bbox 607 4344 711 4397; x_wconf 89' lang='lat' dir='ltr'><strong>has</strong></span> <span class='ocrx_word' id='word_1_262' title='bbox 737 4359 889 4397; x_wconf 89' lang='lat' dir='ltr'><strong>nunc</strong></span> <span class='ocrx_word' id='word_1_263' title='bbox 918 4342 1023 4397; x_wconf 89' lang='lat' dir='ltr'><strong>tibi</strong></span> <span class='ocrx_word' id='word_1_264' title='bbox 1055 4342 1277 4396; x_wconf 88' lang='lat' dir='ltr'><strong>reddito</strong></span> <span class='ocrx_word' id='word_1_265' title='bbox 1307 4341 1524 4412; x_wconf 90' lang='lat' dir='ltr'><strong>dignas.</strong></span> 
     </span>
    </p>
   </div>
   <div class='ocr_carea' id='block_1_45' title="bbox 706 4554 1081 4593">
    <p class='ocr_par' dir='ltr' id='par_1_45' title="bbox 706 4554 1081 4593">
     <span class='ocr_line' id='line_1_46' title="bbox 706 4554 1081 4593; baseline -0.003 -1"><span class='ocrx_word' id='word_1_266' title='bbox 706 4555 826 4592; x_wconf 75' lang='lat' dir='ltr'><strong>ITEM</strong></span> <span class='ocrx_word' id='word_1_267' title='bbox 865 4554 1081 4593; x_wconf 74' lang='lat' dir='ltr'><strong>VERSUS.</strong></span> 
     </span>
    </p>
   </div>
   <div class='ocr_carea' id='block_1_46' title="bbox 76 4642 1261 4709">
    <p class='ocr_par' dir='ltr' id='par_1_46' title="bbox 76 4642 1261 4709">
     <span class='ocr_line' id='line_1_47' title="bbox 76 4642 1261 4709; baseline 0 -13"><span class='ocrx_word' id='word_1_268' title='bbox 76 4644 281 4700; x_wconf 85' lang='lat' dir='ltr'><strong>Lumine</strong></span> <span class='ocrx_word' id='word_1_269' title='bbox 305 4646 575 4700; x_wconf 88' lang='lat' dir='ltr'><strong>candoris</strong></span> <span class='ocrx_word' id='word_1_270' title='bbox 606 4645 825 4698; x_wconf 87' lang='lat' dir='ltr'><strong>clarent</strong></span> <span class='ocrx_word' id='word_1_271' title='bbox 850 4644 940 4698; x_wconf 89' lang='lat' dir='ltr'><strong>hic</strong></span> <span class='ocrx_word' id='word_1_272' title='bbox 966 4644 1087 4697; x_wconf 89' lang='lat' dir='ltr'><strong>lilia</strong></span> <span class='ocrx_word' id='word_1_273' title='bbox 1113 4642 1261 4709; x_wconf 72' lang='lat' dir='ltr'><strong>cmli,</strong></span> 
     </span>
    </p>
   </div>
   <div class='ocr_carea' id='block_1_47' title="bbox 78 4732 1516 4802">
    <p class='ocr_par' dir='ltr' id='par_1_47' title="bbox 78 4732 1516 4802">
     <span class='ocr_line' id='line_1_48' title="bbox 78 4732 1516 4802; baseline -0.001 -17"><span class='ocrx_word' id='word_1_274' title='bbox 78 4732 214 4789; x_wconf 86' lang='lat' dir='ltr'><strong>Fulve</strong></span> <span class='ocrx_word' id='word_1_275' title='bbox 244 4752 385 4789; x_wconf 62' lang='lat' dir='ltr'><strong>rosae</strong></span> <span class='ocrx_word' id='word_1_276' title='bbox 420 4736 632 4788; x_wconf 80' lang='lat' dir='ltr'><strong>florens</strong></span> <span class='ocrx_word' id='word_1_277' title='bbox 661 4733 890 4787; x_wconf 90' lang='lat' dir='ltr'><strong>imitant</strong></span> <span class='ocrx_word' id='word_1_278' title='bbox 919 4733 1011 4787; x_wconf 91' lang='lat' dir='ltr'><strong>hic</strong></span> <span class='ocrx_word' id='word_1_279' title='bbox 1039 4748 1299 4802; x_wconf 86' lang='lat' dir='ltr'><strong>purpura</strong></span> <span class='ocrx_word' id='word_1_280' title='bbox 1327 4736 1516 4790; x_wconf 68' lang='lat' dir='ltr'><strong>terrm.</strong></span> 
     </span>
    </p>
   </div>
   <div class='ocr_carea' id='block_1_48' title="bbox 76 4817 1387 4890">
    <p class='ocr_par' dir='ltr' id='par_1_48' title="bbox 76 4817 1387 4890">
     <span class='ocr_line' id='line_1_49' title="bbox 76 4817 1387 4890; baseline -0.002 -19"><span class='ocrx_word' id='word_1_281' title='bbox 76 4819 123 4871; x_wconf 85' lang='lat' dir='ltr'><strong>Et</strong></span> <span class='ocrx_word' id='word_1_282' title='bbox 148 4820 299 4873; x_wconf 70' lang='lat' dir='ltr'><strong>viola:</strong></span> <span class='ocrx_word' id='word_1_283' title='bbox 330 4820 555 4890; x_wconf 89' lang='lat' dir='ltr'><strong>pariter</strong></span> <span class='ocrx_word' id='word_1_284' title='bbox 584 4819 877 4872; x_wconf 89' lang='lat' dir='ltr'><strong>stellarum</strong></span> <span class='ocrx_word' id='word_1_285' title='bbox 910 4817 1031 4870; x_wconf 88' lang='lat' dir='ltr'><strong>vice</strong></span> <span class='ocrx_word' id='word_1_286' title='bbox 1061 4820 1387 4877; x_wconf 86' lang='lat' dir='ltr'><strong>coruscant,</strong></span> 
     </span>
    </p>
   </div>
   <div class='ocr_carea' id='block_1_49' title="bbox 77 4905 1339 4977">
    <p class='ocr_par' dir='ltr' id='par_1_49' title="bbox 77 4905 1339 4977">
     <span class='ocr_line' id='line_1_50' title="bbox 77 4905 1339 4977; baseline -0.001 -19"><span class='ocrx_word' id='word_1_287' title='bbox 77 4906 195 4961; x_wconf 86' lang='lat' dir='ltr'><strong>Dum</strong></span> <span class='ocrx_word' id='word_1_288' title='bbox 218 4909 369 4962; x_wconf 87' lang='lat' dir='ltr'><strong>vario</strong></span> <span class='ocrx_word' id='word_1_289' title='bbox 402 4907 664 4961; x_wconf 80' lang='lat' dir='ltr'><strong>redolent</strong></span> <span class='ocrx_word' id='word_1_290' title='bbox 694 4905 914 4977; x_wconf 90' lang='lat' dir='ltr'><strong>pariter</strong></span> <span class='ocrx_word' id='word_1_291' title='bbox 942 4906 1121 4960; x_wconf 60' lang='lat' dir='ltr'><strong>unitas</strong></span> <span class='ocrx_word' id='word_1_292' title='bbox 1152 4905 1339 4958; x_wconf 92' lang='lat' dir='ltr'><strong>colore</strong></span> 
     </span>
    </p>
   </div>
   <div class='ocr_carea' id='block_1_50' title="bbox 74 4992 1387 5057">
    <p class='ocr_par' dir='ltr' id='par_1_50' title="bbox 74 4992 1387 5057">
     <span class='ocr_line' id='line_1_51' title="bbox 74 4992 1387 5057; baseline 0.001 -12"><span class='ocrx_word' id='word_1_293' title='bbox 74 4994 290 5050; x_wconf 66' lang='lat' dir='ltr'><strong>Albeolre</strong></span> <span class='ocrx_word' id='word_1_294' title='bbox 315 4996 574 5050; x_wconf 88' lang='lat' dir='ltr'><strong>retinent</strong></span> <span class='ocrx_word' id='word_1_295' title='bbox 603 5010 703 5048; x_wconf 88' lang='lat' dir='ltr'><strong>ceu</strong></span> <span class='ocrx_word' id='word_1_296' title='bbox 736 4993 907 5048; x_wconf 91' lang='lat' dir='ltr'><strong>unico</strong></span> <span class='ocrx_word' id='word_1_297' title='bbox 937 4994 1058 5048; x_wconf 89' lang='lat' dir='ltr'><strong>lilia</strong></span> <span class='ocrx_word' id='word_1_298' title='bbox 1084 4993 1319 5047; x_wconf 88' lang='lat' dir='ltr'><strong>conchis</strong></span> <span class='ocrx_word' id='word_1_299' title='bbox 1350 4992 1387 5057; x_wconf 66' lang='grc' dir='ltr'><strong>ί,</strong></span> 
     </span>
    </p>
   </div>
   <div class='ocr_carea' id='block_1_51' title="bbox 76 5079 1354 5155">
    <p class='ocr_par' dir='ltr' id='par_1_51' title="bbox 76 5079 1354 5155">
     <span class='ocr_line' id='line_1_52' title="bbox 76 5079 1354 5155; baseline 0.002 -23"><span class='ocrx_word' id='word_1_300' title='bbox 76 5079 229 5137; x_wconf 81' lang='lat' dir='ltr'><strong>lustar</strong></span> <span class='ocrx_word' id='word_1_301' title='bbox 255 5090 308 5139; x_wconf 89' lang='lat' dir='ltr'><strong>et</strong></span> <span class='ocrx_word' id='word_1_302' title='bbox 336 5100 534 5155; x_wconf 68' lang='lat' dir='ltr'><strong>gypsm</strong></span> <span class='ocrx_word' id='word_1_303' title='bbox 561 5084 943 5154; x_wconf 89' lang='lat' dir='ltr'><strong>complectens</strong></span> <span class='ocrx_word' id='word_1_304' title='bbox 973 5083 1118 5137; x_wconf 89' lang='lat' dir='ltr'><strong>colla</strong></span> <span class='ocrx_word' id='word_1_305' title='bbox 1146 5082 1354 5153; x_wconf 62' lang='lat' dir='ltr'><strong>puellae</strong></span> 
     </span>
    </p>
   </div>
   <div class='ocr_carea' id='block_1_52' title="bbox 78 5171 1613 5247">
    <p class='ocr_par' dir='ltr' id='par_1_52' title="bbox 78 5171 1613 5247">
     <span class='ocr_line' id='line_1_53' title="bbox 78 5171 1613 5247; baseline 0.003 -22"><span class='ocrx_word' id='word_1_306' title='bbox 78 5171 265 5242; x_wconf 85' lang='lat' dir='ltr'><strong>Lactea,</strong></span> <span class='ocrx_word' id='word_1_307' title='bbox 296 5177 436 5231; x_wconf 89' lang='lat' dir='ltr'><strong>dum</strong></span> <span class='ocrx_word' id='word_1_308' title='bbox 462 5176 716 5247; x_wconf 88' lang='lat' dir='ltr'><strong>pingunt</strong></span> <span class='ocrx_word' id='word_1_309' title='bbox 742 5176 966 5231; x_wconf 86' lang='lat' dir='ltr'><strong>bilbant</strong></span> <span class='ocrx_word' id='word_1_310' title='bbox 994 5177 1313 5247; x_wconf 88' lang='lat' dir='ltr'><strong>fulgentem</strong></span> <span class='ocrx_word' id='word_1_311' title='bbox 1343 5174 1553 5229; x_wconf 89' lang='lat' dir='ltr'><strong>selenci</strong></span> <span class='ocrx_word' id='word_1_312' title='bbox 1584 5189 1613 5229; x_wconf 73' lang='grc' dir='ltr'><em>ε</em></span> 
     </span>
    </p>
   </div>
   <div class='ocr_carea' id='block_1_53' title="bbox 133 5301 915 5371">
    <p class='ocr_par' dir='ltr' id='par_1_53' title="bbox 133 5301 915 5371">
     <span class='ocr_line' id='line_1_54' title="bbox 133 5301 915 5371; baseline 0 -16"><span class='ocrx_word' id='word_1_313' title='bbox 133 5310 151 5334; x_wconf 79' lang='grc'>³</span> <span class='ocrx_word' id='word_1_314' title='bbox 184 5301 335 5369; x_wconf 59' lang='lat' dir='ltr'><strong>Edon,</strong></span> <span class='ocrx_word' id='word_1_315' title='bbox 367 5304 539 5369; x_wconf 86' lang='lat' dir='ltr'><strong>fores.</strong></span> <span class='ocrx_word' id='word_1_316' title='bbox 568 5302 689 5367; x_wconf 85' lang='lat' dir='ltr'><strong>Ms.,</strong></span> <span class='ocrx_word' id='word_1_317' title='bbox 718 5317 915 5371; x_wconf 82' lang='lat' dir='ltr'><strong>pavus.</strong></span> 
     </span>
    </p>
   </div>
   <div class='ocr_carea' id='block_1_54' title="bbox 134 5372 1048 5437">
    <p class='ocr_par' dir='ltr' id='par_1_54' title="bbox 134 5372 1048 5437">
     <span class='ocr_line' id='line_1_55' title="bbox 134 5372 1048 5437; baseline 0 -12"><span class='ocrx_word' id='word_1_318' title='bbox 134 5372 155 5411; x_wconf 70' lang='grc' dir='ltr'>δ</span> <span class='ocrx_word' id='word_1_319' title='bbox 190 5374 302 5437; x_wconf 84' lang='lat' dir='ltr'><strong>Ms.,</strong></span> <span class='ocrx_word' id='word_1_320' title='bbox 333 5376 580 5427; x_wconf 82' lang='lat' dir='ltr'><strong>meatim.</strong></span> <span class='ocrx_word' id='word_1_321' title='bbox 615 5373 735 5436; x_wconf 76' lang='lat' dir='ltr'><strong>Ms,</strong></span> <span class='ocrx_word' id='word_1_322' title='bbox 764 5388 882 5425; x_wconf 87' lang='lat' dir='ltr'><strong>mea</strong></span> <span class='ocrx_word' id='word_1_323' title='bbox 908 5388 1048 5426; x_wconf 84' lang='lat' dir='ltr'><strong>cum.</strong></span> 
     </span>
    </p>
   </div>
   <div class='ocr_carea' id='block_1_55' title="bbox 135 5442 1378 5512">
    <p class='ocr_par' dir='ltr' id='par_1_55' title="bbox 135 5442 1378 5512">
     <span class='ocr_line' id='line_1_56' title="bbox 135 5442 1378 5512; baseline 0 -17"><span class='ocrx_word' id='word_1_324' title='bbox 135 5449 151 5473; x_wconf 68' lang='grc' dir='ltr'>ε</span> <span class='ocrx_word' id='word_1_325' title='bbox 184 5443 266 5497; x_wconf 82' lang='lat' dir='ltr'><strong>Sic</strong></span> <span class='ocrx_word' id='word_1_326' title='bbox 294 5445 433 5498; x_wconf 76' lang='lat' dir='ltr'><strong>Mor.</strong></span> <span class='ocrx_word' id='word_1_327' title='bbox 470 5444 595 5506; x_wconf 80' lang='lat' dir='ltr'><strong>Ms.,</strong></span> <span class='ocrx_word' id='word_1_328' title='bbox 624 5445 859 5497; x_wconf 82' lang='lat' dir='ltr'><strong>harrans</strong></span> <span class='ocrx_word' id='word_1_329' title='bbox 891 5446 1085 5512; x_wconf 75' lang='lat' dir='ltr'><strong>ﬂoccos,</strong></span> <span class='ocrx_word' id='word_1_330' title='bbox 1116 5442 1153 5497; x_wconf 90' lang='lat' dir='ltr'><strong>f.</strong></span> <span class='ocrx_word' id='word_1_331' title='bbox 1187 5444 1378 5510; x_wconf 72' lang='lat' dir='ltr'><strong>ﬂemus.</strong></span> 
     </span>
    </p>
   </div>
   <div class='ocr_carea' id='block_1_56' title="bbox 138 5512 856 5580">
    <p class='ocr_par' dir='ltr' id='par_1_56' title="bbox 138 5512 856 5580">
     <span class='ocr_line' id='line_1_57' title="bbox 138 5512 856 5580; baseline 0.003 -15"><span class='ocrx_word' id='word_1_332' title='bbox 138 5512 159 5552; x_wconf 73' lang='grc' dir='ltr'>ἀ</span> <span class='ocrx_word' id='word_1_333' title='bbox 191 5514 302 5580; x_wconf 82' lang='lat' dir='ltr'><strong>Ms.,</strong></span> <span class='ocrx_word' id='word_1_334' title='bbox 331 5528 540 5570; x_wconf 86' lang='lat' dir='ltr'><strong>sannas</strong></span> <span class='ocrx_word' id='word_1_335' title='bbox 565 5514 605 5569; x_wconf 85' lang='lat' dir='ltr'><strong>f.</strong></span> <span class='ocrx_word' id='word_1_336' title='bbox 639 5528 856 5567; x_wconf 84' lang='lat' dir='ltr'><strong>sonans.</strong></span> 
     </span>
    </p>
   </div>
   <div class='ocr_carea' id='block_1_57' title="bbox 139 5579 1744 5656">
    <p class='ocr_par' dir='ltr' id='par_1_57' title="bbox 139 5579 1744 5656">
     <span class='ocr_line' id='line_1_58' title="bbox 139 5579 1744 5656; baseline -0.004 -19"><span class='ocrx_word' id='word_1_337' title='bbox 139 5589 155 5613; x_wconf 76' lang='grc' dir='ltr'><strong>ε</strong></span> <span class='ocrx_word' id='word_1_338' title='bbox 189 5579 299 5653; x_wconf 61' lang='lat' dir='ltr'><strong>Ms,</strong></span> <span class='ocrx_word' id='word_1_339' title='bbox 326 5587 611 5656; x_wconf 79' lang='lat' dir='ltr'><strong>plebisque</strong></span> <span class='ocrx_word' id='word_1_340' title='bbox 661 5599 874 5656; x_wconf 73' lang='lat' dir='ltr'><strong>semper</strong></span> <span class='ocrx_word' id='word_1_341' title='bbox 920 5583 1137 5651; x_wconf 80' lang='lat' dir='ltr'><strong>fulgide</strong></span> <span class='ocrx_word' id='word_1_342' title='bbox 1165 5584 1352 5638; x_wconf 80' lang='lat' dir='ltr'><strong>claret.</strong></span> <span class='ocrx_word' id='word_1_343' title='bbox 1386 5582 1522 5636; x_wconf 84' lang='lat' dir='ltr'><strong>Mor.</strong></span> <span class='ocrx_word' id='word_1_344' title='bbox 1573 5585 1636 5635; x_wconf 89' lang='lat' dir='ltr'><strong>ut</strong></span> <span class='ocrx_word' id='word_1_345' title='bbox 1684 5579 1744 5632; x_wconf 87' lang='lat' dir='ltr'><strong>in</strong></span> 
     </span>
    </p>
   </div>
   <div class='ocr_carea' id='block_1_58' title="bbox 1763 502 3175 571">
    <p class='ocr_par' dir='ltr' id='par_1_58' title="bbox 1763 502 3175 571">
     <span class='ocr_line' id='line_1_59' title="bbox 1763 502 3175 571; baseline -0.002 -12"><span class='ocrx_word' id='word_1_346' title='bbox 1763 508 1807 559; x_wconf 86' lang='lat' dir='ltr'><strong>A</strong></span> <span class='ocrx_word' id='word_1_347' title='bbox 1838 503 2043 571; x_wconf 89' lang='lat' dir='ltr'><strong>Igneus</strong></span> <span class='ocrx_word' id='word_1_348' title='bbox 2070 502 2317 555; x_wconf 77' lang='lat' dir='ltr'><strong>flammis</strong></span> <span class='ocrx_word' id='word_1_349' title='bbox 2347 503 2506 556; x_wconf 90' lang='lat' dir='ltr'><strong>miris</strong></span> <span class='ocrx_word' id='word_1_350' title='bbox 2539 504 2920 558; x_wconf 86' lang='lat' dir='ltr'><strong>carbunculus</strong></span> <span class='ocrx_word' id='word_1_351' title='bbox 2952 504 3175 571; x_wconf 88' lang='lat' dir='ltr'><strong>ardens,</strong></span> 
     </span>
    </p>
   </div>
   <div class='ocr_carea' id='block_1_59' title="bbox 1838 593 3410 664">
    <p class='ocr_par' dir='ltr' id='par_1_59' title="bbox 1838 593 3410 664">
     <span class='ocr_line' id='line_1_60' title="bbox 1838 593 3410 664; baseline 0.001 -20"><span class='ocrx_word' id='word_1_352' title='bbox 1838 594 2021 661; x_wconf 81' lang='lat' dir='ltr'><strong>Atque</strong></span> <span class='ocrx_word' id='word_1_353' title='bbox 2052 593 2240 645; x_wconf 89' lang='lat' dir='ltr'><strong>colore</strong></span> <span class='ocrx_word' id='word_1_354' title='bbox 2266 593 2384 662; x_wconf 89' lang='lat' dir='ltr'><strong>poli</strong></span> <span class='ocrx_word' id='word_1_355' title='bbox 2416 594 2752 663; x_wconf 88' lang='lat' dir='ltr'><strong>pollensque</strong></span> <span class='ocrx_word' id='word_1_356' title='bbox 2784 593 3009 663; x_wconf 87' lang='lat' dir='ltr'><strong>lapillus</strong></span> <span class='ocrx_word' id='word_1_357' title='bbox 3043 610 3181 664; x_wconf 89' lang='lat' dir='ltr'><strong>acqu</strong></span> <span class='ocrx_word' id='word_1_358' title='bbox 3196 609 3410 659; x_wconf 91' lang='lat' dir='ltr'><strong>escens,</strong></span> 
     </span>
    </p>
   </div>
   <div class='ocr_carea' id='block_1_60' title="bbox 1841 679 3253 751">
    <p class='ocr_par' dir='ltr' id='par_1_60' title="bbox 1841 679 3253 751">
     <span class='ocr_line' id='line_1_61' title="bbox 1841 679 3253 751; baseline 0.001 -19"><span class='ocrx_word' id='word_1_359' title='bbox 1841 679 1931 732; x_wconf 91' lang='lat' dir='ltr'><strong>Sic</strong></span> <span class='ocrx_word' id='word_1_360' title='bbox 1961 680 2207 748; x_wconf 87' lang='lat' dir='ltr'><strong>pretiose</strong></span> <span class='ocrx_word' id='word_1_361' title='bbox 2238 680 2435 749; x_wconf 84' lang='lat' dir='ltr'><strong>vigens</strong></span> <span class='ocrx_word' id='word_1_362' title='bbox 2464 680 2651 733; x_wconf 87' lang='lat' dir='ltr'><strong>adstat</strong></span> <span class='ocrx_word' id='word_1_363' title='bbox 2681 682 2938 751; x_wconf 88' lang='lat' dir='ltr'><strong>aliosque</strong></span> <span class='ocrx_word' id='word_1_364' title='bbox 2973 681 3253 735; x_wconf 84' lang='lat' dir='ltr'><strong>virescens</strong></span> 
     </span>
    </p>
   </div>
   <div class='ocr_carea' id='block_1_61' title="bbox 1840 766 3418 838">
    <p class='ocr_par' dir='ltr' id='par_1_61' title="bbox 1840 766 3418 838">
     <span class='ocr_line' id='line_1_62' title="bbox 1840 766 3418 838; baseline 0.003 -18"><span class='ocrx_word' id='word_1_365' title='bbox 1840 766 1947 830; x_wconf 88' lang='lat' dir='ltr'><strong>Qui</strong></span> <span class='ocrx_word' id='word_1_366' title='bbox 1976 768 2121 821; x_wconf 90' lang='lat' dir='ltr'><strong>celse</strong></span> <span class='ocrx_word' id='word_1_367' title='bbox 2154 769 2461 837; x_wconf 90' lang='lat' dir='ltr'><strong>pulchrum</strong></span> <span class='ocrx_word' id='word_1_368' title='bbox 2494 768 2741 822; x_wconf 91' lang='lat' dir='ltr'><strong>reddunt</strong></span> <span class='ocrx_word' id='word_1_369' title='bbox 2769 786 2869 838; x_wconf 88' lang='lat' dir='ltr'><strong>per</strong></span> <span class='ocrx_word' id='word_1_370' title='bbox 2894 770 3037 822; x_wconf 90' lang='lat' dir='ltr'><strong>colla</strong></span> <span class='ocrx_word' id='word_1_371' title='bbox 3064 771 3339 824; x_wconf 89' lang='lat' dir='ltr'><strong>celidrum</strong></span> <span class='ocrx_word' id='word_1_372' title='bbox 3372 773 3418 837; x_wconf 77' lang='grc' dir='ltr'><strong>ιι,</strong></span> 
     </span>
    </p>
   </div>
   <div class='ocr_carea' id='block_1_62' title="bbox 1841 856 3185 927">
    <p class='ocr_par' dir='ltr' id='par_1_62' title="bbox 1841 856 3185 927">
     <span class='ocr_line' id='line_1_63' title="bbox 1841 856 3185 927; baseline 0.002 -18"><span class='ocrx_word' id='word_1_373' title='bbox 1841 858 2027 926; x_wconf 89' lang='lat' dir='ltr'><strong>Atque</strong></span> <span class='ocrx_word' id='word_1_374' title='bbox 2058 856 2260 910; x_wconf 87' lang='lat' dir='ltr'><strong>decora</strong></span> <span class='ocrx_word' id='word_1_375' title='bbox 2293 873 2423 911; x_wconf 89' lang='lat' dir='ltr'><strong>rosa</strong></span> <span class='ocrx_word' id='word_1_376' title='bbox 2450 856 2706 911; x_wconf 86' lang='lat' dir='ltr'><strong>ﬂabescit</strong></span> <span class='ocrx_word' id='word_1_377' title='bbox 2738 874 2897 910; x_wconf 88' lang='lat' dir='ltr'><strong>more</strong></span> <span class='ocrx_word' id='word_1_378' title='bbox 2925 862 3185 927; x_wconf 87' lang='lat' dir='ltr'><strong>topazon,</strong></span> 
     </span>
    </p>
   </div>
   <div class='ocr_carea' id='block_1_63' title="bbox 1841 945 3091 1016">
    <p class='ocr_par' dir='ltr' id='par_1_63' title="bbox 1841 945 3091 1016">
     <span class='ocr_line' id='line_1_64' title="bbox 1841 945 3091 1016; baseline 0.001 -18"><span class='ocrx_word' id='word_1_379' title='bbox 1841 946 1909 998; x_wconf 89' lang='lat' dir='ltr'><strong>Et</strong></span> <span class='ocrx_word' id='word_1_380' title='bbox 1939 946 2187 999; x_wconf 90' lang='lat' dir='ltr'><strong>theretes</strong></span> <span class='ocrx_word' id='word_1_381' title='bbox 2216 947 2442 999; x_wconf 86' lang='lat' dir='ltr'><strong>vibrant</strong></span> <span class='ocrx_word' id='word_1_382' title='bbox 2472 963 2611 999; x_wconf 89' lang='lat' dir='ltr'><strong>auro</strong></span> <span class='ocrx_word' id='word_1_383' title='bbox 2643 945 2893 1016; x_wconf 87' lang='lat' dir='ltr'><strong>crispose</strong></span> <span class='ocrx_word' id='word_1_384' title='bbox 2924 946 3091 999; x_wconf 65' lang='lat' dir='ltr'><strong>violae</strong></span> 
     </span>
    </p>
   </div>
   <div class='ocr_carea' id='block_1_64' title="bbox 1842 1034 3181 1107">
    <p class='ocr_par' dir='ltr' id='par_1_64' title="bbox 1842 1034 3181 1107">
     <span class='ocr_line' id='line_1_65' title="bbox 1842 1034 3181 1107; baseline 0.001 -20"><span class='ocrx_word' id='word_1_385' title='bbox 1842 1034 2150 1088; x_wconf 72' lang='lat' dir='ltr'><strong>Gemmatze</strong></span> <span class='ocrx_word' id='word_1_386' title='bbox 2182 1036 2438 1106; x_wconf 89' lang='lat' dir='ltr'><strong>lapidum</strong></span> <span class='ocrx_word' id='word_1_387' title='bbox 2474 1037 2641 1103; x_wconf 90' lang='lat' dir='ltr'><strong>colla,</strong></span> <span class='ocrx_word' id='word_1_388' title='bbox 2678 1037 2756 1089; x_wconf 62' lang='lat' dir='ltr'><strong>sic</strong></span> <span class='ocrx_word' id='word_1_389' title='bbox 2786 1039 2962 1089; x_wconf 83' lang='lat' dir='ltr'><strong>llorea</strong></span> <span class='ocrx_word' id='word_1_390' title='bbox 2994 1036 3181 1107; x_wconf 90' lang='lat' dir='ltr'><strong>campi</strong></span> 
     </span>
    </p>
   </div>
   <div class='ocr_carea' id='block_1_65' title="bbox 1841 1122 3405 1195">
    <p class='ocr_par' dir='ltr' id='par_1_65' title="bbox 1841 1122 3405 1195">
     <span class='ocr_line' id='line_1_66' title="bbox 1841 1122 3405 1195; baseline 0.001 -19"><span class='ocrx_word' id='word_1_391' title='bbox 1841 1122 2237 1192; x_wconf 84' lang='lat' dir='ltr'><strong>Resplendunt</strong></span> <span class='ocrx_word' id='word_1_392' title='bbox 2265 1125 2437 1177; x_wconf 88' lang='lat' dir='ltr'><strong>rutilo</strong></span> <span class='ocrx_word' id='word_1_393' title='bbox 2468 1140 2712 1194; x_wconf 68' lang='lat' dir='ltr'><strong>gemmae</strong></span> <span class='ocrx_word' id='word_1_394' title='bbox 2747 1140 2875 1195; x_wconf 72' lang='lat' dir='ltr'><strong>quae</strong></span> <span class='ocrx_word' id='word_1_395' title='bbox 2908 1131 3129 1194; x_wconf 63' lang='lat' dir='ltr'><strong>quaestu</strong></span> <span class='ocrx_word' id='word_1_396' title='bbox 3160 1125 3405 1195; x_wconf 91' lang='lat' dir='ltr'><strong>superbo</strong></span> 
     </span>
    </p>
   </div>
   <div class='ocr_carea' id='block_1_66' title="bbox 1841 1209 3425 1283">
    <p class='ocr_par' dir='ltr' id='par_1_66' title="bbox 1841 1209 3425 1283">
     <span class='ocr_line' id='line_1_67' title="bbox 1841 1209 3425 1283; baseline 0.003 -20"><span class='ocrx_word' id='word_1_397' title='bbox 1841 1209 2059 1282; x_wconf 73' lang='lat' dir='ltr'><strong>Emptze</strong></span> <span class='ocrx_word' id='word_1_398' title='bbox 2094 1216 2328 1267; x_wconf 88' lang='lat' dir='ltr'><strong>manent</strong></span> <span class='ocrx_word' id='word_1_399' title='bbox 2355 1214 2608 1283; x_wconf 89' lang='lat' dir='ltr'><strong>pretioso</strong></span> <span class='ocrx_word' id='word_1_400' title='bbox 2641 1213 2811 1267; x_wconf 89' lang='lat' dir='ltr'><strong>nimis</strong></span> <span class='ocrx_word' id='word_1_401' title='bbox 2842 1214 2923 1267; x_wconf 90' lang='lat' dir='ltr'><strong>sic</strong></span> <span class='ocrx_word' id='word_1_402' title='bbox 2950 1230 3188 1268; x_wconf 89' lang='lat' dir='ltr'><strong>munere</strong></span> <span class='ocrx_word' id='word_1_403' title='bbox 3223 1219 3425 1268; x_wconf 88' lang='lat' dir='ltr'><strong>macte.</strong></span> 
     </span>
    </p>
   </div>
   <div class='ocr_carea' id='block_1_67' title="bbox 1841 1300 3145 1371">
    <p class='ocr_par' dir='ltr' id='par_1_67' title="bbox 1841 1300 3145 1371">
     <span class='ocr_line' id='line_1_68' title="bbox 1841 1300 3145 1371; baseline 0.002 -18"><span class='ocrx_word' id='word_1_404' title='bbox 1841 1300 1947 1354; x_wconf 90' lang='lat' dir='ltr'><strong>Sed</strong></span> <span class='ocrx_word' id='word_1_405' title='bbox 1979 1300 2155 1355; x_wconf 90' lang='lat' dir='ltr'><strong>simili</strong></span> <span class='ocrx_word' id='word_1_406' title='bbox 2185 1302 2402 1371; x_wconf 91' lang='lat' dir='ltr'><strong>pollent</strong></span> <span class='ocrx_word' id='word_1_407' title='bbox 2435 1303 2611 1371; x_wconf 86' lang='lat' dir='ltr'><strong>gratis</strong></span> <span class='ocrx_word' id='word_1_408' title='bbox 2642 1302 2890 1355; x_wconf 85' lang='lat' dir='ltr'><strong>vibranti</strong></span> <span class='ocrx_word' id='word_1_409' title='bbox 2924 1303 3145 1355; x_wconf 87' lang='lat' dir='ltr'><strong>decore.</strong></span> 
     </span>
    </p>
   </div>
   <div class='ocr_carea' id='block_1_68' title="bbox 1844 1389 3537 1459">
    <p class='ocr_par' dir='ltr' id='par_1_68' title="bbox 1844 1389 3537 1459">
     <span class='ocr_line' id='line_1_69' title="bbox 1844 1389 3537 1459; baseline -0.001 -18"><span class='ocrx_word' id='word_1_410' title='bbox 1844 1389 1987 1442; x_wconf 88' lang='lat' dir='ltr'><strong>Dum</strong></span> <span class='ocrx_word' id='word_1_411' title='bbox 2021 1390 2194 1443; x_wconf 83' lang='lat' dir='ltr'><strong>mixte</strong></span> <span class='ocrx_word' id='word_1_412' title='bbox 2225 1389 2452 1455; x_wconf 83' lang='lat' dir='ltr'><strong>ﬂorent,</strong></span> <span class='ocrx_word' id='word_1_413' title='bbox 2490 1390 2763 1455; x_wconf 89' lang='lat' dir='ltr'><strong>redolent,</strong></span> <span class='ocrx_word' id='word_1_414' title='bbox 2798 1390 3179 1459; x_wconf 86' lang='lat' dir='ltr'><strong>candentque,</strong></span> <span class='ocrx_word' id='word_1_415' title='bbox 3216 1389 3537 1459; x_wconf 89' lang='lat' dir='ltr'><strong>rubentque</strong></span> 
     </span>
    </p>
   </div>
   <div class='ocr_carea' id='block_1_69' title="bbox 1842 1476 3266 1549">
    <p class='ocr_par' dir='ltr' id='par_1_69' title="bbox 1842 1476 3266 1549">
     <span class='ocr_line' id='line_1_70' title="bbox 1842 1476 3266 1549; baseline 0 -18"><span class='ocrx_word' id='word_1_416' title='bbox 1842 1476 2197 1541; x_wconf 87' lang='lat' dir='ltr'><strong>Quadratum</strong></span> <span class='ocrx_word' id='word_1_417' title='bbox 2228 1478 2387 1549; x_wconf 89' lang='lat' dir='ltr'><strong>apice</strong></span> <span class='ocrx_word' id='word_1_418' title='bbox 2410 1480 2690 1533; x_wconf 89' lang='lat' dir='ltr'><strong>mundum</strong></span> <span class='ocrx_word' id='word_1_419' title='bbox 2717 1478 2949 1531; x_wconf 89' lang='lat' dir='ltr'><strong>millene</strong></span> <span class='ocrx_word' id='word_1_420' title='bbox 2979 1483 3266 1532; x_wconf 86' lang='lat' dir='ltr'><strong>venustat.</strong></span> 
     </span>
    </p>
   </div>
   <div class='ocr_carea' id='block_1_70' title="bbox 2646 1622 2733 1675">
    <p class='ocr_par' dir='ltr' id='par_1_70' title="bbox 2646 1622 2733 1675">
     <span class='ocr_line' id='line_1_71' title="bbox 2646 1622 2733 1675; baseline 0.023 -2"><span class='ocrx_word' id='word_1_421' title='bbox 2646 1622 2733 1675; x_wconf 76' lang='lat' dir='ltr'><strong>Vl.</strong></span> 
     </span>
    </p>
   </div>
   <div class='ocr_carea' id='block_1_71' title="bbox 1878 1729 3499 1782">
    <p class='ocr_par' dir='ltr' id='par_1_71' title="bbox 1878 1729 3499 1782">
     <span class='ocr_line' id='line_1_72' title="bbox 1878 1729 3499 1782; baseline 0.001 -4"><span class='ocrx_word' id='word_1_422' title='bbox 1878 1741 2150 1779; x_wconf 79' lang='lat' dir='ltr'><strong>INCIPICNT</strong></span> <span class='ocrx_word' id='word_1_423' title='bbox 2184 1743 2383 1781; x_wconf 76' lang='lat' dir='ltr'><strong>VERSUS</strong></span> <span class='ocrx_word' id='word_1_424' title='bbox 2426 1744 2793 1781; x_wconf 77' lang='lat' dir='ltr'><strong>EPIIEMERIDES</strong></span> <span class='ocrx_word' id='word_1_425' title='bbox 2826 1729 2837 1761; x_wconf 63' lang='grc' dir='ltr'>ί</span> <span class='ocrx_word' id='word_1_426' title='bbox 2870 1745 3220 1782; x_wconf 68' lang='grc' dir='ltr'><strong>,ΕΟΒΙἸΊΣΟΙΝΙΞ</strong></span> <span class='ocrx_word' id='word_1_427' title='bbox 3263 1744 3499 1782; x_wconf 68' lang='grc' dir='ltr'><strong>ΡῙὶΟΡΙὶΗΕ</strong></span> 
     </span>
    </p>
   </div>
   <div class='ocr_carea' id='block_1_72' title="bbox 2445 1853 2932 1920">
    <p class='ocr_par' dir='ltr' id='par_1_72' title="bbox 2445 1853 2932 1920">
     <span class='ocr_line' id='line_1_73' title="bbox 2445 1853 2932 1920; baseline -0.002 -14"><span class='ocrx_word' id='word_1_428' title='bbox 2445 1853 2702 1917; x_wconf 62' lang='lat' dir='ltr'><strong>Prw/’atio</strong></span> <span class='ocrx_word' id='word_1_429' title='bbox 2736 1854 2932 1920; x_wconf 75' lang='lat' dir='ltr'><strong>precis.</strong></span> 
     </span>
    </p>
   </div>
   <div class='ocr_carea' id='block_1_73' title="bbox 1841 1956 3455 2028">
    <p class='ocr_par' dir='ltr' id='par_1_73' title="bbox 1841 1956 3455 2028">
     <span class='ocr_line' id='line_1_74' title="bbox 1841 1956 3455 2028; baseline -0.002 -16"><span class='ocrx_word' id='word_1_430' title='bbox 1841 1960 1943 2025; x_wconf 89' lang='lat' dir='ltr'><strong>Tu,</strong></span> <span class='ocrx_word' id='word_1_431' title='bbox 1977 1956 2196 2012; x_wconf 86' lang='lat' dir='ltr'><strong>Christe</strong></span> <span class='ocrx_word' id='word_1_432' title='bbox 2230 1957 2469 2010; x_wconf 90' lang='lat' dir='ltr'><strong>Domine</strong></span> <span class='ocrx_word' id='word_1_433' title='bbox 2506 1973 2718 2019; x_wconf 89' lang='lat' dir='ltr'><strong>rerum,</strong></span> <span class='ocrx_word' id='word_1_434' title='bbox 2754 1973 2925 2028; x_wconf 90' lang='lat' dir='ltr'><strong>quem</strong></span> <span class='ocrx_word' id='word_1_435' title='bbox 2959 1957 3155 2027; x_wconf 86' lang='lat' dir='ltr'><strong>lingua</strong></span> <span class='ocrx_word' id='word_1_436' title='bbox 3184 1956 3455 2021; x_wconf 83' lang='lat' dir='ltr'><strong>celebrat,</strong></span> 
     </span>
    </p>
   </div>
   <div class='ocr_carea' id='block_1_74' title="bbox 1842 2046 3536 2117">
    <p class='ocr_par' dir='ltr' id='par_1_74' title="bbox 1842 2046 3536 2117">
     <span class='ocr_line' id='line_1_75' title="bbox 1842 2046 3536 2117; baseline -0.002 -17"><span class='ocrx_word' id='word_1_437' title='bbox 1842 2048 2140 2117; x_wconf 87' lang='lat' dir='ltr'><strong>Quemque</strong></span> <span class='ocrx_word' id='word_1_438' title='bbox 2174 2050 2381 2100; x_wconf 88' lang='lat' dir='ltr'><strong>tremet</strong></span> <span class='ocrx_word' id='word_1_439' title='bbox 2410 2046 2678 2111; x_wconf 89' lang='lat' dir='ltr'><strong>mundus,</strong></span> <span class='ocrx_word' id='word_1_440' title='bbox 2709 2062 2880 2115; x_wconf 89' lang='lat' dir='ltr'><strong>quem</strong></span> <span class='ocrx_word' id='word_1_441' title='bbox 2913 2046 3060 2099; x_wconf 90' lang='lat' dir='ltr'><strong>clare</strong></span> <span class='ocrx_word' id='word_1_442' title='bbox 3099 2061 3274 2116; x_wconf 90' lang='lat' dir='ltr'><strong>regna</strong></span> <span class='ocrx_word' id='word_1_443' title='bbox 3320 2061 3536 2115; x_wconf 66' lang='lat' dir='ltr'><strong>praeco-</strong></span> 
     </span>
    </p>
   </div>
   <div class='ocr_carea' id='block_1_75' title="bbox 3282 2132 3462 2205">
    <p class='ocr_par' dir='ltr' id='par_1_75' title="bbox 3282 2132 3462 2205">
     <span class='ocr_line' id='line_1_76' title="bbox 3282 2132 3462 2205; baseline -0.006 -19"><span class='ocrx_word' id='word_1_444' title='bbox 3282 2132 3462 2205; x_wconf 83' lang='lat' dir='ltr'><strong>[nant,</strong></span> 
     </span>
    </p>
   </div>
   <div class='ocr_carea' id='block_1_76' title="bbox 1843 2222 3269 2288">
    <p class='ocr_par' dir='ltr' id='par_1_76' title="bbox 1843 2222 3269 2288">
     <span class='ocr_line' id='line_1_77' title="bbox 1843 2222 3269 2288; baseline -0.002 -11"><span class='ocrx_word' id='word_1_445' title='bbox 1843 2223 1947 2278; x_wconf 90' lang='lat' dir='ltr'><strong>Cui</strong></span> <span class='ocrx_word' id='word_1_446' title='bbox 1977 2223 2204 2288; x_wconf 69' lang='lat' dir='ltr'><strong>coelum,</strong></span> <span class='ocrx_word' id='word_1_447' title='bbox 2237 2223 2424 2287; x_wconf 90' lang='lat' dir='ltr'><strong>tellus,</strong></span> <span class='ocrx_word' id='word_1_448' title='bbox 2461 2222 2659 2287; x_wconf 86' lang='lat' dir='ltr'><strong>maria,</strong></span> <span class='ocrx_word' id='word_1_449' title='bbox 2695 2223 2782 2276; x_wconf 88' lang='lat' dir='ltr'><strong>vel</strong></span> <span class='ocrx_word' id='word_1_450' title='bbox 2813 2227 3025 2276; x_wconf 88' lang='lat' dir='ltr'><strong>tartara</strong></span> <span class='ocrx_word' id='word_1_451' title='bbox 3053 2222 3226 2276; x_wconf 86' lang='lat' dir='ltr'><strong>servit</strong></span> <span class='ocrx_word' id='word_1_452' title='bbox 3257 2240 3269 2274; x_wconf 91' lang='lat'><strong>:</strong></span> 
     </span>
    </p>
   </div>
   <div class='ocr_carea' id='block_1_77' title="bbox 1844 2310 3352 2380">
    <p class='ocr_par' dir='ltr' id='par_1_77' title="bbox 1844 2310 3352 2380">
     <span class='ocr_line' id='line_1_78' title="bbox 1844 2310 3352 2380; baseline -0.002 -15"><span class='ocrx_word' id='word_1_453' title='bbox 1844 2312 1946 2366; x_wconf 88' lang='lat' dir='ltr'><strong>Cui</strong></span> <span class='ocrx_word' id='word_1_454' title='bbox 1974 2311 2078 2375; x_wconf 90' lang='lat' dir='ltr'><strong>sol,</strong></span> <span class='ocrx_word' id='word_1_455' title='bbox 2112 2311 2267 2375; x_wconf 90' lang='lat' dir='ltr'><strong>luna,</strong></span> <span class='ocrx_word' id='word_1_456' title='bbox 2300 2311 2439 2377; x_wconf 91' lang='lat' dir='ltr'><strong>dies,</strong></span> <span class='ocrx_word' id='word_1_457' title='bbox 2474 2311 2772 2374; x_wconf 80' lang='lat' dir='ltr'><strong>famulant,</strong></span> <span class='ocrx_word' id='word_1_458' title='bbox 2810 2311 2899 2364; x_wconf 91' lang='lat' dir='ltr'><strong>cui</strong></span> <span class='ocrx_word' id='word_1_459' title='bbox 2921 2327 3119 2364; x_wconf 92' lang='lat' dir='ltr'><strong>omnes</strong></span> <span class='ocrx_word' id='word_1_460' title='bbox 3145 2310 3352 2380; x_wconf 83' lang='lat' dir='ltr'><strong>abyssi,</strong></span> 
     </span>
    </p>
   </div>
   <div class='ocr_carea' id='block_1_78' title="bbox 1843 2399 2862 2470">
    <p class='ocr_par' dir='ltr' id='par_1_78' title="bbox 1843 2399 2862 2470">
     <span class='ocr_line' id='line_1_79' title="bbox 1843 2399 2862 2470; baseline -0.004 -15"><span class='ocrx_word' id='word_1_461' title='bbox 1843 2400 2112 2470; x_wconf 87' lang='lat' dir='ltr'><strong>Angelica</strong></span> <span class='ocrx_word' id='word_1_462' title='bbox 2143 2399 2235 2452; x_wconf 91' lang='lat' dir='ltr'><strong>cui</strong></span> <span class='ocrx_word' id='word_1_463' title='bbox 2262 2400 2427 2452; x_wconf 90' lang='lat' dir='ltr'><strong>turba</strong></span> <span class='ocrx_word' id='word_1_464' title='bbox 2457 2399 2663 2453; x_wconf 89' lang='lat' dir='ltr'><strong>virtute</strong></span> <span class='ocrx_word' id='word_1_465' title='bbox 2696 2400 2862 2452; x_wconf 86' lang='lat' dir='ltr'><strong>beata</strong></span> 
     </span>
    </p>
   </div>
   <div class='ocr_carea' id='block_1_79' title="bbox 1846 2487 3218 2557">
    <p class='ocr_par' dir='ltr' id='par_1_79' title="bbox 1846 2487 3218 2557">
     <span class='ocr_line' id='line_1_80' title="bbox 1846 2487 3218 2557; baseline -0.002 -13"><span class='ocrx_word' id='word_1_466' title='bbox 1846 2488 2131 2544; x_wconf 82' lang='lat' dir='ltr'><strong>Laudibus</strong></span> <span class='ocrx_word' id='word_1_467' title='bbox 2159 2488 2498 2557; x_wconf 87' lang='lat' dir='ltr'><strong>obsequium</strong></span> <span class='ocrx_word' id='word_1_468' title='bbox 2523 2488 2689 2541; x_wconf 88' lang='lat' dir='ltr'><strong>solvit</strong></span> <span class='ocrx_word' id='word_1_469' title='bbox 2717 2487 2960 2557; x_wconf 84' lang='lat' dir='ltr'><strong>fulgenti</strong></span> <span class='ocrx_word' id='word_1_470' title='bbox 2990 2488 3218 2555; x_wconf 88' lang='lat' dir='ltr'><strong>decore,</strong></span> 
     </span>
    </p>
   </div>
   <div class='ocr_carea' id='block_1_80' title="bbox 1844 2576 3336 2643">
    <p class='ocr_par' dir='ltr' id='par_1_80' title="bbox 1844 2576 3336 2643">
     <span class='ocr_line' id='line_1_81' title="bbox 1844 2576 3336 2643; baseline -0.001 -12"><span class='ocrx_word' id='word_1_471' title='bbox 1844 2580 2023 2643; x_wconf 90' lang='lat' dir='ltr'><strong>Quem</strong></span> <span class='ocrx_word' id='word_1_472' title='bbox 2054 2577 2231 2631; x_wconf 88' lang='lat' dir='ltr'><strong>virtus</strong></span> <span class='ocrx_word' id='word_1_473' title='bbox 2260 2576 2446 2630; x_wconf 85' lang='lat' dir='ltr'><strong>omnis</strong></span> <span class='ocrx_word' id='word_1_474' title='bbox 2473 2581 2780 2630; x_wconf 87' lang='lat' dir='ltr'><strong>concentus</strong></span> <span class='ocrx_word' id='word_1_475' title='bbox 2812 2576 3028 2642; x_wconf 89' lang='lat' dir='ltr'><strong>laudat,</strong></span> <span class='ocrx_word' id='word_1_476' title='bbox 3061 2582 3115 2629; x_wconf 88' lang='lat' dir='ltr'><strong>et</strong></span> <span class='ocrx_word' id='word_1_477' title='bbox 3149 2576 3336 2630; x_wconf 89' lang='lat' dir='ltr'><strong>omnis</strong></span> 
     </span>
    </p>
   </div>
   <div class='ocr_carea' id='block_1_81' title="bbox 1846 2664 3262 2735">
    <p class='ocr_par' dir='ltr' id='par_1_81' title="bbox 1846 2664 3262 2735">
     <span class='ocr_line' id='line_1_82' title="bbox 1846 2664 3262 2735; baseline -0.004 -14"><span class='ocrx_word' id='word_1_478' title='bbox 1846 2667 2064 2734; x_wconf 87' lang='lat' dir='ltr'><strong>Sidera,</strong></span> <span class='ocrx_word' id='word_1_479' title='bbox 2089 2665 2176 2719; x_wconf 89' lang='lat' dir='ltr'><strong>vel</strong></span> <span class='ocrx_word' id='word_1_480' title='bbox 2208 2664 2489 2735; x_wconf 89' lang='lat' dir='ltr'><strong>quidquid</strong></span> <span class='ocrx_word' id='word_1_481' title='bbox 2523 2664 2705 2719; x_wconf 88' lang='lat' dir='ltr'><strong>centri</strong></span> <span class='ocrx_word' id='word_1_482' title='bbox 2738 2681 2989 2718; x_wconf 81' lang='lat' dir='ltr'><strong>convexa</strong></span> <span class='ocrx_word' id='word_1_483' title='bbox 3013 2669 3262 2727; x_wconf 87' lang='lat' dir='ltr'><strong>tenetur,</strong></span> 
     </span>
    </p>
   </div>
   <div class='ocr_carea' id='block_1_82' title="bbox 1846 2753 3407 2823">
    <p class='ocr_par' dir='ltr' id='par_1_82' title="bbox 1846 2753 3407 2823">
     <span class='ocr_line' id='line_1_83' title="bbox 1846 2753 3407 2823; baseline -0.001 -15"><span class='ocrx_word' id='word_1_484' title='bbox 1846 2757 2026 2820; x_wconf 90' lang='lat' dir='ltr'><strong>Quem</strong></span> <span class='ocrx_word' id='word_1_485' title='bbox 2056 2756 2174 2819; x_wconf 85' lang='lat' dir='ltr'><strong>lux,</strong></span> <span class='ocrx_word' id='word_1_486' title='bbox 2207 2769 2365 2819; x_wconf 87' lang='lat' dir='ltr'><strong>aura,</strong></span> <span class='ocrx_word' id='word_1_487' title='bbox 2399 2754 2536 2819; x_wconf 91' lang='lat' dir='ltr'><strong>dies,</strong></span> <span class='ocrx_word' id='word_1_488' title='bbox 2572 2753 2806 2819; x_wconf 90' lang='lat' dir='ltr'><strong>recinet,</strong></span> <span class='ocrx_word' id='word_1_489' title='bbox 2838 2754 2927 2807; x_wconf 89' lang='lat' dir='ltr'><strong>vel</strong></span> <span class='ocrx_word' id='word_1_490' title='bbox 2958 2758 3126 2807; x_wconf 67' lang='lat' dir='ltr'><strong>aestus</strong></span> <span class='ocrx_word' id='word_1_491' title='bbox 3158 2760 3212 2806; x_wconf 90' lang='lat' dir='ltr'><strong>et</strong></span> <span class='ocrx_word' id='word_1_492' title='bbox 3238 2753 3407 2823; x_wconf 84' lang='lat' dir='ltr'><strong>ignis,</strong></span> 
     </span>
    </p>
   </div>
   <div class='ocr_carea' id='block_1_83' title="bbox 1846 2842 3344 2911">
    <p class='ocr_par' dir='ltr' id='par_1_83' title="bbox 1846 2842 3344 2911">
     <span class='ocr_line' id='line_1_84' title="bbox 1846 2842 3344 2911; baseline -0.001 -14"><span class='ocrx_word' id='word_1_493' title='bbox 1846 2843 2129 2908; x_wconf 87' lang='lat' dir='ltr'><strong>Flumina,</strong></span> <span class='ocrx_word' id='word_1_494' title='bbox 2163 2843 2278 2908; x_wconf 84' lang='lat' dir='ltr'><strong>nix,</strong></span> <span class='ocrx_word' id='word_1_495' title='bbox 2313 2842 2542 2911; x_wconf 87' lang='lat' dir='ltr'><strong>glacies,</strong></span> <span class='ocrx_word' id='word_1_496' title='bbox 2572 2847 2794 2907; x_wconf 85' lang='lat' dir='ltr'><strong>ventus,</strong></span> <span class='ocrx_word' id='word_1_497' title='bbox 2825 2847 2880 2896; x_wconf 88' lang='lat' dir='ltr'><strong>et</strong></span> <span class='ocrx_word' id='word_1_498' title='bbox 2906 2842 3062 2895; x_wconf 87' lang='lat' dir='ltr'><strong>unda</strong></span> <span class='ocrx_word' id='word_1_499' title='bbox 3095 2847 3344 2896; x_wconf 88' lang='lat' dir='ltr'><strong>resonat.</strong></span> 
     </span>
    </p>
   </div>
   <div class='ocr_carea' id='block_1_84' title="bbox 1846 2932 3389 3002">
    <p class='ocr_par' dir='ltr' id='par_1_84' title="bbox 1846 2932 3389 3002">
     <span class='ocr_line' id='line_1_85' title="bbox 1846 2932 3389 3002; baseline -0.002 -15"><span class='ocrx_word' id='word_1_500' title='bbox 1846 2932 2165 3002; x_wconf 86' lang='lat' dir='ltr'><strong>Omnigena</strong></span> <span class='ocrx_word' id='word_1_501' title='bbox 2199 2948 2389 2985; x_wconf 89' lang='lat' dir='ltr'><strong>rerum</strong></span> <span class='ocrx_word' id='word_1_502' title='bbox 2427 2932 2729 2985; x_wconf 91' lang='lat' dir='ltr'><strong>Dominum</strong></span> <span class='ocrx_word' id='word_1_503' title='bbox 2766 2947 2902 3001; x_wconf 78' lang='lat' dir='ltr'><strong>prex</strong></span> <span class='ocrx_word' id='word_1_504' title='bbox 2936 2932 3109 3001; x_wconf 89' lang='lat' dir='ltr'><strong>digna</strong></span> <span class='ocrx_word' id='word_1_505' title='bbox 3138 2935 3389 2985; x_wconf 89' lang='lat' dir='ltr'><strong>venerat.</strong></span> 
     </span>
    </p>
   </div>
   <div class='ocr_carea' id='block_1_85' title="bbox 1846 3019 3299 3085">
    <p class='ocr_par' dir='ltr' id='par_1_85' title="bbox 1846 3019 3299 3085">
     <span class='ocr_line' id='line_1_86' title="bbox 1846 3019 3299 3085; baseline -0.001 -11"><span class='ocrx_word' id='word_1_506' title='bbox 1846 3022 1931 3074; x_wconf 89' lang='lat' dir='ltr'><strong>Tu</strong></span> <span class='ocrx_word' id='word_1_507' title='bbox 1957 3020 2165 3074; x_wconf 90' lang='lat' dir='ltr'><strong>misero</strong></span> <span class='ocrx_word' id='word_1_508' title='bbox 2197 3021 2446 3073; x_wconf 90' lang='lat' dir='ltr'><strong>clemens</strong></span> <span class='ocrx_word' id='word_1_509' title='bbox 2477 3019 2743 3073; x_wconf 86' lang='lat' dir='ltr'><strong>metricas</strong></span> <span class='ocrx_word' id='word_1_510' title='bbox 2770 3020 2985 3074; x_wconf 89' lang='lat' dir='ltr'><strong>resolve</strong></span> <span class='ocrx_word' id='word_1_511' title='bbox 3013 3036 3299 3085; x_wconf 87' lang='lat' dir='ltr'><strong>camenas,</strong></span> 
     </span>
    </p>
   </div>
   <div class='ocr_carea' id='block_1_86' title="bbox 1775 3106 3260 3177">
    <p class='ocr_par' dir='ltr' id='par_1_86' title="bbox 1775 3106 3260 3177">
     <span class='ocr_line' id='line_1_87' title="bbox 1775 3106 3260 3177; baseline -0.001 -16"><span class='ocrx_word' id='word_1_512' title='bbox 1775 3106 1814 3160; x_wconf 90' lang='lat' dir='ltr'><strong>C</strong></span> <span class='ocrx_word' id='word_1_513' title='bbox 1847 3107 2109 3161; x_wconf 91' lang='lat' dir='ltr'><strong>Carmine</strong></span> <span class='ocrx_word' id='word_1_514' title='bbox 2138 3112 2200 3160; x_wconf 91' lang='lat' dir='ltr'><strong>ut</strong></span> <span class='ocrx_word' id='word_1_515' title='bbox 2231 3108 2469 3177; x_wconf 89' lang='lat' dir='ltr'><strong>pulchro</strong></span> <span class='ocrx_word' id='word_1_516' title='bbox 2501 3108 2684 3161; x_wconf 89' lang='lat' dir='ltr'><strong>valeat</strong></span> <span class='ocrx_word' id='word_1_517' title='bbox 2714 3107 3012 3161; x_wconf 91' lang='lat' dir='ltr'><strong>concinere</strong></span> <span class='ocrx_word' id='word_1_518' title='bbox 3044 3109 3260 3173; x_wconf 84' lang='lat' dir='ltr'><strong>laudes,</strong></span> 
     </span>
    </p>
   </div>
   <div class='ocr_carea' id='block_1_87' title="bbox 1845 3196 3193 3266">
    <p class='ocr_par' dir='ltr' id='par_1_87' title="bbox 1845 3196 3193 3266">
     <span class='ocr_line' id='line_1_88' title="bbox 1845 3196 3193 3266; baseline 0.001 -17"><span class='ocrx_word' id='word_1_519' title='bbox 1845 3197 1913 3249; x_wconf 83' lang='lat' dir='ltr'><strong>Et</strong></span> <span class='ocrx_word' id='word_1_520' title='bbox 1941 3196 2205 3266; x_wconf 91' lang='lat' dir='ltr'><strong>proprias</strong></span> <span class='ocrx_word' id='word_1_521' title='bbox 2228 3212 2395 3249; x_wconf 90' lang='lat' dir='ltr'><strong>versu</strong></span> <span class='ocrx_word' id='word_1_522' title='bbox 2424 3196 2613 3251; x_wconf 89' lang='lat' dir='ltr'><strong>clades</strong></span> <span class='ocrx_word' id='word_1_523' title='bbox 2649 3196 2738 3249; x_wconf 91' lang='lat' dir='ltr'><strong>his</strong></span> <span class='ocrx_word' id='word_1_524' title='bbox 2767 3200 2918 3249; x_wconf 78' lang='lat' dir='ltr'><strong>texat</strong></span> <span class='ocrx_word' id='word_1_525' title='bbox 2951 3213 3193 3250; x_wconf 87' lang='lat' dir='ltr'><strong>amaras.</strong></span> 
     </span>
    </p>
   </div>
   <div class='ocr_carea' id='block_1_88' title="bbox 1846 3284 3333 3355">
    <p class='ocr_par' dir='ltr' id='par_1_88' title="bbox 1846 3284 3333 3355">
     <span class='ocr_line' id='line_1_89' title="bbox 1846 3284 3333 3355; baseline 0 -18"><span class='ocrx_word' id='word_1_526' title='bbox 1846 3284 1996 3347; x_wconf 90' lang='lat' dir='ltr'><strong>Quas</strong></span> <span class='ocrx_word' id='word_1_527' title='bbox 2024 3284 2229 3338; x_wconf 91' lang='lat' dir='ltr'><strong>merito</strong></span> <span class='ocrx_word' id='word_1_528' title='bbox 2259 3284 2486 3353; x_wconf 87' lang='lat' dir='ltr'><strong>patiens</strong></span> <span class='ocrx_word' id='word_1_529' title='bbox 2515 3284 2837 3354; x_wconf 83' lang='lat' dir='ltr'><strong>subjectum</strong></span> <span class='ocrx_word' id='word_1_530' title='bbox 2869 3290 3054 3338; x_wconf 89' lang='lat' dir='ltr'><strong>morte</strong></span> <span class='ocrx_word' id='word_1_531' title='bbox 3086 3284 3333 3355; x_wconf 90' lang='lat' dir='ltr'><strong>sepulcri</strong></span> 
     </span>
    </p>
   </div>
   <div class='ocr_carea' id='block_1_89' title="bbox 1846 3372 3131 3443">
    <p class='ocr_par' dir='ltr' id='par_1_89' title="bbox 1846 3372 3131 3443">
     <span class='ocr_line' id='line_1_90' title="bbox 1846 3372 3131 3443; baseline 0 -17"><span class='ocrx_word' id='word_1_532' title='bbox 1846 3374 1925 3426; x_wconf 91' lang='lat' dir='ltr'><strong>Tu</strong></span> <span class='ocrx_word' id='word_1_533' title='bbox 1960 3372 2171 3443; x_wconf 88' lang='lat' dir='ltr'><strong>pietate</strong></span> <span class='ocrx_word' id='word_1_534' title='bbox 2202 3374 2352 3426; x_wconf 90' lang='lat' dir='ltr'><strong>Deus</strong></span> <span class='ocrx_word' id='word_1_535' title='bbox 2385 3388 2613 3427; x_wconf 89' lang='lat' dir='ltr'><strong>revocas</strong></span> <span class='ocrx_word' id='word_1_536' title='bbox 2645 3373 2713 3427; x_wconf 88' lang='lat' dir='ltr'><strong>ad</strong></span> <span class='ocrx_word' id='word_1_537' title='bbox 2747 3373 2947 3426; x_wconf 87' lang='lat' dir='ltr'><strong>limina</strong></span> <span class='ocrx_word' id='word_1_538' title='bbox 2979 3374 3131 3426; x_wconf 73' lang='lat' dir='ltr'><strong>vitm.</strong></span> 
     </span>
    </p>
   </div>
   <div class='ocr_carea' id='block_1_90' title="bbox 1800 3461 3347 3531">
    <p class='ocr_par' dir='ltr' id='par_1_90' title="bbox 1800 3461 3347 3531">
     <span class='ocr_line' id='line_1_91' title="bbox 1800 3461 3347 3531; baseline -0.001 -15"><span class='ocrx_word' id='word_1_539' title='bbox 1800 3516 1803 3517; x_wconf 64' lang='lat'>,</span> <span class='ocrx_word' id='word_1_540' title='bbox 1848 3463 2010 3515; x_wconf 89' lang='lat' dir='ltr'><strong>Nunc</strong></span> <span class='ocrx_word' id='word_1_541' title='bbox 2030 3461 2245 3515; x_wconf 84' lang='lat' dir='ltr'><strong>famulo</strong></span> <span class='ocrx_word' id='word_1_542' title='bbox 2280 3462 2502 3531; x_wconf 88' lang='lat' dir='ltr'><strong>largum</strong></span> <span class='ocrx_word' id='word_1_543' title='bbox 2534 3461 2848 3531; x_wconf 87' lang='lat' dir='ltr'><strong>plangendi</strong></span> <span class='ocrx_word' id='word_1_544' title='bbox 2870 3462 3121 3514; x_wconf 90' lang='lat' dir='ltr'><strong>carmine</strong></span> <span class='ocrx_word' id='word_1_545' title='bbox 3150 3463 3347 3515; x_wconf 79' lang='lat' dir='ltr'><strong>fletum</strong></span> 
     </span>
    </p>
   </div>
   <div class='ocr_carea' id='block_1_91' title="bbox 1848 3549 3255 3614">
    <p class='ocr_par' dir='ltr' id='par_1_91' title="bbox 1848 3549 3255 3614">
     <span class='ocr_line' id='line_1_92' title="bbox 1848 3549 3255 3614; baseline -0.003 -9"><span class='ocrx_word' id='word_1_546' title='bbox 1848 3550 2076 3614; x_wconf 88' lang='lat' dir='ltr'><strong>Confer,</strong></span> <span class='ocrx_word' id='word_1_547' title='bbox 2110 3552 2165 3602; x_wconf 89' lang='lat' dir='ltr'><strong>et</strong></span> <span class='ocrx_word' id='word_1_548' title='bbox 2188 3549 2406 3604; x_wconf 87' lang='lat' dir='ltr'><strong>Christe</strong></span> <span class='ocrx_word' id='word_1_549' title='bbox 2441 3553 2662 3603; x_wconf 90' lang='lat' dir='ltr'><strong>nostras</strong></span> <span class='ocrx_word' id='word_1_550' title='bbox 2694 3550 2938 3603; x_wconf 87' lang='lat' dir='ltr'><strong>dissolve</strong></span> <span class='ocrx_word' id='word_1_551' title='bbox 2971 3550 3255 3614; x_wconf 87' lang='lat' dir='ltr'><strong>tenebras,</strong></span> 
     </span>
    </p>
   </div>
   <div class='ocr_carea' id='block_1_92' title="bbox 1851 3636 3132 3706">
    <p class='ocr_par' dir='ltr' id='par_1_92' title="bbox 1851 3636 3132 3706">
     <span class='ocr_line' id='line_1_93' title="bbox 1851 3636 3132 3706; baseline -0.002 -14"><span class='ocrx_word' id='word_1_552' title='bbox 1851 3640 1917 3692; x_wconf 85' lang='lat' dir='ltr'><strong>Et</strong></span> <span class='ocrx_word' id='word_1_553' title='bbox 1944 3637 2129 3691; x_wconf 91' lang='lat' dir='ltr'><strong>lucide</strong></span> <span class='ocrx_word' id='word_1_554' title='bbox 2160 3636 2352 3706; x_wconf 88' lang='lat' dir='ltr'><strong>vigida</strong></span> <span class='ocrx_word' id='word_1_555' title='bbox 2382 3636 2525 3689; x_wconf 90' lang='lat' dir='ltr'><strong>servi</strong></span> <span class='ocrx_word' id='word_1_556' title='bbox 2558 3636 2635 3689; x_wconf 87' lang='lat' dir='ltr'><strong>sic</strong></span> <span class='ocrx_word' id='word_1_557' title='bbox 2664 3642 2898 3705; x_wconf 88' lang='lat' dir='ltr'><strong>pectora</strong></span> <span class='ocrx_word' id='word_1_558' title='bbox 2929 3637 3132 3690; x_wconf 87' lang='lat' dir='ltr'><strong>forma.</strong></span> 
     </span>
    </p>
   </div>
   <div class='ocr_carea' id='block_1_93' title="bbox 1852 3724 3327 3795">
    <p class='ocr_par' dir='ltr' id='par_1_93' title="bbox 1852 3724 3327 3795">
     <span class='ocr_line' id='line_1_94' title="bbox 1852 3724 3327 3795; baseline -0.003 -14"><span class='ocrx_word' id='word_1_559' title='bbox 1852 3727 1921 3781; x_wconf 90' lang='lat' dir='ltr'><strong>Ut</strong></span> <span class='ocrx_word' id='word_1_560' title='bbox 1948 3726 2118 3795; x_wconf 89' lang='lat' dir='ltr'><strong>digne</strong></span> <span class='ocrx_word' id='word_1_561' title='bbox 2153 3730 2381 3778; x_wconf 88' lang='lat' dir='ltr'><strong>cantum</strong></span> <span class='ocrx_word' id='word_1_562' title='bbox 2414 3725 2617 3777; x_wconf 87' lang='lat' dir='ltr'><strong>reddat</strong></span> <span class='ocrx_word' id='word_1_563' title='bbox 2648 3724 2970 3795; x_wconf 83' lang='lat' dir='ltr'><strong>hymnifere</strong></span> <span class='ocrx_word' id='word_1_564' title='bbox 3000 3725 3327 3795; x_wconf 89' lang='lat' dir='ltr'><strong>pulchrum,</strong></span> 
     </span>
    </p>
   </div>
   <div class='ocr_carea' id='block_1_94' title="bbox 1847 3813 3304 3883">
    <p class='ocr_par' dir='ltr' id='par_1_94' title="bbox 1847 3813 3304 3883">
     <span class='ocr_line' id='line_1_95' title="bbox 1847 3813 3304 3883; baseline -0.002 -16"><span class='ocrx_word' id='word_1_565' title='bbox 1847 3816 1969 3878; x_wconf 91' lang='lat' dir='ltr'><strong>Quo</strong></span> <span class='ocrx_word' id='word_1_566' title='bbox 2000 3814 2191 3868; x_wconf 88' lang='lat' dir='ltr'><strong>deleas</strong></span> <span class='ocrx_word' id='word_1_567' title='bbox 2221 3816 2412 3866; x_wconf 88' lang='lat' dir='ltr'><strong>sancte</strong></span> <span class='ocrx_word' id='word_1_568' title='bbox 2443 3813 2663 3882; x_wconf 90' lang='lat' dir='ltr'><strong>placide</strong></span> <span class='ocrx_word' id='word_1_569' title='bbox 2690 3830 2829 3883; x_wconf 87' lang='lat' dir='ltr'><strong>quas</strong></span> <span class='ocrx_word' id='word_1_570' title='bbox 2860 3813 3078 3883; x_wconf 82' lang='lat' dir='ltr'><strong>perfide</strong></span> <span class='ocrx_word' id='word_1_571' title='bbox 3107 3814 3304 3883; x_wconf 87' lang='lat' dir='ltr'><strong>culpas</strong></span> 
     </span>
    </p>
   </div>
   <div class='ocr_carea' id='block_1_95' title="bbox 1847 3901 3301 3972">
    <p class='ocr_par' dir='ltr' id='par_1_95' title="bbox 1847 3901 3301 3972">
     <span class='ocr_line' id='line_1_96' title="bbox 1847 3901 3301 3972; baseline -0.001 -17"><span class='ocrx_word' id='word_1_572' title='bbox 1847 3901 2142 3956; x_wconf 77' lang='lat' dir='ltr'><strong>Traximus</strong></span> <span class='ocrx_word' id='word_1_573' title='bbox 2174 3905 2429 3955; x_wconf 89' lang='lat' dir='ltr'><strong>errantes</strong></span> <span class='ocrx_word' id='word_1_574' title='bbox 2458 3917 2563 3971; x_wconf 90' lang='lat' dir='ltr'><strong>per</strong></span> <span class='ocrx_word' id='word_1_575' title='bbox 2591 3901 2817 3955; x_wconf 89' lang='lat' dir='ltr'><strong>deviam</strong></span> <span class='ocrx_word' id='word_1_576' title='bbox 2848 3917 3035 3972; x_wconf 88' lang='lat' dir='ltr'><strong>neque</strong></span> <span class='ocrx_word' id='word_1_577' title='bbox 3065 3902 3301 3955; x_wconf 84' lang='lat' dir='ltr'><strong>viantes.</strong></span> 
     </span>
    </p>
   </div>
   <div class='ocr_carea' id='block_1_96' title="bbox 1848 3990 3258 4061">
    <p class='ocr_par' dir='ltr' id='par_1_96' title="bbox 1848 3990 3258 4061">
     <span class='ocr_line' id='line_1_97' title="bbox 1848 3990 3258 4061; baseline 0 -17"><span class='ocrx_word' id='word_1_578' title='bbox 1848 3992 1938 4044; x_wconf 90' lang='lat' dir='ltr'><strong>Sic</strong></span> <span class='ocrx_word' id='word_1_579' title='bbox 1971 4006 2076 4061; x_wconf 91' lang='lat' dir='ltr'><strong>ego</strong></span> <span class='ocrx_word' id='word_1_580' title='bbox 2105 3990 2425 4060; x_wconf 89' lang='lat' dir='ltr'><strong>primorum</strong></span> <span class='ocrx_word' id='word_1_581' title='bbox 2452 3995 2630 4043; x_wconf 87' lang='lat' dir='ltr'><strong>sectas</strong></span> <span class='ocrx_word' id='word_1_582' title='bbox 2658 3990 2922 4044; x_wconf 89' lang='lat' dir='ltr'><strong>iterando</strong></span> <span class='ocrx_word' id='word_1_583' title='bbox 2954 3991 3258 4056; x_wconf 90' lang='lat' dir='ltr'><strong>malorum,</strong></span> 
     </span>
    </p>
   </div>
   <div class='ocr_carea' id='block_1_97' title="bbox 1853 4078 3228 4148">
    <p class='ocr_par' dir='ltr' id='par_1_97' title="bbox 1853 4078 3228 4148">
     <span class='ocr_line' id='line_1_98' title="bbox 1853 4078 3228 4148; baseline -0.002 -14"><span class='ocrx_word' id='word_1_584' title='bbox 1853 4081 2013 4134; x_wconf 82' lang='lat' dir='ltr'><strong>Nunc</strong></span> <span class='ocrx_word' id='word_1_585' title='bbox 2040 4094 2190 4132; x_wconf 86' lang='lat' dir='ltr'><strong>nexu</strong></span> <span class='ocrx_word' id='word_1_586' title='bbox 2215 4079 2368 4148; x_wconf 86' lang='lat' dir='ltr'><strong>justo</strong></span> <span class='ocrx_word' id='word_1_587' title='bbox 2400 4078 2618 4132; x_wconf 89' lang='lat' dir='ltr'><strong>vinetus</strong></span> <span class='ocrx_word' id='word_1_588' title='bbox 2653 4079 2757 4132; x_wconf 89' lang='lat' dir='ltr'><strong>sub</strong></span> <span class='ocrx_word' id='word_1_589' title='bbox 2785 4080 2941 4133; x_wconf 90' lang='lat' dir='ltr'><strong>clade</strong></span> <span class='ocrx_word' id='word_1_590' title='bbox 2972 4095 3228 4133; x_wconf 90' lang='lat' dir='ltr'><strong>reorum.</strong></span> 
     </span>
    </p>
   </div>
   <div class='ocr_carea' id='block_1_98' title="bbox 1851 4166 3281 4238">
    <p class='ocr_par' dir='ltr' id='par_1_98' title="bbox 1851 4166 3281 4238">
     <span class='ocr_line' id='line_1_99' title="bbox 1851 4166 3281 4238; baseline -0.001 -16"><span class='ocrx_word' id='word_1_591' title='bbox 1851 4168 1961 4222; x_wconf 90' lang='lat' dir='ltr'><strong>Sed</strong></span> <span class='ocrx_word' id='word_1_592' title='bbox 1992 4168 2200 4221; x_wconf 88' lang='lat' dir='ltr'><strong>misero</strong></span> <span class='ocrx_word' id='word_1_593' title='bbox 2232 4166 2456 4220; x_wconf 91' lang='lat' dir='ltr'><strong>veniam</strong></span> <span class='ocrx_word' id='word_1_594' title='bbox 2487 4168 2639 4221; x_wconf 88' lang='lat' dir='ltr'><strong>tollit</strong></span> <span class='ocrx_word' id='word_1_595' title='bbox 2667 4168 2758 4220; x_wconf 90' lang='lat' dir='ltr'><strong>cui</strong></span> <span class='ocrx_word' id='word_1_596' title='bbox 2789 4169 2975 4238; x_wconf 91' lang='lat' dir='ltr'><strong>culpa,</strong></span> <span class='ocrx_word' id='word_1_597' title='bbox 3011 4183 3281 4221; x_wconf 91' lang='lat' dir='ltr'><strong>coronam</strong></span> 
     </span>
    </p>
   </div>
   <div class='ocr_carea' id='block_1_99' title="bbox 1852 4255 3248 4326">
    <p class='ocr_par' dir='ltr' id='par_1_99' title="bbox 1852 4255 3248 4326">
     <span class='ocr_line' id='line_1_100' title="bbox 1852 4255 3248 4326; baseline -0.001 -15"><span class='ocrx_word' id='word_1_598' title='bbox 1852 4255 2043 4311; x_wconf 87' lang='lat' dir='ltr'><strong>Gratia</strong></span> <span class='ocrx_word' id='word_1_599' title='bbox 2073 4256 2292 4310; x_wconf 86' lang='lat' dir='ltr'><strong>Christe</strong></span> <span class='ocrx_word' id='word_1_600' title='bbox 2315 4259 2413 4309; x_wconf 88' lang='lat' dir='ltr'><strong>tua</strong></span> <span class='ocrx_word' id='word_1_601' title='bbox 2442 4256 2679 4321; x_wconf 86' lang='lat' dir='ltr'><strong>tribuat,</strong></span> <span class='ocrx_word' id='word_1_602' title='bbox 2706 4272 2876 4326; x_wconf 89' lang='lat' dir='ltr'><strong>quem</strong></span> <span class='ocrx_word' id='word_1_603' title='bbox 2910 4258 3073 4311; x_wconf 88' lang='lat' dir='ltr'><strong>restis</strong></span> <span class='ocrx_word' id='word_1_604' title='bbox 3105 4257 3248 4310; x_wconf 87' lang='lat' dir='ltr'><strong>reati</strong></span> 
     </span>
    </p>
   </div>
   <div class='ocr_carea' id='block_1_100' title="bbox 1855 4344 3156 4415">
    <p class='ocr_par' dir='ltr' id='par_1_100' title="bbox 1855 4344 3156 4415">
     <span class='ocr_line' id='line_1_101' title="bbox 1855 4344 3156 4415; baseline 0 -17"><span class='ocrx_word' id='word_1_605' title='bbox 1855 4348 1900 4398; x_wconf 83' lang='grc' dir='ltr'><strong>Α</strong></span> <span class='ocrx_word' id='word_1_606' title='bbox 1930 4345 2187 4415; x_wconf 89' lang='lat' dir='ltr'><strong>patribus</strong></span> <span class='ocrx_word' id='word_1_607' title='bbox 2218 4349 2387 4399; x_wconf 84' lang='lat' dir='ltr'><strong>tenxa</strong></span> <span class='ocrx_word' id='word_1_608' title='bbox 2413 4344 2593 4398; x_wconf 86' lang='lat' dir='ltr'><strong>vinxit</strong></span> <span class='ocrx_word' id='word_1_609' title='bbox 2626 4361 2729 4399; x_wconf 91' lang='lat' dir='ltr'><strong>nec</strong></span> <span class='ocrx_word' id='word_1_610' title='bbox 2758 4345 2896 4399; x_wconf 83' lang='lat' dir='ltr'><strong>ﬂetu</strong></span> <span class='ocrx_word' id='word_1_611' title='bbox 2928 4347 3156 4399; x_wconf 84' lang='lat' dir='ltr'><strong>resulta.</strong></span> 
     </span>
    </p>
   </div>
   <div class='ocr_carea' id='block_1_101' title="bbox 2644 4488 2756 4542">
    <p class='ocr_par' dir='ltr' id='par_1_101' title="bbox 2644 4488 2756 4542">
     <span class='ocr_line' id='line_1_102' title="bbox 2644 4488 2756 4542; baseline 0.009 -3"><span class='ocrx_word' id='word_1_612' title='bbox 2644 4488 2756 4542; x_wconf 78' lang='lat' dir='ltr'><strong>VII.</strong></span> 
     </span>
    </p>
   </div>
   <div class='ocr_carea' id='block_1_102' title="bbox 2153 4625 3251 4666">
    <p class='ocr_par' dir='ltr' id='par_1_102' title="bbox 2153 4625 3251 4666">
     <span class='ocr_line' id='line_1_103' title="bbox 2153 4625 3251 4666; baseline -0.001 -1"><span class='ocrx_word' id='word_1_613' title='bbox 2153 4628 2269 4665; x_wconf 71' lang='grc' dir='ltr'><strong>ῙΤΕΜ</strong></span> <span class='ocrx_word' id='word_1_614' title='bbox 2310 4627 2597 4666; x_wconf 69' lang='lat' dir='ltr'><strong>LAMENTUM</strong></span> <span class='ocrx_word' id='word_1_615' title='bbox 2640 4628 2916 4665; x_wconf 70' lang='lat' dir='ltr'><strong>METRICUM</strong></span> <span class='ocrx_word' id='word_1_616' title='bbox 2960 4625 3251 4665; x_wconf 73' lang='lat' dir='ltr'><strong>PROPRIUM.</strong></span> 
     </span>
    </p>
   </div>
   <div class='ocr_carea' id='block_1_103' title="bbox 1852 4735 3277 4805">
    <p class='ocr_par' dir='ltr' id='par_1_103' title="bbox 1852 4735 3277 4805">
     <span class='ocr_line' id='line_1_104' title="bbox 1852 4735 3277 4805; baseline -0.003 -15"><span class='ocrx_word' id='word_1_617' title='bbox 1852 4737 2111 4803; x_wconf 89' lang='lat' dir='ltr'><strong>Alvarus,</strong></span> <span class='ocrx_word' id='word_1_618' title='bbox 2142 4752 2174 4789; x_wconf 93' lang='lat' dir='ltr'><strong>o</strong></span> <span class='ocrx_word' id='word_1_619' title='bbox 2200 4736 2402 4803; x_wconf 88' lang='lat' dir='ltr'><strong>lector,</strong></span> <span class='ocrx_word' id='word_1_620' title='bbox 2434 4736 2604 4804; x_wconf 89' lang='lat' dir='ltr'><strong>longe</strong></span> <span class='ocrx_word' id='word_1_621' title='bbox 2638 4751 2743 4803; x_wconf 85' lang='lat' dir='ltr'><strong>per</strong></span> <span class='ocrx_word' id='word_1_622' title='bbox 2769 4740 3027 4805; x_wconf 88' lang='lat' dir='ltr'><strong>tempore</strong></span> <span class='ocrx_word' id='word_1_623' title='bbox 3059 4735 3277 4804; x_wconf 87' lang='lat' dir='ltr'><strong>pangit,</strong></span> 
     </span>
    </p>
   </div>
   <div class='ocr_carea' id='block_1_104' title="bbox 1854 4822 3266 4895">
    <p class='ocr_par' dir='ltr' id='par_1_104' title="bbox 1854 4822 3266 4895">
     <span class='ocr_line' id='line_1_105' title="bbox 1854 4822 3266 4895; baseline -0.003 -17"><span class='ocrx_word' id='word_1_624' title='bbox 1854 4826 1920 4878; x_wconf 82' lang='lat' dir='ltr'><strong>Et</strong></span> <span class='ocrx_word' id='word_1_625' title='bbox 1950 4826 2149 4895; x_wconf 90' lang='lat' dir='ltr'><strong>lingua</strong></span> <span class='ocrx_word' id='word_1_626' title='bbox 2170 4840 2441 4877; x_wconf 89' lang='lat' dir='ltr'><strong>resonans</strong></span> <span class='ocrx_word' id='word_1_627' title='bbox 2469 4828 2657 4876; x_wconf 87' lang='lat' dir='ltr'><strong>tecum</strong></span> <span class='ocrx_word' id='word_1_628' title='bbox 2690 4827 2816 4893; x_wconf 90' lang='lat' dir='ltr'><strong>post</strong></span> <span class='ocrx_word' id='word_1_629' title='bbox 2841 4822 2983 4875; x_wconf 84' lang='lat' dir='ltr'><strong>facta</strong></span> <span class='ocrx_word' id='word_1_630' title='bbox 3015 4822 3266 4892; x_wconf 88' lang='lat' dir='ltr'><strong>resurgit</strong></span> 
     </span>
    </p>
   </div>
   <div class='ocr_carea' id='block_1_105' title="bbox 1853 4912 3187 4981">
    <p class='ocr_par' dir='ltr' id='par_1_105' title="bbox 1853 4912 3187 4981">
     <span class='ocr_line' id='line_1_106' title="bbox 1853 4912 3187 4981; baseline -0.004 -14"><span class='ocrx_word' id='word_1_631' title='bbox 1853 4915 1918 4967; x_wconf 93' lang='lat' dir='ltr'><strong>In</strong></span> <span class='ocrx_word' id='word_1_632' title='bbox 1949 4930 2117 4967; x_wconf 84' lang='lat' dir='ltr'><strong>auras</strong></span> <span class='ocrx_word' id='word_1_633' title='bbox 2146 4914 2365 4966; x_wconf 88' lang='lat' dir='ltr'><strong>solutus</strong></span> <span class='ocrx_word' id='word_1_634' title='bbox 2396 4912 2482 4965; x_wconf 85' lang='lat' dir='ltr'><strong>vel</strong></span> <span class='ocrx_word' id='word_1_635' title='bbox 2515 4915 2666 4965; x_wconf 89' lang='lat' dir='ltr'><strong>certe</strong></span> <span class='ocrx_word' id='word_1_636' title='bbox 2696 4912 2925 4981; x_wconf 84' lang='lat' dir='ltr'><strong>pulvere</strong></span> <span class='ocrx_word' id='word_1_637' title='bbox 2951 4926 3187 4973; x_wconf 88' lang='lat' dir='ltr'><strong>mersus,</strong></span> 
     </span>
    </p>
   </div>
   <div class='ocr_carea' id='block_1_106' title="bbox 1854 4998 3187 5064">
    <p class='ocr_par' dir='ltr' id='par_1_106' title="bbox 1854 4998 3187 5064">
     <span class='ocr_line' id='line_1_107' title="bbox 1854 4998 3187 5064; baseline -0.001 -12"><span class='ocrx_word' id='word_1_638' title='bbox 1854 5003 2061 5055; x_wconf 88' lang='lat' dir='ltr'><strong>Versus</strong></span> <span class='ocrx_word' id='word_1_639' title='bbox 2094 5001 2151 5053; x_wconf 91' lang='lat' dir='ltr'><strong>in</strong></span> <span class='ocrx_word' id='word_1_640' title='bbox 2184 4999 2391 5064; x_wconf 89' lang='lat' dir='ltr'><strong>cinere,</strong></span> <span class='ocrx_word' id='word_1_641' title='bbox 2424 4998 2655 5052; x_wconf 88' lang='lat' dir='ltr'><strong>metrice</strong></span> <span class='ocrx_word' id='word_1_642' title='bbox 2685 4998 2778 5051; x_wconf 89' lang='lat' dir='ltr'><strong>sed</strong></span> <span class='ocrx_word' id='word_1_643' title='bbox 2813 5014 2940 5051; x_wconf 90' lang='lat' dir='ltr'><strong>ecce</strong></span> <span class='ocrx_word' id='word_1_644' title='bbox 2971 4998 3187 5051; x_wconf 90' lang='lat' dir='ltr'><strong>reboat.</strong></span> 
     </span>
    </p>
   </div>
   <div class='ocr_carea' id='block_1_107' title="bbox 1851 5086 3330 5157">
    <p class='ocr_par' dir='ltr' id='par_1_107' title="bbox 1851 5086 3330 5157">
     <span class='ocr_line' id='line_1_108' title="bbox 1851 5086 3330 5157; baseline -0.003 -13"><span class='ocrx_word' id='word_1_645' title='bbox 1851 5092 1956 5156; x_wconf 87' lang='lat' dir='ltr'><strong>Tu,</strong></span> <span class='ocrx_word' id='word_1_646' title='bbox 1988 5091 2186 5155; x_wconf 87' lang='lat' dir='ltr'><strong>lector,</strong></span> <span class='ocrx_word' id='word_1_647' title='bbox 2217 5089 2476 5157; x_wconf 89' lang='lat' dir='ltr'><strong>relegens</strong></span> <span class='ocrx_word' id='word_1_648' title='bbox 2507 5086 2675 5139; x_wconf 88' lang='lat' dir='ltr'><strong>redde</strong></span> <span class='ocrx_word' id='word_1_649' title='bbox 2708 5102 2860 5138; x_wconf 91' lang='lat' dir='ltr'><strong>nunc</strong></span> <span class='ocrx_word' id='word_1_650' title='bbox 2892 5086 3131 5156; x_wconf 66' lang='lat' dir='ltr'><strong>praemia</strong></span> <span class='ocrx_word' id='word_1_651' title='bbox 3159 5086 3330 5152; x_wconf 88' lang='lat' dir='ltr'><strong>vocis,</strong></span> 
     </span>
    </p>
   </div>
   <div class='ocr_carea' id='block_1_108' title="bbox 1857 5174 3394 5246">
    <p class='ocr_par' dir='ltr' id='par_1_108' title="bbox 1857 5174 3394 5246">
     <span class='ocr_line' id='line_1_109' title="bbox 1857 5174 3394 5246; baseline -0.004 -14"><span class='ocrx_word' id='word_1_652' title='bbox 1857 5180 1920 5232; x_wconf 88' lang='lat' dir='ltr'><strong>Et</strong></span> <span class='ocrx_word' id='word_1_653' title='bbox 1949 5179 2224 5246; x_wconf 87' lang='lat' dir='ltr'><strong>lacrymas</strong></span> <span class='ocrx_word' id='word_1_654' title='bbox 2260 5174 2498 5228; x_wconf 91' lang='lat' dir='ltr'><strong>Domino</strong></span> <span class='ocrx_word' id='word_1_655' title='bbox 2530 5174 2775 5227; x_wconf 87' lang='lat' dir='ltr'><strong>fundens</strong></span> <span class='ocrx_word' id='word_1_656' title='bbox 2807 5174 2929 5227; x_wconf 78' lang='lat' dir='ltr'><strong>haec</strong></span> <span class='ocrx_word' id='word_1_657' title='bbox 2960 5180 3130 5228; x_wconf 89' lang='lat' dir='ltr'><strong>cantu</strong></span> <span class='ocrx_word' id='word_1_658' title='bbox 3162 5175 3394 5229; x_wconf 89' lang='lat' dir='ltr'><strong>resulta.</strong></span> 
     </span>
    </p>
   </div>
   <div class='ocr_carea' id='block_1_109' title="bbox 1854 5296 3551 5369">
    <p class='ocr_par' dir='ltr' id='par_1_109' title="bbox 1854 5296 3551 5369">
     <span class='ocr_line' id='line_1_110' title="bbox 1854 5296 3551 5369; baseline -0.002 -16"><span class='ocrx_word' id='word_1_659' title='bbox 1854 5304 2033 5353; x_wconf 86' lang='lat' dir='ltr'><strong>textu.</strong></span> <span class='ocrx_word' id='word_1_660' title='bbox 2083 5297 2280 5366; x_wconf 83' lang='lat' dir='ltr'><strong>Ibique</strong></span> <span class='ocrx_word' id='word_1_661' title='bbox 2310 5299 2430 5365; x_wconf 88' lang='lat' dir='ltr'><strong>ejus</strong></span> <span class='ocrx_word' id='word_1_662' title='bbox 2460 5296 2863 5366; x_wconf 88' lang='lat' dir='ltr'><strong>transcriptum</strong></span> <span class='ocrx_word' id='word_1_663' title='bbox 2911 5297 3150 5365; x_wconf 89' lang='lat' dir='ltr'><strong>desinit;</strong></span> <span class='ocrx_word' id='word_1_664' title='bbox 3193 5297 3551 5369; x_wconf 76' lang='lat' dir='ltr'><strong>sequentium</strong></span> 
     </span>
    </p>
   </div>
   <div class='ocr_carea' id='block_1_110' title="bbox 1855 5368 3044 5440">
    <p class='ocr_par' dir='ltr' id='par_1_110' title="bbox 1855 5368 3044 5440">
     <span class='ocr_line' id='line_1_111' title="bbox 1855 5368 3044 5440; baseline 0.001 -18"><span class='ocrx_word' id='word_1_665' title='bbox 1855 5385 2121 5422; x_wconf 89' lang='lat' dir='ltr'><strong>versuum</strong></span> <span class='ocrx_word' id='word_1_666' title='bbox 2152 5368 2348 5420; x_wconf 89' lang='lat' dir='ltr'><strong>titulos</strong></span> <span class='ocrx_word' id='word_1_667' title='bbox 2378 5373 2601 5420; x_wconf 81' lang='lat' dir='ltr'><strong>tantum</strong></span> <span class='ocrx_word' id='word_1_668' title='bbox 2628 5369 3044 5440; x_wconf 88' lang='lat' dir='ltr'><strong>perstringens.</strong></span> 
     </span>
    </p>
   </div>
   <div class='ocr_carea' id='block_1_111' title="bbox 1926 5440 2354 5499">
    <p class='ocr_par' dir='ltr' id='par_1_111' title="bbox 1926 5440 2354 5499">
     <span class='ocr_line' id='line_1_112' title="bbox 1926 5440 2354 5499; baseline 0 -8"><span class='ocrx_word' id='word_1_669' title='bbox 1926 5440 1944 5472; x_wconf 66' lang='grc' dir='ltr'>ί</span> <span class='ocrx_word' id='word_1_670' title='bbox 1980 5440 2102 5499; x_wconf 68' lang='lat' dir='ltr'><strong>Ms,</strong></span> <span class='ocrx_word' id='word_1_671' title='bbox 2137 5440 2354 5491; x_wconf 83' lang='lat' dir='ltr'><strong>conclis.</strong></span> 
     </span>
    </p>
   </div>
   <div class='ocr_carea' id='block_1_112' title="bbox 1926 5507 2872 5579">
    <p class='ocr_par' dir='ltr' id='par_1_112' title="bbox 1926 5507 2872 5579">
     <span class='ocr_line' id='line_1_113' title="bbox 1926 5507 2872 5579; baseline -0.001 -17"><span class='ocrx_word' id='word_1_672' title='bbox 1926 5537 1953 5572; x_wconf 73' lang='grc' dir='ltr'>κ</span> <span class='ocrx_word' id='word_1_673' title='bbox 1992 5510 2033 5562; x_wconf 89' lang='lat' dir='ltr'><strong>l.</strong></span> <span class='ocrx_word' id='word_1_674' title='bbox 2068 5509 2291 5575; x_wconf 79' lang='lat' dir='ltr'><strong>elenchi,</strong></span> <span class='ocrx_word' id='word_1_675' title='bbox 2317 5508 2374 5563; x_wconf 89' lang='lat' dir='ltr'><strong>id</strong></span> <span class='ocrx_word' id='word_1_676' title='bbox 2408 5512 2493 5562; x_wconf 88' lang='lat' dir='ltr'><strong>est</strong></span> <span class='ocrx_word' id='word_1_677' title='bbox 2525 5507 2872 5579; x_wconf 86' lang='lat' dir='ltr'><strong>margaritae.</strong></span> 
     </span>
    </p>
   </div>
   <div class='ocr_carea' id='block_1_113' title="bbox 1926 5579 3180 5646">
    <p class='ocr_par' dir='ltr' id='par_1_113' title="bbox 1926 5579 3180 5646">
     <span class='ocr_line' id='line_1_114' title="bbox 1926 5579 3180 5646; baseline 0.002 -13"><span class='ocrx_word' id='word_1_678' title='bbox 1926 5583 1955 5623; x_wconf 85' lang='lat' dir='ltr'><strong>h</strong></span> <span class='ocrx_word' id='word_1_679' title='bbox 1994 5580 2034 5633; x_wconf 91' lang='grc' dir='ltr'><strong>Ι.</strong></span> <span class='ocrx_word' id='word_1_680' title='bbox 2070 5579 2413 5646; x_wconf 82' lang='lat' dir='ltr'><strong>chelydrum;</strong></span> <span class='ocrx_word' id='word_1_681' title='bbox 2444 5585 2847 5633; x_wconf 85' lang='lat' dir='ltr'><strong>ornamentum</strong></span> <span class='ocrx_word' id='word_1_682' title='bbox 2879 5582 3180 5639; x_wconf 88' lang='lat' dir='ltr'><strong>muliebre.</strong></span> 
     </span>
    </p>
   </div>
   <div class='ocr_carea' id='block_1_114' title="bbox 1930 5651 2905 5719">
    <p class='ocr_par' dir='ltr' id='par_1_114' title="bbox 1930 5651 2905 5719">
     <span class='ocr_line' id='line_1_115' title="bbox 1930 5651 2905 5719; baseline 0 -14"><span class='ocrx_word' id='word_1_683' title='bbox 1930 5652 1941 5684; x_wconf 70' lang='grc' dir='ltr'>ί</span> <span class='ocrx_word' id='word_1_684' title='bbox 1984 5651 2104 5714; x_wconf 65' lang='lat' dir='ltr'><strong>Ms,</strong></span> <span class='ocrx_word' id='word_1_685' title='bbox 2137 5651 2339 5719; x_wconf 79' lang='lat' dir='ltr'><strong>incipit</strong></span> <span class='ocrx_word' id='word_1_686' title='bbox 2367 5653 2511 5705; x_wconf 80' lang='lat' dir='ltr'><strong>versi</strong></span> <span class='ocrx_word' id='word_1_687' title='bbox 2542 5651 2905 5719; x_wconf 76' lang='lat' dir='ltr'><strong>Epimenides.</strong></span> 
     </span>
    </p>
   </div>
  </div>
