3860 6262
332 342 434 394 559
1692 341 1944 396 ALVARI
1983 341 2211 397 CORDU
2221 341 2455 398 BENSIS
3715 350 3781 397 Stin

333 472 739 542 Cunctipotens
770 470 1005 525 Genitor
1032 487 1226 524 rerum
1254 471 1345 524 cui
1371 470 1555 541 gloria
1582 472 1763 541 cedet,
2057 474 2105 526 A
2137 472 2413 538 Ezechiel,
2445 475 2625 525 tectus
2651 472 2833 543 capite
2864 474 2951 526 vel
2982 473 3094 528 ﬁne
3127 475 3382 528 seclusus

331 562 623 630 Quemque
646 559 762 629 poli
792 559 1348 626 Iaudant,famulant
1369 560 1459 613 cui
1482 576 1683 613 omnes
1703 560 1911 629 abyssi,
2132 563 2296 627 llose,
2328 562 2508 627 Johel,
2538 564 2730 627 Amos,
2764 562 2995 623 Abdias,
3028 562 3341 633 naufragus
3370 565 3561 631 Jonas,

329 648 432 702 Cui
462 650 563 712 sol,
598 650 750 714 luna,
783 647 924 713 dies,
958 648 1147 713 tellus,
1176 654 1234 702 et
1261 652 1476 701 tartara
1508 654 1734 702 servent
1760 662 1805 714 ε,
2128 649 2519 720 Μίοὴωεδᾳιιθ,
2555 651 2761 717 Naum,
2790 650 3096 717 Ambacuc,
3126 652 3542 722 Soﬁ'oniasque,

329 737 507 800 Quem
542 737 733 790 dulces
779 736 1035 789 volucres
1063 737 1316 803 laudant,
1350 752 1481 790 cum
1514 738 1769 789 carmina
1798 736 2016 807 pipant,
2126 740 2370 807 Aggeeus
2400 738 2533 791 hinc
2558 738 2789 808 clangit,
2823 740 3119 792 Zacharias
3151 756 3404 811 namque
3435 747 3679 805 resonat,

328 824 505 887 Quem
541 840 804 878 murmur
833 828 1063 877 resonat
1094 825 1307 877 undose
1340 825 1600 894 margine
1632 831 1887 894 turgens,
2128 826 2436 880 Malachias
2466 827 2640 880 ﬁnem
2673 828 3002 897 complectit
3029 828 3273 881 termine
3306 828 3483 882 verbi.

330 915 394 965 Et
422 913 593 965 maris
625 914 737 966 alta
767 913 1017 982 procella
1043 920 1249 965 tonans
1280 929 1454 982 quem
1482 929 1621 966 cana
1651 912 1918 978 celebrat,
2128 914 2281 968 Esais
2311 920 2502 968 vatum
2530 916 2750 985 primus
2782 932 2956 986 quam
2990 916 3237 969 maxime
3270 917 3478 983 celsus,

328 1001 649 1071 Omnigena
678 1018 871 1055 rerum
898 1018 1062 1055 sensu
1098 1017 1269 1072 quem
1297 1007 1421 1056 rota
1450 1006 1758 1071 praeconat,
2128 1003 2365 1056 Uberius
2394 1008 2621 1057 retonat
2648 1004 2757 1073 Xpi
2786 1005 3059 1074 mysteria
3089 1005 3297 1058 clarus.

328 1090 598 1143 Alvarum
628 1090 796 1144 solita
824 1106 1052 1159 semper
1079 1091 1292 1159 pietate
1319 1092 1579 1161 guberna
1614 1106 1626 1144 :
2126 1092 2225 1145 Hic
2256 1093 2397 1145 alter
2427 1092 2692 1161 lacrymis
2723 1098 2915 1146 sancta
2946 1092 3025 1146 sic
3059 1094 3177 1146 zelo
3210 1092 3346 1148 ﬁdei

329 1179 489 1231 Hunc
512 1178 693 1248 gratia
721 1180 930 1233 relevet
960 1195 1131 1248 quem
1167 1180 1334 1249 nugis
1365 1180 1535 1232 noxia
1559 1179 1759 1233 curbat
1788 1196 1801 1233 :
2122 1180 2399 1233 Jeremias
2430 1180 2621 1241 deﬁet,
2654 1179 2812 1234 aliud
2843 1197 2958 1250 quo
2986 1197 3150 1234 versu
3185 1181 3399 1250 ﬁguret

327 1264 415 1318 Sic
446 1271 500 1319 te
534 1270 661 1336 post
687 1266 800 1319 fata
829 1271 1156 1320 sanctorum
1185 1283 1314 1321 vere
1343 1284 1546 1321 serena
2126 1268 2378 1322 Ezechiel
2412 1268 2564 1322 nube
2594 1268 2804 1334 clusus,
2839 1269 2924 1345 vel
2957 1284 3124 1322 sensu
3162 1274 3437 1333 remotus,

327 1355 466 1407 Prex
500 1354 704 1408 merito
736 1355 907 1425 digna
943 1372 1283 1425 magnorum
1317 1362 1465 1410 sorte
1496 1362 1746 1411 coronet.
2123 1356 2249 1409 Non
2279 1357 2473 1426 patule
2505 1373 2679 1427 parva
2708 1357 2960 1427 propria,
2985 1358 3081 1411 sed
3113 1373 3323 1426 magna
3350 1357 3589 1410 revelat.

326 1442 407 1495 En
438 1458 544 1512 ego
572 1459 718 1509 sum,
751 1443 951 1509 fateor,
986 1445 1086 1513 qui
1117 1444 1331 1499 dudum
1359 1445 1506 1499 forte
1537 1446 1802 1515 vigebam
2126 1443 2266 1496 Hinc
2298 1444 2490 1497 Daniel
2526 1444 2778 1515 lapidem
2806 1449 3097 1515 prrecouat
3128 1445 3230 1515 qui
3259 1460 3441 1515 regna
3467 1443 3731 1511 retundit,
3832 1450 3833 1483 ξ

322 1530 560 1584 Vitalem
592 1532 824 1596 ducens,
859 1532 1102 1585 reddens
1133 1549 1195 1586 ex
1227 1549 1467 1603 corpore
1500 1534 1699 1587 ﬂatum
1734 1552 1745 1587 :
2121 1530 2443 1584 Adventum
2476 1531 2682 1585 Christi
2716 1532 2971 1585 numeris
3002 1532 3280 1602 annisque
3308 1532 3569 1585 revolvit.

323 1619 428 1672 Sed
463 1619 601 1671 ciuis
629 1620 687 1672 in
722 1620 971 1673 cinerem
1005 1622 1180 1673 veloci
1203 1620 1314 1674 ﬁne
1345 1623 1593 1687 recessit,
2122 1619 2385 1672 Conticui
2416 1620 2602 1673 verbis
2632 1620 2749 1685 alii,
2786 1622 2880 1673 sed
2914 1637 3110 1674 sensus
3143 1621 3348 1675 honori

324 1708 621 1761 Vermibus
648 1713 814 1777 pastu
847 1709 1070 1775 cedens,
1104 1710 1189 1763 vel
1222 1715 1391 1763 vento
1425 1713 1667 1780 rejectus
2120 1707 2224 1760 Job
2257 1724 2486 1778 quoque
2521 1709 2654 1761 hinc
2680 1725 2851 1777 opere
2884 1711 3075 1772 claret,
3114 1714 3170 1762 et
3196 1710 3312 1762 vita
3343 1714 3626 1762 coruscat.

324 1796 389 1849 In
418 1796 665 1848 nihilum
697 1797 921 1849 rediens
948 1797 1157 1850 iterum
1189 1814 1280 1850 me
1307 1815 1472 1867 posse
1504 1800 1713 1853 reverti
2053 1781 2095 1835 Β
2129 1796 2193 1848 Et
2222 1797 2399 1849 dulcis
2427 1797 2648 1850 dulcem
2681 1798 2941 1850 metricat
2971 1798 3050 1850 sic
3070 1798 3313 1851 dulciter
3342 1796 3547 1851 David.

324 1886 399 1937 Ex
431 1884 609 1936 nihilo
639 1884 846 1937 virtute
878 1885 979 1937 Dei
1012 1887 1360 1957 quandoque
1389 1888 1612 1957 reﬁngi.
2124 1884 2280 1937 ldida
2306 1884 2405 1953 qui
2436 1886 2461 1925 ιι
2494 1884 2682 1953 signat
2713 1885 3000 1938 Christum
3035 1901 3187 1938 nunc
3216 1885 3340 1955 ipse
3369 1885 3666 1948 Salomon,

321 1973 396 2024 Te
427 1989 564 2043 rogo
597 1988 749 2025 nunc
781 1974 964 2026 recole
998 1974 1212 2043 fragilis
1242 1976 1319 2027 sic
1350 1982 1497 2029 sorte
1529 1975 1867 2042 revinctum,
2124 1972 2297 2040 Cujus
2324 1978 2437 2024 tres
2470 1972 2597 2024 libri
2634 1972 2775 2025 mire
2808 1974 2886 2025 sic
2917 1974 3150 2042 mystice
3181 1974 3425 2043 fulgent,

323 2062 390 2115 Et
422 2061 601 2114 nostri
630 2078 859 2114 consors
890 2062 1081 2115 anima
1112 2062 1367 2132 fugiente
1400 2064 1623 2117 dolores
2122 2060 2192 2112 Ut
2222 2060 2422 2129 logice,
2456 2059 2652 2127 ﬁstice,
2689 2061 2701 2093 ί
2730 2060 2999 2128 revelent,
3028 2063 3115 2115 vel
3143 2062 3348 2127 ethice,
3382 2077 3605 2115 causas.

324 2151 432 2202 Has
461 2151 693 2203 umbras
725 2151 979 2203 locorum
1013 2152 1357 2221 quandoque
1383 2152 1550 2205 corde
1581 2151 1770 2207 fruere
1802 2170 1815 2205 :
2122 2148 2332 2202 Ordine
2361 2148 2453 2201 hic
2478 2149 2673 2201 Daniel
2700 2154 2852 2201 recto
2884 2155 3013 2218 post
3043 2150 3270 2203 tramite
3292 2152 3470 2213 venit.

325 2239 462 2291 Nam
497 2239 575 2291 fui
608 2239 761 2309 quod
793 2244 851 2291 tu
879 2239 1075 2309 vigens
1107 2240 1278 2293 hodie
1309 2257 1461 2293 nunc
1495 2257 1594 2294 ore
1626 2241 1860 2311 refulgis
2119 2236 2299 2299 Quem
2331 2236 2453 2290 bini
2487 2237 2710 2289 dierum
2741 2237 2911 2290 verba
2938 2238 2950 2280 ἱ
2988 2278 3003 2305 ,
3038 2238 3294 2307 biblique
3325 2237 3551 2291 corusci

318 2327 601 2379 Audacter
632 2327 820 2396 fragili
850 2328 1144 2380 conﬁdens
1175 2333 1337 2397 gestu
1367 2328 1573 2383 virenti
2121 2324 2533 2393 Consequitant
2563 2325 2799 2377 Hesdras
2840 2325 3077 2394 pulchre
3127 2326 3425 2396 legemque
3474 2326 3784 2379 reformans.

320 2415 514 2468 Erecta
545 2416 760 2469 cervice
786 2422 1010 2479 tonans,
1044 2422 1099 2469 et
1127 2433 1263 2469 voce
1285 2418 1531 2487 superba
2119 2411 2263 2465 Ilinc
2300 2413 2454 2465 Ester
2482 2414 2723 2481 pulchra
2755 2429 2767 2465 :
2800 2418 3122 2483 postquam
3154 2414 3447 2484 Sapientia
3481 2416 3681 2480 ﬂoret;

322 2502 605 2572 Usurpans
631 2504 803 2556 vetita
832 2520 1041 2573 magno
1070 2520 1199 2557 cum
1234 2505 1473 2559 crimine
1509 2506 1699 2558 vivens
2120 2500 2537 2553 Ecclesiasticus
2568 2500 2761 2553 laudes
2791 2507 3135 2571 patrumque
3167 2502 3437 2555 celebrat.

320 2588 428 2642 Sed
461 2592 671 2660 pietate
706 2592 804 2644 Dei
834 2609 1130 2663 nunquam
1158 2610 1261 2662 per
1293 2595 1452 2647 devia
1479 2598 1707 2647 tractus.
2117 2588 2248 2640 Post
2276 2605 2418 2657 quos
2446 2588 2648 2641 Tobias
2678 2589 2883 2655 Claret;
2913 2590 3193 2659 Judidqne
3228 2591 3476 2643 subinde

316 2682 358 2731 A
384 2686 576 2733 sancta
606 2681 738 2733 ﬁdei
769 2697 972 2734 norma
1002 2682 1089 2735 vel
1123 2688 1312 2736 mente
1346 2684 1569 2738 recessi.
2115 2676 2395 2729 Armifera
2422 2677 2638 2746 gemini
2669 2683 2827 2747 gesta
2856 2678 2934 2730 Sic
2965 2679 3443 2732 MaChameI‘nm.

317 2767 497 2837 Ipsius
520 2767 653 2821 ﬁdei
686 2770 888 2822 merito
920 2769 1087 2822 credo
1121 2787 1210 2823 me
1243 2770 1390 2823 forte
1422 2771 1600 2835 beari,
2118 2764 2247 2816 HERC
2278 2770 2412 2818 sunt
2440 2765 2676 2834 antiqua
2707 2782 2881 2831 sacra,
2916 2782 3070 2819 nunc
3100 2767 3337 2835 mystica
3366 2767 3482 2820 divi

318 2856 374 2909 Si
404 2856 615 2925 pietate
648 2862 745 2909 tua
778 2874 1003 2911 merear
1031 2874 1159 2911 cum
1188 2858 1323 2912 fletu
1352 2860 1559 2929 juvari,
2120 2853 2275 2906 Dona
2310 2854 2410 2906 Dei
2440 2855 2654 2922 populo
2684 2854 2869 2923 prisco
2891 2855 2995 2907 sub
3028 2855 3194 2924 signo
3227 2855 3472 2919 reclusa,

314 2944 455 2996 Nam
486 2945 637 3014 quod
676 2961 781 3015 ego
812 2952 873 2998 tu
905 2947 1014 2998 eris
1047 2951 1174 3015 post
1202 2954 1323 2999 atra
1353 2947 1554 3000 funera
1584 2948 1803 3002 mortis.
2116 2942 2252 3004 Qua?
2283 2946 2531 2995 reserata
2557 2947 2754 2995 tenent
2784 2958 2993 3012 magno
3025 2959 3126 3012 per
3156 2943 3375 2996 lumine
3406 2944 3560 2996 serVi

315 3032 458 3101 Ergo
488 3048 615 3101 age,
648 3049 851 3103 rumpe
881 3050 1088 3099 moras,
1124 3040 1180 3088 et
1208 3041 1402 3088 nostro
1430 3035 1543 3088 ﬁne
1577 3036 1820 3105 quiesce,
2043 3076 2082 3129 Ο
2114 3030 2328 3083 Excelsi
2363 3031 2587 3083 Domini
2617 3030 2822 3083 thisti
2848 3030 2944 3100 qui
2980 3031 3215 3084 nomine
3247 3032 3526 3101 gaudent.

1088 3124 1223 3175 VIII.
2046 3118 2082 3129 ν
2112 3118 2449 3171 Sanctorum
2478 3123 2670 3171 sancta
2700 3119 2852 3171 nitar
2882 3135 3033 3171 nunc
3063 3136 3229 3172 versu
3260 3119 3440 3172 retexi

373 3222 566 3261 vaasus
606 3224 661 3260 IN
702 3224 1047 3263 BIBLIOTHECA
1086 3226 1422 3277 LEOVEGILDI,
1463 3228 1688 3265 EJUSDEII
1729 3228 1941 3265 ALVAR).
2111 3205 2291 3268 Quem
2323 3206 2722 3276 paradisigeno
2750 3207 2775 3239 κ
2806 3213 3048 3261 currunt
3077 3223 3145 3260 ex
3179 3208 3407 3277 gurgite
3442 3206 3664 3277 quadro

312 3294 456 3347 Sunt
486 3295 576 3347 hic
610 3296 774 3364 plura
805 3313 979 3363 sacra,
1013 3303 1144 3350 sunt
1172 3314 1304 3352 vero
1336 3299 1603 3369 dogmate
1637 3301 1808 3364 clara,
2109 3294 2426 3359 Matthaaus,
2461 3293 2699 3360 Marcus,
2735 3295 2928 3359 Lucas,
2963 3299 3315 3364 quartusque
3337 3295 3614 3347 Joannes.

310 3381 447 3446 Quae
480 3384 715 3436 Deitatis
747 3401 855 3454 ope
885 3386 1104 3455 fulgent
1133 3402 1236 3456 per
1267 3387 1499 3441 cardina
1531 3387 1749 3442 mundi.
2109 3382 2216 3445 Qui
2244 3381 2512 3446 hominis,
2544 3382 2745 3446 leonis,
2779 3382 3080 3452 vitulique,
3118 3384 3442 3453 aquilaeque
3471 3382 3672 3453 ﬁgura

308 3470 412 3524 Hic
440 3487 584 3524 nova
614 3488 742 3525 cum
777 3477 968 3526 vetera
999 3474 1214 3543 pariter
1244 3480 1376 3527 sunt
1401 3475 1549 3527 clare
1575 3474 1779 3528 decora
2108 3468 2435 3534 Quadriﬁdo
2461 3470 2676 3522 mundo
2700 3477 3029 3538 prmconant
3051 3468 3462 3539 Christumque
3488 3472 3776 3539 Deumque-

304 3561 487 3613 Αυτεει
519 3560 669 3613 dicta
705 3562 803 3614 Dei
838 3562 1048 3615 summi
1077 3562 1385 3632 prudentia
1419 3563 1620 3628 patris,
2110 3556 2404 3610 Matthteus
2434 3556 2682 3609 hominis
2707 3556 2849 3610 facie
2878 3557 3180 3628 specieque
3210 3558 3444 3628 refulgit
3476 3576 3489 3611 :

304 3648 440 3711 Quae
470 3654 619 3702 totus
651 3650 901 3704 celebrat
931 3652 1211 3721 quadrato
1244 3652 1452 3705 vertice
1478 3654 1745 3707 mundus.
2108 3646 2171 3698 Ει
2195 3644 2488 3697 fremitum
2522 3645 2720 3698 I‘Eddet
2750 3646 2967 3698 Marcus
2996 3646 3075 3699 sic
3107 3663 3205 3700 ore
3237 3647 3422 3699 leonis
3453 3664 3466 3699 ε

304 3736 653 3806 Principium
688 3737 823 3791 libri
855 3739 1085 3793 Genesis
1116 3739 1430 3809 primordia
1460 3741 1663 3810 pandit
2108 3733 2282 3785 Lucas
2315 3738 2378 3786 lli
2406 3738 2604 3786 taurus
2632 3749 2841 3802 magno
2867 3750 2994 3787 cum
3029 3751 3324 3788 murmure
3357 3735 3622 3799 bombat.

301 3824 512 3890 Mundi,
547 3826 645 3896 qui
677 3843 868 3880 rerum
897 3834 1132 3882 naturas
1164 3834 1314 3882 certe
1350 3829 1583 3883 revelat,
2107 3819 2171 3872 Et
2201 3819 2404 3889 pernix
2435 3821 2625 3890 aquila
2656 3822 2889 3874 scandet
2918 3838 3091 3891 super
3120 3824 3336 3876 aethera
3365 3824 3643 3878 Joannes.

302 3914 526 3968 Exodus
556 3916 795 3985 Egypto
826 3918 1105 3986 populum
1139 3934 1242 3986 per
1268 3917 1501 3971 brachio
1533 3918 1707 3971 ducit,
2102 3906 2198 3960 Est
2229 3909 2399 3961 homo
2428 3924 2556 3961 nam
2597 3909 2851 3963 Christus
2883 3918 3050 3963 natus
3077 3928 3141 3964 ex
3168 3912 3397 3981 Virgine
3427 3913 3675 3982 pulcher
3703 3926 3713 3962 :

298 4003 519 4055 Tertius
552 4003 829 4056 Leviticns
861 4009 1029 4057 ornat
1063 4005 1286 4074 insigne
1316 4006 1571 4058 camillas
1603 4008 1643 4057 b7
2101 3996 2195 4049 Est
2224 3996 2436 4049 vitulus
2466 4013 2665 4066 passus
2695 4004 2912 4052 sacrata
2936 3999 3163 4053 victima
3202 4000 3381 4053 Patris
3416 4018 3428 4054 :

298 4090 545 4154 Quartus
573 4091 743 4143 habet
768 4094 1049 4145 Numerus
1072 4109 1446 4146 numerorum
1473 4093 1703 4147 nomine
1725 4094 1948 4164 pollens
1976 4112 1988 4148 :
2102 4086 2195 4138 Est
2224 4086 2333 4148 180,
2368 4086 2503 4138 dum
2528 4085 2687 4139 fOI‘liS
2719 4103 2895 4156 regna
2920 4087 3150 4158 frangit,
3180 4104 3461 4159 regesque
3493 4093 3773 4159 potentes:

297 4177 365 4230 Et
397 4179 581 4245 legem
615 4180 815 4245 repetit
850 4180 1195 4232 concludens
1226 4180 1510 4233 schemata
1545 4182 1752 4235 Pontus
1784 4191 1821 4235 ε,
2097 4172 2192 4226 Est
2224 4173 2416 4243 aquila
2446 4175 2652 4228 caelum
2678 4175 2951 4228 scandens
2984 4176 3376 4246 thronumque
3409 4177 3687 4231 tonantis.

297 4266 473 4318 Heras
507 4266 788 4334 Navegius
818 4266 842 4306 d
870 4268 1109 4335 ﬁgurata
1142 4276 1162 4301 o
1192 4268 1425 4321 nomine
1461 4269 1681 4332 Hiesns,
2098 4262 2229 4314 Post
2260 4277 2401 4330 quos
2428 4262 2515 4315 bis
2543 4266 2759 4332 septem
2793 4263 2955 4316 Pauli
2986 4264 3065 4316 sic
3096 4264 3236 4317 bibli
3265 4270 3593 4333 coruscant,

294 4354 433 4407 Inde
464 4353 612 4407 liber
641 4353 901 4422 sequitur
924 4354 1187 4408 Judicum
1220 4361 1377 4424 gesta
1409 4364 1671 4425 retegens
1704 4372 1716 4409 :
2022 4373 2064 4427 ι)
2096 4348 2247 4413 Quos
2270 4351 2481 4403 iterum
2513 4351 2802 4420 sequitant
2831 4367 3072 4405 numero
3102 4353 3367 4406 catholici
3398 4360 3641 4422 septem.

293 4442 447 4495 Ruth
479 4457 727 4512 quoque,
762 4457 933 4511 quem
984 4443 1203 4512 Regum
1255 4444 1543 4514 sequitant
1567 4444 1919 4516 Sumuelque
1950 4447 1986 4517 τ,
2101 4438 2197 4490 ilic
2220 4438 2407 4508 lepide
2437 4439 2678 4492 Jacobus
2708 4445 2957 4506 resonat,
2994 4442 3309 4511 Petrusque
3338 4443 3649 4511 gemellos;

1569 4530 1836 4602 [Malacim
1864 4548 1912 4601 π,
2094 4528 2227 4581 Tres
2255 4528 2429 4580 celsos
2461 4528 2709 4581 Joannes
2736 4528 2927 4593 habet,
2958 4528 3091 4581 hinc
3122 4530 3351 4599 paginae
3381 4530 3571 4597 Judze,

289 4618 547 4681 Quatuor
577 4618 838 4688 pandunt
867 4623 1028 4688 gesta
1058 4634 1187 4672 cum
1214 4618 1412 4672 ordine
1440 4635 1653 4673 rerum.
2094 4614 2233 4669 Hinc
2264 4620 2320 4668 et
2351 4616 2694 4685 apostolicus
2721 4619 2911 4684 Actus,
2944 4621 3240 4688 textosque
3274 4618 3543 4687 decoros,

286 4706 556 4775 Iungitur
585 4707 673 4759 his
706 4712 897 4760 vatum
933 4707 1199 4776 praecelsa
1228 4708 1445 4761 famina
1468 4709 1629 4763 verbi
2089 4703 2197 4766 Qui
2235 4707 2457 4756 retonat
2484 4704 2686 4757 merito
2719 4705 3009 4759 concludit
3035 4707 3212 4758 altera
3244 4705 3460 4759 ﬂorens

286 4794 476 4847 Esaias
506 4800 672 4864 proto
697 4799 913 4859 revoat,
948 4810 1297 4865 consorsque
1323 4796 1604 4850 secundus
2089 4790 2267 4845 Vissio
2293 4794 2530 4846 Joannis
2561 4808 2753 4861 parva,
2789 4794 2882 4847 sed
2916 4798 3078 4847 tensa
3108 4792 3331 4864 ﬁguris.

282 4882 558 4936 Jeremias
588 4882 770 4952 surgit
800 4883 1136 4952 lacrymose,
1169 4883 1412 4955 piusque
1441 4886 1725 4955 propheta
2088 4880 2191 4934 Hic
2221 4881 2390 4951 alpha
2420 4881 2678 4935 recinens
2711 4882 2963 4953 primum
2995 4883 3300 4954 signatque
3334 4900 3672 4955 supremum

352 5051 377 5074 ι
411 5041 535 5106 Ms.,
593 5041 825 5107 serbcnt,
885 5040 1031 5094 forte
1087 5041 1239 5094 idem
1293 5057 1358 5095 ac
1416 5044 1717 5114 Hispanice
1771 5046 1973 5114 sirven,
2304 5038 2541 5114 ﬁgurato

284 5112 403 5165 Lat.
434 5105 696 5165 serviunt.
815 5105 821 5107 ⁷
1516 5105 1534 5114 ⁸
1960 5105 1970 5114 ⁷
2154 5105 2172 5139 ί
2213 5108 2273 5159 ld
2303 5114 2386 5161 est
2414 5109 2664 5177 primus,
2696 5112 2751 5162 et
2783 5108 3064 5162 secundus
3092 5108 3257 5164 liber.

349 5185 375 5224 ιι
410 5182 652 5235 Aaronis
683 5181 910 5234 videtur
933 5187 1114 5235 vestes
1146 5181 1373 5250 signare
1408 5189 1532 5237 :est
1561 5184 1717 5240 enim
1743 5186 1975 5241 Camilla
2086 5189 2181 5250 με
2220 5178 2373 5241 QUOS
2420 5194 2523 5231 1105
2591 5183 2810 5233 τετίίιινη
2859 5185 2910 5233 ει
2958 5187 3215 5247 quartum
3281 5182 3511 5248 Regum.
3564 5178 3760 5239 HBbNPi

279 5253 476 5321 capitis
525 5257 946 5324 tegumentum,
1005 5248 1376 5324 Theodulpho
1430 5259 1676 5310 testante
1737 5257 1835 5311 lib.
1895 5274 1969 5324 γι,
2078 5248 2623 5324 Μιζιαρμὴἰγηρνὺηωζι
2657 5251 3027 5324 etsecundun}
3052 5251 3364 5324 appellant.

277 5319 453 5375 carm.
489 5324 572 5385 l8,
595 5319 675 5373 'de
705 5322 967 5393 Yestibus
999 5319 1399 5393 episcoporum
1433 5353 1442 5379 ς
1955 5319 1964 5324 ’
2149 5320 2175 5359 ιι
2206 5319 2544 5393 ys.,_quem.
2590 5321 2668 5393 De
2702 5321 2859 5393 ldida
2890 5321 3021 5375 vidé
3042 5321 3233 5393 Epist.
3266 5337 3423 5389 xvm,
3462 5339 3520 5377 n.
3560 5326 3638 5380 l6.

396 5392 561 5459 Ifluxa
582 5391 791 5459 camilla
821 5397 992 5459 caput,
1027 5389 1251 5443 ruentem
1284 5396 1413 5459 tegit
1441 5398 1553 5444 atra
1581 5396 1840 5446 voluntas.
2150 5413 2163 5446 ι
2206 5389 2263 5442 F.
2297 5391 2537 5457 physice,
2569 5391 2714 5443 sicut
2746 5391 2948 5459 logice,
2982 5389 3183 5446 ethice.

347 5462 367 5531 ξ
404 5455 473 5531 Ψ
501 5459 586 5531 ξεί
609 5454 837 5531 Quintus
872 5454 897 5509 ξ
916 5454 1537 5531 Πρωὶ-(τνρηοωῇιίϋεπ.
2148 5524 2157 5531 ι
2192 5460 2257 5531 Id
2282 5454 2391 5523 est,
2419 5461 2541 5531 duo,
2568 5461 2698 5514 libri
2732 5454 3201 5531 Paralipomenon.

343 5522 369 5557 δ
411 5525 519 5599 Qui
550 5524 709 5578 Eccli.
761 5541 808 5579 c.
864 5542 982 5579 xm
1036 5528 1242 5581 dicitur
1289 5528 1415 5581 Jesu
1464 5531 1630 5595 Nave,
1682 5545 1969 5584 successor
2148 5524 2173 5556 “
2212 5529 2333 5599 Ms.,
2362 5522 2619 5599 paradisi
2646 5546 2798 5598 geno.

275 5594 471 5664 Moysi.
