3860 6262
19 261 28 310 ι
1625 261 1958 318 CABMINA.
3432 261 3533 311 56'2

20 404 236 460 luem
286 393 502 447 Grece
537 374 699 447 vocat
732 390 1036 447 Dominum
1074 393 1403 462 [legemque
1438 393 1733 462 Deumque
1773 399 1809 449 Α
1846 392 2107 461 Dumque
2140 392 2283 445 viret
2314 394 2500 458 tellus,
2536 396 2699 447 ﬂoret
2728 393 2867 448 dum
2895 392 3052 446 silvis
3079 391 3269 461 opacis

20 479 151 547 alia
192 485 278 533 et
324 502 374 531 ω
401 482 554 535 clare
585 483 765 536 Deum
794 480 1088 534 hominem
1116 497 1416 550 unumque
1446 496 1647 534 serene
1736 524 1743 531 .

19 567 323 637 plicans
366 570 560 624 vivum
596 586 822 639 semper
847 586 946 638 per
976 571 1181 622 saecula
1208 570 1378 623 saecli.

19 672 75 707 ac
117 662 309 709 sunt
357 674 518 711 sacra
554 658 655 712 Dei
685 660 950 728 donaque
982 660 1121 710 flore
1155 658 1392 727 perenni

20 746 391 816 lgentque
424 754 641 801 aeterno
670 763 895 816 semper
930 752 988 799 ut
1017 747 1239 799 lumina
1268 746 1414 800 caeli.

19 850 77 885 ες
121 835 434 903 pulchre
466 852 713 905 gemmae
746 835 941 888 rutilat
966 835 1093 904 plus
1125 836 1242 887 sole
1274 850 1505 887 corusce

24 923 228 974 mine
271 924 446 977 dum
474 930 694 977 mentes
726 928 1023 990 renovant,
1052 924 1139 977 vel
1170 929 1317 976 tetra
1344 924 1660 976 revincunt.

20 1027 85 1063 ac
118 1011 443 1065 retinent
472 1012 657 1065 claves
687 1012 890 1072 centri,
924 1012 1011 1064 vel
1041 1012 1283 1079 prtemia
1314 1012 1575 1079 pandunt
1603 1027 1617 1063 :

20 1115 81 1151 2c
116 1100 601 1170 paradisigena
630 1106 891 1153 recreant
920 1101 1187 1169 florigera
1217 1100 1387 1169 prati.

20 1186 215 1241 rstice
256 1188 385 1241 hic
419 1190 597 1241 claret
628 1188 908 1259 quidquid
938 1188 1043 1242 sub
1074 1189 1262 1242 littera
1290 1189 1486 1258 pallet,

19 1277 163 1329 oria
207 1276 505 1346 simplex
535 1278 709 1330 comit
735 1293 877 1347 quos
908 1276 1092 1330 ethica
1121 1276 1348 1331 format.

20 1379 55 1417 (ε
82 1368 348 1435 potum
393 1366 623 1418 dulcem
654 1364 798 1418 bibit
830 1365 929 1434 qui
956 1365 1150 1418 suavia
1181 1366 1353 1418 sumit
1381 1382 1393 1419 :

21 1470 53 1506 c
89 1453 298 1506 cibus
340 1454 525 1506 satiat
556 1453 729 1506 corda
758 1458 1040 1523 pastuque
1073 1454 1287 1507 refovet
1319 1470 1331 1506 :

20 1557 92 1594 ec
122 1546 299 1594 sunt
338 1542 511 1595 clara
544 1542 643 1595 Dei
678 1540 877 1595 mundi
908 1541 1007 1611 qui
1038 1548 1189 1595 certe
1218 1541 1499 1595 tenebras.

20 1631 256 1683 branti
291 1630 484 1683 radio
514 1630 725 1695 vicunt,
760 1635 816 1684 et
848 1630 1003 1683 fulva
1037 1635 1324 1684 serenant.

19 1735 72 1772 ex
114 1718 434 1789 pretiosa
464 1719 610 1772 nitet
641 1718 788 1771 miro
821 1719 1066 1772 candore
1099 1719 1393 1772 nivescens

19 1808 270 1861 ucidiur
304 1808 447 1860 sole
480 1806 724 1877 fulgenti
757 1807 973 1859 murice
1003 1807 1147 1860 cicli.

20 1902 204 1949 uncta
238 1896 453 1949 simul
479 1894 763 1966 quidquid
796 1895 1091 1949 mundana
1118 1895 1356 1964 fingitur
1384 1901 1505 1948 arte

26 2003 111 2039 aee
144 1991 477 2056 superant
500 1984 707 2039 merito
739 2000 851 2055 quo
880 1986 1023 2037 cmlo
1055 1984 1303 2037 culmine
1335 1984 1508 2045 venit,

20 2075 279 2127 ilustrat
316 2073 551 2143 pietate
582 2074 680 2127 Dei
711 2089 854 2143 quos
885 2073 1040 2126 fusca
1070 2073 1351 2125 tenebrat.

19 2164 86 2216 lic
110 2167 330 2215 textus
366 2177 499 2214 uno
533 2161 772 2215 milleno
805 2161 1034 2214 tramite
1066 2161 1264 2230 pollet,

19 2251 261 2321 lxplicat
301 2254 374 2303 et
411 2249 604 2303 verbis
631 2248 816 2319 planis
848 2265 1173 2319 magnaque
1201 2250 1430 2301 revelat.

20 2337 78 2390 lic
100 2336 357 2407 placide
394 2337 581 2390 currit
610 2337 784 2402 unda,
815 2342 879 2391 ut
909 2337 1024 2390 alta
1052 2336 1264 2407 figuret
1292 2353 1305 2389 :

19 2430 76 2479 lic
107 2427 228 2479 alte
261 2431 525 2479 resonat
556 2426 824 2492 breviter,
858 2430 923 2479 ut
954 2442 1128 2495 parva
1158 2425 1369 2478 revisat
1400 2441 1412 2478 :

20 2516 254 2568 lbscura
290 2514 550 2583 sapiens
580 2519 819 2567 centena
849 2529 1019 2567 sensu
1046 2514 1306 2584 requirit,

20 2606 215 2671 tperta
242 2603 519 2671 simplex
542 2602 721 2655 ambit
752 2602 1048 2671 mentique
1080 2601 1355 2655 recondit.

20 2693 125 2743 laac
157 2690 462 2744 doctrina
492 2696 697 2759 potens
724 2690 915 2743 ceneri
948 2704 972 2732 ³
1000 2690 1305 2760 splendore
1335 2695 1594 2743 coruscat

20 2781 269 2845 I‘urgens
301 2779 407 2832 cui
443 2778 596 2832 cedit
623 2780 719 2832 illa
754 2796 881 2849 qua:
915 2784 1119 2849 torque
1152 2780 1417 2833 tumescit

20 2868 239 2920 Milleno
274 2868 481 2936 pollet
506 2868 657 2921 dono
689 2868 788 2937 qui
819 2868 941 2921 zelo
971 2868 1107 2921 fidei

23 2956 173 3008 Clara
200 2955 329 3025 poli
360 2957 593 3024 releget
621 2960 826 3021 castus,
856 2956 1184 3025 justusque,
1216 2955 1480 3026 piusque.

20 3048 80 3096 At
111 3043 391 3113 quisquis
431 3044 629 3097 hirsus
658 3059 839 3097 caecus
871 3045 992 3097 baac
1022 3049 1215 3097 mente
1248 3044 1495 3109 resolvit,

24 3131 239 3185 ililleno
267 3137 436 3185 tetro
470 3131 729 3185 fuscatur
760 3148 934 3185 sensu
965 3137 1233 3186 retortus.

34 3222 127 3274 Lex
155 3222 290 3274 fidei
323 3221 501 3275 ﬁdeli
530 3221 709 3274 currit
739 3237 1081 3292 semperque
1108 3220 1292 3275 fidelis

36 3309 199 3371 Quam
225 3324 513 3378 perverse
548 3309 662 3361 viat
690 3312 714 3351 ι)
744 3324 1046 3379 perversus
1074 3310 1241 3363 corde
1272 3309 1515 3362 rebellis.

42 3398 164 3449 L'uio
195 3403 261 3450 ut
285 3398 519 3451 conclis
548 3398 740 3461 claret,
768 3397 1105 3467 candetque,
1136 3398 1427 3467 nivetque,

38 3486 220 3555 Sicque
248 3487 405 3539 Deus
435 3486 698 3539 Christus
732 3486 908 3556 pollet
933 3486 1038 3539 sub
1068 3486 1259 3539 littera
1286 3492 1469 3539 tectus

47 3574 149 3641 Ipse
175 3574 438 3627 Jacintus
466 3575 628 3627 adest
656 3574 872 3627 undose
902 3574 1067 3627 nobis
1099 3590 1429 3644 aquescens,

46 3661 294 3715 Obscena
326 3669 591 3732 tergens,
620 3678 898 3715 renovans
929 3664 1122 3716 albore
1156 3664 1498 3732 redemptos.

52 3749 230 3817 Igneus
255 3751 349 3804 hic
385 3750 669 3805 Dominus
698 3750 923 3820 fulgens
951 3752 1331 3805 carbunculus
1363 3761 1382 3786 ο
1410 3752 1586 3816 ardet,

54 3837 175 3891 Dum
208 3844 421 3909 purgat
456 3839 672 3908 probra
703 3840 953 3892 flammis
982 3845 1037 3893 et
1062 3840 1279 3893 lumine
1306 3838 1333 3874 ιι
1366 3840 1571 3904 vibrat,

60 3926 376 3996 .Eternoque
412 3929 606 3981 virore
636 3927 835 3997 vigens
867 3933 932 3981 ut
962 3934 1118 3981 certa
1148 3930 1508 3997 zmaragdus,

60 4011 211 4073 Quem
237 4015 545 4069 duodenus
572 4015 713 4068 ordo
741 4014 1001 4084 lapidum
1034 4031 1133 4085 per
1162 4018 1325 4069 saecla
1354 4018 1598 4077 decorat,

67 4098 326 4172 Quemque
357 4109 681 4173 quaterque
712 4104 837 4156 seni
868 4105 1121 4157 seniores
1152 4106 1303 4157 ﬂexu
1336 4109 1565 4158 venerat

68 4186 251 4257 Poplite
283 4198 303 4224 °
329 4190 410 4244 sic
436 4190 616 4245 curbo
653 4190 1094 4262 Doniinumque,
1130 4197 1493 4263 Agnumque,
1530 4193 1733 4245 Deum-

1849 480 2094 533 Dumosa
2120 481 2477 551 retinentque
2508 482 2655 535 feras
2685 498 2786 551 per
2817 483 2993 534 lustra
3022 480 3281 545 reclines,

1846 569 1989 621 Dum
2021 584 2217 621 cervus
2254 569 2452 622 leviter
2478 570 2624 623 saltu
2657 572 2740 622 vel
2774 586 2951 623 cornu
2981 570 3237 633 resultat,

1848 658 1910 709 Et
1940 662 2131 709 torvus
2162 658 2331 710 dente
2361 662 2576 727 pugnat
2603 674 2810 726 porcus
2839 663 2923 709 ter
2954 658 3178 724 obesus,

1845 747 1910 798 Et
1940 752 2168 814 reptans
2202 746 2381 800 fluida
2412 748 2699 815 percurrit
2730 746 2969 799 flumina
3003 746 3184 814 piscis,

1847 837 1991 888 Dum
2026 836 2280 887 volucres
2310 836 2516 905 pennis
2549 836 2695 888 saltu
2728 852 2829 904 per
2861 834 3053 887 inania
3081 833 3341 896 tendunt,

1846 925 1907 977 Et
1937 928 2122 976 rostro
2155 921 2174 958 ί
2203 924 2405 994 pipant
2431 924 2624 977 dulces
2657 940 2759 992 per
2790 928 3022 993 gutture
3055 926 3252 974 cantus
3281 934 3328 985 ε,

1847 1012 1987 1064 Dum
2021 1011 2279 1064 homines
2309 1011 2503 1063 vivunt
2532 1012 2764 1075 mundo,
2799 1012 2935 1063 dum
2966 1015 3149 1063 morte
3180 1008 3458 1070 recidunt,

1846 1101 1989 1152 Dum
2021 1100 2271 1170 sequitat
2298 1116 2507 1169 corpus
2539 1100 2761 1166 umbra,
2788 1116 2961 1169 quam
2985 1098 3241 1153 membra
3265 1097 3527 1165 refingit:

1843 1187 2045 1257 Angeli
2076 1189 2211 1240 dum
2246 1188 2386 1241 ccelo
2418 1189 2707 1256 clangunt,
2742 1188 3034 1257 virtusque
3066 1187 3407 1256 populorum

1841 1278 2069 1329 {Eterna
2098 1276 2307 1345 pietate
2340 1276 2440 1329 Dei
2472 1277 2785 1346 pangitque
2816 1276 3105 1345 perennis,

1846 1369 1953 1421 Lex
1984 1368 2189 1422 Christi
2224 1367 2356 1419 vivit
2389 1382 2615 1437 semper
2644 1383 2817 1437 super
2847 1367 3062 1420 aethera
3092 1366 3242 1419 felix.

1845 1457 1970 1509 Haec
2000 1456 2120 1507 sola
2147 1456 2316 1509 verba
2346 1456 2523 1508 nescit
2553 1472 2681 1508 cum
2716 1456 2931 1509 mundo
2962 1454 3179 1508 senesci

1843 1546 1990 1598 Dum
2021 1549 2253 1597 resonat
2282 1545 2488 1597 sanctis
2518 1544 2657 1598 cmlo
2692 1549 2822 1614 post
2852 1544 3097 1597 termino
3128 1543 3319 1596 vivens

1843 1634 2129 1702 Corporea
2158 1633 2337 1686 moles
2363 1633 2494 1686 tabo
2520 1634 2931 1697 resoluta......,
2965 1632 3152 1685 ruebit

1774 1693 1813 1747 Β
1846 1720 2089 1790 Spiritus
2119 1736 2252 1773 nam
2284 1721 2422 1774 vivit
2452 1720 2655 1774 merito
2682 1736 2852 1791 super
2883 1722 3095 1773 aethera
3124 1724 3315 1772 vectus
3345 1720 3371 1760 ιι

1842 1810 2141 1863 Sermones
2167 1808 2278 1861 vivi
2304 1809 2463 1862 vitali
2492 1811 2628 1862 llatu
2662 1809 2937 1873 revivunt,

1845 1898 1911 1950 Et
1935 1902 2064 1968 post
2094 1912 2355 1950 occasum
2386 1897 2588 1951 mundi
2620 1913 2791 1968 super
2815 1901 2965 1950 astra
2997 1898 3303 1965 resurgunt

1842 1985 1931 2039 Sic
1964 1985 2245 2055 quidquid
2278 1985 2391 2038 divi
2423 1991 2507 2039 est
2532 2002 2825 2055 nunquam
2860 2001 2956 2055 per
2986 1985 3099 2037 ﬁne
3130 1982 3404 2055 putrescit

1842 2072 1950 2127 Sed
1986 2072 2188 2125 missus
2219 2073 2389 2126 terris
2421 2090 2648 2142 semper
2676 2074 2885 2127 virtute
2908 2073 3151 2126 virescit.

1846 2162 2006 2214 Nunc
2035 2165 2209 2214 restat
2239 2162 2427 2230 promi
2457 2178 2571 2231 quo
2607 2161 2721 2214 sint
2752 2162 3072 2232 conscripta
3095 2161 3357 2231 jubente,

1844 2250 1941 2303 Vel
1972 2250 2131 2319 cujus
2164 2266 2337 2319 Opere
2368 2255 2500 2303 sunt
2526 2255 2853 2320 aggregata,
2887 2248 3085 2302 videri.

1846 2339 1971 2391 Haec
2004 2338 2325 2407 Leovegildi
2355 2338 2516 2407 vigor
2544 2338 2727 2390 obiter
2756 2337 2812 2390 in
2846 2352 2961 2389 uno
2990 2335 3213 2404 redegit

1842 2426 2217 2496 Septuaginta
2245 2428 2387 2478 duos
2419 2427 2625 2479 mitens
2656 2426 2758 2478 sub
2786 2425 3023 2494 vargina
3054 2424 3067 2458 ί
3097 2423 3282 2477 biblos
3318 2438 3329 2474 :

1842 2515 1951 2579 Qui
1976 2515 2166 2569 Getica
2194 2515 2319 2568 luce
2349 2515 2550 2584 fulget,
2584 2516 2670 2567 vel
2701 2514 2865 2583 copia
2894 2513 3052 2567 fandi

1842 2602 2109 2656 Germina
2134 2602 2147 2645 ί
2192 2604 2278 2655 vel
2312 2602 2505 2673 lingua
2531 2604 2705 2656 claret
2730 2618 2832 2672 per
2858 2606 3119 2670 tempora
3146 2599 3313 2653 smcli.

1844 2692 1975 2744 Post
2000 2697 2194 2744 sancta
2229 2692 2455 2745 Domini
2481 2692 2610 2761 jure
2644 2691 2872 2743 laudata
2902 2690 3038 2743 fidei

1845 2778 2079 2849 Expedit
2104 2784 2165 2831 ut
2190 2778 2406 2831 cunctis
2436 2784 2626 2831 nostra
2656 2779 2774 2831 haec
2806 2777 3046 2830 buccina
3073 2780 3235 2828 sonet
3268 2792 3279 2826 :

1841 2870 2078 2922 Alvarus
2113 2868 2232 2921 haec
2264 2869 2496 2921 metrice
2524 2870 2695 2937 longa
2727 2884 2827 2937 per
2858 2868 3020 2920 saecla
3050 2866 3267 2927 reboat,

1771 2994 1809 3047 Ε
1847 2959 1909 3010 Et
1933 2957 2075 3010 cinis
2105 2957 2164 3010 in
2194 2958 2445 3010 cinerem
2476 2973 2692 3017 versus,
2724 2957 2823 3009 sed
2852 2956 3051 3025 lingua
3084 2958 3330 3007 resonat.

1839 3048 1918 3099 Tu
1945 3046 2044 3116 qui
2075 3046 2217 3115 legis
2243 3052 2435 3098 nostra
2463 3061 2807 3114 quocunque
2836 3050 3116 3112 tempore,
3152 3043 3342 3107 lector,

1838 3135 1912 3187 Te
1944 3136 2129 3187 recole
2160 3134 2327 3187 nobis
2357 3134 2575 3187 socium
2606 3149 2707 3203 per
2736 3137 2915 3186 morte
2947 3132 3227 3185 futurum.

1841 3225 2064 3291 Rumpe
2096 3239 2283 3275 moras
2314 3224 2467 3285 vitae,
2497 3238 2707 3291 quaeso,
2741 3220 3055 3289 tumbaque
3089 3225 3344 3272 retrusus

1838 3310 2060 3373 Quanta
2088 3310 2239 3363 salus
2272 3309 2481 3362 nostris
2511 3313 2741 3361 maneat
2768 3324 2999 3361 narrare
3033 3307 3137 3359 sub
3168 3305 3421 3358 umbras.

1841 3399 2114 3452 Nuntium
2154 3405 2215 3451 ut
2247 3398 2447 3450 mundi
2479 3397 2693 3449 referas
2724 3412 2827 3465 per
2860 3396 3017 3448 sedes
3048 3409 3252 3463 opacas

1840 3487 1975 3551 Quis
2008 3487 2175 3554 bene,
2206 3486 2334 3555 quis
2365 3488 2532 3551 male,
2567 3485 2695 3554 quis
2726 3484 2912 3537 medie
2943 3482 3267 3552 gaudetque
3300 3482 3528 3547 gemet-

3340 3564 3477 3635 [que
3512 3577 3524 3614 :

1838 3664 1981 3727 Quid
2014 3663 2259 3717 mundus
2290 3677 2451 3714 sceva
2480 3661 2659 3713 falens
2690 3676 2843 3712 nunc
2873 3663 2992 3711 arte
3022 3654 3275 3725 reﬁugit,

1839 3754 1946 3817 Qui
1978 3757 2204 3805 maneat
2230 3750 2370 3802 vivis
2402 3765 2562 3802 error
2591 3756 2919 3818 quantaque
2950 3745 3196 3808 rebellis,

1842 3844 1968 3896 Haec
1994 3857 2123 3894 vera
2148 3839 2398 3891 refutans
2427 3852 2622 3907 pugna
2652 3839 2962 3903 consurgat
2989 3831 3206 3893 inanis;

1838 3929 2031 3993 Qualis
2059 3928 2358 3996 honorque
2390 3941 2557 3977 cavus
2582 3924 2739 3993 regia
2766 3939 2917 3976 nunc
2946 3920 3114 3974 corda
3145 3918 3366 3971 deleret

1839 4020 1975 4081 Quae
2008 4017 2120 4070 sint
2154 4014 2383 4069 delicias
2415 4015 2562 4065 tluxe
2594 4011 2927 4081 liquideque
2958 4008 3166 4061 caduce

1839 4108 1977 4171 Qua:
2006 4105 2143 4159 dum
2177 4103 2538 4171 stringuntur
2566 4099 2761 4169 digitis
2792 4104 2855 4151 ut
2886 4096 3044 4150 limfa
3072 4093 3363 4161 refugunt.

1842 4198 2079 4249 Pronsas
2102 4196 2131 4236 ιι
2156 4208 2327 4245 noxas
2358 4192 2633 4259 lacrymas
2658 4194 2717 4240 tu
2747 4186 2987 4240 fundere
3014 4185 3210 4248 lector,

1576 4280 1727 4350 [qiua-
1774 4291 1815 4344 D
1841 4284 1929 4338 Sic
1956 4284 2149 4351 culpas
2181 4278 2442 4350 proprias
2468 4292 2659 4330 careas
2684 4275 2791 4328 sub
2813 4273 3007 4343 judice
3039 4268 3263 4326 Christo

78 4361 177 4416 Hac
202 4366 282 4420 lex
306 4373 522 4421 aeterna
550 4383 781 4437 semper
812 4368 949 4421 dum
982 4368 1145 4421 saecla
1173 4368 1414 4422 recurrit

82 4448 269 4507 Mutet
292 4472 507 4509 sonans
536 4456 699 4509 nullo
724 4456 828 4509 sub
858 4456 1104 4509 termino
1136 4456 1327 4509 clausa

89 4537 200 4593 Dum
227 4543 303 4596 sol
328 4544 453 4598 luce
486 4560 590 4597 sua
619 4545 826 4598 ccelum
853 4544 940 4597 vel
975 4550 1120 4597 terra
1146 4551 1393 4609 serenat,

86 4623 234 4680 Ciutia
260 4630 391 4684 dum
424 4636 621 4686 noctes
653 4632 830 4685 comit
854 4640 912 4685 et
934 4638 1087 4686 terra
1112 4633 1354 4703 refugat,

94 4711 344 4787 Stelligera
371 4720 553 4774 centri
587 4721 745 4773 varia
778 4720 912 4774 dum
949 4721 1136 4774 sidera
1167 4722 1412 4789 vibrant,

94 4799 204 4856 Dum
227 4814 415 4861 ventus
448 4809 631 4863 nubes
661 4809 893 4871 format,
929 4810 1066 4863 dum
1094 4810 1249 4863 unda
1277 4816 1524 4876 resonat,

102 4887 311 4962 Dumque
337 4898 452 4966 poli
482 4903 650 4968 porta
679 4913 891 4965 magna
918 4896 1127 4952 virtute
1152 4900 1417 4953 retondat

103 4974 314 5037 Fulmina
339 4986 473 5041 dum
502 4986 743 5041 rutilant
770 4986 905 5040 forti
928 4986 1176 5056 jaculata
1203 4987 1439 5050 lacertu,

158 5159 175 5183 ⁸
199 5154 245 5205 F.
273 5159 433 5214 celeri.

158 5223 179 5261 Β
199 5224 251 5278 F.
277 5232 424 5284 uitat.

166 5298 182 5364 ἦ
206 5294 302 5364 Ms,
331 5302 707 5357 canbunculus.

166 5358 186 5395 δ
208 5358 306 5432 lis,
336 5370 561 5426 humine.

172 5438 189 5509 ξ
210 5434 310 5509 illa,
339 5441 513 5509 Populi
544 5449 612 5497 te.

178 5499 189 5532 ¹
214 5499 311 5567 usi.
342 5499 525 5568 rastro.

1842 4374 1905 4425 Et
1929 4370 2111 4425 centri
2142 4369 2326 4421 valeas
2352 4367 2564 4419 celsum
2596 4363 2869 4417 scandere
2896 4358 3147 4413 tribunal

1840 4458 2079 4510 Praestet
2105 4455 2199 4508 ille
2232 4455 2379 4507 Deus
2408 4453 2559 4505 trino
2589 4450 2693 4519 qui
2719 4447 2956 4502 nomine
2988 4445 3165 4513 pollet

1842 4544 2194 4601 Christicolis
2226 4542 2390 4596 nobis
2417 4539 2681 4610 requiem
2708 4552 2812 4607 per
2836 4531 3052 4587 saeculis
3082 4540 3271 4580 amen.

2224 4786 2341 4825 1T8!
2378 4784 2571 4823 VERSUS
2610 4782 2668 4818 IN
2717 4774 2903 4816 CRUCIS
2941 4763 3171 4806 LAUDEM.

1844 4902 1884 4955 E
1914 4899 2089 4965 caelo,
2122 4894 2380 4955 Domine,
2407 4891 2553 4942 clara
2583 4886 2816 4938 virtute
2846 4886 3095 4965 corusca,
3220 4948 3312 4965 Η

1843 4948 2255 5051 Eruvx—i'risi—gue
2287 4948 2471 5037 micat,
2505 4971 2755 5038 fulgens
2788 4974 2955 5031 super
2984 4954 3194 5007 aethera
3219 4948 3383 5001 felix.

1913 5170 1947 5209 ι’
1979 5156 2113 5219 Ms.,
2144 5154 2349 5204 cantas.

1912 5228 1941 5267 h
1977 5226 2118 5285 M3,,
2147 5220 2404 5273 revectus.

1907 5298 1921 5330 ί
1956 5297 2057 5346 An
2093 5285 2333 5352 vagina?

1901 5367 1916 5408 J
1969 5363 2034 5415 Ρ,
2074 5358 2316 5425 gemina.

1904 5437 1935 5478 ιι
1971 5432 2066 5495 F.,
2102 5441 2199 5497 pro
2226 5425 2453 5476 nostros.
