3860 6262
296 285 397 335 563
1498 277 1754 332 ALVARI
1795 277 1850 331 Ct

2127 274 2275 330 NSIS
2312 274 2396 329 CA
2411 274 2653 331 HMINA.

297 414 433 467 Haec
461 412 624 466 fortis
653 411 844 482 palma
873 408 1129 464 credenti
1157 412 1388 479 pectore
1421 407 1706 463 Christum

296 505 459 557 Teste
491 503 624 572 polo
657 499 867 556 Christi
899 500 1089 553 ﬁrmat
1113 498 1320 550 virtute
1350 501 1586 567 tropaea.

300 593 516 645 Cedant
547 589 850 660 gentilium
882 603 1143 641 errorum
1177 586 1396 656 perﬁda
1429 595 1598 651 secta,

299 680 436 732 Ecce
469 678 675 733 Christi
705 677 870 747 signo
902 677 1084 728 centri
1114 691 1361 728 connexa
1390 674 1697 742 refulgent.

299 770 423 822 Non
453 768 575 821 haec
603 767 855 820 humana
881 764 1096 817 coelesti
1127 763 1354 816 cardine
1389 762 1594 832 pinxit,

300 858 409 911 Sed
439 871 641 909 manus
671 854 920 907 aetherei).
952 852 1230 904 mundum
1265 850 1469 904 virtute
1502 849 1754 919 regentis
1783 866 1794 902 :

301 955 487 1000 Aurea
519 959 768 1012 namque
795 941 886 994 die
914 941 1096 993 forma
1125 939 1511 1008 pulcherrima
1543 926 1693 991 luna:

301 1035 609 1087 Inlustrata
639 1047 804 1084 cruce
837 1030 1014 1099 pollet
1044 1044 1155 1097 quo
1189 1027 1404 1080 lumine
1438 1028 1609 1095 pleno

309 1119 676 1173 [lubricorum
706 1117 956 1187 populus
986 1115 1150 1168 solitc
1183 1115 1461 1167 deducere
1491 1114 1698 1183 pascha

309 1207 564 1276 Respice,
593 1223 734 1276 gens
765 1206 992 1269 misera,
1025 1204 1255 1272 signum
1283 1203 1503 1271 fulgere
1536 1202 1850 1272 redemptis

307 1298 374 1349 Et
403 1301 602 1366 quarta
633 1293 852 1348 decima
879 1295 1090 1346 t'arsum
1123 1301 1146 1324 ιι
1176 1291 1253 1344 sic
1283 1291 1502 1344 lumine
1532 1291 1738 1345 Christi

309 1385 493 1438 Cintia
527 1401 640 1454 quo
675 1383 891 1454 pandat
919 1381 1146 1450 signum
1177 1380 1327 1450 quod
1359 1380 1549 1432 fronte
1582 1383 1858 1444 coruscat,

309 1474 698 1544 Resplendens
733 1471 946 1524 mundo
981 1485 1207 1540 semper
1235 1469 1457 1538 fulgore
1486 1469 1757 1522 decorum

311 1565 472 1618 Nunc
502 1562 716 1614 recoles
751 1560 1056 1613 Dominum
1087 1575 1279 1628 qua-so
1313 1557 1588 1610 mansisse
1618 1561 1852 1610 tonante

308 1651 413 1714 Qui
445 1656 652 1721 quarta
682 1649 903 1702 decima
932 1648 1090 1716 ligno
1118 1644 1392 1716 suspendi
1424 1645 1621 1698 salutis

313 1744 424 1796 lloc
449 1739 630 1792 voluit
659 1739 821 1807 signo
851 1753 1025 1806 quem
1051 1735 1174 1788 coeli
1208 1735 1392 1788 sidera
1419 1734 1653 1787 mittunt

314 1831 440 1897 Ipsa
466 1828 556 1880 die
584 1826 724 1880 etelo
755 1827 906 1878 luna:
941 1823 1154 1893 refugit
1182 1823 1372 1891 imago

316 1917 652 1969 Pulchritice
683 1915 914 1967 radians
944 1929 1057 1983 quo
1088 1928 1228 1982 gens
1260 1911 1478 1980 perﬁda
1507 1911 1761 1980 gaudens

319 2007 463 2073 Ergo
497 2004 799 2073 pestiferos
831 2003 1064 2056 damnat
1095 2002 1218 2054 lucc
1243 2001 1426 2054 forma
1454 2000 1657 2052 decora

317 2093 518 2163 Aspice
549 2108 744 2162 quaeso
779 2092 952 2145 miser
976 2089 1238 2160 quisquis
1268 2105 1326 2141 es
1359 2093 1548 2141 mente
1582 2087 1835 2158 maligna

321 2185 383 2236 Et
411 2197 636 2235 rursum
668 2182 862 2234 oculos
895 2179 961 2232 ad
987 2182 1012 2222 Ι)
1044 2179 1169 2233 coeli
1199 2178 1389 2231 sidera
1415 2177 1572 2230 tolle.

315 2271 592 2341 Conspice
625 2270 844 2324 sidereo
877 2285 978 2322 cur
1006 2267 1236 2322 brachia
1267 2266 1488 2320 lumine
1517 2266 1732 2335 pollent

319 2360 645 2424 Quadriﬁde
677 2358 956 2412 mundum
991 2357 1262 2428 quoniam
1291 2356 1412 2409 haec
1443 2355 1636 2408 omnia
1670 2354 1912 2408 mundat

319 2448 454 2509 Qum
486 2444 612 2498 coeli
639 2443 809 2498 tellus
840 2443 1046 2496 retinet
1077 2443 1181 2496 sub
1205 2443 1336 2512 jure
1365 2447 1555 2495 creata

323 2536 538 2586 Cuncta
564 2532 759 2586 Crucis
785 2531 947 2600 signo
978 2531 1328 2584 mandantur
1357 2530 1572 2599 perﬁde
1602 2531 1770 2584 crede

327 2621 526 2674 infelix
558 2636 719 2673 error
749 2636 890 2690 quas
921 2635 1072 2672 nunc
1103 2625 1164 2672 tu
1197 2620 1411 2688 tingere
1443 2634 1652 2670 sannas
1682 2627 1702 2652 ο

327 2710 425 2764 Hic
457 2709 608 2762 vales
641 2713 840 2778 argute
869 2707 1034 2761 nobis
1059 2707 1144 2760 vel
1174 2722 1476 2760 murmura
1505 2710 1690 2774 pande

328 2801 440 2850 Cur
471 2797 576 2851 tibi
602 2796 954 2850 contrarium
982 2795 1210 2863 signum
1245 2811 1398 2848 nunc
1429 2795 1565 2847 luna
1593 2794 1819 2864 vigurat
1847 2793 1895 2860 ἀ,

328 2888 442 2940 Cur
472 2886 728 2955 despecta
765 2883 860 2938 diu
895 2883 1034 2936 cmlo
1065 2883 1310 2953 refulget
1333 2883 1548 2952 imago,

333 2978 444 3029 Cur
472 2975 674 3028 frontis
707 2979 916 3027 nostra:
945 2973 1147 3026 victrix
1178 2974 1257 3026 sic
1289 2989 1459 3025 aurea
1493 2973 1704 3042 palma,

331 3066 480 3118 Crux
511 3063 748 3116 adversa
777 3061 881 3114 tibi
907 3061 1035 3113 coeli
1064 3076 1312 3113 convexa
1341 3067 1616 3114 meretur.

333 3154 462 3206 Haec
487 3157 683 3203 nostra
706 3149 843 3202 ﬁdei
868 3149 1190 3218 resplendet
1218 3149 1342 3202 luce
1374 3165 1582 3200 corona

334 3241 518 3302 Quam
553 3237 753 3290 Christi
784 3237 984 3289 famuli
1016 3252 1242 3306 semper
1272 3236 1340 3290 de
1373 3237 1513 3289 coelo
1543 3236 1884 3305 triumphat.

336 3327 442 3380 Sed
471 3326 617 3379 caelo
652 3331 845 3394 posset
876 3341 1050 3394 quam
1081 3329 1142 3377 tu
1170 3324 1531 3394 persequeris
1562 3325 1736 3377 armis

337 3415 515 3484 lmpie
547 3413 792 3467 crudelis
824 3413 1003 3466 oculis
1029 3413 1113 3465 vel
1143 3411 1328 3466 sidere
1353 3411 1540 3466 crede.

336 3503 470 3556 Ecce
505 3503 650 3555 Deus
684 3507 875 3554 noster
905 3499 1162 3554 Christus
1193 3517 1258 3553 ex
1289 3501 1500 3553 aethere
1529 3500 1715 3564 floret,

335 3593 474 3647 Ecce
505 3591 959 3659 veneraiidazque
993 3589 1174 3642 crucis
1203 3605 1374 3658 super
1403 3589 1618 3642 {ethera
1649 3589 1876 3656 signum

335 3679 609 3732 Astrifcre
637 3679 832 3731 lucens
868 3678 1101 3732 damnat
1127 3693 1278 3730 nunc
1309 3677 1445 3730 orbe
1476 3677 1766 3746 profanos.

337 3767 557 3821 Perﬁda
589 3767 840 3820 discedat
867 3767 1036 3820 turba
1064 3767 1278 3819 fuscata
1307 3766 1501 3820 dolore
1539 3783 1552 3819 :

336 3857 578 3924 Agmina
607 3857 851 3909 exsultet
884 3855 1090 3909 Christi
1117 3855 1346 3908 florenti
1377 3855 1603 3917 decore,

341 3945 407 3997 Et
435 3960 723 4014 synagoga
755 3961 859 3997 suo
887 3946 1110 3997 recedat
1146 3961 1295 3997 nunc
1326 3946 1487 3996 furva
1518 3944 1726 4008 colore,

343 4033 584 4086 Ecclesia
609 4033 816 4102 jubilet
839 4033 1078 4085 clarenti
1109 4033 1260 4085 fulva
1286 4032 1498 4097 colore,

341 4119 522 4182 Quam
549 4119 802 4172 Christus
831 4119 1070 4187 pulchro
1101 4135 1326 4188 semper
1358 4119 1466 4172 sibi
1487 4117 1681 4187 jungit
1710 4133 1924 4170 amore.

513 4363 709 4402 νΕῐιςυε
749 4362 964 4400 HEROICI
1005 4363 1058 4400 lN
1099 4362 1312 4400 LAUDEM
1353 4361 1508 4400 DEATI
1549 4363 1864 4400 HIERONYMI.

349 4473 734 4542 Hieronymus
767 4471 951 4542 fulget
979 4472 1130 4524 celsa
1156 4470 1364 4523 virtute
1396 4471 1663 4535 reboans,

343 4565 411 4617 Et
441 4562 664 4616 celeber
692 4561 852 4615 libris
883 4563 1049 4614 floret
1079 4575 1182 4630 per
1211 4558 1444 4612 cardiua
1476 4559 1697 4612 mundi.

345 4652 442 4707 Hic
471 4651 870 4722 paradisigena
897 4656 916 4678 ⁸
951 4648 1180 4704 Domini
1212 4648 1292 4701 sic
1319 4648 1496 4701 florea
1527 4647 1735 4717 pinxit,

347 4741 415 4794 Ut
447 4739 620 4794 rutilo
651 4737 858 4792 celebri
890 4741 1006 4791 toto
1039 4753 1141 4806 per
1170 4735 1404 4789 cardine
1433 4735 1635 4788 vibret.

346 4830 445 4884 llic
475 4835 668 4883 sancta
701 4826 924 4882 Domini
956 4841 1149 4879 rerum
1181 4825 1387 4878 virtute
1417 4823 1667 4878 tenentis

343 4919 610 4972 rEthereo
641 4916 795 4970 dulci
823 4914 1171 4985 praestrinxit
1199 4914 1452 4968 carmina
1477 4912 1637 4982 legis.

417 5102 440 5126 ³
473 5093 530 5146 F.
560 5093 774 5158 fassam
803 5106 908 5159 pro
931 5091 1164 5159 phaseu.

417 5165 442 5206 ι’
476 5165 596 5229 Ms.,
628 5176 708 5215 ac.

418 5243 439 5267 ο
473 5234 530 5285 ld
562 5241 647 5284 est
677 5229 1174 5284 subsanuationes.

417 5301 442 5338 ι¹
479 5303 533 5356 L.
563 5305 786 5371 ﬁgurat.

416 5385 438 5408 σε
475 5375 592 5440 ltis.,
625 5373 904 5441 paradisii
930 5387 1078 5439 gone.

423 5441 441 5476 '
471 5444 594 5509 Ms.,
623 5443 936 5510 resplendit.

418 5525 440 5560 ε
465 5515 584 5576 Ms.,
617 5516 726 5570 Hos
757 5513 945 5568 tendit.

2029 413 2072 462 A
2106 407 2205 460 Hic
2239 423 2382 460 nova
2413 422 2542 460 cum
2570 411 2760 460 vetera
2791 404 3034 476 profusit
3064 409 3300 474 pectore
3330 401 3516 456 mella

2105 580 3664 639 ............nolidubitare

2104 763 2239 825 Quae
2270 762 2502 830 gemina
2531 763 2653 816 luce
2687 761 3058 830 l‘I.‘-~l|i“-Hd€lli.
3087 760 3106 796 ί
3138 763 3374 832 mystice
3407 775 3580 814 sacra

2107 849 2472 918 Conscripsit,
2507 850 2666 902 suavi
2695 866 2903 918 magno
2935 849 3188 902 confecta
3221 849 3440 918 vigore.

2107 941 2290 992 Aurea
2323 939 2472 992 dicta
2502 939 2602 991 Dei
2629 943 2890 992 centrum
2925 939 3012 991 vel
3043 943 3248 991 cuncta
3279 936 3546 1005 regentis

2108 1025 2369 1079 Ostendit
2398 1041 2447 1091 δ’,
2481 1043 2688 1094 magno
2719 1026 2899 1096 possit
2929 1026 3068 1096 quid
3102 1042 3341 1079 munere
3375 1027 3622 1094 lingua,

2113 1115 2254 1167 Dum
2287 1121 2613 1184 prmpotcns
2643 1116 2860 1168 calamo
2899 1115 3121 1168 diverso
3153 1115 3270 1168 sole
3301 1114 3556 1179 refulsit,

2109 1203 2311 1269 Attica,
2349 1205 2602 1269 Hebraea,
2635 1205 2924 1274 fulgentcr
2949 1220 3079 1257 orsu
3111 1204 3442 1268 refundens,

2111 1294 2297 1362 Atque
2335 1294 2528 1346 Latine
2559 1293 2717 1347 dedit
2747 1293 3026 1364 quidquid
3061 1292 3334 1346 Hebraice
3366 1295 3623 1356 constat,

2115 1383 2347 1434 Necnon
2379 1388 2435 1435 et
2463 1383 2754 1452 Argolicos
2781 1381 3055 1435 reseravit
3083 1381 3282 1434 ordine
3314 1381 3512 1434 fontes

2117 1470 2374 1523 Facunde
2403 1471 2632 1524 meatim
2665 1476 2901 1524 currunt
2927 1487 3030 1540 per
3063 1471 3322 1540 margine
3353 1470 3480 1523 rivi.

2119 1560 2244 1612 ilazc
2275 1567 2508 1630 propter
2539 1559 2766 1612 Domini
2798 1575 3025 1628 semper
3061 1561 3382 1612 veneranda
3414 1575 3523 1628 per
3557 1574 3674 1610 aevo

2121 1649 2418 1702 Ductorem
2449 1654 2723 1702 resonant
2753 1649 2961 1703 Christi
2992 1648 3095 1702 sub
3126 1648 3319 1702 limine
3350 1648 3522 1714 servi,

2047 1707 2084 1760 Β
2119 1738 2328 1806 Fulgor
2359 1737 2636 1802 Ecclesiae,
2672 1737 2946 1791 doctrina:
2975 1743 3183 1790 sanctas
3215 1737 3464 1802 lucerna,

2117 1823 2373 1876 Caelestis
2406 1825 2594 1876 cultor
2623 1824 2802 1876 multo
2827 1823 3180 1893 praepinguis
3208 1823 3362 1890 olivi,

2121 1914 2386 1984 Elfugans
2417 1915 2660 1968 haereses
2693 1919 2851 1967 vasto
2877 1914 2976 1984 qui
3008 1913 3240 1967 nomine
3271 1913 3447 1983 pestis

2122 2003 2483 2073 Depopulant
2511 2003 2719 2056 Christi
2749 2003 2994 2056 famulos
3025 2002 3129 2055 sub
3158 2004 3328 2056 dente
3360 2003 3654 2055 latrantes.

2123 2091 2220 2144 Hic
2251 2091 2429 2144 dulcis
2461 2091 2618 2144 vario
2647 2091 2970 2162 resplendet
2999 2091 3228 2144 tramite
3262 2095 3434 2156 vates,

2125 2181 2188 2232 Et
2213 2184 2440 2234 truncat
2469 2180 2606 2233 falce
2637 2180 2870 2234 frondes
2899 2179 3118 2233 hirsute
3147 2185 3438 2232 comantes
3473 2195 3486 2233 :

2123 2269 2391 2338 Egregius
2425 2267 2634 2322 imbres
2665 2268 2856 2338 signat
2886 2283 3093 2320 aurora
3123 2268 3448 2333 rubesceus,

2125 2357 2225 2410 Hic
2255 2358 2465 2410 vitreus
2493 2357 2697 2424 amnis,
2728 2356 3006 2428 placidus,
3041 2357 3264 2426 fulgore
3291 2356 3548 2418 decorus,

2130 2445 2221 2498 Est
2252 2445 2486 2514 rapidus
2517 2451 2742 2498 torrens
2775 2445 2888 2498 illis
2920 2462 3062 2514 quos
3092 2445 3396 2514 complicat
3424 2459 3605 2496 error.

2127 2532 2413 2602 Quidquid
2443 2534 2776 2602 Hieronymi
2803 2549 2915 2587 non
2947 2539 3084 2586 sunt
3115 2549 3374 2603 respersa
3403 2547 3606 2601 sapore

2129 2621 2452 2690 Improbata
2486 2627 2736 2689 manent,
2773 2627 2995 2687 nutant,
3029 2627 3083 2674 et
3111 2622 3343 2675 tlaccide
3375 2626 3650 2684 marcent,

2131 2710 2387 2763 Pendeat
2415 2710 2644 2763 oracula
2674 2727 2800 2781 qua:
2833 2727 2946 2764 non
2974 2716 3108 2763 sunt
3137 2711 3269 2780 igne
3299 2715 3522 2763 recocta

2133 2798 2480 2852 Flammiferi
2504 2800 2699 2861 sancti,
2735 2799 2932 2852 rutiiat
2963 2801 2988 2840 h
3015 2799 3113 2869 qui
3146 2800 3271 2852 luce
3303 2798 3435 2851 fidei

2133 2887 2347 2939 Clarior
2377 2887 2436 2939 in
2467 2888 2685 2940 cunctis
2717 2889 2896 2956 pollet
2921 2904 3034 2957 quo
3064 2887 3250 2956 gratia
3281 2887 3490 2956 lingua:

2062 3005 2100 3058 ο
2134 2973 2363 3028 Ortatur
2392 2975 2615 3044 potuisi
2649 2975 2878 3028 niilleno
2905 2976 3174 3048 dogmate
3203 2975 3436 3038 florens,

2136 3063 2280 3115 Dum
2307 3062 2389 3114 sol
2419 3062 2554 3114 luna
2581 3063 2709 3131 polo
2738 3067 3006 3116 serenant
3032 3063 3136 3116 sub
3167 3063 3285 3116 sole
3318 3063 3598 3130 tenebras,

2136 3152 2282 3204 Dum
2315 3150 2492 3203 stella:
2526 3151 2698 3203 rutilo
2732 3157 2971 3204 currunt
3003 3152 3243 3204 lustrare
3273 3150 3542 3216 latebras,

2135 3237 2320 3290 Invisa
2352 3237 2641 3290 somnium
2673 3238 2918 3303 volvent,
2955 3239 3041 3290 vel
3071 3243 3224 3290 certe
3251 3239 3528 3302 revelant,

2134 3330 2212 3380 Ac
2241 3343 2410 3379 cursu
2441 3325 2595 3380 vario
2626 3331 2812 3380 turres
2845 3327 3052 3379 librare
3079 3331 3412 3391 retractant,

2139 3415 2283 3468 Dum
2314 3421 2516 3468 ventus
2547 3415 2728 3469 nubes
2760 3417 3060 3484 glomerat,
3088 3415 3225 3468 dum
3256 3418 3430 3466 aestus
3461 3412 3660 3474 adurit,

2137 3504 2282 3556 Dum
2313 3502 2516 3556 bruma
2547 3505 2732 3574 gelidc
2764 3520 2902 3556 cana
2931 3519 3101 3574 super
3127 3504 3302 3556 herba
3335 3501 3579 3562 virescit,

2138 3593 2283 3645 Dum
2319 3592 2488 3661 fulgit
2516 3591 2686 3661 ignis,
2717 3592 2890 3646 ﬂuide
2921 3593 3055 3645 dum
3087 3592 3302 3660 limpha
3332 3591 3594 3654 recurrit,

2143 3681 2284 3733 Dum
2323 3680 2496 3732 maris
2518 3681 2667 3732 unda
2691 3685 2878 3745 sonat,
2901 3685 3136 3750 turgens
3161 3681 3296 3732 dum
3319 3695 3526 3749 spuma
3547 3669 3780 3746 liquescit,

2141 3768 2284 3820 Dum
2318 3767 2561 3820 dumosa
2583 3769 2718 3821 feras
2749 3769 3018 3832 retinent,
3050 3767 3183 3820 dum
3214 3783 3448 3836 aequora
3479 3765 3661 3836 piscis.

2142 3857 2284 3910 Dum
2321 3872 2520 3910 cervus
2549 3857 2705 3910 velox
2737 3857 2988 3927 palmato
3013 3873 3192 3910 cornu
3227 3857 3484 3922 resultat,

2141 3945 2402 4014 Dumque
2435 3962 2571 4015 aper
2601 3951 2791 3999 torvus
2818 3947 3013 3998 lunato
3046 3946 3214 3999 dente
3245 3951 3548 4015 repugnat,

2144 4033 2287 4085 Dum
2320 4034 2580 4086 volucres
2609 4033 2884 4087 tremulas
2918 4049 3078 4086 voces
3109 4049 3172 4084 ex
3207 4036 3438 4102 gutture
3467 4033 3679 4102 pipaut.

2145 4122 2288 4174 Dum
2321 4121 2584 4174 homines
2615 4127 2858 4191 pereunt
2889 4121 3122 4186 mundo,
3157 4122 3244 4174 vel
3275 4126 3427 4174 certe
3459 4123 3752 4176 renascunt,

2147 4210 2290 4262 Dum
2321 4210 2568 4279 sequitat
2593 4211 2798 4262 umbra
2829 4225 3057 4278 corpus,
3092 4225 3264 4278 quam
3301 4209 3500 4260 limina
3522 4209 3535 4251 5
3561 4203 3786 4261 formant.

2079 4300 2118 4353 Ι)
2150 4297 2310 4351 Hunc
2339 4297 2468 4350 fidei
2501 4297 2644 4349 servi
2675 4312 2901 4366 semper
2927 4295 3032 4348 sub
3063 4311 3164 4347 axe
3197 4295 3470 4361 beabunt,

2148 4384 2322 4454 Cujus
2352 4401 2502 4437 nunc
2529 4385 2725 4454 lingua
2755 4385 2934 4454 fulget
2971 4399 3074 4452 per
3101 4387 3366 4451 tempora
3397 4382 3569 4446 saecli,

2151 4473 2294 4526 Dum
2329 4489 2470 4525 nova
2506 4477 2560 4525 et
2590 4478 2778 4524 vetera
2807 4471 3040 4540 proprio
3073 4471 3314 4523 formata
3341 4486 3445 4539 per
3473 4486 3570 4523 ore

2149 4561 2392 4615 Ecclesia
2423 4561 2631 4613 retinet
2657 4567 2896 4612 cantans
2926 4560 3044 4612 sine
3077 4559 3189 4612 fine
3220 4557 3468 4622 dierum,

2153 4647 2219 4700 Ut
2251 4647 2390 4700 mihi
2421 4663 2628 4718 magne
2661 4663 2795 4716 rogo
2826 4647 3018 4700 doctor
3045 4646 3104 4698 in
3134 4646 3266 4698 sede
3297 4662 3548 4715 superna

2150 4738 2291 4790 Prex
2324 4743 2421 4791 tua
2451 4737 2627 4806 digna
2657 4737 2844 4790 locum
2873 4735 3082 4788 tribuat
3109 4738 3238 4803 post
3268 4733 3376 4788 vita
3404 4735 3671 4804 quietum.

2148 4824 2452 4894 Splenduit
2484 4825 2712 4878 lucerna
2743 4827 2842 4875 tua
2875 4821 3112 4875 Domine
3145 4821 3192 4872 ιε.
3241 4861 3254 4873 .
3299 4863 3310 4873 .
3362 4861 3373 4872 .
3416 4859 3430 4874 .
3479 4861 3490 4874 .
3538 4863 3550 4876 ,

2155 4954 2165 4965 .
2211 4953 2224 4968 .
2269 4953 2283 4966 .
2331 4953 2344 4968 .
2389 4954 2401 4966 .
2447 4953 2460 4965 .
2506 4951 2519 4967 .
2562 4911 2803 4982 insignis
2833 4911 3090 4980 lucisque
3121 4926 3224 4979 per
3253 4909 3449 4964 omnia
3479 4908 3664 4980 signis.

2221 5085 2247 5123 ιι
2279 5088 2376 5142 Ms.
2388 5128 2400 5152 ,
2427 5089 2682 5142 rutilant.

2219 5159 2232 5194 ί
2267 5160 2325 5212 F.
2361 5163 2606 5225 ornatur,
2639 5161 2840 5226 potius.

2217 5229 2230 5273 ἱ
2272 5229 2392 5292 Ms.,
2426 5245 2580 5296 quem
2609 5230 2801 5282 limina
2836 5244 2849 5281 :
2881 5229 2938 5282 Ρ.
2975 5229 3198 5281 lumina.

2219 5302 2245 5342 κ
2279 5289 2406 5353 Haec
2433 5289 2558 5368 -jam
2596 5315 2711 5352 non
2743 5299 2811 5353 de
2846 5299 3190 5364 Hieronymo
3233 5297 3384 5352 dicta
3425 5298 3690 5361 videntur,
3717 5289 3782 5347 sed

2150 5369 2219 5450 de
2249 5375 2504 5450 apostata
2535 5371 2744 5450 angelo
2779 5369 2935 5438 (alio.
2967 5369 3362 5450 subintellccto
3393 5370 3600 5438 titulo),
3629 5373 3684 5423 ut
3707 5381 3780 5436 po-

2149 5440 2347 5494 stremi
2377 5440 2666 5513 praecipue
2696 5457 2890 5494 versus
2920 5440 3245 5494 ostendunt.
