3860 6262
53 251 123 298 υδ
1278 254 1624 310 APPENDIX
1662 257 1752 310 AD
1795 256 2027 313 ornas
2066 224 2344 312 Ai.me

48 375 270 445 lptima
306 379 558 434 fractura
597 381 845 449 Domini,
880 383 1071 448 decus,
1105 388 1277 455 atque
1303 386 1487 456 ﬁgura

48 466 273 519 )eliciis
310 469 478 538 plena
509 471 777 540 paradisi,
816 473 1024 541 luxque
1056 488 1273 536 serena,

48 554 293 624 ’ulgens
326 558 554 628 fulgore
585 560 787 627 nimio,
823 561 1072 629 perfecta
1101 562 1324 627 decore,

48 643 243 697 ‘orma
289 646 477 700 vicisti
506 664 769 718 superos,
801 665 973 719 super
1005 656 1155 703 astra
1186 650 1344 705 fuisti

3456 264 3558 316 565

1793 395 1834 447 Α
1867 389 2092 443 Cunctis
2122 390 2486 460 splendorem
2522 390 2859 446 mirantibus
2892 395 3061 463 atque
3093 392 3355 448 decorem

1864 479 2092 548 Efﬁgies
2118 479 2306 548 prima
2333 480 2587 533 cecidisti
2620 482 2808 550 lapsus
2841 482 2910 534 ad
2938 482 3052 535 ima
3086 499 3097 536 :

1862 568 1937 620 Te
1967 566 2239 635 dejecisti,
2278 567 2411 638 quia
2438 572 2491 619 te
2524 584 2697 637 super
2724 575 2875 622 astra
2905 570 3105 624 tulisti.

1862 655 2053 708 Gratia
2083 654 2323 725 fulgoris
2356 654 2461 707 fuit
2493 654 2696 709 intima
2727 673 2893 710 causa
2928 658 3161 712 doloris.

572 934 1169 1044 EULOGII
1254 934 1443 1041 AD
1531 935 2221 1045 ALVARUM
2311 937 3053 1045 EPISTOLdﬂ

820 1121 968 1182 Cum
999 1120 1261 1201 ejusdem
1292 1123 1595 1201 rescriptis
1628 1134 1680 1182 et
1711 1125 2077 1203 argumentis
2108 1124 2441 1184 AMBROSII
2488 1124 2797 1184 MORALIS

227 1258 424 1337 (Vide
472 1258 854 1336 Patrologim
900 1264 1052 1319 tom.
1102 1259 1295 1332 CXV,
1338 1261 1455 1321 col.
1501 1264 1639 1333 819,
1686 1264 1826 1333 841,
1874 1264 1993 1321 842
2036 1274 2098 1321 ct
2141 1281 2304 1338 scq.,
2352 1261 2517 1320 inter
2560 1262 2759 1321 sancti
2810 1262 3056 1340 Eulogii
3105 1266 3361 1342 Opera.)

947 1568 1206 1651 VITA
1270 1569 1482 1651 VEL
1552 1570 1942 1655 PASSIO
2014 1573 2118 1654 D.
2202 1571 2671 1657 EULOGII.

1302 1730 1488 1809 (Vide
1517 1731 1780 1810 ejusdem
1813 1734 1963 1792 tomi
1986 1733 2095 1793 col.
2130 1734 2297 1812 705.)

1379 1994 2232 2119 APPENDIX

369 2207 573 2315 AD

708 2206 1286 2316 ALVARI
1422 2209 2542 2321 CORDUBENSIS

2675 2215 3219 2324 OPERA.

722 2523 1304 2629 OPUSCULA
1378 2527 2041 2631 LEOVIGILDI
2114 2530 2260 2631 ET
2338 2531 2894 2635 CYPRIANI

1223 2705 1730 2801 CORDUBENSIUM
1788 2707 2377 2773 PRESBYTERORUM.

637 2945 1187 3019 LEOVIGILDI
1285 2946 1565 3019 LIBER
1670 2947 1794 3019 DE
1881 2948 2238 3020 HABITU
2317 2949 2962 3023 CLERICORUM.

3286 3158 3312 3179 Ρ

120 3213 350 3292 _Ex_in_1_iis
404 3212 1178 3292 atquealmiticis.clericis,
1212 3213 1444 3292 Christo
1505 3213 1746 3292 Domino
1788 3215 1826 3266 Β
1858 3213 2083 3292 duxerit
2124 3214 2397 3292 leg_at,'ne
2434 3213 2625 3292 forsan
2658 3212 2979 3292 ignorando
3010 3213 3345 3292 mysterium
3386 3212 3551 3292 habi-

59 3284 151 3355 sub
179 3284 429 3337 tuitione
459 3282 609 3337 beati
654 3283 920 3353 Cypriani
967 3284 1275 3353 pontiﬁcis,
1328 3300 1426 3337 seu
1487 3284 1751 3355 martyris

60 3354 518 3419 deservientibns,
582 3355 959 3423 Leuvegildus
1031 3361 1214 3408 vester
1270 3355 1485 3425 ubique
1560 3354 1751 3425 sequi-

93 3426 209 3478 eda.

93 3441 209 3478 eoa.

59 3441 91 3493 Ρ
120 3498 257 3550 Cum
292 3495 356 3548 in
400 3495 685 3565 aliquibus
716 3495 935 3548 clericis
973 3495 1297 3550 fatuitatem
1341 3501 1531 3550 vestra
1588 3512 1753 3565 repe-

60 3566 181 3618 riret
232 3570 535 3629 serenitas,
585 3573 639 3619 et
693 3566 761 3619 ab
804 3566 1100 3619 lsmaelitis
1152 3568 1585 3637 oppressionem
1648 3584 1752 3637 per

62 3638 376 3690 universam
428 3637 758 3706 Hesperiam
800 3638 1263 3692 Christicolarum
1313 3644 1591 3703 cerneret,
1649 3638 1747 3691 de—

65 3707 151 3759 fuit
188 3708 453 3761 alacritas
486 3724 590 3776 per
620 3724 791 3777 quam
832 3708 1154 3761 discernere
1194 3708 1510 3778 quivissent
1548 3714 1749 3762 aucto-

64 3778 274 3831 ritatem
310 3779 543 3831 habitus
580 3779 935 3849 clericorurn.
996 3778 1174 3841 Quem
1206 3780 1379 3849 aliqui
1414 3784 1636 3832 tantum
1678 3780 1748 3833 ad

64 3849 529 3918 compositionem
560 3848 817 3919 corporis
846 3865 1045 3902 eorum
1079 3848 1358 3918 antiquill
1402 3852 1594 3903 Patres
1643 3866 1746 3919 pu-

67 3926 315 3991 taverunt
364 3936 644 3981 exercere,
708 3926 762 3972 et
821 3936 1041 3991 necnon
1090 3921 1322 3990 mystice
1375 3921 1433 3974 in
1488 3924 1747 3991 exemplo

66 3988 313 4043 ﬁdelibus
361 4005 829 4061 unamquamque
878 3988 1399 4061 speciem‘nostris
1456 3988 1746 4045 obtutibus

71 4074 330 4125 reserare;
366 4060 580 4131 placuit
617 4060 934 4114 clementiae
986 4066 1206 4126 vestrm,
1242 4078 1372 4115 cum
1422 4063 1746 4131 superemi-

70 4145 185 4202 nere
222 4132 318 4184 Dei
355 4130 658 4184 Ecclesiam
686 4132 741 4183 in
772 4132 979 4185 nostris
1021 4133 1279 4201 partibus
1325 4130 1577 4202 aspicere
1608 4150 1747 4201 gen-

71 4200 251 4281 tilium.
286 4218 438 4254 saava
478 4202 803 4281 crudelitas,
838 4208 891 4281 et
922 4219 994 4256 ne
1022 4200 1403 4281 disputando
1445 4200 1744 4281 nobiscum

70 4270 325 4345 liquidius
368 4288 483 4345 pro
517 4272 733 4345 habitu
758 4272 933 4345 hujus
973 4270 1190 4326 ordinis
1240 4282 1432 4327 nostra
1466 4276 1743 4345 aliquate-

73 4356 161 4415 nus
192 4343 433 4415 lacerata
462 4342 665 4415 fuisset
694 4343 1046 4415 simplicitas,
1090 4360 1177 4415 me
1214 4345 1479 4398 ordinare
1523 4342 1742 4415 eiposi-

70 4414 177 4464 tum
223 4412 672 4485 signiﬁcationes
721 4414 1052 4467 clericorum
1087 4414 1366 4481 habitum,
1399 4422 1456 4468 et
1484 4412 1743 4485 exarare;

72 4489 115 4534 et
162 4484 430 4553 quidquid
472 4484 706 4537 monitis
750 4486 980 4537 Patrum
1029 4486 1097 4538 de
1149 4486 1237 4537 bis
1283 4487 1485 4539 officiis
1536 4489 1741 4551 recolo,

73 4558 358 4624 antequam
402 4556 627 4623 plenius
676 4572 709 4607 a
738 4556 946 4607 nostris
980 4556 1304 4609 dilabamur
1350 4558 1609 4611 sensibus
1655 4576 1743 4610 re-

73 4626 244 4694 citare,
274 4632 339 4678 ιιι
378 4626 475 4694 qui
508 4642 575 4678 ex
624 4625 787 4678 nobis
835 4626 902 4678 ad
953 4634 1309 4680 remanentes
1342 4628 1599 4681 doctores
1629 4628 1743 4681 im-

74 4693 354 4768 becillitate
398 4693 683 4766 corporis
751 4697 1140 4768 praepediente
1214 4698 1459 4768 dirigere
1517 4715 1742 4768 gressus

74 4766 390 4834 nequiverit,
419 4774 521 4819 aut
553 4781 722 4836 quem
759 4772 855 4820 aut
883 4766 1202 4837 inquisitio,
1245 4766 1353 4821 vel'
1374 4766 1595 4835 census,
1654 4770 1742 4823 vel

74 4837 359 4908 vectigalis,
391 4837 547 4907 quod
600 4836 758 4889 omni
794 4836 979 4890 lunari
1018 4854 1211 4892 mense
1244 4855 1345 4908 pro
1401 4840 1607 4893 Christi
1639 4858 1743 4893 no-

76 4906 210 4960 mine
248 4906 468 4960 solvere
517 4908 781 4975 cogimur
826 4909 1159 4975 retinuerit;
1221 4906 1408 4963 saltim
1469 4917 1743 4965 nocturno

74 4981 310 5047 tempore
337 4977 490 5031 inter
528 4977 906 5033 ecclesiastica
957 4979 1154 5033 munia
1204 4980 1305 5050 qui
1360 4983 1740 5040 necessarium

132 5140 154 5165 ⁸
186 5133 472 5201 Antiquos.

131 5204 154 5245 δ
185 5203 273 5257 Ad
305 5204 469 5259 (alia.

1859 3289 1951 3337 tus
1985 3284 2093 3348 sui,
2128 3284 2412 3354 quispiam
2438 3285 2727 3353 specimen
2758 3284 3069 3353 impiorum
3104 3284 3324 3347 induat,
3356 3291 3411 3337 et
3451 3285 3553 3337 ba-

1859 3354 2147 3408 bitudines
2180 3355 2517 3419 infidelium,
2555 3355 2611 3408 in
2661 3354 2867 3424 quibus
2932 3356 3086 3407 nulla
3135 3361 3215 3407 est
3248 3355 3546 3423 sapientia,

1860 3424 2135 3479 imitetur.
2172 3426 2215 3479 Ο
2245 3442 2417 3496 quam
2468 3426 2561 3495 pia
2609 3426 2958 3478 excellentiae
2996 3430 3193 3478 vestrm
3241 3426 3551 3496 fuit‘devo-

1860 3496 1961 3561 tio,
1997 3496 2042 3548 si
2075 3494 2354 3564 imperato
2384 3497 2451 3549 de
2473 3494 2691 3549 talibus
2720 3496 2928 3548 inesset
2956 3502 3087 3564 apta
3138 3494 3375 3547 locutio!
3425 3496 3550 3565 quis

1858 3568 2195 3636 mysterium
2236 3567 2463 3619 habitus
2511 3568 2868 3619 sacerdotum
2910 3566 3029 3617 sine
3064 3565 3405 3618 titubatione
3454 3582 3549 3617 au-

1859 3637 2017 3690 debit
2047 3636 2334 3706 proferre!
2373 3642 2462 3689 aut
2520 3637 2820 3705 mysticum
2869 3636 3240 3699 expositionis
3286 3636 3408 3702 ejus
3454 3652 3548 3703 pa-

1859 3707 2099 3761 tefacere
2126 3708 2338 3777 absque
2368 3707 2603 3776 pavore!
2654 3708 2848 3760 Melius
2880 3706 3016 3758 milii
3072 3711 3192 3777 erat
3240 3706 3348 3759 hoc
3404 3722 3548 3774 opus

1858 3794 1891 3830 a
1922 3778 2080 3830 vobis
2109 3776 2305 3830 audire
2332 3784 2514 3838 caute,
2552 3794 2723 3847 quam
2757 3777 2825 3829 de
2860 3794 2926 3829 eo
2953 3776 3281 3847 hominibus
3332 3793 3545 3828 sermo-

1858 3864 1991 3901 nem
2030 3851 2283 3914 proi‘erre
2338 3846 2584 3900 incaute;
2622 3850 2684 3901 Et
2718 3848 2825 3899 nisi
2856 3853 3004 3899 certe
3055 3846 3366 3899 recolerem
3410 3848 3521 3899 veri

1857 3919 1983 3972 dica
2013 3919 2259 3972 dicentia
2294 3918 2520 3971 Domini
2552 3920 2665 3971 mei
2697 3918 2911 3971 monita
2948 3933 2959 3969 ε
2996 3918 3168 3985 Aperi
3196 3934 3257 3970 os
3290 3923 3461 3980 tuum,
3501 3926 3547 3968 et

1856 4005 1948 4055 ego
1991 3990 2294 4057 adimplebo
2334 3990 2472 4043 illud
2507 3991 2669 4053 (Psal.
2730 4004 2889 4052 Lxxx,
2953 3990 3055 4047 tl).
3120 3989 3224 4041 Et:
3286 3990 3401 4043 Non
3457 4004 3546 4040 vos

1854 4064 1981 4114 estis
2012 4064 2109 4128 qui
2151 4062 2456 4129 loquimini,
2504 4060 2597 4114 sed
2625 4060 2865 4127 Spiritus
2916 4060 3101 4111 Putris
3128 4061 3295 4112 vestri
3330 4061 3443 4129 qui,
3472 4060 3545 4110 lo-

1856 4133 2045 4199 quitur
2092 4136 2149 4184 in
2195 4132 2342 4185 vobis
2397 4132 2615 4200 (Matth.
2663 4146 2716 4193 x,
2764 4130 2900 4197 ‘20):
2955 4130 3227 4198 poplitem
3279 4128 3543 4200 equidem

1857 4198 2093 4255 minime
2127 4220 2154 4255 a
2188 4205 2212 4244 b
2260 4198 2411 4255 talia'
2446 4201 2800 4255 uncinarem.
2855 4201 2962 4255 Sed
3006 4201 3074 4254 de
3116 4200 3410 4269 juvamine
3461 4198 3546 4252 di-

1857 4273 1989 4325 vino
2029 4274 2100 4325 ob
2154 4278 2394 4325 vestram
2430 4272 2896 4325 intercessionem
2951 4288 3078 4325 cum
3122 4288 3301 4324 essem
3363 4270 3544 4327 ﬁssus.

1856 4344 1922 4395 ad
1954 4344 2151 4395 illicita
2184 4353 2204 4376 °
2234 4343 2375 4396 mihi
2406 4360 2516 4396 non
2550 4343 2834 4409 audacter,
2862 4343 2958 4396 sed
2991 4343 3325 4396 obedienter
3354 4340 3545 4398 salire.

1856 4414 1941 4466 vel
2004 4414 2186 4466 inileti
2243 4414 2550 4467 articulum
2627 4413 3051 4482 proclamando,
3106 4418 3161 4466 et
3228 4411 3547 4465 intentione

1857 4484 2062 4535 mentis
2094 4484 2357 4549 dicendo,
2413 4485 2556 4537 hanc
2600 4484 2747 4537 viam
2776 4484 3249 4553 justiticationum
3296 4489 3545 4553 tuarum,

1856 4555 2116 4619 Domine,
2185 4555 2271 4608 fac
2314 4560 2378 4608 ut
2428 4554 2743 4622 intelligam
2781 4552 2968 4624 ’(Psal.
3029 4571 3213 4621 cxvm,
3266 4552 3549 4624 27),.AHoc

1853 4625 2008 4677 enim
2058 4627 2206 4696 quod
2266 4627 2334 4679 de
2387 4625 2644 4696 quaesitis
2695 4622 2999 4678 miu'oravit
3058 4642 3185 4678 mea
3224 4622 3544 4696 rusticitas;

1852 4702 2036 4748 vestra
2076 4693 2434 4750 ‘charissima
2513 4695 2718 4749 cudere
2782 4711 2895 4747 non
2966 4696 3199 4763 repedat
3259 4693 3545 4757 sanctitas,

1851 4768 2270 4846 compatiendo,
2307 4767 2407 4837 qui
2439 4783 2552 4819 non
2587 4764 2835 4889 pigritiae
2875 4780 3043 4843 causa
3070 4771 3265 4843 optata
3308 4763 3546 4843 implere

1852 4836 2089 4889 dimisit.
2113 4838 2209 4889 sed
2256 4837 2593 4889 adversante
2683 4836 2848 4889 elicto
2885 4840 3154 4889 segnities
3215 4840 3396 4889 menti
3446 4834 3542 4887 ad-

1852 4834 2089 4907 dimisit,
2113 4838 2209 4890 sed
2256 4834 2601 4891 adversante,
2643 4834 2848 4889 delicto
2885 4834 3154 4903 segnities
3215 4834 3396 4889 menti
3446 4834 3542 4887 ad-

1853 4907 2037 4961 haesit.

1925 5149 1945 5173 ο
1974 5141 2195 5208 Illicita,
2226 5140 2280 5193 id
2313 5144 2415 5206 est,
2450 5154 2619 5207 supra
2655 5137 2814 5190 vires.

1278 5394 2329 5442 ψ
