  <div class='ocr_page' id='page_1' title='image "/cluster/home/n/w/nwhite01/storage/ocr_20150623/121/uva.x000827051/294.png"; bbox 0 0 3860 6262; ppageno 0'>
   <div class='ocr_carea' id='block_1_1' title="bbox 1408 497 2204 542">
    <p class='ocr_par' dir='ltr' id='par_1_1' title="bbox 1408 497 2204 542">
     <span class='ocr_line' id='line_1_1' title="bbox 1408 497 2204 542; baseline 0 0"><span class='ocrx_word' id='word_1_1' title='bbox 1408 498 1576 542; x_wconf 78' lang='lat' dir='ltr'>ANNO</span> <span class='ocrx_word' id='word_1_2' title='bbox 1625 497 1851 542; x_wconf 81' lang='lat' dir='ltr'>DOMINI</span> <span class='ocrx_word' id='word_1_3' title='bbox 1900 497 2179 541; x_wconf 80' lang='lat' dir='ltr'>DCCCLXX</span> <span class='ocrx_word' id='word_1_4' title='bbox 2192 528 2204 542; x_wconf 90' lang='lat'>.</span> 
     </span>
    </p>
   </div>
   <div class='ocr_carea' id='block_1_2' title="bbox 959 696 2671 904">
    <p class='ocr_par' dir='ltr' id='par_1_2' title="bbox 959 696 2671 904">
     <span class='ocr_line' id='line_1_2' title="bbox 959 696 2671 904; baseline 0.001 -5"><span class='ocrx_word' id='word_1_5' title='bbox 959 696 2671 904; x_wconf 77' lang='lat' dir='ltr'>BERNABDUS</span> 
     </span>
    </p>
   </div>
   <div class='ocr_carea' id='block_1_3' title="bbox 1346 1025 2278 1087">
    <p class='ocr_par' dir='ltr' id='par_1_3' title="bbox 1346 1025 2278 1087">
     <span class='ocr_line' id='line_1_3' title="bbox 1346 1025 2278 1087; baseline -0.001 0"><span class='ocrx_word' id='word_1_6' title='bbox 1346 1026 1820 1087; x_wconf 78' lang='lat' dir='ltr'>MONACHUS</span> <span class='ocrx_word' id='word_1_7' title='bbox 1883 1025 2278 1087; x_wconf 81' lang='lat' dir='ltr'>FRANCUS</span> 
     </span>
    </p>
   </div>
   <div class='ocr_carea' id='block_1_4' title="bbox 616 1390 3016 1523">
    <p class='ocr_par' dir='ltr' id='par_1_4' title="bbox 616 1390 3016 1523">
     <span class='ocr_line' id='line_1_4' title="bbox 616 1390 3016 1523; baseline -0.001 -2"><span class='ocrx_word' id='word_1_8' title='bbox 616 1392 1579 1523; x_wconf 81' lang='lat' dir='ltr'>BERNARDI</span> <span class='ocrx_word' id='word_1_9' title='bbox 1713 1390 3016 1522; x_wconf 81' lang='lat' dir='ltr'>ITINERARIUM</span> 
     </span>
    </p>
   </div>
   <div class='ocr_carea' id='block_1_5' title="bbox 1182 1622 2442 1683">
    <p class='ocr_par' dir='ltr' id='par_1_5' title="bbox 1182 1622 2442 1683">
     <span class='ocr_line' id='line_1_5' title="bbox 1182 1622 2442 1683; baseline -0.002 -2"><span class='ocrx_word' id='word_1_10' title='bbox 1182 1622 1435 1683; x_wconf 80' lang='lat' dir='ltr'>Factum</span> <span class='ocrx_word' id='word_1_11' title='bbox 1468 1625 1529 1682; x_wconf 69' lang='lat' dir='ltr'>in</span> <span class='ocrx_word' id='word_1_12' title='bbox 1559 1624 1685 1683; x_wconf 84' lang='lat' dir='ltr'>loca</span> <span class='ocrx_word' id='word_1_13' title='bbox 1715 1632 1923 1682; x_wconf 81' lang='lat' dir='ltr'>sancta</span> <span class='ocrx_word' id='word_1_14' title='bbox 1953 1641 2107 1682; x_wconf 85' lang='lat' dir='ltr'>anno</span> <span class='ocrx_word' id='word_1_15' title='bbox 2138 1638 2442 1681; x_wconf 77' lang='lat' dir='ltr'>DCCCLxx.</span> 
     </span>
    </p>
   </div>
   <div class='ocr_carea' id='block_1_6' title="bbox 272 1778 3347 1844">
    <p class='ocr_par' dir='ltr' id='par_1_6' title="bbox 272 1778 3347 1844">
     <span class='ocr_line' id='line_1_6' title="bbox 272 1778 3347 1844; baseline -0.001 -15"><span class='ocrx_word' id='word_1_16' title='bbox 272 1780 451 1844; x_wconf 84' lang='lat' dir='ltr'>(Apud</span> <span class='ocrx_word' id='word_1_17' title='bbox 490 1780 714 1840; x_wconf 83' lang='lat' dir='ltr'>Mabill.,</span> <span class='ocrx_word' id='word_1_18' title='bbox 751 1781 861 1829; x_wconf 88' lang='lat' dir='ltr'>Act.</span> <span class='ocrx_word' id='word_1_19' title='bbox 895 1795 963 1829; x_wconf 89' lang='lat' dir='ltr'>ss.</span> <span class='ocrx_word' id='word_1_20' title='bbox 996 1781 1111 1830; x_wconf 87' lang='lat' dir='ltr'>ord.</span> <span class='ocrx_word' id='word_1_21' title='bbox 1153 1780 1203 1830; x_wconf 92' lang='lat' dir='ltr'>S.</span> <span class='ocrx_word' id='word_1_22' title='bbox 1242 1781 1437 1829; x_wconf 90' lang='lat' dir='ltr'>Bened.</span> <span class='ocrx_word' id='word_1_23' title='bbox 1469 1784 1597 1829; x_wconf 91' lang='lat' dir='ltr'>tom.</span> <span class='ocrx_word' id='word_1_24' title='bbox 1626 1781 1711 1839; x_wconf 87' lang='lat' dir='ltr'>IV,</span> <span class='ocrx_word' id='word_1_25' title='bbox 1750 1795 1815 1830; x_wconf 83' lang='lat' dir='ltr'>ex</span> <span class='ocrx_word' id='word_1_26' title='bbox 1851 1780 1944 1830; x_wconf 87' lang='lat' dir='ltr'>Ms.</span> <span class='ocrx_word' id='word_1_27' title='bbox 1974 1780 2152 1829; x_wconf 87' lang='lat' dir='ltr'>codice</span> <span class='ocrx_word' id='word_1_28' title='bbox 2187 1779 2523 1829; x_wconf 61' lang='lat' dir='ltr'>bibliothecae</span> <span class='ocrx_word' id='word_1_29' title='bbox 2554 1778 2877 1841; x_wconf 70' lang='lat' dir='ltr'>Remigianre</span> <span class='ocrx_word' id='word_1_30' title='bbox 2909 1778 3047 1841; x_wconf 91' lang='lat' dir='ltr'>apud</span> <span class='ocrx_word' id='word_1_31' title='bbox 3080 1778 3347 1840; x_wconf 82' lang='lat' dir='ltr'>Rhemos.)</span> 
     </span>
    </p>
   </div>
   <div class='ocr_carea' id='block_1_7' title="bbox 128 2037 3564 2111">
    <p class='ocr_par' dir='ltr' id='par_1_7' title="bbox 128 2037 3564 2111">
     <span class='ocr_line' id='line_1_7' title="bbox 128 2037 3564 2111; baseline 0 -19"><span class='ocrx_word' id='word_1_32' title='bbox 128 2043 174 2092; x_wconf 85' lang='lat' dir='ltr'>l.</span> <span class='ocrx_word' id='word_1_33' title='bbox 212 2040 278 2092; x_wconf 92' lang='lat' dir='ltr'>In</span> <span class='ocrx_word' id='word_1_34' title='bbox 312 2039 552 2092; x_wconf 87' lang='lat' dir='ltr'>nomine</span> <span class='ocrx_word' id='word_1_35' title='bbox 599 2038 827 2093; x_wconf 89' lang='lat' dir='ltr'>Domini</span> <span class='ocrx_word' id='word_1_36' title='bbox 872 2037 1095 2092; x_wconf 83' lang='lat' dir='ltr'>visendi</span> <span class='ocrx_word' id='word_1_37' title='bbox 1147 2040 1359 2108; x_wconf 77' lang='lat' dir='ltr'>[supple</span> <span class='ocrx_word' id='word_1_38' title='bbox 1402 2038 1587 2111; x_wconf 82' lang='lat' dir='ltr'>causa]</span> <span class='ocrx_word' id='word_1_39' title='bbox 1641 2039 1762 2092; x_wconf 91' lang='lat' dir='ltr'>loca</span> <span class='ocrx_word' id='word_1_40' title='bbox 1798 2043 1845 2092; x_wconf 82' lang='lat' dir='ltr'><strong>A</strong></span> <span class='ocrx_word' id='word_1_41' title='bbox 1877 2054 1999 2092; x_wconf 91' lang='lat' dir='ltr'>eam</span> <span class='ocrx_word' id='word_1_42' title='bbox 2033 2042 2309 2109; x_wconf 87' lang='lat' dir='ltr'>petentes,</span> <span class='ocrx_word' id='word_1_43' title='bbox 2345 2042 2509 2091; x_wconf 88' lang='lat' dir='ltr'>erant</span> <span class='ocrx_word' id='word_1_44' title='bbox 2552 2055 2609 2091; x_wconf 94' lang='grc' dir='ltr'>ιιι</span> <span class='ocrx_word' id='word_1_45' title='bbox 2658 2053 2681 2081; x_wconf 78' lang='lat' dir='ltr'>a</span> <span class='ocrx_word' id='word_1_46' title='bbox 2730 2038 2968 2108; x_wconf 82' lang='lat' dir='ltr'>captivi;</span> <span class='ocrx_word' id='word_1_47' title='bbox 3021 2040 3146 2093; x_wconf 65' lang='lat' dir='ltr'>alia:</span> <span class='ocrx_word' id='word_1_48' title='bbox 3197 2039 3326 2093; x_wconf 65' lang='lat' dir='ltr'>duas</span> <span class='ocrx_word' id='word_1_49' title='bbox 3376 2039 3564 2111; x_wconf 90' lang='lat' dir='ltr'>primo</span> 
     </span>
    </p>
   </div>
   <div class='ocr_carea' id='block_1_8' title="bbox 61 2126 1762 2181">
    <p class='ocr_par' dir='ltr' id='par_1_8' title="bbox 61 2126 1762 2181">
     <span class='ocr_line' id='line_1_8' title="bbox 61 2126 1762 2181; baseline 0.002 -3"><span class='ocrx_word' id='word_1_50' title='bbox 61 2132 393 2179; x_wconf 87' lang='lat' dir='ltr'>sanctorum</span> <span class='ocrx_word' id='word_1_51' title='bbox 425 2126 650 2180; x_wconf 88' lang='lat' dir='ltr'>duobus</span> <span class='ocrx_word' id='word_1_52' title='bbox 691 2131 905 2180; x_wconf 80' lang='lat' dir='ltr'><strong>memet</strong></span> <span class='ocrx_word' id='word_1_53' title='bbox 942 2126 1147 2180; x_wconf 89' lang='lat' dir='ltr'>sociavi</span> <span class='ocrx_word' id='word_1_54' title='bbox 1190 2127 1460 2181; x_wconf 76' lang='lat' dir='ltr'>fratribus</span> <span class='ocrx_word' id='word_1_55' title='bbox 1493 2127 1552 2181; x_wconf 93' lang='lat' dir='ltr'>in</span> <span class='ocrx_word' id='word_1_56' title='bbox 1584 2128 1762 2181; x_wconf 89' lang='lat' dir='ltr'>devo-</span> 
     </span>
    </p>
   </div>
   <div class='ocr_carea' id='block_1_9' title="bbox 61 2214 1760 2285">
    <p class='ocr_par' dir='ltr' id='par_1_9' title="bbox 61 2214 1760 2285">
     <span class='ocr_line' id='line_1_9' title="bbox 61 2214 1760 2285; baseline 0.001 -18"><span class='ocrx_word' id='word_1_57' title='bbox 61 2215 210 2267; x_wconf 80' lang='lat' dir='ltr'>tione</span> <span class='ocrx_word' id='word_1_58' title='bbox 240 2214 545 2268; x_wconf 87' lang='lat' dir='ltr'>charitatis</span> <span class='ocrx_word' id='word_1_59' title='bbox 579 2232 590 2269; x_wconf 94' lang='lat'>:</span> <span class='ocrx_word' id='word_1_60' title='bbox 635 2231 703 2268; x_wconf 89' lang='lat' dir='ltr'>ex</span> <span class='ocrx_word' id='word_1_61' title='bbox 734 2215 943 2285; x_wconf 86' lang='lat' dir='ltr'>quibus</span> <span class='ocrx_word' id='word_1_62' title='bbox 974 2232 1125 2268; x_wconf 89' lang='lat' dir='ltr'>unus</span> <span class='ocrx_word' id='word_1_63' title='bbox 1165 2222 1287 2269; x_wconf 90' lang='lat' dir='ltr'>erat</span> <span class='ocrx_word' id='word_1_64' title='bbox 1317 2233 1385 2269; x_wconf 86' lang='lat' dir='ltr'>ex</span> <span class='ocrx_word' id='word_1_65' title='bbox 1417 2217 1760 2270; x_wconf 89' lang='lat' dir='ltr'>monasterio</span> 
     </span>
    </p>
   </div>
   <div class='ocr_carea' id='block_1_10' title="bbox 61 2300 1762 2373">
    <p class='ocr_par' dir='ltr' id='par_1_10' title="bbox 61 2300 1762 2373">
     <span class='ocr_line' id='line_1_10' title="bbox 61 2300 1762 2373; baseline 0.002 -20"><span class='ocrx_word' id='word_1_66' title='bbox 61 2300 206 2353; x_wconf 88' lang='lat' dir='ltr'>beati</span> <span class='ocrx_word' id='word_1_67' title='bbox 236 2302 569 2354; x_wconf 81' lang='lat' dir='ltr'>Innocentii</span> <span class='ocrx_word' id='word_1_68' title='bbox 604 2303 1008 2367; x_wconf 80' lang='lat' dir='ltr'>Beneventani,</span> <span class='ocrx_word' id='word_1_69' title='bbox 1045 2304 1189 2357; x_wconf 88' lang='lat' dir='ltr'>alter</span> <span class='ocrx_word' id='word_1_70' title='bbox 1220 2306 1502 2373; x_wconf 86' lang='lat' dir='ltr'>Hispanus</span> <span class='ocrx_word' id='word_1_71' title='bbox 1534 2321 1546 2357; x_wconf 91' lang='lat'>:</span> <span class='ocrx_word' id='word_1_72' title='bbox 1587 2306 1762 2357; x_wconf 81' lang='lat' dir='ltr'>Fran—</span> 
     </span>
    </p>
   </div>
   <div class='ocr_carea' id='block_1_11' title="bbox 65 2389 1763 2462">
    <p class='ocr_par' dir='ltr' id='par_1_11' title="bbox 65 2389 1763 2462">
     <span class='ocr_line' id='line_1_11' title="bbox 65 2389 1763 2462; baseline 0.002 -21"><span class='ocrx_word' id='word_1_73' title='bbox 65 2389 142 2441; x_wconf 85' lang='lat' dir='ltr'>cia</span> <span class='ocrx_word' id='word_1_74' title='bbox 184 2405 323 2443; x_wconf 89' lang='lat' dir='ltr'>vero</span> <span class='ocrx_word' id='word_1_75' title='bbox 368 2394 452 2443; x_wconf 89' lang='lat' dir='ltr'>est</span> <span class='ocrx_word' id='word_1_76' title='bbox 492 2389 810 2443; x_wconf 82' lang='lat' dir='ltr'>nativitatis</span> <span class='ocrx_word' id='word_1_77' title='bbox 856 2407 996 2444; x_wconf 62' lang='lat' dir='ltr'>mea:</span> <span class='ocrx_word' id='word_1_78' title='bbox 1043 2393 1219 2445; x_wconf 88' lang='lat' dir='ltr'>locus.</span> <span class='ocrx_word' id='word_1_79' title='bbox 1266 2393 1447 2462; x_wconf 87' lang='lat' dir='ltr'>Igitur</span> <span class='ocrx_word' id='word_1_80' title='bbox 1489 2393 1763 2446; x_wconf 87' lang='lat' dir='ltr'>adeuntes</span> 
     </span>
    </p>
   </div>
   <div class='ocr_carea' id='block_1_12' title="bbox 65 2477 1761 2549">
    <p class='ocr_par' dir='ltr' id='par_1_12' title="bbox 65 2477 1761 2549">
     <span class='ocr_line' id='line_1_12' title="bbox 65 2477 1761 2549; baseline 0.002 -20"><span class='ocrx_word' id='word_1_81' title='bbox 65 2478 117 2529; x_wconf 91' lang='lat' dir='ltr'>in</span> <span class='ocrx_word' id='word_1_82' title='bbox 150 2477 385 2544; x_wconf 87' lang='lat' dir='ltr'>Urbem,</span> <span class='ocrx_word' id='word_1_83' title='bbox 420 2478 622 2530; x_wconf 86' lang='lat' dir='ltr'>domui</span> <span class='ocrx_word' id='word_1_84' title='bbox 653 2478 942 2548; x_wconf 76' lang='lat' dir='ltr'>pontificis</span> <span class='ocrx_word' id='word_1_85' title='bbox 974 2479 1185 2533; x_wconf 89' lang='lat' dir='ltr'>Nicolai</span> <span class='ocrx_word' id='word_1_86' title='bbox 1217 2480 1579 2549; x_wconf 61' lang='lat' dir='ltr'>praesentiam</span> <span class='ocrx_word' id='word_1_87' title='bbox 1614 2480 1761 2534; x_wconf 86' lang='lat' dir='ltr'>obti-</span> 
     </span>
    </p>
   </div>
   <div class='ocr_carea' id='block_1_13' title="bbox 67 2565 1763 2638">
    <p class='ocr_par' dir='ltr' id='par_1_13' title="bbox 67 2565 1763 2638">
     <span class='ocr_line' id='line_1_13' title="bbox 67 2565 1763 2638; baseline 0.003 -21"><span class='ocrx_word' id='word_1_88' title='bbox 67 2565 294 2618; x_wconf 88' lang='lat' dir='ltr'>nuimus</span> <span class='ocrx_word' id='word_1_89' title='bbox 338 2581 472 2619; x_wconf 90' lang='lat' dir='ltr'>cum</span> <span class='ocrx_word' id='word_1_90' title='bbox 516 2581 619 2618; x_wconf 89' lang='lat' dir='ltr'>sua</span> <span class='ocrx_word' id='word_1_91' title='bbox 660 2565 1080 2632; x_wconf 88' lang='lat' dir='ltr'>benedictione,</span> <span class='ocrx_word' id='word_1_92' title='bbox 1127 2584 1352 2622; x_wconf 90' lang='lat' dir='ltr'>necnon</span> <span class='ocrx_word' id='word_1_93' title='bbox 1400 2571 1521 2638; x_wconf 89' lang='lat' dir='ltr'>ejus</span> <span class='ocrx_word' id='word_1_94' title='bbox 1553 2568 1763 2622; x_wconf 89' lang='lat' dir='ltr'>auxilio</span> 
     </span>
    </p>
   </div>
   <div class='ocr_carea' id='block_1_14' title="bbox 66 2653 1133 2722">
    <p class='ocr_par' dir='ltr' id='par_1_14' title="bbox 66 2653 1133 2722">
     <span class='ocr_line' id='line_1_14' title="bbox 66 2653 1133 2722; baseline 0.004 -17"><span class='ocrx_word' id='word_1_95' title='bbox 66 2653 378 2722; x_wconf 81' lang='lat' dir='ltr'>peragendi</span> <span class='ocrx_word' id='word_1_96' title='bbox 409 2653 788 2707; x_wconf 88' lang='lat' dir='ltr'>desideratam</span> <span class='ocrx_word' id='word_1_97' title='bbox 823 2654 1133 2709; x_wconf 86' lang='lat' dir='ltr'>licentiam.</span> 
     </span>
    </p>
   </div>
   <div class='ocr_carea' id='block_1_15' title="bbox 129 2740 1759 2815">
    <p class='ocr_par' dir='ltr' id='par_1_15' title="bbox 129 2740 1759 2815">
     <span class='ocr_line' id='line_1_15' title="bbox 129 2740 1759 2815; baseline 0.001 -20"><span class='ocrx_word' id='word_1_98' title='bbox 129 2743 179 2795; x_wconf 74' lang='lat'>2.</span> <span class='ocrx_word' id='word_1_99' title='bbox 216 2740 365 2794; x_wconf 92' lang='lat' dir='ltr'>Inde</span> <span class='ocrx_word' id='word_1_100' title='bbox 395 2741 687 2811; x_wconf 84' lang='lat' dir='ltr'>progressi</span> <span class='ocrx_word' id='word_1_101' title='bbox 725 2741 987 2795; x_wconf 86' lang='lat' dir='ltr'>venimus</span> <span class='ocrx_word' id='word_1_102' title='bbox 1021 2744 1088 2797; x_wconf 91' lang='lat' dir='ltr'>ad</span> <span class='ocrx_word' id='word_1_103' title='bbox 1124 2750 1378 2797; x_wconf 89' lang='lat' dir='ltr'>montem</span> <span class='ocrx_word' id='word_1_104' title='bbox 1411 2747 1759 2815; x_wconf 87' lang='lat' dir='ltr'>Garganum,</span> 
     </span>
    </p>
   </div>
   <div class='ocr_carea' id='block_1_16' title="bbox 69 2828 1762 2904">
    <p class='ocr_par' dir='ltr' id='par_1_16' title="bbox 69 2828 1762 2904">
     <span class='ocr_line' id='line_1_16' title="bbox 69 2828 1762 2904; baseline 0.004 -23"><span class='ocrx_word' id='word_1_105' title='bbox 69 2828 117 2881; x_wconf 88' lang='lat' dir='ltr'>in</span> <span class='ocrx_word' id='word_1_106' title='bbox 152 2845 263 2898; x_wconf 92' lang='lat' dir='ltr'>quo</span> <span class='ocrx_word' id='word_1_107' title='bbox 312 2835 401 2882; x_wconf 89' lang='lat' dir='ltr'>est</span> <span class='ocrx_word' id='word_1_108' title='bbox 451 2829 687 2882; x_wconf 87' lang='lat' dir='ltr'>ecclesia</span> <span class='ocrx_word' id='word_1_109' title='bbox 727 2831 906 2883; x_wconf 88' lang='lat' dir='ltr'>sancti</span> <span class='ocrx_word' id='word_1_110' title='bbox 948 2831 1238 2885; x_wconf 83' lang='lat' dir='ltr'>Michaelis</span> <span class='ocrx_word' id='word_1_111' title='bbox 1268 2833 1373 2886; x_wconf 91' lang='lat' dir='ltr'>sub</span> <span class='ocrx_word' id='word_1_112' title='bbox 1407 2850 1521 2887; x_wconf 88' lang='lat' dir='ltr'>uno</span> <span class='ocrx_word' id='word_1_113' title='bbox 1553 2834 1762 2904; x_wconf 88' lang='lat' dir='ltr'>lapide,</span> 
     </span>
    </p>
   </div>
   <div class='ocr_carea' id='block_1_17' title="bbox 70 2920 1764 2991">
    <p class='ocr_par' dir='ltr' id='par_1_17' title="bbox 70 2920 1764 2991">
     <span class='ocr_line' id='line_1_17' title="bbox 70 2920 1764 2991; baseline 0.004 -23"><span class='ocrx_word' id='word_1_114' title='bbox 70 2932 233 2986; x_wconf 86' lang='lat' dir='ltr'>super</span> <span class='ocrx_word' id='word_1_115' title='bbox 265 2933 445 2987; x_wconf 88' lang='lat' dir='ltr'>quem</span> <span class='ocrx_word' id='word_1_116' title='bbox 477 2922 610 2970; x_wconf 91' lang='lat' dir='ltr'>sunt</span> <span class='ocrx_word' id='word_1_117' title='bbox 639 2933 882 2987; x_wconf 88' lang='lat' dir='ltr'>quercus</span> <span class='ocrx_word' id='word_1_118' title='bbox 916 2920 1265 2989; x_wconf 74' lang='lat' dir='ltr'>glandiferze,</span> <span class='ocrx_word' id='word_1_119' title='bbox 1302 2937 1472 2991; x_wconf 91' lang='lat' dir='ltr'>quam</span> <span class='ocrx_word' id='word_1_120' title='bbox 1503 2921 1764 2975; x_wconf 87' lang='lat' dir='ltr'>videlicet</span> 
     </span>
    </p>
   </div>
   <div class='ocr_carea' id='block_1_18' title="bbox 74 3005 1760 3080">
    <p class='ocr_par' dir='ltr' id='par_1_18' title="bbox 74 3005 1760 3080">
     <span class='ocr_line' id='line_1_18' title="bbox 74 3005 1760 3080; baseline 0.004 -24"><span class='ocrx_word' id='word_1_121' title='bbox 74 3005 183 3074; x_wconf 88' lang='lat' dir='ltr'>ipse</span> <span class='ocrx_word' id='word_1_122' title='bbox 215 3006 433 3058; x_wconf 90' lang='lat' dir='ltr'>dicitur</span> <span class='ocrx_word' id='word_1_123' title='bbox 477 3006 766 3059; x_wconf 87' lang='lat' dir='ltr'>dedicasse</span> <span class='ocrx_word' id='word_1_124' title='bbox 811 3021 823 3059; x_wconf 92' lang='lat'>:</span> <span class='ocrx_word' id='word_1_125' title='bbox 864 3009 1026 3078; x_wconf 84' lang='lat' dir='ltr'>cujus</span> <span class='ocrx_word' id='word_1_126' title='bbox 1073 3010 1345 3062; x_wconf 90' lang='lat' dir='ltr'>introitus</span> <span class='ocrx_word' id='word_1_127' title='bbox 1376 3014 1460 3063; x_wconf 90' lang='lat' dir='ltr'>est</span> <span class='ocrx_word' id='word_1_128' title='bbox 1489 3011 1559 3063; x_wconf 91' lang='lat' dir='ltr'>ab</span> <span class='ocrx_word' id='word_1_129' title='bbox 1592 3009 1760 3080; x_wconf 88' lang='lat' dir='ltr'>aqui-</span> 
     </span>
    </p>
   </div>
   <div class='ocr_carea' id='block_1_19' title="bbox 74 3094 1763 3169">
    <p class='ocr_par' dir='ltr' id='par_1_19' title="bbox 74 3094 1763 3169">
     <span class='ocr_line' id='line_1_19' title="bbox 74 3094 1763 3169; baseline 0.005 -25"><span class='ocrx_word' id='word_1_130' title='bbox 74 3094 211 3158; x_wconf 92' lang='lat' dir='ltr'>lone,</span> <span class='ocrx_word' id='word_1_131' title='bbox 245 3100 303 3146; x_wconf 89' lang='lat' dir='ltr'>et</span> <span class='ocrx_word' id='word_1_132' title='bbox 336 3094 463 3163; x_wconf 90' lang='lat' dir='ltr'>ipsa</span> <span class='ocrx_word' id='word_1_133' title='bbox 497 3094 917 3164; x_wconf 84' lang='lat' dir='ltr'>quinquaginta</span> <span class='ocrx_word' id='word_1_134' title='bbox 963 3096 1226 3151; x_wconf 89' lang='lat' dir='ltr'>homines</span> <span class='ocrx_word' id='word_1_135' title='bbox 1274 3103 1463 3167; x_wconf 83' lang='lat' dir='ltr'>potest</span> <span class='ocrx_word' id='word_1_136' title='bbox 1508 3098 1763 3169; x_wconf 86' lang='lat' dir='ltr'>recipere</span> 
     </span>
    </p>
   </div>
   <div class='ocr_carea' id='block_1_20' title="bbox 74 3182 1763 3257">
    <p class='ocr_par' dir='ltr' id='par_1_20' title="bbox 74 3182 1763 3257">
     <span class='ocr_line' id='line_1_20' title="bbox 74 3182 1763 3257; baseline 0.004 -24"><span class='ocrx_word' id='word_1_137' title='bbox 74 3182 126 3234; x_wconf 90' lang='lat' dir='ltr'>in</span> <span class='ocrx_word' id='word_1_138' title='bbox 163 3198 241 3235; x_wconf 89' lang='lat' dir='ltr'>se.</span> <span class='ocrx_word' id='word_1_139' title='bbox 297 3182 652 3236; x_wconf 89' lang='lat' dir='ltr'>Intrinsecus</span> <span class='ocrx_word' id='word_1_140' title='bbox 700 3199 837 3253; x_wconf 89' lang='lat' dir='ltr'>ergo</span> <span class='ocrx_word' id='word_1_141' title='bbox 887 3184 956 3238; x_wconf 91' lang='lat' dir='ltr'>ad</span> <span class='ocrx_word' id='word_1_142' title='bbox 1006 3186 1288 3239; x_wconf 88' lang='lat' dir='ltr'>orientem</span> <span class='ocrx_word' id='word_1_143' title='bbox 1342 3187 1525 3256; x_wconf 88' lang='lat' dir='ltr'>ipsius</span> <span class='ocrx_word' id='word_1_144' title='bbox 1574 3188 1763 3257; x_wconf 90' lang='lat' dir='ltr'>angeli</span> 
     </span>
    </p>
   </div>
   <div class='ocr_carea' id='block_1_21' title="bbox 75 3269 1765 3345">
    <p class='ocr_par' dir='ltr' id='par_1_21' title="bbox 75 3269 1765 3345">
     <span class='ocr_line' id='line_1_21' title="bbox 75 3269 1765 3345; baseline 0.005 -23"><span class='ocrx_word' id='word_1_145' title='bbox 75 3270 231 3323; x_wconf 85' lang='lat' dir='ltr'>habet</span> <span class='ocrx_word' id='word_1_146' title='bbox 261 3269 616 3340; x_wconf 84' lang='lat' dir='ltr'>imaginem;</span> <span class='ocrx_word' id='word_1_147' title='bbox 642 3272 710 3324; x_wconf 91' lang='lat' dir='ltr'>ad</span> <span class='ocrx_word' id='word_1_148' title='bbox 743 3273 1045 3327; x_wconf 89' lang='lat' dir='ltr'>meridiem</span> <span class='ocrx_word' id='word_1_149' title='bbox 1077 3290 1211 3328; x_wconf 88' lang='lat' dir='ltr'>vero</span> <span class='ocrx_word' id='word_1_150' title='bbox 1244 3281 1329 3329; x_wconf 89' lang='lat' dir='ltr'>est</span> <span class='ocrx_word' id='word_1_151' title='bbox 1359 3276 1557 3341; x_wconf 86' lang='lat' dir='ltr'>altare,</span> <span class='ocrx_word' id='word_1_152' title='bbox 1591 3292 1765 3345; x_wconf 89' lang='lat' dir='ltr'>super</span> 
     </span>
    </p>
   </div>
   <div class='ocr_carea' id='block_1_22' title="bbox 1873 2126 3565 2197">
    <p class='ocr_par' dir='ltr' id='par_1_22' title="bbox 1873 2126 3565 2197">
     <span class='ocr_line' id='line_1_22' title="bbox 1873 2126 3565 2197; baseline -0.001 -16"><span class='ocrx_word' id='word_1_153' title='bbox 1873 2132 2142 2181; x_wconf 83' lang='lat' dir='ltr'>exeuntes</span> <span class='ocrx_word' id='word_1_154' title='bbox 2172 2127 2231 2180; x_wconf 91' lang='lat' dir='ltr'>in</span> <span class='ocrx_word' id='word_1_155' title='bbox 2260 2127 2534 2197; x_wconf 89' lang='lat' dir='ltr'>Tripolim</span> <span class='ocrx_word' id='word_1_156' title='bbox 2564 2126 2920 2181; x_wconf 84' lang='lat' dir='ltr'>deduxerunt</span> <span class='ocrx_word' id='word_1_157' title='bbox 2946 2127 3214 2181; x_wconf 90' lang='lat' dir='ltr'>similiter</span> <span class='ocrx_word' id='word_1_158' title='bbox 3238 2144 3320 2180; x_wconf 84' lang='grc' dir='ltr'><em>ιιι.</em></span> <span class='ocrx_word' id='word_1_159' title='bbox 3557 2186 3565 2195; x_wconf 30' lang='grc' dir='ltr'><strong>ο</strong></span> 
     </span>
    </p>
   </div>
   <div class='ocr_carea' id='block_1_23' title="bbox 1944 2214 3566 2285">
    <p class='ocr_par' dir='ltr' id='par_1_23' title="bbox 1944 2214 3566 2285">
     <span class='ocr_line' id='line_1_23' title="bbox 1944 2214 3566 2285; baseline 0.001 -18"><span class='ocrx_word' id='word_1_160' title='bbox 1944 2217 1993 2267; x_wconf 74' lang='grc' dir='ltr'>ὅ.</span> <span class='ocrx_word' id='word_1_161' title='bbox 2024 2216 2086 2268; x_wconf 93' lang='lat' dir='ltr'>In</span> <span class='ocrx_word' id='word_1_162' title='bbox 2117 2215 2355 2285; x_wconf 86' lang='lat' dir='ltr'>reliquis</span> <span class='ocrx_word' id='word_1_163' title='bbox 2377 2214 2611 2267; x_wconf 86' lang='lat' dir='ltr'>demum</span> <span class='ocrx_word' id='word_1_164' title='bbox 2634 2214 2853 2268; x_wconf 92' lang='lat' dir='ltr'>duabus</span> <span class='ocrx_word' id='word_1_165' title='bbox 2873 2214 3250 2280; x_wconf 88' lang='lat' dir='ltr'>introeuntes,</span> <span class='ocrx_word' id='word_1_166' title='bbox 3275 2214 3334 2267; x_wconf 91' lang='lat' dir='ltr'>in</span> <span class='ocrx_word' id='word_1_167' title='bbox 3357 2214 3566 2285; x_wconf 90' lang='lat' dir='ltr'>quibus</span> 
     </span>
    </p>
   </div>
   <div class='ocr_carea' id='block_1_24' title="bbox 1873 2302 3567 2374">
    <p class='ocr_par' dir='ltr' id='par_1_24' title="bbox 1873 2302 3567 2374">
     <span class='ocr_line' id='line_1_24' title="bbox 1873 2302 3567 2374; baseline 0 -18"><span class='ocrx_word' id='word_1_168' title='bbox 1873 2320 2101 2374; x_wconf 90' lang='lat' dir='ltr'>quoque</span> <span class='ocrx_word' id='word_1_169' title='bbox 2141 2303 2445 2373; x_wconf 66' lang='lat' dir='ltr'>praedictus</span> <span class='ocrx_word' id='word_1_170' title='bbox 2485 2307 2606 2355; x_wconf 86' lang='lat' dir='ltr'>erat</span> <span class='ocrx_word' id='word_1_171' title='bbox 2647 2318 2923 2356; x_wconf 90' lang='lat' dir='ltr'>numerus</span> <span class='ocrx_word' id='word_1_172' title='bbox 2965 2304 3345 2372; x_wconf 89' lang='lat' dir='ltr'>captivorum,</span> <span class='ocrx_word' id='word_1_173' title='bbox 3392 2302 3567 2357; x_wconf 87' lang='lat' dir='ltr'>delati</span> 
     </span>
    </p>
   </div>
   <div class='ocr_carea' id='block_1_25' title="bbox 1873 2390 3561 2461">
    <p class='ocr_par' dir='ltr' id='par_1_25' title="bbox 1873 2390 3561 2461">
     <span class='ocr_line' id='line_1_25' title="bbox 1873 2390 3561 2461; baseline 0 -17"><span class='ocrx_word' id='word_1_174' title='bbox 1873 2407 2071 2444; x_wconf 91' lang='lat' dir='ltr'>sumus</span> <span class='ocrx_word' id='word_1_175' title='bbox 2101 2392 2159 2444; x_wconf 93' lang='lat' dir='ltr'>in</span> <span class='ocrx_word' id='word_1_176' title='bbox 2192 2396 2421 2461; x_wconf 89' lang='lat' dir='ltr'>portum</span> <span class='ocrx_word' id='word_1_177' title='bbox 2450 2390 2832 2457; x_wconf 64' lang='lat' dir='ltr'>Alexandriae,</span> <span class='ocrx_word' id='word_1_178' title='bbox 2863 2390 3198 2461; x_wconf 86' lang='lat' dir='ltr'>navigantes</span> <span class='ocrx_word' id='word_1_179' title='bbox 3221 2390 3418 2444; x_wconf 86' lang='lat' dir='ltr'>diebus</span> <span class='ocrx_word' id='word_1_180' title='bbox 3440 2407 3561 2444; x_wconf 83' lang='lat' dir='ltr'>xxx.</span> 
     </span>
    </p>
   </div>
   <div class='ocr_carea' id='block_1_26' title="bbox 1873 2463 3568 2549">
    <p class='ocr_par' dir='ltr' id='par_1_26' title="bbox 1873 2463 3568 2549">
     <span class='ocr_line' id='line_1_26' title="bbox 1873 2463 3568 2549; baseline 0.001 -18"><span class='ocrx_word' id='word_1_181' title='bbox 1873 2481 2134 2533; x_wconf 89' lang='lat' dir='ltr'>Volentes</span> <span class='ocrx_word' id='word_1_182' title='bbox 2164 2495 2298 2532; x_wconf 88' lang='lat' dir='ltr'>vero</span> <span class='ocrx_word' id='word_1_183' title='bbox 2330 2479 2601 2549; x_wconf 89' lang='lat' dir='ltr'>progredi</span> <span class='ocrx_word' id='word_1_184' title='bbox 2632 2463 2694 2532; x_wconf 76' lang='lat' dir='ltr'>in</span> <span class='ocrx_word' id='word_1_185' title='bbox 2737 2479 2914 2545; x_wconf 90' lang='lat' dir='ltr'>littus,</span> <span class='ocrx_word' id='word_1_186' title='bbox 2961 2478 3239 2548; x_wconf 86' lang='lat' dir='ltr'>prohibiti</span> <span class='ocrx_word' id='word_1_187' title='bbox 3290 2495 3486 2532; x_wconf 90' lang='lat' dir='ltr'>sumus</span> <span class='ocrx_word' id='word_1_188' title='bbox 3534 2496 3568 2532; x_wconf 88' lang='lat' dir='ltr'>a</span> 
     </span>
    </p>
   </div>
   <div class='ocr_carea' id='block_1_27' title="bbox 1872 2567 3565 2639">
    <p class='ocr_par' dir='ltr' id='par_1_27' title="bbox 1872 2567 3565 2639">
     <span class='ocr_line' id='line_1_27' title="bbox 1872 2567 3565 2639; baseline 0.001 -19"><span class='ocrx_word' id='word_1_189' title='bbox 1872 2567 2131 2639; x_wconf 90' lang='lat' dir='ltr'>principe</span> <span class='ocrx_word' id='word_1_190' title='bbox 2163 2572 2490 2633; x_wconf 86' lang='lat' dir='ltr'>nautarum,</span> <span class='ocrx_word' id='word_1_191' title='bbox 2527 2572 2625 2637; x_wconf 90' lang='lat' dir='ltr'>qui</span> <span class='ocrx_word' id='word_1_192' title='bbox 2665 2571 2787 2620; x_wconf 90' lang='lat' dir='ltr'>erat</span> <span class='ocrx_word' id='word_1_193' title='bbox 2815 2583 2988 2636; x_wconf 90' lang='lat' dir='ltr'>super</span> <span class='ocrx_word' id='word_1_194' title='bbox 3014 2584 3096 2620; x_wconf 81' lang='lat' dir='ltr'>1.x.</span> <span class='ocrx_word' id='word_1_195' title='bbox 3134 2569 3201 2621; x_wconf 89' lang='lat' dir='ltr'>Ut</span> <span class='ocrx_word' id='word_1_196' title='bbox 3233 2572 3427 2620; x_wconf 88' lang='lat' dir='ltr'>autem</span> <span class='ocrx_word' id='word_1_197' title='bbox 3458 2584 3565 2621; x_wconf 89' lang='lat' dir='ltr'>no-</span> 
     </span>
    </p>
   </div>
   <div class='ocr_carea' id='block_1_28' title="bbox 1872 2655 3421 2726">
    <p class='ocr_par' dir='ltr' id='par_1_28' title="bbox 1872 2655 3421 2726">
     <span class='ocr_line' id='line_1_28' title="bbox 1872 2655 3421 2726; baseline 0.001 -17"><span class='ocrx_word' id='word_1_198' title='bbox 1872 2656 1959 2709; x_wconf 91' lang='lat' dir='ltr'>bis</span> <span class='ocrx_word' id='word_1_199' title='bbox 1989 2656 2154 2726; x_wconf 87' lang='lat' dir='ltr'>copia</span> <span class='ocrx_word' id='word_1_200' title='bbox 2184 2656 2419 2709; x_wconf 87' lang='lat' dir='ltr'>daretur</span> <span class='ocrx_word' id='word_1_201' title='bbox 2444 2655 2710 2721; x_wconf 82' lang='lat' dir='ltr'>exeundi,</span> <span class='ocrx_word' id='word_1_202' title='bbox 2747 2655 3008 2708; x_wconf 91' lang='lat' dir='ltr'>dedimus</span> <span class='ocrx_word' id='word_1_203' title='bbox 3040 2656 3092 2708; x_wconf 93' lang='lat' dir='ltr'>ei</span> <span class='ocrx_word' id='word_1_204' title='bbox 3123 2672 3322 2709; x_wconf 88' lang='lat' dir='ltr'>aureos</span> <span class='ocrx_word' id='word_1_205' title='bbox 3351 2674 3421 2710; x_wconf 71' lang='grc' dir='ltr'>γι.</span> 
     </span>
    </p>
   </div>
   <div class='ocr_carea' id='block_1_29' title="bbox 1944 2742 3565 2815">
    <p class='ocr_par' dir='ltr' id='par_1_29' title="bbox 1944 2742 3565 2815">
     <span class='ocr_line' id='line_1_29' title="bbox 1944 2742 3565 2815; baseline 0.001 -19"><span class='ocrx_word' id='word_1_206' title='bbox 1944 2748 1994 2797; x_wconf 88' lang='lat'><strong>6.</strong></span> <span class='ocrx_word' id='word_1_207' title='bbox 2027 2743 2167 2797; x_wconf 90' lang='lat' dir='ltr'>Inde</span> <span class='ocrx_word' id='word_1_208' title='bbox 2200 2743 2490 2813; x_wconf 86' lang='lat' dir='ltr'>progressi</span> <span class='ocrx_word' id='word_1_209' title='bbox 2523 2743 2802 2796; x_wconf 88' lang='lat' dir='ltr'>adivimus</span> <span class='ocrx_word' id='word_1_210' title='bbox 2832 2742 3150 2813; x_wconf 88' lang='lat' dir='ltr'>principem</span> <span class='ocrx_word' id='word_1_211' title='bbox 3182 2745 3565 2815; x_wconf 70' lang='lat' dir='ltr'>Alexandriae,</span> 
     </span>
    </p>
   </div>
   <div class='ocr_carea' id='block_1_30' title="bbox 1872 2832 3565 2901">
    <p class='ocr_par' dir='ltr' id='par_1_30' title="bbox 1872 2832 3565 2901">
     <span class='ocr_line' id='line_1_30' title="bbox 1872 2832 3565 2901; baseline 0.002 -16"><span class='ocrx_word' id='word_1_212' title='bbox 1872 2832 1964 2886; x_wconf 92' lang='lat' dir='ltr'>cui</span> <span class='ocrx_word' id='word_1_213' title='bbox 2012 2832 2370 2886; x_wconf 90' lang='lat' dir='ltr'>ostendimus</span> <span class='ocrx_word' id='word_1_214' title='bbox 2421 2832 2725 2901; x_wconf 89' lang='lat' dir='ltr'>epistolam</span> <span class='ocrx_word' id='word_1_215' title='bbox 2785 2848 2957 2901; x_wconf 89' lang='lat' dir='ltr'>quam</span> <span class='ocrx_word' id='word_1_216' title='bbox 3017 2834 3178 2886; x_wconf 90' lang='lat' dir='ltr'>nobis</span> <span class='ocrx_word' id='word_1_217' title='bbox 3236 2833 3391 2887; x_wconf 90' lang='lat' dir='ltr'>dedit</span> <span class='ocrx_word' id='word_1_218' title='bbox 3438 2834 3565 2889; x_wconf 89' lang='lat' dir='ltr'>Sul-</span> 
     </span>
    </p>
   </div>
   <div class='ocr_carea' id='block_1_31' title="bbox 1873 2920 3566 2990">
    <p class='ocr_par' dir='ltr' id='par_1_31' title="bbox 1873 2920 3566 2990">
     <span class='ocr_line' id='line_1_31' title="bbox 1873 2920 3566 2990; baseline 0.002 -17"><span class='ocrx_word' id='word_1_219' title='bbox 1873 2921 2055 2973; x_wconf 87' lang='lat' dir='ltr'>danus</span> <span class='ocrx_word' id='word_1_220' title='bbox 2091 2936 2103 2973; x_wconf 89' lang='lat'><strong>:</strong></span> <span class='ocrx_word' id='word_1_221' title='bbox 2154 2937 2282 2990; x_wconf 63' lang='lat' dir='ltr'>quae</span> <span class='ocrx_word' id='word_1_222' title='bbox 2326 2920 2469 2973; x_wconf 90' lang='lat' dir='ltr'>nihil</span> <span class='ocrx_word' id='word_1_223' title='bbox 2522 2921 2688 2973; x_wconf 89' lang='lat' dir='ltr'>nobis</span> <span class='ocrx_word' id='word_1_224' title='bbox 2729 2920 2990 2990; x_wconf 81' lang='lat' dir='ltr'>profecit,</span> <span class='ocrx_word' id='word_1_225' title='bbox 3023 2921 3154 2975; x_wconf 89' lang='lat' dir='ltr'>licet</span> <span class='ocrx_word' id='word_1_226' title='bbox 3184 2937 3381 2974; x_wconf 92' lang='lat' dir='ltr'>omnes</span> <span class='ocrx_word' id='word_1_227' title='bbox 3411 2922 3566 2977; x_wconf 89' lang='lat' dir='ltr'>illius</span> 
     </span>
    </p>
   </div>
   <div class='ocr_carea' id='block_1_32' title="bbox 1873 3008 3567 3079">
    <p class='ocr_par' dir='ltr' id='par_1_32' title="bbox 1873 3008 3567 3079">
     <span class='ocr_line' id='line_1_32' title="bbox 1873 3008 3567 3079; baseline 0.001 -17"><span class='ocrx_word' id='word_1_228' title='bbox 1873 3010 2141 3078; x_wconf 88' lang='lat' dir='ltr'>epistolas</span> <span class='ocrx_word' id='word_1_229' title='bbox 2172 3008 2378 3063; x_wconf 82' lang='lat' dir='ltr'>dixerit</span> <span class='ocrx_word' id='word_1_230' title='bbox 2405 3025 2463 3062; x_wconf 91' lang='lat' dir='ltr'>se</span> <span class='ocrx_word' id='word_1_231' title='bbox 2497 3025 2611 3061; x_wconf 92' lang='lat' dir='ltr'>non</span> <span class='ocrx_word' id='word_1_232' title='bbox 2644 3008 2934 3078; x_wconf 86' lang='lat' dir='ltr'>ignorare.</span> <span class='ocrx_word' id='word_1_233' title='bbox 2975 3010 3097 3073; x_wconf 88' lang='lat' dir='ltr'>Quo</span> <span class='ocrx_word' id='word_1_234' title='bbox 3139 3015 3377 3079; x_wconf 88' lang='lat' dir='ltr'>urgente</span> <span class='ocrx_word' id='word_1_235' title='bbox 3412 3010 3567 3064; x_wconf 88' lang='lat' dir='ltr'>dedit</span> 
     </span>
    </p>
   </div>
   <div class='ocr_carea' id='block_1_33' title="bbox 1874 3097 3568 3168">
    <p class='ocr_par' dir='ltr' id='par_1_33' title="bbox 1874 3097 3568 3168">
     <span class='ocr_line' id='line_1_33' title="bbox 1874 3097 3568 3168; baseline 0.001 -17"><span class='ocrx_word' id='word_1_236' title='bbox 1874 3098 1927 3151; x_wconf 92' lang='lat' dir='ltr'>ei</span> <span class='ocrx_word' id='word_1_237' title='bbox 1971 3097 2367 3168; x_wconf 89' lang='lat' dir='ltr'>unusquisque</span> <span class='ocrx_word' id='word_1_238' title='bbox 2417 3102 2678 3150; x_wconf 89' lang='lat' dir='ltr'>nostrum</span> <span class='ocrx_word' id='word_1_239' title='bbox 2733 3113 2836 3166; x_wconf 88' lang='lat' dir='ltr'>pro</span> <span class='ocrx_word' id='word_1_240' title='bbox 2893 3113 2951 3149; x_wconf 90' lang='lat' dir='ltr'>se</span> <span class='ocrx_word' id='word_1_241' title='bbox 3008 3114 3107 3151; x_wconf 86' lang='lat' dir='ltr'>xm</span> <span class='ocrx_word' id='word_1_242' title='bbox 3164 3098 3456 3165; x_wconf 87' lang='lat' dir='ltr'>denarios;</span> <span class='ocrx_word' id='word_1_243' title='bbox 3511 3104 3568 3153; x_wconf 87' lang='lat' dir='ltr'>et</span> 
     </span>
    </p>
   </div>
   <div class='ocr_carea' id='block_1_34' title="bbox 1871 3185 3558 3256">
    <p class='ocr_par' dir='ltr' id='par_1_34' title="bbox 1871 3185 3558 3256">
     <span class='ocr_line' id='line_1_34' title="bbox 1871 3185 3558 3256; baseline -0.001 -16"><span class='ocrx_word' id='word_1_244' title='bbox 1871 3186 2005 3240; x_wconf 86' lang='lat' dir='ltr'>fecit</span> <span class='ocrx_word' id='word_1_245' title='bbox 2036 3186 2200 3239; x_wconf 89' lang='lat' dir='ltr'>nobis</span> <span class='ocrx_word' id='word_1_246' title='bbox 2230 3186 2452 3239; x_wconf 86' lang='lat' dir='ltr'>litteras</span> <span class='ocrx_word' id='word_1_247' title='bbox 2477 3186 2548 3239; x_wconf 90' lang='lat' dir='ltr'>ad</span> <span class='ocrx_word' id='word_1_248' title='bbox 2580 3186 2899 3256; x_wconf 79' lang='lat' dir='ltr'>principem</span> <span class='ocrx_word' id='word_1_249' title='bbox 2929 3185 3276 3255; x_wconf 67' lang='lat' dir='ltr'>Babyloniae.</span> <span class='ocrx_word' id='word_1_250' title='bbox 3313 3187 3558 3241; x_wconf 88' lang='lat' dir='ltr'>Consue-</span> 
     </span>
    </p>
   </div>
   <div class='ocr_carea' id='block_1_35' title="bbox 1872 3274 3567 3344">
    <p class='ocr_par' dir='ltr' id='par_1_35' title="bbox 1872 3274 3567 3344">
     <span class='ocr_line' id='line_1_35' title="bbox 1872 3274 3567 3344; baseline 0.001 -17"><span class='ocrx_word' id='word_1_251' title='bbox 1872 3275 2012 3328; x_wconf 88' lang='lat' dir='ltr'>tudo</span> <span class='ocrx_word' id='word_1_252' title='bbox 2054 3279 2333 3344; x_wconf 69' lang='lat' dir='ltr'>praeterea</span> <span class='ocrx_word' id='word_1_253' title='bbox 2374 3274 2602 3327; x_wconf 90' lang='lat' dir='ltr'>illorum</span> <span class='ocrx_word' id='word_1_254' title='bbox 2644 3274 2941 3327; x_wconf 89' lang='lat' dir='ltr'>hominum</span> <span class='ocrx_word' id='word_1_255' title='bbox 2980 3274 3110 3327; x_wconf 89' lang='lat' dir='ltr'>talis</span> <span class='ocrx_word' id='word_1_256' title='bbox 3154 3281 3255 3341; x_wconf 89' lang='lat' dir='ltr'>est,</span> <span class='ocrx_word' id='word_1_257' title='bbox 3307 3280 3369 3327; x_wconf 88' lang='lat' dir='ltr'>ut</span> <span class='ocrx_word' id='word_1_258' title='bbox 3412 3275 3567 3344; x_wconf 91' lang='lat' dir='ltr'>quod</span> 
     </span>
    </p>
   </div>
   <div class='ocr_carea' id='block_1_36' title="bbox 76 3336 3569 3434">
    <p class='ocr_par' dir='ltr' id='par_1_36' title="bbox 76 3336 3569 3434">
     <span class='ocr_line' id='line_1_36' title="bbox 76 3336 3569 3434; baseline 0.004 -30"><span class='ocrx_word' id='word_1_259' title='bbox 76 3354 214 3421; x_wconf 89' lang='lat' dir='ltr'>quod</span> <span class='ocrx_word' id='word_1_260' title='bbox 243 3355 594 3408; x_wconf 76' lang='lat' dir='ltr'>sacrificium</span> <span class='ocrx_word' id='word_1_261' title='bbox 626 3356 867 3425; x_wconf 87' lang='lat' dir='ltr'>geritur,</span> <span class='ocrx_word' id='word_1_262' title='bbox 900 3364 957 3411; x_wconf 90' lang='lat' dir='ltr'>et</span> <span class='ocrx_word' id='word_1_263' title='bbox 982 3366 1190 3428; x_wconf 64' lang='lat' dir='ltr'>praeter</span> <span class='ocrx_word' id='word_1_264' title='bbox 1221 3360 1276 3414; x_wconf 93' lang='lat' dir='ltr'>id</span> <span class='ocrx_word' id='word_1_265' title='bbox 1306 3360 1529 3414; x_wconf 91' lang='lat' dir='ltr'>nullum</span> <span class='ocrx_word' id='word_1_266' title='bbox 1553 3378 1762 3416; x_wconf 89' lang='lat' dir='ltr'>munus</span> <span class='ocrx_word' id='word_1_267' title='bbox 1802 3336 1844 3391; x_wconf 80' lang='grc' dir='ltr'><strong>Β</strong></span> <span class='ocrx_word' id='word_1_268' title='bbox 1874 3364 2181 3434; x_wconf 90' lang='lat' dir='ltr'>ponderari</span> <span class='ocrx_word' id='word_1_269' title='bbox 2212 3369 2418 3433; x_wconf 87' lang='lat' dir='ltr'>potest,</span> <span class='ocrx_word' id='word_1_270' title='bbox 2464 3380 2581 3417; x_wconf 91' lang='lat' dir='ltr'>non</span> <span class='ocrx_word' id='word_1_271' title='bbox 2628 3363 2791 3416; x_wconf 85' lang='lat' dir='ltr'>aliter</span> <span class='ocrx_word' id='word_1_272' title='bbox 2836 3362 3147 3433; x_wconf 88' lang='lat' dir='ltr'>accipiatur</span> <span class='ocrx_word' id='word_1_273' title='bbox 3182 3363 3291 3416; x_wconf 90' lang='lat' dir='ltr'>nisi</span> <span class='ocrx_word' id='word_1_274' title='bbox 3324 3364 3382 3416; x_wconf 92' lang='lat' dir='ltr'>in</span> <span class='ocrx_word' id='word_1_275' title='bbox 3417 3380 3569 3434; x_wconf 90' lang='lat' dir='ltr'>pon-</span> 
     </span>
    </p>
   </div>
   <div class='ocr_carea' id='block_1_37' title="bbox 75 3440 1762 3520">
    <p class='ocr_par' dir='ltr' id='par_1_37' title="bbox 75 3440 1762 3520">
     <span class='ocr_line' id='line_1_37' title="bbox 75 3440 1762 3520; baseline 0.006 -27"><span class='ocrx_word' id='word_1_276' title='bbox 75 3440 144 3494; x_wconf 90' lang='lat' dir='ltr'>ibi</span> <span class='ocrx_word' id='word_1_277' title='bbox 169 3444 432 3512; x_wconf 88' lang='lat' dir='ltr'>ponitur.</span> <span class='ocrx_word' id='word_1_278' title='bbox 469 3445 565 3497; x_wconf 89' lang='lat' dir='ltr'>Est</span> <span class='ocrx_word' id='word_1_279' title='bbox 595 3450 787 3498; x_wconf 90' lang='lat' dir='ltr'>autem</span> <span class='ocrx_word' id='word_1_280' title='bbox 821 3452 950 3499; x_wconf 87' lang='lat' dir='ltr'>ante</span> <span class='ocrx_word' id='word_1_281' title='bbox 989 3447 1179 3517; x_wconf 88' lang='lat' dir='ltr'>ipsum</span> <span class='ocrx_word' id='word_1_282' title='bbox 1221 3449 1400 3503; x_wconf 89' lang='lat' dir='ltr'>altare</span> <span class='ocrx_word' id='word_1_283' title='bbox 1444 3466 1538 3502; x_wconf 86' lang='lat' dir='ltr'>vas</span> <span class='ocrx_word' id='word_1_284' title='bbox 1578 3451 1762 3520; x_wconf 91' lang='lat' dir='ltr'>quod-</span> 
     </span>
    </p>
   </div>
   <div class='ocr_carea' id='block_1_38' title="bbox 75 3529 1761 3607">
    <p class='ocr_par' dir='ltr' id='par_1_38' title="bbox 75 3529 1761 3607">
     <span class='ocr_line' id='line_1_38' title="bbox 75 3529 1761 3607; baseline 0.005 -26"><span class='ocrx_word' id='word_1_285' title='bbox 75 3529 191 3583; x_wconf 88' lang='lat' dir='ltr'>dam</span> <span class='ocrx_word' id='word_1_286' title='bbox 248 3547 620 3600; x_wconf 90' lang='lat' dir='ltr'>suspensum,</span> <span class='ocrx_word' id='word_1_287' title='bbox 666 3532 727 3585; x_wconf 89' lang='lat' dir='ltr'>in</span> <span class='ocrx_word' id='word_1_288' title='bbox 785 3549 897 3603; x_wconf 90' lang='lat' dir='ltr'>quo</span> <span class='ocrx_word' id='word_1_289' title='bbox 945 3535 1254 3590; x_wconf 89' lang='lat' dir='ltr'>mittuntur</span> <span class='ocrx_word' id='word_1_290' title='bbox 1305 3536 1560 3604; x_wconf 87' lang='lat' dir='ltr'>donaria,</span> <span class='ocrx_word' id='word_1_291' title='bbox 1613 3537 1761 3607; x_wconf 91' lang='lat' dir='ltr'>quod</span> 
     </span>
    </p>
   </div>
   <div class='ocr_carea' id='block_1_39' title="bbox 77 3618 1763 3694">
    <p class='ocr_par' dir='ltr' id='par_1_39' title="bbox 77 3618 1763 3694">
     <span class='ocr_line' id='line_1_39' title="bbox 77 3618 1763 3694; baseline 0.006 -24"><span class='ocrx_word' id='word_1_292' title='bbox 77 3618 231 3671; x_wconf 91' lang='lat' dir='ltr'>etiam</span> <span class='ocrx_word' id='word_1_293' title='bbox 260 3619 432 3688; x_wconf 88' lang='lat' dir='ltr'>juxta</span> <span class='ocrx_word' id='word_1_294' title='bbox 476 3637 534 3673; x_wconf 90' lang='lat' dir='ltr'>se</span> <span class='ocrx_word' id='word_1_295' title='bbox 583 3620 694 3673; x_wconf 86' lang='lat' dir='ltr'>alia</span> <span class='ocrx_word' id='word_1_296' title='bbox 744 3621 917 3675; x_wconf 86' lang='lat' dir='ltr'>habet</span> <span class='ocrx_word' id='word_1_297' title='bbox 964 3623 1187 3689; x_wconf 84' lang='lat' dir='ltr'>altaria,</span> <span class='ocrx_word' id='word_1_298' title='bbox 1229 3628 1391 3694; x_wconf 90' lang='lat' dir='ltr'>cujus</span> <span class='ocrx_word' id='word_1_299' title='bbox 1439 3625 1549 3679; x_wconf 92' lang='lat' dir='ltr'>loci</span> <span class='ocrx_word' id='word_1_300' title='bbox 1587 3626 1763 3680; x_wconf 86' lang='lat' dir='ltr'>abbas</span> 
     </span>
    </p>
   </div>
   <div class='ocr_carea' id='block_1_40' title="bbox 79 3707 1759 3782">
    <p class='ocr_par' dir='ltr' id='par_1_40' title="bbox 79 3707 1759 3782">
     <span class='ocr_line' id='line_1_40' title="bbox 79 3707 1759 3782; baseline 0.005 -24"><span class='ocrx_word' id='word_1_301' title='bbox 79 3707 375 3761; x_wconf 86' lang='lat' dir='ltr'>vocabatur</span> <span class='ocrx_word' id='word_1_302' title='bbox 412 3710 778 3778; x_wconf 84' lang='lat' dir='ltr'>Benignatus,</span> <span class='ocrx_word' id='word_1_303' title='bbox 826 3710 925 3780; x_wconf 89' lang='lat' dir='ltr'>qui</span> <span class='ocrx_word' id='word_1_304' title='bbox 965 3713 1160 3765; x_wconf 85' lang='lat' dir='ltr'>multis</span> <span class='ocrx_word' id='word_1_305' title='bbox 1198 3718 1441 3782; x_wconf 65' lang='lat' dir='ltr'>praeerat</span> <span class='ocrx_word' id='word_1_306' title='bbox 1472 3713 1759 3769; x_wconf 85' lang='lat' dir='ltr'>fratribus.</span> 
     </span>
    </p>
   </div>
   <div class='ocr_carea' id='block_1_41' title="bbox 140 3797 1764 3872">
    <p class='ocr_par' dir='ltr' id='par_1_41' title="bbox 140 3797 1764 3872">
     <span class='ocr_line' id='line_1_41' title="bbox 140 3797 1764 3872; baseline 0.005 -24"><span class='ocrx_word' id='word_1_307' title='bbox 140 3798 185 3848; x_wconf 91' lang='lat'>3.</span> <span class='ocrx_word' id='word_1_308' title='bbox 220 3797 293 3849; x_wconf 89' lang='lat' dir='ltr'>De</span> <span class='ocrx_word' id='word_1_309' title='bbox 330 3803 525 3850; x_wconf 89' lang='lat' dir='ltr'>monte</span> <span class='ocrx_word' id='word_1_310' title='bbox 558 3804 749 3851; x_wconf 88' lang='lat' dir='ltr'>autem</span> <span class='ocrx_word' id='word_1_311' title='bbox 783 3798 1042 3868; x_wconf 87' lang='lat' dir='ltr'>Gargano</span> <span class='ocrx_word' id='word_1_312' title='bbox 1073 3800 1368 3869; x_wconf 86' lang='lat' dir='ltr'>abeuntes,</span> <span class='ocrx_word' id='word_1_313' title='bbox 1400 3818 1503 3872; x_wconf 87' lang='lat' dir='ltr'>per</span> <span class='ocrx_word' id='word_1_314' title='bbox 1532 3807 1764 3855; x_wconf 91' lang='lat' dir='ltr'>centum</span> 
     </span>
    </p>
   </div>
   <div class='ocr_carea' id='block_1_42' title="bbox 80 3883 1763 3953">
    <p class='ocr_par' dir='ltr' id='par_1_42' title="bbox 80 3883 1763 3953">
     <span class='ocr_line' id='line_1_42' title="bbox 80 3883 1763 3953; baseline 0.006 -19"><span class='ocrx_word' id='word_1_315' title='bbox 80 3883 488 3953; x_wconf 79' lang='lat' dir='ltr'>quinquaginta</span> <span class='ocrx_word' id='word_1_316' title='bbox 520 3885 791 3939; x_wconf 87' lang='lat' dir='ltr'>milliaria</span> <span class='ocrx_word' id='word_1_317' title='bbox 824 3887 1086 3940; x_wconf 88' lang='lat' dir='ltr'>venimus</span> <span class='ocrx_word' id='word_1_318' title='bbox 1116 3889 1182 3942; x_wconf 89' lang='lat' dir='ltr'>ad</span> <span class='ocrx_word' id='word_1_319' title='bbox 1213 3889 1495 3944; x_wconf 88' lang='lat' dir='ltr'>civitatem</span> <span class='ocrx_word' id='word_1_320' title='bbox 1537 3893 1763 3945; x_wconf 89' lang='lat' dir='ltr'>Barrem</span> 
     </span>
    </p>
   </div>
   <div class='ocr_carea' id='block_1_43' title="bbox 84 3970 1766 4048">
    <p class='ocr_par' dir='ltr' id='par_1_43' title="bbox 84 3970 1766 4048">
     <span class='ocr_line' id='line_1_43' title="bbox 84 3970 1766 4048; baseline 0.007 -25"><span class='ocrx_word' id='word_1_321' title='bbox 84 3970 507 4040; x_wconf 84' lang='lat' dir='ltr'>Saracenorum,</span> <span class='ocrx_word' id='word_1_322' title='bbox 549 3990 677 4043; x_wconf 68' lang='lat' dir='ltr'>qua:</span> <span class='ocrx_word' id='word_1_323' title='bbox 718 3974 937 4028; x_wconf 89' lang='lat' dir='ltr'>dudum</span> <span class='ocrx_word' id='word_1_324' title='bbox 975 3976 1177 4030; x_wconf 89' lang='lat' dir='ltr'>ditioni</span> <span class='ocrx_word' id='word_1_325' title='bbox 1216 3978 1547 4048; x_wconf 86' lang='lat' dir='ltr'>subjacebat</span> <span class='ocrx_word' id='word_1_326' title='bbox 1590 3982 1766 4033; x_wconf 86' lang='lat' dir='ltr'>Bene-</span> 
     </span>
    </p>
   </div>
   <div class='ocr_carea' id='block_1_44' title="bbox 82 4061 1765 4134">
    <p class='ocr_par' dir='ltr' id='par_1_44' title="bbox 82 4061 1765 4134">
     <span class='ocr_line' id='line_1_44' title="bbox 82 4061 1765 4134; baseline 0.007 -24"><span class='ocrx_word' id='word_1_327' title='bbox 82 4064 465 4113; x_wconf 83' lang='lat' dir='ltr'>ventanorum.</span> <span class='ocrx_word' id='word_1_328' title='bbox 514 4061 647 4124; x_wconf 85' lang='lat' dir='ltr'>Quae</span> <span class='ocrx_word' id='word_1_329' title='bbox 694 4061 908 4128; x_wconf 84' lang='lat' dir='ltr'>civitas,</span> <span class='ocrx_word' id='word_1_330' title='bbox 962 4080 1136 4133; x_wconf 88' lang='lat' dir='ltr'>supra</span> <span class='ocrx_word' id='word_1_331' title='bbox 1177 4082 1333 4120; x_wconf 89' lang='lat' dir='ltr'>mare</span> <span class='ocrx_word' id='word_1_332' title='bbox 1373 4068 1496 4134; x_wconf 87' lang='lat' dir='ltr'>sita,</span> <span class='ocrx_word' id='word_1_333' title='bbox 1541 4068 1765 4121; x_wconf 90' lang='lat' dir='ltr'>duobus</span> 
     </span>
    </p>
   </div>
   <div class='ocr_carea' id='block_1_45' title="bbox 86 4149 1763 4225">
    <p class='ocr_par' dir='ltr' id='par_1_45' title="bbox 86 4149 1763 4225">
     <span class='ocr_line' id='line_1_45' title="bbox 86 4149 1763 4225; baseline 0.006 -26"><span class='ocrx_word' id='word_1_334' title='bbox 86 4152 155 4199; x_wconf 78' lang='lat' dir='ltr'>est</span> <span class='ocrx_word' id='word_1_335' title='bbox 183 4165 213 4201; x_wconf 87' lang='lat' dir='ltr'>a</span> <span class='ocrx_word' id='word_1_336' title='bbox 243 4149 485 4202; x_wconf 90' lang='lat' dir='ltr'>meridie</span> <span class='ocrx_word' id='word_1_337' title='bbox 518 4150 810 4204; x_wconf 89' lang='lat' dir='ltr'>latissimis</span> <span class='ocrx_word' id='word_1_338' title='bbox 849 4152 1029 4205; x_wconf 89' lang='lat' dir='ltr'>muris</span> <span class='ocrx_word' id='word_1_339' title='bbox 1068 4155 1323 4219; x_wconf 79' lang='lat' dir='ltr'>munita;</span> <span class='ocrx_word' id='word_1_340' title='bbox 1376 4156 1445 4209; x_wconf 90' lang='lat' dir='ltr'>ab</span> <span class='ocrx_word' id='word_1_341' title='bbox 1493 4156 1763 4225; x_wconf 88' lang='lat' dir='ltr'>aquilone</span> 
     </span>
    </p>
   </div>
   <div class='ocr_carea' id='block_1_46' title="bbox 88 4238 1765 4314">
    <p class='ocr_par' dir='ltr' id='par_1_46' title="bbox 88 4238 1765 4314">
     <span class='ocr_line' id='line_1_46' title="bbox 88 4238 1765 4314; baseline 0.008 -29"><span class='ocrx_word' id='word_1_342' title='bbox 88 4250 201 4289; x_wconf 75' lang='lat' dir='ltr'>vero</span> <span class='ocrx_word' id='word_1_343' title='bbox 248 4239 397 4291; x_wconf 89' lang='lat' dir='ltr'>mari</span> <span class='ocrx_word' id='word_1_344' title='bbox 444 4238 735 4308; x_wconf 86' lang='lat' dir='ltr'>prominet</span> <span class='ocrx_word' id='word_1_345' title='bbox 783 4241 1058 4309; x_wconf 87' lang='lat' dir='ltr'>exposita.</span> <span class='ocrx_word' id='word_1_346' title='bbox 1115 4243 1213 4295; x_wconf 88' lang='lat' dir='ltr'>Hic</span> <span class='ocrx_word' id='word_1_347' title='bbox 1266 4243 1457 4314; x_wconf 87' lang='lat' dir='ltr'>itaque</span> <span class='ocrx_word' id='word_1_348' title='bbox 1505 4251 1765 4314; x_wconf 87' lang='lat' dir='ltr'>petentes</span> 
     </span>
    </p>
   </div>
   <div class='ocr_carea' id='block_1_47' title="bbox 88 4323 1763 4401">
    <p class='ocr_par' dir='ltr' id='par_1_47' title="bbox 88 4323 1763 4401">
     <span class='ocr_line' id='line_1_47' title="bbox 88 4323 1763 4401; baseline 0.006 -26"><span class='ocrx_word' id='word_1_349' title='bbox 88 4323 385 4395; x_wconf 84' lang='lat' dir='ltr'>principem</span> <span class='ocrx_word' id='word_1_350' title='bbox 428 4326 677 4380; x_wconf 89' lang='lat' dir='ltr'>civitatis</span> <span class='ocrx_word' id='word_1_351' title='bbox 716 4327 891 4393; x_wconf 90' lang='lat' dir='ltr'>illius,</span> <span class='ocrx_word' id='word_1_352' title='bbox 927 4329 1161 4383; x_wconf 88' lang='lat' dir='ltr'>nomine</span> <span class='ocrx_word' id='word_1_353' title='bbox 1200 4330 1533 4398; x_wconf 91' lang='lat' dir='ltr'>Suldanum,</span> <span class='ocrx_word' id='word_1_354' title='bbox 1582 4333 1763 4401; x_wconf 91' lang='lat' dir='ltr'>impe-</span> 
     </span>
    </p>
   </div>
   <div class='ocr_carea' id='block_1_48' title="bbox 90 4414 1765 4490">
    <p class='ocr_par' dir='ltr' id='par_1_48' title="bbox 90 4414 1765 4490">
     <span class='ocr_line' id='line_1_48' title="bbox 90 4414 1765 4490; baseline 0.007 -26"><span class='ocrx_word' id='word_1_355' title='bbox 90 4414 341 4467; x_wconf 84' lang='lat' dir='ltr'>travimus</span> <span class='ocrx_word' id='word_1_356' title='bbox 374 4430 508 4467; x_wconf 91' lang='lat' dir='ltr'>cum</span> <span class='ocrx_word' id='word_1_357' title='bbox 543 4415 762 4468; x_wconf 90' lang='lat' dir='ltr'>duabus</span> <span class='ocrx_word' id='word_1_358' title='bbox 806 4418 1062 4485; x_wconf 88' lang='lat' dir='ltr'>epistolis</span> <span class='ocrx_word' id='word_1_359' title='bbox 1110 4434 1280 4473; x_wconf 90' lang='lat' dir='ltr'>omne</span> <span class='ocrx_word' id='word_1_360' title='bbox 1327 4420 1633 4490; x_wconf 85' lang='lat' dir='ltr'>navigandi</span> <span class='ocrx_word' id='word_1_361' title='bbox 1667 4437 1765 4474; x_wconf 81' lang='lat' dir='ltr'>ne-</span> 
     </span>
    </p>
   </div>
   <div class='ocr_carea' id='block_1_49' title="bbox 93 4501 1769 4578">
    <p class='ocr_par' dir='ltr' id='par_1_49' title="bbox 93 4501 1769 4578">
     <span class='ocr_line' id='line_1_49' title="bbox 93 4501 1769 4578; baseline 0.007 -26"><span class='ocrx_word' id='word_1_362' title='bbox 93 4501 308 4567; x_wconf 83' lang='lat' dir='ltr'>gotium.</span> <span class='ocrx_word' id='word_1_363' title='bbox 341 4503 599 4566; x_wconf 88' lang='lat' dir='ltr'>Quarum</span> <span class='ocrx_word' id='word_1_364' title='bbox 628 4508 817 4557; x_wconf 86' lang='lat' dir='ltr'>textus</span> <span class='ocrx_word' id='word_1_365' title='bbox 849 4505 1222 4573; x_wconf 77' lang='lat' dir='ltr'>epistolarum</span> <span class='ocrx_word' id='word_1_366' title='bbox 1254 4508 1498 4578; x_wconf 89' lang='lat' dir='ltr'>principi</span> <span class='ocrx_word' id='word_1_367' title='bbox 1529 4510 1769 4563; x_wconf 82' lang='lat' dir='ltr'>Alexan-</span> 
     </span>
    </p>
   </div>
   <div class='ocr_carea' id='block_1_50' title="bbox 92 4588 1766 4661">
    <p class='ocr_par' dir='ltr' id='par_1_50' title="bbox 92 4588 1766 4661">
     <span class='ocr_line' id='line_1_50' title="bbox 92 4588 1766 4661; baseline 0.007 -21"><span class='ocrx_word' id='word_1_368' title='bbox 92 4588 229 4655; x_wconf 75' lang='lat' dir='ltr'>driae,</span> <span class='ocrx_word' id='word_1_369' title='bbox 274 4606 501 4643; x_wconf 89' lang='lat' dir='ltr'>necnon</span> <span class='ocrx_word' id='word_1_370' title='bbox 549 4596 605 4644; x_wconf 90' lang='lat' dir='ltr'>et</span> <span class='ocrx_word' id='word_1_371' title='bbox 652 4592 991 4661; x_wconf 71' lang='lat' dir='ltr'>Babyloniae,</span> <span class='ocrx_word' id='word_1_372' title='bbox 1046 4595 1307 4649; x_wconf 90' lang='lat' dir='ltr'>notitiam</span> <span class='ocrx_word' id='word_1_373' title='bbox 1350 4598 1539 4650; x_wconf 89' lang='lat' dir='ltr'>vultus</span> <span class='ocrx_word' id='word_1_374' title='bbox 1587 4598 1766 4651; x_wconf 88' lang='lat' dir='ltr'>nostri</span> 
     </span>
    </p>
   </div>
   <div class='ocr_carea' id='block_1_51' title="bbox 92 4677 1763 4755">
    <p class='ocr_par' dir='ltr' id='par_1_51' title="bbox 92 4677 1763 4755">
     <span class='ocr_line' id='line_1_51' title="bbox 92 4677 1763 4755; baseline 0.009 -30"><span class='ocrx_word' id='word_1_375' title='bbox 92 4677 165 4729; x_wconf 87' lang='lat' dir='ltr'>vel</span> <span class='ocrx_word' id='word_1_376' title='bbox 190 4677 409 4732; x_wconf 87' lang='lat' dir='ltr'>itineris</span> <span class='ocrx_word' id='word_1_377' title='bbox 443 4680 783 4749; x_wconf 81' lang='lat' dir='ltr'>exponebat.</span> <span class='ocrx_word' id='word_1_378' title='bbox 818 4681 887 4736; x_wconf 86' lang='lat' dir='ltr'>Hi</span> <span class='ocrx_word' id='word_1_379' title='bbox 922 4681 1170 4753; x_wconf 89' lang='lat' dir='ltr'>denique</span> <span class='ocrx_word' id='word_1_380' title='bbox 1198 4685 1487 4755; x_wconf 90' lang='lat' dir='ltr'>principes</span> <span class='ocrx_word' id='word_1_381' title='bbox 1520 4686 1622 4739; x_wconf 90' lang='lat' dir='ltr'>sub</span> <span class='ocrx_word' id='word_1_382' title='bbox 1656 4687 1763 4740; x_wconf 86' lang='lat' dir='ltr'>im-</span> 
     </span>
    </p>
   </div>
   <div class='ocr_carea' id='block_1_52' title="bbox 92 4765 1764 4843">
    <p class='ocr_par' dir='ltr' id='par_1_52' title="bbox 92 4765 1764 4843">
     <span class='ocr_line' id='line_1_52' title="bbox 92 4765 1764 4843; baseline 0.008 -26"><span class='ocrx_word' id='word_1_383' title='bbox 92 4765 230 4831; x_wconf 88' lang='lat' dir='ltr'>perio</span> <span class='ocrx_word' id='word_1_384' title='bbox 268 4772 407 4821; x_wconf 89' lang='lat' dir='ltr'>sunt</span> <span class='ocrx_word' id='word_1_385' title='bbox 445 4769 888 4836; x_wconf 84' lang='lat' dir='ltr'>Amarmomini,</span> <span class='ocrx_word' id='word_1_386' title='bbox 938 4771 1037 4840; x_wconf 91' lang='lat' dir='ltr'>qui</span> <span class='ocrx_word' id='word_1_387' title='bbox 1079 4772 1325 4843; x_wconf 87' lang='lat' dir='ltr'>imperat</span> <span class='ocrx_word' id='word_1_388' title='bbox 1356 4775 1621 4829; x_wconf 81' lang='lat' dir='ltr'>omnibus</span> <span class='ocrx_word' id='word_1_389' title='bbox 1665 4778 1764 4830; x_wconf 90' lang='lat' dir='ltr'>Sa-</span> 
     </span>
    </p>
   </div>
   <div class='ocr_carea' id='block_1_53' title="bbox 92 4855 1766 4935">
    <p class='ocr_par' dir='ltr' id='par_1_53' title="bbox 92 4855 1766 4935">
     <span class='ocr_line' id='line_1_53' title="bbox 92 4855 1766 4935; baseline 0.008 -29"><span class='ocrx_word' id='word_1_390' title='bbox 92 4855 305 4921; x_wconf 84' lang='lat' dir='ltr'>racenis,</span> <span class='ocrx_word' id='word_1_391' title='bbox 357 4856 627 4910; x_wconf 89' lang='lat' dir='ltr'>habitans</span> <span class='ocrx_word' id='word_1_392' title='bbox 680 4857 741 4911; x_wconf 91' lang='lat' dir='ltr'>in</span> <span class='ocrx_word' id='word_1_393' title='bbox 795 4859 1017 4930; x_wconf 89' lang='lat' dir='ltr'>Bagada</span> <span class='ocrx_word' id='word_1_394' title='bbox 1067 4866 1123 4913; x_wconf 90' lang='lat' dir='ltr'>et</span> <span class='ocrx_word' id='word_1_395' title='bbox 1172 4861 1395 4929; x_wconf 87' lang='lat' dir='ltr'>Axiam,</span> <span class='ocrx_word' id='word_1_396' title='bbox 1448 4880 1575 4935; x_wconf 81' lang='lat' dir='ltr'>quae</span> <span class='ocrx_word' id='word_1_397' title='bbox 1633 4871 1766 4920; x_wconf 90' lang='lat' dir='ltr'>sunt</span> 
     </span>
    </p>
   </div>
   <div class='ocr_carea' id='block_1_54' title="bbox 94 4942 629 4999">
    <p class='ocr_par' dir='ltr' id='par_1_54' title="bbox 94 4942 629 4999">
     <span class='ocr_line' id='line_1_54' title="bbox 94 4942 629 4999; baseline 0.009 -6"><span class='ocrx_word' id='word_1_398' title='bbox 94 4942 221 4995; x_wconf 88' lang='lat' dir='ltr'>ultra</span> <span class='ocrx_word' id='word_1_399' title='bbox 250 4944 629 4999; x_wconf 86' lang='lat' dir='ltr'>Hierusalem.</span> 
     </span>
    </p>
   </div>
   <div class='ocr_carea' id='block_1_55' title="bbox 148 5031 1764 5102">
    <p class='ocr_par' dir='ltr' id='par_1_55' title="bbox 148 5031 1764 5102">
     <span class='ocr_line' id='line_1_55' title="bbox 148 5031 1764 5102; baseline 0.007 -19"><span class='ocrx_word' id='word_1_400' title='bbox 148 5031 194 5082; x_wconf 70' lang='grc'>4.</span> <span class='ocrx_word' id='word_1_401' title='bbox 225 5031 508 5087; x_wconf 83' lang='lat' dir='ltr'>Exeuntes</span> <span class='ocrx_word' id='word_1_402' title='bbox 542 5038 735 5087; x_wconf 89' lang='lat' dir='ltr'>autem</span> <span class='ocrx_word' id='word_1_403' title='bbox 768 5034 837 5089; x_wconf 90' lang='lat' dir='ltr'>de</span> <span class='ocrx_word' id='word_1_404' title='bbox 868 5035 1059 5102; x_wconf 87' lang='lat' dir='ltr'>Barre,</span> <span class='ocrx_word' id='word_1_405' title='bbox 1093 5038 1511 5092; x_wconf 87' lang='lat' dir='ltr'>ambulavimus</span> <span class='ocrx_word' id='word_1_406' title='bbox 1541 5040 1611 5094; x_wconf 90' lang='lat' dir='ltr'>ad</span> <span class='ocrx_word' id='word_1_407' title='bbox 1638 5057 1764 5095; x_wconf 91' lang='lat' dir='ltr'>me-</span> 
     </span>
    </p>
   </div>
   <div class='ocr_carea' id='block_1_56' title="bbox 94 5116 1764 5194">
    <p class='ocr_par' dir='ltr' id='par_1_56' title="bbox 94 5116 1764 5194">
     <span class='ocr_line' id='line_1_56' title="bbox 94 5116 1764 5194; baseline 0.01 -27"><span class='ocrx_word' id='word_1_408' title='bbox 94 5116 273 5174; x_wconf 88' lang='lat' dir='ltr'>ridiem</span> <span class='ocrx_word' id='word_1_409' title='bbox 300 5137 369 5174; x_wconf 83' lang='lat' dir='ltr'>xc</span> <span class='ocrx_word' id='word_1_410' title='bbox 400 5121 672 5176; x_wconf 87' lang='lat' dir='ltr'>milliaria</span> <span class='ocrx_word' id='word_1_411' title='bbox 700 5139 878 5193; x_wconf 89' lang='lat' dir='ltr'>usque</span> <span class='ocrx_word' id='word_1_412' title='bbox 911 5124 981 5177; x_wconf 90' lang='lat' dir='ltr'>ad</span> <span class='ocrx_word' id='word_1_413' title='bbox 1012 5131 1245 5194; x_wconf 89' lang='lat' dir='ltr'>portum</span> <span class='ocrx_word' id='word_1_414' title='bbox 1274 5128 1593 5183; x_wconf 66' lang='lat' dir='ltr'>Tarentinae</span> <span class='ocrx_word' id='word_1_415' title='bbox 1624 5131 1764 5183; x_wconf 86' lang='lat' dir='ltr'>civi-</span> 
     </span>
    </p>
   </div>
   <div class='ocr_carea' id='block_1_57' title="bbox 96 5206 1762 5284">
    <p class='ocr_par' dir='ltr' id='par_1_57' title="bbox 96 5206 1762 5284">
     <span class='ocr_line' id='line_1_57' title="bbox 96 5206 1762 5284; baseline 0.01 -28"><span class='ocrx_word' id='word_1_416' title='bbox 96 5206 224 5274; x_wconf 86' lang='lat' dir='ltr'>tatis,</span> <span class='ocrx_word' id='word_1_417' title='bbox 267 5209 365 5263; x_wconf 89' lang='lat' dir='ltr'>ubi</span> <span class='ocrx_word' id='word_1_418' title='bbox 396 5210 726 5265; x_wconf 87' lang='lat' dir='ltr'>invenimus</span> <span class='ocrx_word' id='word_1_419' title='bbox 760 5228 929 5265; x_wconf 89' lang='lat' dir='ltr'>naves</span> <span class='ocrx_word' id='word_1_420' title='bbox 976 5230 1093 5278; x_wconf 90' lang='lat' dir='ltr'>sex,</span> <span class='ocrx_word' id='word_1_421' title='bbox 1132 5214 1191 5267; x_wconf 91' lang='lat' dir='ltr'>in</span> <span class='ocrx_word' id='word_1_422' title='bbox 1226 5216 1434 5284; x_wconf 89' lang='lat' dir='ltr'>quibus</span> <span class='ocrx_word' id='word_1_423' title='bbox 1467 5222 1630 5272; x_wconf 89' lang='lat' dir='ltr'>erant</span> <span class='ocrx_word' id='word_1_424' title='bbox 1662 5234 1762 5272; x_wconf 94' lang='lat' dir='ltr'>no-</span> 
     </span>
    </p>
   </div>
   <div class='ocr_carea' id='block_1_58' title="bbox 94 5298 1759 5369">
    <p class='ocr_par' dir='ltr' id='par_1_58' title="bbox 94 5298 1759 5369">
     <span class='ocr_line' id='line_1_58' title="bbox 94 5298 1759 5369; baseline 0.006 -21"><span class='ocrx_word' id='word_1_425' title='bbox 94 5308 200 5348; x_wconf 62' lang='lat' dir='ltr'>vem</span> <span class='ocrx_word' id='word_1_426' title='bbox 229 5298 407 5352; x_wconf 89' lang='lat' dir='ltr'>millia</span> <span class='ocrx_word' id='word_1_427' title='bbox 442 5299 799 5369; x_wconf 86' lang='lat' dir='ltr'>captivorum</span> <span class='ocrx_word' id='word_1_428' title='bbox 839 5301 909 5354; x_wconf 92' lang='lat' dir='ltr'>de</span> <span class='ocrx_word' id='word_1_429' title='bbox 951 5303 1364 5357; x_wconf 87' lang='lat' dir='ltr'>Beneventanis</span> <span class='ocrx_word' id='word_1_430' title='bbox 1409 5304 1759 5359; x_wconf 88' lang='lat' dir='ltr'>Christianis.</span> 
     </span>
    </p>
   </div>
   <div class='ocr_carea' id='block_1_59' title="bbox 96 5379 1764 5461">
    <p class='ocr_par' dir='ltr' id='par_1_59' title="bbox 96 5379 1764 5461">
     <span class='ocr_line' id='line_1_59' title="bbox 96 5379 1764 5461; baseline 0.009 -28"><span class='ocrx_word' id='word_1_431' title='bbox 96 5379 147 5435; x_wconf 89' lang='lat' dir='ltr'>In</span> <span class='ocrx_word' id='word_1_432' title='bbox 175 5384 383 5441; x_wconf 87' lang='lat' dir='ltr'>duabus</span> <span class='ocrx_word' id='word_1_433' title='bbox 417 5403 632 5458; x_wconf 91' lang='lat' dir='ltr'>nempe</span> <span class='ocrx_word' id='word_1_434' title='bbox 663 5389 904 5444; x_wconf 87' lang='lat' dir='ltr'>navibus</span> <span class='ocrx_word' id='word_1_435' title='bbox 934 5407 1063 5461; x_wconf 67' lang='lat' dir='ltr'>qua:</span> <span class='ocrx_word' id='word_1_436' title='bbox 1106 5392 1296 5461; x_wconf 90' lang='lat' dir='ltr'>primo</span> <span class='ocrx_word' id='word_1_437' title='bbox 1328 5392 1587 5448; x_wconf 85' lang='lat' dir='ltr'>exierunt</span> <span class='ocrx_word' id='word_1_438' title='bbox 1616 5394 1764 5448; x_wconf 85' lang='lat' dir='ltr'>Afri-</span> 
     </span>
    </p>
   </div>
   <div class='ocr_carea' id='block_1_60' title="bbox 155 5543 550 5601">
    <p class='ocr_par' dir='ltr' id='par_1_60' title="bbox 155 5543 550 5601">
     <span class='ocr_line' id='line_1_60' title="bbox 155 5543 550 5601; baseline 0.013 -5"><span class='ocrx_word' id='word_1_439' title='bbox 155 5554 175 5581; x_wconf 72' lang='grc'>³</span> <span class='ocrx_word' id='word_1_440' title='bbox 199 5543 318 5598; x_wconf 89' lang='lat' dir='ltr'>Tria</span> <span class='ocrx_word' id='word_1_441' title='bbox 348 5545 550 5601; x_wconf 87' lang='lat' dir='ltr'>millia.</span> 
     </span>
    </p>
   </div>
   <div class='ocr_carea' id='block_1_61' title="bbox 1872 3451 3567 3521">
    <p class='ocr_par' dir='ltr' id='par_1_61' title="bbox 1872 3451 3567 3521">
     <span class='ocr_line' id='line_1_61' title="bbox 1872 3451 3567 3521; baseline -0.001 -16"><span class='ocrx_word' id='word_1_442' title='bbox 1872 3452 2026 3505; x_wconf 89' lang='lat' dir='ltr'>dere.</span> <span class='ocrx_word' id='word_1_443' title='bbox 2062 3452 2219 3509; x_wconf 88' lang='lat' dir='ltr'>Unde</span> <span class='ocrx_word' id='word_1_444' title='bbox 2251 3452 2453 3506; x_wconf 88' lang='lat' dir='ltr'>accidit</span> <span class='ocrx_word' id='word_1_445' title='bbox 2484 3456 2544 3505; x_wconf 90' lang='lat' dir='ltr'>ut</span> <span class='ocrx_word' id='word_1_446' title='bbox 2573 3468 2625 3504; x_wconf 72' lang='grc' dir='ltr'><em>γι</em></span> <span class='ocrx_word' id='word_1_447' title='bbox 2657 3451 2806 3521; x_wconf 90' lang='lat' dir='ltr'>apud</span> <span class='ocrx_word' id='word_1_448' title='bbox 2848 3467 2948 3504; x_wconf 92' lang='lat' dir='ltr'>nos</span> <span class='ocrx_word' id='word_1_449' title='bbox 2979 3451 3147 3504; x_wconf 93' lang='lat' dir='ltr'>solidi</span> <span class='ocrx_word' id='word_1_450' title='bbox 3180 3456 3235 3503; x_wconf 88' lang='lat' dir='ltr'>et</span> <span class='ocrx_word' id='word_1_451' title='bbox 3264 3467 3315 3503; x_wconf 79' lang='grc' dir='ltr'><em>γι</em></span> <span class='ocrx_word' id='word_1_452' title='bbox 3348 3451 3567 3504; x_wconf 88' lang='lat' dir='ltr'>denarii</span> 
     </span>
    </p>
   </div>
   <div class='ocr_carea' id='block_1_62' title="bbox 1870 3538 3570 3609">
    <p class='ocr_par' dir='ltr' id='par_1_62' title="bbox 1870 3538 3570 3609">
     <span class='ocr_line' id='line_1_62' title="bbox 1870 3538 3570 3609; baseline -0.001 -16"><span class='ocrx_word' id='word_1_453' title='bbox 1870 3540 2082 3594; x_wconf 87' lang='lat' dir='ltr'>faciant</span> <span class='ocrx_word' id='word_1_454' title='bbox 2133 3540 2283 3609; x_wconf 88' lang='lat' dir='ltr'>apud</span> <span class='ocrx_word' id='word_1_455' title='bbox 2339 3539 2465 3593; x_wconf 90' lang='lat' dir='ltr'>illos</span> <span class='ocrx_word' id='word_1_456' title='bbox 2526 3556 2583 3592; x_wconf 93' lang='grc' dir='ltr'>ιιι</span> <span class='ocrx_word' id='word_1_457' title='bbox 2640 3539 2848 3592; x_wconf 90' lang='lat' dir='ltr'>solidos</span> <span class='ocrx_word' id='word_1_458' title='bbox 2894 3545 2949 3592; x_wconf 92' lang='lat' dir='ltr'>et</span> <span class='ocrx_word' id='word_1_459' title='bbox 2994 3555 3051 3591; x_wconf 91' lang='grc' dir='ltr'>ιιι</span> <span class='ocrx_word' id='word_1_460' title='bbox 3100 3538 3386 3591; x_wconf 89' lang='lat' dir='ltr'>denarios.</span> <span class='ocrx_word' id='word_1_461' title='bbox 3440 3540 3570 3592; x_wconf 78' lang='lat' dir='ltr'>Haec</span> 
     </span>
    </p>
   </div>
   <div class='ocr_carea' id='block_1_63' title="bbox 1870 3626 3569 3697">
    <p class='ocr_par' dir='ltr' id='par_1_63' title="bbox 1870 3626 3569 3697">
     <span class='ocr_line' id='line_1_63' title="bbox 1870 3626 3569 3697; baseline -0.001 -15"><span class='ocrx_word' id='word_1_462' title='bbox 1870 3629 2207 3682; x_wconf 79' lang='lat' dir='ltr'>Alexandria</span> <span class='ocrx_word' id='word_1_463' title='bbox 2239 3628 2382 3680; x_wconf 89' lang='lat' dir='ltr'>mari</span> <span class='ocrx_word' id='word_1_464' title='bbox 2413 3627 2654 3696; x_wconf 90' lang='lat' dir='ltr'>adjacet,</span> <span class='ocrx_word' id='word_1_465' title='bbox 2698 3628 2757 3680; x_wconf 90' lang='lat' dir='ltr'>in</span> <span class='ocrx_word' id='word_1_466' title='bbox 2809 3642 2921 3697; x_wconf 86' lang='lat' dir='ltr'>qua</span> <span class='ocrx_word' id='word_1_467' title='bbox 2969 3626 3288 3695; x_wconf 60' lang='lat' dir='ltr'>praedicans</span> <span class='ocrx_word' id='word_1_468' title='bbox 3338 3631 3569 3680; x_wconf 89' lang='lat' dir='ltr'>sanctus</span> 
     </span>
    </p>
   </div>
   <div class='ocr_carea' id='block_1_64' title="bbox 1872 3712 3568 3785">
    <p class='ocr_par' dir='ltr' id='par_1_64' title="bbox 1872 3712 3568 3785">
     <span class='ocr_line' id='line_1_64' title="bbox 1872 3712 3568 3785; baseline -0.002 -15"><span class='ocrx_word' id='word_1_469' title='bbox 1872 3718 2089 3770; x_wconf 84' lang='lat' dir='ltr'>Marcus</span> <span class='ocrx_word' id='word_1_470' title='bbox 2122 3716 2509 3785; x_wconf 87' lang='lat' dir='ltr'>Evangelium,</span> <span class='ocrx_word' id='word_1_471' title='bbox 2544 3714 2719 3785; x_wconf 78' lang='lat' dir='ltr'>gessit</span> <span class='ocrx_word' id='word_1_472' title='bbox 2751 3714 3076 3784; x_wconf 84' lang='lat' dir='ltr'>pontiﬁcale</span> <span class='ocrx_word' id='word_1_473' title='bbox 3100 3712 3371 3766; x_wconf 85' lang='lat' dir='ltr'>ofﬁcium.</span> <span class='ocrx_word' id='word_1_474' title='bbox 3396 3714 3568 3766; x_wconf 87' lang='lat' dir='ltr'>Extra</span> 
     </span>
    </p>
   </div>
   <div class='ocr_carea' id='block_1_65' title="bbox 1871 3800 3567 3873">
    <p class='ocr_par' dir='ltr' id='par_1_65' title="bbox 1871 3800 3567 3873">
     <span class='ocr_line' id='line_1_65' title="bbox 1871 3800 3567 3873; baseline -0.001 -18"><span class='ocrx_word' id='word_1_475' title='bbox 1871 3803 2030 3872; x_wconf 90' lang='lat' dir='ltr'>cujus</span> <span class='ocrx_word' id='word_1_476' title='bbox 2076 3806 2303 3873; x_wconf 86' lang='lat' dir='ltr'>portam</span> <span class='ocrx_word' id='word_1_477' title='bbox 2353 3802 2689 3855; x_wconf 87' lang='lat' dir='ltr'>orientalem</span> <span class='ocrx_word' id='word_1_478' title='bbox 2728 3806 2811 3854; x_wconf 89' lang='lat' dir='ltr'>est</span> <span class='ocrx_word' id='word_1_479' title='bbox 2853 3800 3265 3853; x_wconf 90' lang='lat' dir='ltr'>monasterium</span> <span class='ocrx_word' id='word_1_480' title='bbox 3307 3801 3567 3870; x_wconf 65' lang='lat' dir='ltr'>praedicti</span> 
     </span>
    </p>
   </div>
   <div class='ocr_carea' id='block_1_66' title="bbox 1871 3889 3566 3961">
    <p class='ocr_par' dir='ltr' id='par_1_66' title="bbox 1871 3889 3566 3961">
     <span class='ocr_line' id='line_1_66' title="bbox 1871 3889 3566 3961; baseline -0.002 -16"><span class='ocrx_word' id='word_1_481' title='bbox 1871 3891 2071 3958; x_wconf 89' lang='lat' dir='ltr'>sancti,</span> <span class='ocrx_word' id='word_1_482' title='bbox 2106 3891 2164 3944; x_wconf 92' lang='lat' dir='ltr'>in</span> <span class='ocrx_word' id='word_1_483' title='bbox 2206 3907 2319 3961; x_wconf 91' lang='lat' dir='ltr'>quo</span> <span class='ocrx_word' id='word_1_484' title='bbox 2351 3894 2482 3943; x_wconf 87' lang='lat' dir='ltr'>sunt</span> <span class='ocrx_word' id='word_1_485' title='bbox 2516 3890 2784 3943; x_wconf 90' lang='lat' dir='ltr'>monachi</span> <span class='ocrx_word' id='word_1_486' title='bbox 2813 3889 2964 3958; x_wconf 88' lang='lat' dir='ltr'>apud</span> <span class='ocrx_word' id='word_1_487' title='bbox 3007 3889 3328 3956; x_wconf 89' lang='lat' dir='ltr'>ecclesiam,</span> <span class='ocrx_word' id='word_1_488' title='bbox 3360 3889 3419 3942; x_wconf 92' lang='lat' dir='ltr'>in</span> <span class='ocrx_word' id='word_1_489' title='bbox 3452 3906 3566 3959; x_wconf 88' lang='lat' dir='ltr'>qua</span> 
     </span>
    </p>
   </div>
   <div class='ocr_carea' id='block_1_67' title="bbox 1870 3978 3564 4051">
    <p class='ocr_par' dir='ltr' id='par_1_67' title="bbox 1870 3978 3564 4051">
     <span class='ocr_line' id='line_1_67' title="bbox 1870 3978 3564 4051; baseline -0.002 -16"><span class='ocrx_word' id='word_1_490' title='bbox 1870 3981 2031 4050; x_wconf 89' lang='lat' dir='ltr'>prius</span> <span class='ocrx_word' id='word_1_491' title='bbox 2063 3980 2182 4051; x_wconf 91' lang='lat' dir='ltr'>ipse</span> <span class='ocrx_word' id='word_1_492' title='bbox 2217 3980 2515 4050; x_wconf 88' lang='lat' dir='ltr'>requievit.</span> <span class='ocrx_word' id='word_1_493' title='bbox 2560 3979 2861 4033; x_wconf 87' lang='lat' dir='ltr'>Venientes</span> <span class='ocrx_word' id='word_1_494' title='bbox 2897 3995 3029 4032; x_wconf 90' lang='lat' dir='ltr'>vero</span> <span class='ocrx_word' id='word_1_495' title='bbox 3073 3978 3295 4031; x_wconf 87' lang='lat' dir='ltr'>Venetii</span> <span class='ocrx_word' id='word_1_496' title='bbox 3336 3979 3564 4045; x_wconf 81' lang='lat' dir='ltr'>navigio</span> 
     </span>
    </p>
   </div>
   <div class='ocr_carea' id='block_1_68' title="bbox 1870 4067 3561 4137">
    <p class='ocr_par' dir='ltr' id='par_1_68' title="bbox 1870 4067 3561 4137">
     <span class='ocr_line' id='line_1_68' title="bbox 1870 4067 3561 4137; baseline -0.002 -15"><span class='ocrx_word' id='word_1_497' title='bbox 1870 4069 2127 4122; x_wconf 88' lang='lat' dir='ltr'>tulerunt</span> <span class='ocrx_word' id='word_1_498' title='bbox 2156 4067 2351 4121; x_wconf 88' lang='lat' dir='ltr'>furtim</span> <span class='ocrx_word' id='word_1_499' title='bbox 2396 4084 2603 4137; x_wconf 88' lang='lat' dir='ltr'>corpus</span> <span class='ocrx_word' id='word_1_500' title='bbox 2644 4086 2675 4119; x_wconf 88' lang='lat' dir='ltr'>a</span> <span class='ocrx_word' id='word_1_501' title='bbox 2717 4067 2949 4121; x_wconf 91' lang='lat' dir='ltr'>custode</span> <span class='ocrx_word' id='word_1_502' title='bbox 2998 4068 3142 4136; x_wconf 89' lang='lat' dir='ltr'>ejus,</span> <span class='ocrx_word' id='word_1_503' title='bbox 3194 4072 3249 4119; x_wconf 88' lang='lat' dir='ltr'>et</span> <span class='ocrx_word' id='word_1_504' title='bbox 3294 4067 3561 4135; x_wconf 85' lang='lat' dir='ltr'>deporta-</span> 
     </span>
    </p>
   </div>
   <div class='ocr_carea' id='block_1_69' title="bbox 1872 4156 3564 4226">
    <p class='ocr_par' dir='ltr' id='par_1_69' title="bbox 1872 4156 3564 4226">
     <span class='ocr_line' id='line_1_69' title="bbox 1872 4156 3564 4226; baseline -0.001 -16"><span class='ocrx_word' id='word_1_505' title='bbox 1872 4161 2008 4210; x_wconf 88' lang='lat' dir='ltr'>runt</span> <span class='ocrx_word' id='word_1_506' title='bbox 2037 4157 2107 4211; x_wconf 90' lang='lat' dir='ltr'>ad</span> <span class='ocrx_word' id='word_1_507' title='bbox 2150 4172 2309 4209; x_wconf 90' lang='lat' dir='ltr'>suam</span> <span class='ocrx_word' id='word_1_508' title='bbox 2354 4156 2623 4209; x_wconf 90' lang='lat' dir='ltr'>insulam.</span> <span class='ocrx_word' id='word_1_509' title='bbox 2678 4157 2844 4209; x_wconf 85' lang='lat' dir='ltr'>Extra</span> <span class='ocrx_word' id='word_1_510' title='bbox 2881 4161 3107 4226; x_wconf 89' lang='lat' dir='ltr'>portam</span> <span class='ocrx_word' id='word_1_511' title='bbox 3154 4156 3564 4209; x_wconf 89' lang='lat' dir='ltr'>occidentalem</span> 
     </span>
    </p>
   </div>
   <div class='ocr_carea' id='block_1_70' title="bbox 1873 4243 3565 4314">
    <p class='ocr_par' dir='ltr' id='par_1_70' title="bbox 1873 4243 3565 4314">
     <span class='ocr_line' id='line_1_70' title="bbox 1873 4243 3565 4314; baseline -0.001 -16"><span class='ocrx_word' id='word_1_512' title='bbox 1873 4251 1958 4299; x_wconf 91' lang='lat' dir='ltr'>est</span> <span class='ocrx_word' id='word_1_513' title='bbox 1997 4244 2412 4298; x_wconf 89' lang='lat' dir='ltr'>monasterium</span> <span class='ocrx_word' id='word_1_514' title='bbox 2449 4245 2601 4314; x_wconf 88' lang='lat' dir='ltr'>quod</span> <span class='ocrx_word' id='word_1_515' title='bbox 2630 4244 2836 4298; x_wconf 88' lang='lat' dir='ltr'>dicitur</span> <span class='ocrx_word' id='word_1_516' title='bbox 2867 4244 2937 4297; x_wconf 90' lang='lat' dir='ltr'>ad</span> <span class='ocrx_word' id='word_1_517' title='bbox 2978 4245 3207 4297; x_wconf 85' lang='lat' dir='ltr'>Sanctos</span> <span class='ocrx_word' id='word_1_518' title='bbox 3237 4260 3324 4311; x_wconf 84' lang='lat' dir='ltr'>xL,</span> <span class='ocrx_word' id='word_1_519' title='bbox 3362 4243 3420 4296; x_wconf 93' lang='lat' dir='ltr'>in</span> <span class='ocrx_word' id='word_1_520' title='bbox 3452 4260 3565 4314; x_wconf 91' lang='lat' dir='ltr'>quo</span> 
     </span>
    </p>
   </div>
   <div class='ocr_carea' id='block_1_71' title="bbox 1873 4332 3568 4403">
    <p class='ocr_par' dir='ltr' id='par_1_71' title="bbox 1873 4332 3568 4403">
     <span class='ocr_line' id='line_1_71' title="bbox 1873 4332 3568 4403; baseline -0.001 -18"><span class='ocrx_word' id='word_1_521' title='bbox 1873 4333 2136 4386; x_wconf 87' lang='lat' dir='ltr'>similiter</span> <span class='ocrx_word' id='word_1_522' title='bbox 2185 4332 2453 4386; x_wconf 90' lang='lat' dir='ltr'>monachi</span> <span class='ocrx_word' id='word_1_523' title='bbox 2497 4333 2730 4402; x_wconf 89' lang='lat' dir='ltr'>degunt.</span> <span class='ocrx_word' id='word_1_524' title='bbox 2781 4332 2865 4386; x_wconf 84' lang='lat' dir='ltr'>Ab</span> <span class='ocrx_word' id='word_1_525' title='bbox 2917 4333 3185 4403; x_wconf 89' lang='lat' dir='ltr'>aquilone</span> <span class='ocrx_word' id='word_1_526' title='bbox 3235 4339 3319 4386; x_wconf 89' lang='lat' dir='ltr'>est</span> <span class='ocrx_word' id='word_1_527' title='bbox 3370 4340 3568 4403; x_wconf 89' lang='lat' dir='ltr'>portus</span> 
     </span>
    </p>
   </div>
   <div class='ocr_carea' id='block_1_72' title="bbox 1873 4420 3567 4488">
    <p class='ocr_par' dir='ltr' id='par_1_72' title="bbox 1873 4420 3567 4488">
     <span class='ocr_line' id='line_1_72' title="bbox 1873 4420 3567 4488; baseline -0.001 -13"><span class='ocrx_word' id='word_1_528' title='bbox 1873 4421 2029 4475; x_wconf 90' lang='lat' dir='ltr'>illius</span> <span class='ocrx_word' id='word_1_529' title='bbox 2061 4421 2331 4488; x_wconf 88' lang='lat' dir='ltr'>civitatis;</span> <span class='ocrx_word' id='word_1_530' title='bbox 2362 4437 2395 4474; x_wconf 88' lang='lat' dir='ltr'>a</span> <span class='ocrx_word' id='word_1_531' title='bbox 2426 4421 2666 4475; x_wconf 90' lang='lat' dir='ltr'>meridie</span> <span class='ocrx_word' id='word_1_532' title='bbox 2704 4420 2875 4475; x_wconf 90' lang='lat' dir='ltr'>habet</span> <span class='ocrx_word' id='word_1_533' title='bbox 2912 4421 3216 4475; x_wconf 89' lang='lat' dir='ltr'>introitum</span> <span class='ocrx_word' id='word_1_534' title='bbox 3254 4421 3411 4473; x_wconf 88' lang='lat' dir='ltr'>Geon</span> <span class='ocrx_word' id='word_1_535' title='bbox 3453 4420 3567 4473; x_wconf 90' lang='lat' dir='ltr'>sive</span> 
     </span>
    </p>
   </div>
   <div class='ocr_carea' id='block_1_73' title="bbox 1876 4508 3568 4581">
    <p class='ocr_par' dir='ltr' id='par_1_73' title="bbox 1876 4508 3568 4581">
     <span class='ocr_line' id='line_1_73' title="bbox 1876 4508 3568 4581; baseline -0.002 -17"><span class='ocrx_word' id='word_1_536' title='bbox 1876 4511 2055 4575; x_wconf 85' lang='lat' dir='ltr'>Nilus,</span> <span class='ocrx_word' id='word_1_537' title='bbox 2090 4510 2188 4580; x_wconf 91' lang='lat' dir='ltr'>qui</span> <span class='ocrx_word' id='word_1_538' title='bbox 2218 4510 2366 4579; x_wconf 84' lang='lat' dir='ltr'>rigat</span> <span class='ocrx_word' id='word_1_539' title='bbox 2408 4511 2737 4581; x_wconf 65' lang='lat' dir='ltr'>Egyptum,</span> <span class='ocrx_word' id='word_1_540' title='bbox 2770 4515 2828 4563; x_wconf 86' lang='lat' dir='ltr'>et</span> <span class='ocrx_word' id='word_1_541' title='bbox 2858 4511 3037 4563; x_wconf 90' lang='lat' dir='ltr'>currit</span> <span class='ocrx_word' id='word_1_542' title='bbox 3068 4526 3173 4578; x_wconf 90' lang='lat' dir='ltr'>per</span> <span class='ocrx_word' id='word_1_543' title='bbox 3205 4510 3450 4562; x_wconf 88' lang='lat' dir='ltr'>mediam</span> <span class='ocrx_word' id='word_1_544' title='bbox 3484 4508 3568 4562; x_wconf 91' lang='lat' dir='ltr'>ci—</span> 
     </span>
    </p>
   </div>
   <div class='ocr_carea' id='block_1_74' title="bbox 1805 4598 3265 4673">
    <p class='ocr_par' dir='ltr' id='par_1_74' title="bbox 1805 4598 3265 4673">
     <span class='ocr_line' id='line_1_74' title="bbox 1805 4598 3265 4673; baseline -0.001 -23"><span class='ocrx_word' id='word_1_545' title='bbox 1805 4621 1844 4673; x_wconf 74' lang='lat' dir='ltr'>C</span> <span class='ocrx_word' id='word_1_546' title='bbox 1876 4598 2128 4664; x_wconf 89' lang='lat' dir='ltr'>vitatem,</span> <span class='ocrx_word' id='word_1_547' title='bbox 2160 4598 2383 4651; x_wconf 90' lang='lat' dir='ltr'>intrans</span> <span class='ocrx_word' id='word_1_548' title='bbox 2409 4598 2468 4652; x_wconf 92' lang='lat' dir='ltr'>in</span> <span class='ocrx_word' id='word_1_549' title='bbox 2499 4614 2655 4652; x_wconf 84' lang='lat' dir='ltr'>mare</span> <span class='ocrx_word' id='word_1_550' title='bbox 2685 4598 2743 4651; x_wconf 92' lang='lat' dir='ltr'>in</span> <span class='ocrx_word' id='word_1_551' title='bbox 2774 4598 3043 4668; x_wconf 70' lang='lat' dir='ltr'>praedicto</span> <span class='ocrx_word' id='word_1_552' title='bbox 3074 4602 3265 4667; x_wconf 89' lang='lat' dir='ltr'>portu.</span> 
     </span>
    </p>
   </div>
   <div class='ocr_carea' id='block_1_75' title="bbox 1947 4684 3566 4757">
    <p class='ocr_par' dir='ltr' id='par_1_75' title="bbox 1947 4684 3566 4757">
     <span class='ocr_line' id='line_1_75' title="bbox 1947 4684 3566 4757; baseline -0.002 -17"><span class='ocrx_word' id='word_1_553' title='bbox 1947 4692 1998 4740; x_wconf 84' lang='lat'>7.</span> <span class='ocrx_word' id='word_1_554' title='bbox 2059 4688 2121 4740; x_wconf 91' lang='lat' dir='ltr'>In</span> <span class='ocrx_word' id='word_1_555' title='bbox 2180 4702 2294 4757; x_wconf 89' lang='lat' dir='ltr'>quo</span> <span class='ocrx_word' id='word_1_556' title='bbox 2352 4687 2629 4739; x_wconf 89' lang='lat' dir='ltr'>intrantes</span> <span class='ocrx_word' id='word_1_557' title='bbox 2688 4685 3083 4754; x_wconf 87' lang='lat' dir='ltr'>navigavimus</span> <span class='ocrx_word' id='word_1_558' title='bbox 3139 4685 3206 4737; x_wconf 86' lang='lat' dir='ltr'>ad</span> <span class='ocrx_word' id='word_1_559' title='bbox 3266 4684 3566 4738; x_wconf 89' lang='lat' dir='ltr'>meridiem</span> 
     </span>
    </p>
   </div>
   <div class='ocr_carea' id='block_1_76' title="bbox 1875 4771 3568 4845">
    <p class='ocr_par' dir='ltr' id='par_1_76' title="bbox 1875 4771 3568 4845">
     <span class='ocr_line' id='line_1_76' title="bbox 1875 4771 3568 4845; baseline -0.002 -16"><span class='ocrx_word' id='word_1_560' title='bbox 1875 4776 2077 4830; x_wconf 89' lang='lat' dir='ltr'>diebus</span> <span class='ocrx_word' id='word_1_561' title='bbox 2108 4792 2180 4845; x_wconf 72' lang='grc' dir='ltr'>γι,</span> <span class='ocrx_word' id='word_1_562' title='bbox 2211 4781 2267 4828; x_wconf 88' lang='lat' dir='ltr'>et</span> <span class='ocrx_word' id='word_1_563' title='bbox 2297 4775 2557 4828; x_wconf 82' lang='lat' dir='ltr'>venimus</span> <span class='ocrx_word' id='word_1_564' title='bbox 2586 4774 2655 4827; x_wconf 88' lang='lat' dir='ltr'>ad</span> <span class='ocrx_word' id='word_1_565' title='bbox 2700 4772 2985 4825; x_wconf 84' lang='lat' dir='ltr'>civitatem</span> <span class='ocrx_word' id='word_1_566' title='bbox 3028 4771 3421 4841; x_wconf 84' lang='lat' dir='ltr'>Babyloniam,</span> <span class='ocrx_word' id='word_1_567' title='bbox 3471 4772 3568 4825; x_wconf 90' lang='lat' dir='ltr'>ubi</span> 
     </span>
    </p>
   </div>
   <div class='ocr_carea' id='block_1_77' title="bbox 1872 4859 3563 4934">
    <p class='ocr_par' dir='ltr' id='par_1_77' title="bbox 1872 4859 3563 4934">
     <span class='ocr_line' id='line_1_77' title="bbox 1872 4859 3563 4934; baseline -0.003 -16"><span class='ocrx_word' id='word_1_568' title='bbox 1872 4864 2136 4934; x_wconf 87' lang='lat' dir='ltr'>regnavit</span> <span class='ocrx_word' id='word_1_569' title='bbox 2174 4863 2359 4917; x_wconf 87' lang='lat' dir='ltr'>Pharo</span> <span class='ocrx_word' id='word_1_570' title='bbox 2406 4879 2522 4927; x_wconf 81' lang='lat' dir='ltr'>rex,</span> <span class='ocrx_word' id='word_1_571' title='bbox 2571 4861 2673 4913; x_wconf 88' lang='lat' dir='ltr'>sub</span> <span class='ocrx_word' id='word_1_572' title='bbox 2720 4876 2833 4930; x_wconf 89' lang='lat' dir='ltr'>quo</span> <span class='ocrx_word' id='word_1_573' title='bbox 2878 4859 3179 4912; x_wconf 64' lang='lat' dir='ltr'>aediﬁcavit</span> <span class='ocrx_word' id='word_1_574' title='bbox 3222 4861 3433 4929; x_wconf 81' lang='lat' dir='ltr'>Josepli</span> <span class='ocrx_word' id='word_1_575' title='bbox 3478 4877 3563 4913; x_wconf 71' lang='lat' dir='ltr'>xvr</span> 
     </span>
    </p>
   </div>
   <div class='ocr_carea' id='block_1_78' title="bbox 1871 4946 3564 5006">
    <p class='ocr_par' dir='ltr' id='par_1_78' title="bbox 1871 4946 3564 5006">
     <span class='ocr_line' id='line_1_78' title="bbox 1871 4946 3564 5006; baseline -0.002 0"><span class='ocrx_word' id='word_1_576' title='bbox 1871 4952 2079 5006; x_wconf 90' lang='lat' dir='ltr'>horrea</span> <span class='ocrx_word' id='word_1_577' title='bbox 2104 4951 2289 5005; x_wconf 85' lang='lat' dir='ltr'>adhuc</span> <span class='ocrx_word' id='word_1_578' title='bbox 2320 4949 2629 5005; x_wconf 88' lang='lat' dir='ltr'>manentia.</span> <span class='ocrx_word' id='word_1_579' title='bbox 2660 4950 2805 5001; x_wconf 90' lang='lat' dir='ltr'>Dum</span> <span class='ocrx_word' id='word_1_580' title='bbox 2837 4946 3115 5000; x_wconf 89' lang='lat' dir='ltr'>exivimus</span> <span class='ocrx_word' id='word_1_581' title='bbox 3147 4952 3337 5000; x_wconf 88' lang='lat' dir='ltr'>autem</span> <span class='ocrx_word' id='word_1_582' title='bbox 3368 4948 3426 5001; x_wconf 91' lang='lat' dir='ltr'>in</span> <span class='ocrx_word' id='word_1_583' title='bbox 3464 4949 3564 5002; x_wconf 88' lang='lat' dir='ltr'>Ba-</span> 
     </span>
    </p>
   </div>
   <div class='ocr_carea' id='block_1_79' title="bbox 1870 5034 3568 5111">
    <p class='ocr_par' dir='ltr' id='par_1_79' title="bbox 1870 5034 3568 5111">
     <span class='ocr_line' id='line_1_79' title="bbox 1870 5034 3568 5111; baseline -0.003 -17"><span class='ocrx_word' id='word_1_584' title='bbox 1870 5040 2188 5111; x_wconf 88' lang='lat' dir='ltr'>byloniam,</span> <span class='ocrx_word' id='word_1_585' title='bbox 2234 5039 2496 5092; x_wconf 88' lang='lat' dir='ltr'>custodes</span> <span class='ocrx_word' id='word_1_586' title='bbox 2537 5036 2715 5106; x_wconf 91' lang='lat' dir='ltr'>ipsius</span> <span class='ocrx_word' id='word_1_587' title='bbox 2764 5034 3007 5087; x_wconf 85' lang='lat' dir='ltr'>civitatis</span> <span class='ocrx_word' id='word_1_588' title='bbox 3055 5034 3418 5089; x_wconf 87' lang='lat' dir='ltr'>deduxerunt</span> <span class='ocrx_word' id='word_1_589' title='bbox 3467 5052 3568 5090; x_wconf 91' lang='lat' dir='ltr'>nos</span> 
     </span>
    </p>
   </div>
   <div class='ocr_carea' id='block_1_80' title="bbox 1873 5120 3565 5195">
    <p class='ocr_par' dir='ltr' id='par_1_80' title="bbox 1873 5120 3565 5195">
     <span class='ocr_line' id='line_1_80' title="bbox 1873 5120 3565 5195; baseline -0.002 -15"><span class='ocrx_word' id='word_1_590' title='bbox 1873 5126 1940 5180; x_wconf 90' lang='lat' dir='ltr'>ad</span> <span class='ocrx_word' id='word_1_591' title='bbox 1972 5125 2312 5195; x_wconf 90' lang='lat' dir='ltr'>principem,</span> <span class='ocrx_word' id='word_1_592' title='bbox 2347 5124 2445 5194; x_wconf 93' lang='lat' dir='ltr'>qui</span> <span class='ocrx_word' id='word_1_593' title='bbox 2472 5122 2766 5176; x_wconf 83' lang='lat' dir='ltr'>dicebatur</span> <span class='ocrx_word' id='word_1_594' title='bbox 2796 5120 3201 5187; x_wconf 82' lang='lat' dir='ltr'>Adelhacham,</span> <span class='ocrx_word' id='word_1_595' title='bbox 3226 5122 3565 5189; x_wconf 88' lang='lat' dir='ltr'>Saracenus,</span> 
     </span>
    </p>
   </div>
   <div class='ocr_carea' id='block_1_81' title="bbox 1873 5209 3569 5284">
    <p class='ocr_par' dir='ltr' id='par_1_81' title="bbox 1873 5209 3569 5284">
     <span class='ocr_line' id='line_1_81' title="bbox 1873 5209 3569 5284; baseline 0 -18"><span class='ocrx_word' id='word_1_596' title='bbox 1873 5214 1970 5284; x_wconf 88' lang='lat' dir='ltr'>qui</span> <span class='ocrx_word' id='word_1_597' title='bbox 2009 5212 2325 5265; x_wconf 88' lang='lat' dir='ltr'>sciscitatus</span> <span class='ocrx_word' id='word_1_598' title='bbox 2365 5216 2449 5264; x_wconf 88' lang='lat' dir='ltr'>est</span> <span class='ocrx_word' id='word_1_599' title='bbox 2491 5226 2524 5262; x_wconf 88' lang='lat' dir='ltr'>a</span> <span class='ocrx_word' id='word_1_600' title='bbox 2574 5209 2737 5262; x_wconf 89' lang='lat' dir='ltr'>nobis</span> <span class='ocrx_word' id='word_1_601' title='bbox 2779 5222 2947 5260; x_wconf 88' lang='lat' dir='ltr'>omne</span> <span class='ocrx_word' id='word_1_602' title='bbox 3000 5209 3295 5277; x_wconf 89' lang='lat' dir='ltr'>negotium</span> <span class='ocrx_word' id='word_1_603' title='bbox 3346 5209 3569 5266; x_wconf 85' lang='lat' dir='ltr'>itineris</span> 
     </span>
    </p>
   </div>
   <div class='ocr_carea' id='block_1_82' title="bbox 1872 5295 3571 5368">
    <p class='ocr_par' dir='ltr' id='par_1_82' title="bbox 1872 5295 3571 5368">
     <span class='ocr_line' id='line_1_82' title="bbox 1872 5295 3571 5368; baseline 0.001 -14"><span class='ocrx_word' id='word_1_604' title='bbox 1872 5300 2070 5367; x_wconf 90' lang='lat' dir='ltr'>nostri,</span> <span class='ocrx_word' id='word_1_605' title='bbox 2104 5300 2172 5353; x_wconf 91' lang='lat' dir='ltr'>de</span> <span class='ocrx_word' id='word_1_606' title='bbox 2217 5299 2426 5368; x_wconf 90' lang='lat' dir='ltr'>quibus</span> <span class='ocrx_word' id='word_1_607' title='bbox 2466 5297 2673 5366; x_wconf 88' lang='lat' dir='ltr'>scripta</span> <span class='ocrx_word' id='word_1_608' title='bbox 2717 5295 2993 5349; x_wconf 89' lang='lat' dir='ltr'>habemus</span> <span class='ocrx_word' id='word_1_609' title='bbox 3030 5296 3411 5367; x_wconf 87' lang='lat' dir='ltr'>principibus.</span> <span class='ocrx_word' id='word_1_610' title='bbox 3447 5300 3571 5364; x_wconf 85' lang='lat' dir='ltr'>Qua</span> 
     </span>
    </p>
   </div>
   <div class='ocr_carea' id='block_1_83' title="bbox 1872 5382 3568 5457">
    <p class='ocr_par' dir='ltr' id='par_1_83' title="bbox 1872 5382 3568 5457">
     <span class='ocr_line' id='line_1_83' title="bbox 1872 5382 3568 5457; baseline -0.001 -14"><span class='ocrx_word' id='word_1_611' title='bbox 1872 5389 1940 5443; x_wconf 89' lang='lat' dir='ltr'>de</span> <span class='ocrx_word' id='word_1_612' title='bbox 1990 5402 2157 5440; x_wconf 87' lang='lat' dir='ltr'>causa</span> <span class='ocrx_word' id='word_1_613' title='bbox 2204 5384 2555 5439; x_wconf 85' lang='lat' dir='ltr'>ostendimus</span> <span class='ocrx_word' id='word_1_614' title='bbox 2602 5382 2655 5436; x_wconf 88' lang='lat' dir='ltr'>ei</span> <span class='ocrx_word' id='word_1_615' title='bbox 2704 5383 2920 5436; x_wconf 87' lang='lat' dir='ltr'>litteras</span> <span class='ocrx_word' id='word_1_616' title='bbox 2967 5382 3036 5436; x_wconf 91' lang='lat' dir='ltr'>de</span> <span class='ocrx_word' id='word_1_617' title='bbox 3081 5388 3244 5452; x_wconf 88' lang='lat' dir='ltr'>parte</span> <span class='ocrx_word' id='word_1_618' title='bbox 3286 5385 3568 5457; x_wconf 89' lang='lat' dir='ltr'>principis</span> 
     </span>
    </p>
   </div>
  </div>
