  <div class='ocr_page' id='page_1' title='image "/cluster/home/n/w/nwhite01/storage/ocr_20150623/121/uva.x000827051/295.png"; bbox 0 0 3860 6262; ppageno 0'>
   <div class='ocr_carea' id='block_1_1' title="bbox 296 237 3770 341">
    <p class='ocr_par' dir='ltr' id='par_1_1' title="bbox 296 237 3770 341">
     <span class='ocr_line' id='line_1_1' title="bbox 296 237 3770 341; baseline -0.001 -10"><span class='ocrx_word' id='word_1_1' title='bbox 296 281 387 333; x_wconf 70' lang='lat' dir='ltr'>an</span> <span class='ocrx_word' id='word_1_2' title='bbox 805 237 811 241; x_wconf 55' lang='grc'><em>’</em></span> <span class='ocrx_word' id='word_1_3' title='bbox 1168 276 1523 331; x_wconf 76' lang='lat' dir='ltr'>BERNARDI</span> <span class='ocrx_word' id='word_1_4' title='bbox 1564 275 1877 332; x_wconf 81' lang='lat' dir='ltr'>MONACHI</span> <span class='ocrx_word' id='word_1_5' title='bbox 1920 274 2170 330; x_wconf 82' lang='lat' dir='ltr'>FRANCI</span> <span class='ocrx_word' id='word_1_6' title='bbox 2212 276 2695 341; x_wconf 75' lang='lat' dir='ltr'>lTiNERARlUM,</span> <span class='ocrx_word' id='word_1_7' title='bbox 2749 277 2901 332; x_wconf 75' lang='lat' dir='ltr'>ere.</span> <span class='ocrx_word' id='word_1_8' title='bbox 3695 280 3770 329; x_wconf 60' lang='grc' dir='ltr'>δτι</span> 
     </span>
    </p>
   </div>
   <div class='ocr_carea' id='block_1_2' title="bbox 297 409 2934 483">
    <p class='ocr_par' dir='ltr' id='par_1_2' title="bbox 297 409 2934 483">
     <span class='ocr_line' id='line_1_2' title="bbox 297 409 2934 483; baseline -0.001 -15"><span class='ocrx_word' id='word_1_9' title='bbox 297 413 675 474; x_wconf 65' lang='lat' dir='ltr'>Alexandriae,</span> <span class='ocrx_word' id='word_1_10' title='bbox 723 412 875 483; x_wconf 91' lang='lat' dir='ltr'>quod</span> <span class='ocrx_word' id='word_1_11' title='bbox 926 411 1071 465; x_wconf 87' lang='lat' dir='ltr'>nihil</span> <span class='ocrx_word' id='word_1_12' title='bbox 1116 411 1278 465; x_wconf 90' lang='lat' dir='ltr'>nobis</span> <span class='ocrx_word' id='word_1_13' title='bbox 1322 411 1566 481; x_wconf 78' lang='lat' dir='ltr'>profecit</span> <span class='ocrx_word' id='word_1_14' title='bbox 1598 429 1609 466; x_wconf 86' lang='lat'><strong><em>:</em></strong></span> <span class='ocrx_word' id='word_1_15' title='bbox 1646 411 1740 465; x_wconf 89' lang='lat' dir='ltr'>sed</span> <span class='ocrx_word' id='word_1_16' title='bbox 1783 412 1853 465; x_wconf 89' lang='lat' dir='ltr'>ab</span> <span class='ocrx_word' id='word_1_17' title='bbox 1885 410 1983 464; x_wconf 90' lang='lat' dir='ltr'>illo</span> <span class='ocrx_word' id='word_1_18' title='bbox 2021 410 2068 463; x_wconf 84' lang='grc' dir='ltr'><strong>Α</strong></span> <span class='ocrx_word' id='word_1_19' title='bbox 2100 409 2297 482; x_wconf 82' lang='lat' dir='ltr'>lingua</span> <span class='ocrx_word' id='word_1_20' title='bbox 2336 412 2634 483; x_wconf 75' lang='lat' dir='ltr'>loquentes</span> <span class='ocrx_word' id='word_1_21' title='bbox 2674 412 2934 467; x_wconf 82' lang='lat' dir='ltr'>Romana</span> 
     </span>
    </p>
   </div>
   <div class='ocr_carea' id='block_1_3' title="bbox 297 500 1990 573">
    <p class='ocr_par' dir='ltr' id='par_1_3' title="bbox 297 500 1990 573">
     <span class='ocr_line' id='line_1_3' title="bbox 297 500 1990 573; baseline -0.001 -18"><span class='ocrx_word' id='word_1_22' title='bbox 297 503 459 556; x_wconf 86' lang='lat' dir='ltr'>missi</span> <span class='ocrx_word' id='word_1_23' title='bbox 487 518 682 573; x_wconf 40' lang='lat' dir='ltr'>soumus</span> <span class='ocrx_word' id='word_1_24' title='bbox 714 502 772 554; x_wconf 92' lang='lat' dir='ltr'>in</span> <span class='ocrx_word' id='word_1_25' title='bbox 804 517 1111 568; x_wconf 89' lang='lat' dir='ltr'>carcerem,</span> <span class='ocrx_word' id='word_1_26' title='bbox 1146 502 1328 554; x_wconf 90' lang='lat' dir='ltr'>donec</span> <span class='ocrx_word' id='word_1_27' title='bbox 1368 505 1500 569; x_wconf 88' lang='lat' dir='ltr'>post</span> <span class='ocrx_word' id='word_1_28' title='bbox 1546 500 1667 554; x_wconf 93' lang='lat' dir='ltr'>dies</span> <span class='ocrx_word' id='word_1_29' title='bbox 1700 518 1796 554; x_wconf 82' lang='lat' dir='ltr'>sex</span> <span class='ocrx_word' id='word_1_30' title='bbox 1848 500 1990 553; x_wconf 91' lang='lat' dir='ltr'>inito</span> 
     </span>
    </p>
   </div>
   <div class='ocr_carea' id='block_1_4' title="bbox 296 588 1993 660">
    <p class='ocr_par' dir='ltr' id='par_1_4' title="bbox 296 588 1993 660">
     <span class='ocr_line' id='line_1_4' title="bbox 296 588 1993 660; baseline -0.002 -15"><span class='ocrx_word' id='word_1_31' title='bbox 296 592 535 645; x_wconf 89' lang='lat' dir='ltr'>consilio</span> <span class='ocrx_word' id='word_1_32' title='bbox 567 607 695 644; x_wconf 92' lang='lat' dir='ltr'>cum</span> <span class='ocrx_word' id='word_1_33' title='bbox 727 590 827 644; x_wconf 93' lang='lat' dir='ltr'>Dei</span> <span class='ocrx_word' id='word_1_34' title='bbox 855 589 1066 643; x_wconf 85' lang='lat' dir='ltr'>auxilio</span> <span class='ocrx_word' id='word_1_35' title='bbox 1100 589 1375 642; x_wconf 79' lang='lat' dir='ltr'>tredecim</span> <span class='ocrx_word' id='word_1_36' title='bbox 1407 589 1670 642; x_wconf 76' lang='lat' dir='ltr'>denarios</span> <span class='ocrx_word' id='word_1_37' title='bbox 1696 588 1993 660; x_wconf 81' lang='lat' dir='ltr'>unusquis-</span> 
     </span>
    </p>
   </div>
   <div class='ocr_carea' id='block_1_5' title="bbox 298 677 1993 750">
    <p class='ocr_par' dir='ltr' id='par_1_5' title="bbox 298 677 1993 750">
     <span class='ocr_line' id='line_1_5' title="bbox 298 677 1993 750; baseline -0.002 -17"><span class='ocrx_word' id='word_1_38' title='bbox 298 696 409 750; x_wconf 89' lang='lat' dir='ltr'>que</span> <span class='ocrx_word' id='word_1_39' title='bbox 452 679 608 733; x_wconf 93' lang='lat' dir='ltr'>dedit</span> <span class='ocrx_word' id='word_1_40' title='bbox 640 696 742 749; x_wconf 89' lang='lat' dir='ltr'>pro</span> <span class='ocrx_word' id='word_1_41' title='bbox 776 696 855 745; x_wconf 90' lang='lat' dir='ltr'>se,</span> <span class='ocrx_word' id='word_1_42' title='bbox 889 679 1032 732; x_wconf 84' lang='lat' dir='ltr'>sicut</span> <span class='ocrx_word' id='word_1_43' title='bbox 1069 683 1125 731; x_wconf 88' lang='lat' dir='ltr'>et</span> <span class='ocrx_word' id='word_1_44' title='bbox 1153 677 1435 747; x_wconf 85' lang='lat' dir='ltr'>superius.</span> <span class='ocrx_word' id='word_1_45' title='bbox 1469 677 1575 741; x_wconf 87' lang='lat' dir='ltr'>Qui</span> <span class='ocrx_word' id='word_1_46' title='bbox 1606 694 1834 748; x_wconf 91' lang='lat' dir='ltr'>quoque</span> <span class='ocrx_word' id='word_1_47' title='bbox 1866 677 1993 730; x_wconf 89' lang='lat' dir='ltr'>fecit</span> 
     </span>
    </p>
   </div>
   <div class='ocr_carea' id='block_1_6' title="bbox 298 766 1993 838">
    <p class='ocr_par' dir='ltr' id='par_1_6' title="bbox 298 766 1993 838">
     <span class='ocr_line' id='line_1_6' title="bbox 298 766 1993 838; baseline -0.002 -16"><span class='ocrx_word' id='word_1_48' title='bbox 298 769 462 822; x_wconf 92' lang='lat' dir='ltr'>nobis</span> <span class='ocrx_word' id='word_1_49' title='bbox 495 768 732 833; x_wconf 75' lang='lat' dir='ltr'>litteras,</span> <span class='ocrx_word' id='word_1_50' title='bbox 767 784 907 838; x_wconf 88' lang='lat' dir='ltr'>quas</span> <span class='ocrx_word' id='word_1_51' title='bbox 945 767 1275 837; x_wconf 86' lang='lat' dir='ltr'>quicunque</span> <span class='ocrx_word' id='word_1_52' title='bbox 1308 767 1594 829; x_wconf 88' lang='lat' dir='ltr'>viderunt,</span> <span class='ocrx_word' id='word_1_53' title='bbox 1643 766 1701 819; x_wconf 91' lang='lat' dir='ltr'>in</span> <span class='ocrx_word' id='word_1_54' title='bbox 1734 783 1993 836; x_wconf 88' lang='lat' dir='ltr'>quacun-</span> 
     </span>
    </p>
   </div>
   <div class='ocr_carea' id='block_1_7' title="bbox 297 854 1994 928">
    <p class='ocr_par' dir='ltr' id='par_1_7' title="bbox 297 854 1994 928">
     <span class='ocr_line' id='line_1_7' title="bbox 297 854 1994 928; baseline -0.001 -19"><span class='ocrx_word' id='word_1_55' title='bbox 297 874 410 928; x_wconf 88' lang='lat' dir='ltr'>que</span> <span class='ocrx_word' id='word_1_56' title='bbox 439 856 667 910; x_wconf 89' lang='lat' dir='ltr'>civitate</span> <span class='ocrx_word' id='word_1_57' title='bbox 708 860 807 909; x_wconf 87' lang='lat' dir='ltr'>aut</span> <span class='ocrx_word' id='word_1_58' title='bbox 843 856 901 908; x_wconf 92' lang='lat' dir='ltr'>in</span> <span class='ocrx_word' id='word_1_59' title='bbox 935 871 1278 926; x_wconf 85' lang='lat' dir='ltr'>quocunque</span> <span class='ocrx_word' id='word_1_60' title='bbox 1315 856 1457 919; x_wconf 90' lang='lat' dir='ltr'>loco,</span> <span class='ocrx_word' id='word_1_61' title='bbox 1492 854 1633 907; x_wconf 82' lang='lat' dir='ltr'>nihil</span> <span class='ocrx_word' id='word_1_62' title='bbox 1665 855 1930 924; x_wconf 85' lang='lat' dir='ltr'>deinceps</span> <span class='ocrx_word' id='word_1_63' title='bbox 1961 872 1994 908; x_wconf 88' lang='lat' dir='ltr'>a</span> 
     </span>
    </p>
   </div>
   <div class='ocr_carea' id='block_1_8' title="bbox 298 942 1993 1015">
    <p class='ocr_par' dir='ltr' id='par_1_8' title="bbox 298 942 1993 1015">
     <span class='ocr_line' id='line_1_8' title="bbox 298 942 1993 1015; baseline -0.001 -16"><span class='ocrx_word' id='word_1_64' title='bbox 298 947 461 999; x_wconf 90' lang='lat' dir='ltr'>nobis</span> <span class='ocrx_word' id='word_1_65' title='bbox 492 945 720 1015; x_wconf 76' lang='lat' dir='ltr'>exigere</span> <span class='ocrx_word' id='word_1_66' title='bbox 751 944 870 997; x_wconf 84' lang='lat' dir='ltr'>ausi</span> <span class='ocrx_word' id='word_1_67' title='bbox 904 950 1053 997; x_wconf 91' lang='lat' dir='ltr'>sunt.</span> <span class='ocrx_word' id='word_1_68' title='bbox 1087 945 1220 997; x_wconf 86' lang='lat' dir='ltr'>Erat</span> <span class='ocrx_word' id='word_1_69' title='bbox 1252 944 1404 997; x_wconf 90' lang='lat' dir='ltr'>enim</span> <span class='ocrx_word' id='word_1_70' title='bbox 1438 943 1719 997; x_wconf 91' lang='lat' dir='ltr'>secundus</span> <span class='ocrx_word' id='word_1_71' title='bbox 1751 942 1993 1013; x_wconf 90' lang='lat' dir='ltr'>imperio</span> 
     </span>
    </p>
   </div>
   <div class='ocr_carea' id='block_1_9' title="bbox 296 1031 1991 1103">
    <p class='ocr_par' dir='ltr' id='par_1_9' title="bbox 296 1031 1991 1103">
     <span class='ocr_line' id='line_1_9' title="bbox 296 1031 1991 1103; baseline -0.001 -16"><span class='ocrx_word' id='word_1_72' title='bbox 296 1033 715 1088; x_wconf 88' lang='lat' dir='ltr'>Amarmomini</span> <span class='ocrx_word' id='word_1_73' title='bbox 764 1034 1037 1101; x_wconf 64' lang='lat' dir='ltr'>praedicti.</span> <span class='ocrx_word' id='word_1_74' title='bbox 1076 1034 1380 1103; x_wconf 87' lang='lat' dir='ltr'>Postquam</span> <span class='ocrx_word' id='word_1_75' title='bbox 1428 1049 1560 1085; x_wconf 83' lang='lat' dir='ltr'>vero</span> <span class='ocrx_word' id='word_1_76' title='bbox 1604 1031 1841 1084; x_wconf 87' lang='lat' dir='ltr'>inferius</span> <span class='ocrx_word' id='word_1_77' title='bbox 1888 1048 1991 1085; x_wconf 89' lang='lat' dir='ltr'>no-</span> 
     </span>
    </p>
   </div>
   <div class='ocr_carea' id='block_1_10' title="bbox 299 1121 1995 1191">
    <p class='ocr_par' dir='ltr' id='par_1_10' title="bbox 299 1121 1995 1191">
     <span class='ocr_line' id='line_1_10' title="bbox 299 1121 1995 1191; baseline -0.002 -14"><span class='ocrx_word' id='word_1_78' title='bbox 299 1124 543 1177; x_wconf 87' lang='lat' dir='ltr'>minatas</span> <span class='ocrx_word' id='word_1_79' title='bbox 577 1123 832 1175; x_wconf 82' lang='lat' dir='ltr'>civitates</span> <span class='ocrx_word' id='word_1_80' title='bbox 865 1122 1109 1191; x_wconf 86' lang='lat' dir='ltr'>ingressi</span> <span class='ocrx_word' id='word_1_81' title='bbox 1142 1138 1361 1186; x_wconf 85' lang='lat' dir='ltr'>sumus,</span> <span class='ocrx_word' id='word_1_82' title='bbox 1394 1138 1507 1174; x_wconf 89' lang='lat' dir='ltr'>non</span> <span class='ocrx_word' id='word_1_83' title='bbox 1539 1121 1699 1190; x_wconf 90' lang='lat' dir='ltr'>prius</span> <span class='ocrx_word' id='word_1_84' title='bbox 1737 1122 1995 1191; x_wconf 86' lang='lat' dir='ltr'>permissi</span> 
     </span>
    </p>
   </div>
   <div class='ocr_carea' id='block_1_11' title="bbox 300 1209 1993 1281">
    <p class='ocr_par' dir='ltr' id='par_1_11' title="bbox 300 1209 1993 1281">
     <span class='ocr_line' id='line_1_11' title="bbox 300 1209 1993 1281; baseline -0.001 -16"><span class='ocrx_word' id='word_1_85' title='bbox 300 1228 497 1265; x_wconf 91' lang='lat' dir='ltr'>sumus</span> <span class='ocrx_word' id='word_1_86' title='bbox 530 1211 683 1264; x_wconf 80' lang='lat' dir='ltr'>exire</span> <span class='ocrx_word' id='word_1_87' title='bbox 715 1228 887 1281; x_wconf 90' lang='lat' dir='ltr'>quam</span> <span class='ocrx_word' id='word_1_88' title='bbox 921 1212 1175 1264; x_wconf 80' lang='lat' dir='ltr'>chartam</span> <span class='ocrx_word' id='word_1_89' title='bbox 1210 1216 1306 1263; x_wconf 87' lang='lat' dir='ltr'>aut</span> <span class='ocrx_word' id='word_1_90' title='bbox 1346 1209 1519 1280; x_wconf 85' lang='lat' dir='ltr'>sigilli</span> <span class='ocrx_word' id='word_1_91' title='bbox 1556 1209 1993 1279; x_wconf 86' lang='lat' dir='ltr'>impressionem</span> 
     </span>
    </p>
   </div>
   <div class='ocr_carea' id='block_1_12' title="bbox 300 1297 1996 1368">
    <p class='ocr_par' dir='ltr' id='par_1_12' title="bbox 300 1297 1996 1368">
     <span class='ocr_line' id='line_1_12' title="bbox 300 1297 1996 1368; baseline -0.001 -17"><span class='ocrx_word' id='word_1_92' title='bbox 300 1300 708 1368; x_wconf 87' lang='lat' dir='ltr'>acciperemus,</span> <span class='ocrx_word' id='word_1_93' title='bbox 743 1298 894 1368; x_wconf 90' lang='lat' dir='ltr'>quod</span> <span class='ocrx_word' id='word_1_94' title='bbox 928 1314 1043 1350; x_wconf 90' lang='lat' dir='ltr'>uno</span> <span class='ocrx_word' id='word_1_95' title='bbox 1067 1297 1152 1350; x_wconf 90' lang='lat' dir='ltr'>vel</span> <span class='ocrx_word' id='word_1_96' title='bbox 1184 1297 1407 1350; x_wconf 84' lang='lat' dir='ltr'>duobus</span> <span class='ocrx_word' id='word_1_97' title='bbox 1441 1297 1692 1350; x_wconf 78' lang='lat' dir='ltr'>denariis</span> <span class='ocrx_word' id='word_1_98' title='bbox 1716 1298 1996 1367; x_wconf 91' lang='lat' dir='ltr'>impetra-</span> 
     </span>
    </p>
   </div>
   <div class='ocr_carea' id='block_1_13' title="bbox 298 1386 1995 1457">
    <p class='ocr_par' dir='ltr' id='par_1_13' title="bbox 298 1386 1995 1457">
     <span class='ocr_line' id='line_1_13' title="bbox 298 1386 1995 1457; baseline -0.002 -16"><span class='ocrx_word' id='word_1_99' title='bbox 298 1388 520 1441; x_wconf 87' lang='lat' dir='ltr'>bamus.</span> <span class='ocrx_word' id='word_1_100' title='bbox 559 1389 651 1441; x_wconf 86' lang='lat' dir='ltr'>Est</span> <span class='ocrx_word' id='word_1_101' title='bbox 682 1388 872 1456; x_wconf 86' lang='lat' dir='ltr'>itaque</span> <span class='ocrx_word' id='word_1_102' title='bbox 907 1387 965 1439; x_wconf 91' lang='lat' dir='ltr'>in</span> <span class='ocrx_word' id='word_1_103' title='bbox 1006 1387 1110 1439; x_wconf 90' lang='lat' dir='ltr'>hac</span> <span class='ocrx_word' id='word_1_104' title='bbox 1148 1386 1372 1439; x_wconf 86' lang='lat' dir='ltr'>civitate</span> <span class='ocrx_word' id='word_1_105' title='bbox 1404 1386 1726 1457; x_wconf 83' lang='lat' dir='ltr'>patriarcha</span> <span class='ocrx_word' id='word_1_106' title='bbox 1748 1387 1995 1440; x_wconf 79' lang='lat' dir='ltr'>domnus</span> 
     </span>
    </p>
   </div>
   <div class='ocr_carea' id='block_1_14' title="bbox 301 1474 1997 1544">
    <p class='ocr_par' dir='ltr' id='par_1_14' title="bbox 301 1474 1997 1544">
     <span class='ocr_line' id='line_1_14' title="bbox 301 1474 1997 1544; baseline 0 -17"><span class='ocrx_word' id='word_1_107' title='bbox 301 1474 555 1541; x_wconf 82' lang='lat' dir='ltr'>Michael,</span> <span class='ocrx_word' id='word_1_108' title='bbox 596 1478 651 1527; x_wconf 91' lang='lat' dir='ltr'>et</span> <span class='ocrx_word' id='word_1_109' title='bbox 685 1490 857 1543; x_wconf 89' lang='lat' dir='ltr'>super</span> <span class='ocrx_word' id='word_1_110' title='bbox 889 1478 1075 1527; x_wconf 89' lang='lat' dir='ltr'>totum</span> <span class='ocrx_word' id='word_1_111' title='bbox 1118 1476 1427 1543; x_wconf 64' lang='lat' dir='ltr'>Aigyptum</span> <span class='ocrx_word' id='word_1_112' title='bbox 1469 1474 1784 1544; x_wconf 82' lang='lat' dir='ltr'>disponens</span> <span class='ocrx_word' id='word_1_113' title='bbox 1814 1474 1997 1543; x_wconf 85' lang='lat' dir='ltr'>gratia</span> 
     </span>
    </p>
   </div>
   <div class='ocr_carea' id='block_1_15' title="bbox 300 1562 1994 1633">
    <p class='ocr_par' dir='ltr' id='par_1_15' title="bbox 300 1562 1994 1633">
     <span class='ocr_line' id='line_1_15' title="bbox 300 1562 1994 1633; baseline -0.001 -17"><span class='ocrx_word' id='word_1_114' title='bbox 300 1563 401 1616; x_wconf 89' lang='lat' dir='ltr'>Dei</span> <span class='ocrx_word' id='word_1_115' title='bbox 432 1562 694 1617; x_wconf 88' lang='lat' dir='ltr'>ordinem</span> <span class='ocrx_word' id='word_1_116' title='bbox 726 1562 986 1615; x_wconf 90' lang='lat' dir='ltr'>omnium</span> <span class='ocrx_word' id='word_1_117' title='bbox 1020 1562 1441 1633; x_wconf 86' lang='lat' dir='ltr'>episcoporum,</span> <span class='ocrx_word' id='word_1_118' title='bbox 1474 1568 1531 1616; x_wconf 90' lang='lat' dir='ltr'>et</span> <span class='ocrx_word' id='word_1_119' title='bbox 1558 1563 1994 1626; x_wconf 76' lang='lat' dir='ltr'>monachorum,</span> 
     </span>
    </p>
   </div>
   <div class='ocr_carea' id='block_1_16' title="bbox 299 1650 1995 1706">
    <p class='ocr_par' dir='ltr' id='par_1_16' title="bbox 299 1650 1995 1706">
     <span class='ocr_line' id='line_1_16' title="bbox 299 1650 1995 1706; baseline -0.001 -2"><span class='ocrx_word' id='word_1_120' title='bbox 299 1656 356 1706; x_wconf 90' lang='lat' dir='ltr'>et</span> <span class='ocrx_word' id='word_1_121' title='bbox 399 1650 876 1706; x_wconf 88' lang='lat' dir='ltr'>Christianorum.</span> <span class='ocrx_word' id='word_1_122' title='bbox 926 1650 1020 1703; x_wconf 88' lang='lat' dir='ltr'>Isti</span> <span class='ocrx_word' id='word_1_123' title='bbox 1070 1655 1262 1704; x_wconf 88' lang='lat' dir='ltr'>autem</span> <span class='ocrx_word' id='word_1_124' title='bbox 1312 1650 1619 1704; x_wconf 79' lang='lat' dir='ltr'>Christiani</span> <span class='ocrx_word' id='word_1_125' title='bbox 1667 1651 1839 1704; x_wconf 88' lang='lat' dir='ltr'>talem</span> <span class='ocrx_word' id='word_1_126' title='bbox 1896 1651 1995 1704; x_wconf 89' lang='lat' dir='ltr'>ha-</span> 
     </span>
    </p>
   </div>
   <div class='ocr_carea' id='block_1_17' title="bbox 299 1738 1995 1807">
    <p class='ocr_par' dir='ltr' id='par_1_17' title="bbox 299 1738 1995 1807">
     <span class='ocr_line' id='line_1_17' title="bbox 299 1738 1995 1807; baseline -0.001 -15"><span class='ocrx_word' id='word_1_127' title='bbox 299 1739 439 1792; x_wconf 89' lang='lat' dir='ltr'>bent</span> <span class='ocrx_word' id='word_1_128' title='bbox 468 1738 656 1807; x_wconf 85' lang='lat' dir='ltr'>legem</span> <span class='ocrx_word' id='word_1_129' title='bbox 688 1738 836 1807; x_wconf 89' lang='lat' dir='ltr'>apud</span> <span class='ocrx_word' id='word_1_130' title='bbox 864 1753 1139 1806; x_wconf 83' lang='lat' dir='ltr'>paganos,</span> <span class='ocrx_word' id='word_1_131' title='bbox 1175 1742 1237 1791; x_wconf 94' lang='lat' dir='ltr'>ut</span> <span class='ocrx_word' id='word_1_132' title='bbox 1265 1753 1369 1807; x_wconf 92' lang='lat' dir='ltr'>pro</span> <span class='ocrx_word' id='word_1_133' title='bbox 1400 1754 1565 1807; x_wconf 89' lang='lat' dir='ltr'>posse</span> <span class='ocrx_word' id='word_1_134' title='bbox 1597 1754 1853 1807; x_wconf 66' lang='lat' dir='ltr'>personae</span> <span class='ocrx_word' id='word_1_135' title='bbox 1881 1755 1995 1791; x_wconf 70' lang='lat' dir='ltr'>sua:</span> 
     </span>
    </p>
   </div>
   <div class='ocr_carea' id='block_1_18' title="bbox 301 1825 1994 1897">
    <p class='ocr_par' dir='ltr' id='par_1_18' title="bbox 301 1825 1994 1897">
     <span class='ocr_line' id='line_1_18' title="bbox 301 1825 1994 1897; baseline 0 -17"><span class='ocrx_word' id='word_1_136' title='bbox 301 1842 654 1896; x_wconf 90' lang='lat' dir='ltr'>unoquoque</span> <span class='ocrx_word' id='word_1_137' title='bbox 680 1841 830 1878; x_wconf 89' lang='lat' dir='ltr'>anno</span> <span class='ocrx_word' id='word_1_138' title='bbox 862 1826 1086 1878; x_wconf 89' lang='lat' dir='ltr'>solvant</span> <span class='ocrx_word' id='word_1_139' title='bbox 1115 1825 1395 1879; x_wconf 89' lang='lat' dir='ltr'>tributum</span> <span class='ocrx_word' id='word_1_140' title='bbox 1429 1826 1696 1896; x_wconf 80' lang='lat' dir='ltr'>praedicto</span> <span class='ocrx_word' id='word_1_141' title='bbox 1730 1827 1994 1897; x_wconf 87' lang='lat' dir='ltr'>principi,</span> 
     </span>
    </p>
   </div>
   <div class='ocr_carea' id='block_1_19' title="bbox 301 1913 2001 1969">
    <p class='ocr_par' dir='ltr' id='par_1_19' title="bbox 301 1913 2001 1969">
     <span class='ocr_line' id='line_1_19' title="bbox 301 1913 2001 1969; baseline 0.001 -1"><span class='ocrx_word' id='word_1_142' title='bbox 301 1920 365 1969; x_wconf 90' lang='lat' dir='ltr'>ut</span> <span class='ocrx_word' id='word_1_143' title='bbox 408 1915 602 1968; x_wconf 89' lang='lat' dir='ltr'>vivant</span> <span class='ocrx_word' id='word_1_144' title='bbox 632 1930 828 1967; x_wconf 89' lang='lat' dir='ltr'>secure</span> <span class='ocrx_word' id='word_1_145' title='bbox 865 1921 920 1967; x_wconf 93' lang='lat' dir='ltr'>et</span> <span class='ocrx_word' id='word_1_146' title='bbox 952 1913 1148 1967; x_wconf 89' lang='lat' dir='ltr'>libere.</span> <span class='ocrx_word' id='word_1_147' title='bbox 1183 1915 1337 1968; x_wconf 92' lang='lat' dir='ltr'>Istud</span> <span class='ocrx_word' id='word_1_148' title='bbox 1367 1920 1557 1967; x_wconf 89' lang='lat' dir='ltr'>autem</span> <span class='ocrx_word' id='word_1_149' title='bbox 1590 1916 1869 1969; x_wconf 83' lang='lat' dir='ltr'>tributum</span> <span class='ocrx_word' id='word_1_150' title='bbox 1904 1920 2001 1969; x_wconf 90' lang='lat' dir='ltr'>aut</span> 
     </span>
    </p>
   </div>
   <div class='ocr_carea' id='block_1_20' title="bbox 303 2002 1999 2073">
    <p class='ocr_par' dir='ltr' id='par_1_20' title="bbox 303 2002 1999 2073">
     <span class='ocr_line' id='line_1_20' title="bbox 303 2002 1999 2073; baseline -0.001 -15"><span class='ocrx_word' id='word_1_151' title='bbox 303 2021 385 2070; x_wconf 87' lang='grc' dir='ltr'>ιιι,</span> <span class='ocrx_word' id='word_1_152' title='bbox 419 2008 520 2057; x_wconf 91' lang='lat' dir='ltr'>aut</span> <span class='ocrx_word' id='word_1_153' title='bbox 550 2020 609 2067; x_wconf 90' lang='grc' dir='ltr'>ιι,</span> <span class='ocrx_word' id='word_1_154' title='bbox 644 2008 742 2055; x_wconf 88' lang='lat' dir='ltr'>aut</span> <span class='ocrx_word' id='word_1_155' title='bbox 774 2020 788 2055; x_wconf 92' lang='grc' dir='ltr'>ι</span> <span class='ocrx_word' id='word_1_156' title='bbox 829 2002 1008 2071; x_wconf 85' lang='lat' dir='ltr'>exigit</span> <span class='ocrx_word' id='word_1_157' title='bbox 1046 2018 1305 2069; x_wconf 88' lang='lat' dir='ltr'>aureum,</span> <span class='ocrx_word' id='word_1_158' title='bbox 1342 2003 1427 2055; x_wconf 93' lang='lat' dir='ltr'>vel</span> <span class='ocrx_word' id='word_1_159' title='bbox 1461 2019 1492 2055; x_wconf 92' lang='lat' dir='ltr'>a</span> <span class='ocrx_word' id='word_1_160' title='bbox 1536 2003 1722 2056; x_wconf 81' lang='lat' dir='ltr'>viliori</span> <span class='ocrx_word' id='word_1_161' title='bbox 1755 2020 1999 2073; x_wconf 85' lang='lat' dir='ltr'>persona</span> 
     </span>
    </p>
   </div>
   <div class='ocr_carea' id='block_1_21' title="bbox 302 2091 2000 2161">
    <p class='ocr_par' dir='ltr' id='par_1_21' title="bbox 302 2091 2000 2161">
     <span class='ocr_line' id='line_1_21' title="bbox 302 2091 2000 2161; baseline -0.001 -15"><span class='ocrx_word' id='word_1_162' title='bbox 302 2109 398 2146; x_wconf 80' lang='lat' dir='ltr'>XIII</span> <span class='ocrx_word' id='word_1_163' title='bbox 434 2092 719 2146; x_wconf 87' lang='lat' dir='ltr'>denarios.</span> <span class='ocrx_word' id='word_1_164' title='bbox 758 2091 815 2145; x_wconf 90' lang='lat' dir='ltr'>Si</span> <span class='ocrx_word' id='word_1_165' title='bbox 852 2096 1042 2145; x_wconf 89' lang='lat' dir='ltr'>autem</span> <span class='ocrx_word' id='word_1_166' title='bbox 1084 2091 1211 2144; x_wconf 89' lang='lat' dir='ltr'>talis</span> <span class='ocrx_word' id='word_1_167' title='bbox 1252 2095 1351 2155; x_wconf 86' lang='lat' dir='ltr'>est,</span> <span class='ocrx_word' id='word_1_168' title='bbox 1404 2096 1468 2144; x_wconf 90' lang='lat' dir='ltr'>ut</span> <span class='ocrx_word' id='word_1_169' title='bbox 1510 2108 1627 2145; x_wconf 89' lang='lat' dir='ltr'>non</span> <span class='ocrx_word' id='word_1_170' title='bbox 1670 2092 1853 2161; x_wconf 88' lang='lat' dir='ltr'>possit</span> <span class='ocrx_word' id='word_1_171' title='bbox 1896 2092 2000 2146; x_wconf 90' lang='lat' dir='ltr'>hos</span> 
     </span>
    </p>
   </div>
   <div class='ocr_carea' id='block_1_22' title="bbox 300 2179 2000 2245">
    <p class='ocr_par' dir='ltr' id='par_1_22' title="bbox 300 2179 2000 2245">
     <span class='ocr_line' id='line_1_22' title="bbox 300 2179 2000 2245; baseline -0.001 -10"><span class='ocrx_word' id='word_1_172' title='bbox 300 2197 401 2235; x_wconf 82' lang='lat' dir='ltr'>xm</span> <span class='ocrx_word' id='word_1_173' title='bbox 452 2179 717 2234; x_wconf 89' lang='lat' dir='ltr'>denarios</span> <span class='ocrx_word' id='word_1_174' title='bbox 767 2180 1005 2245; x_wconf 90' lang='lat' dir='ltr'>solvere,</span> <span class='ocrx_word' id='word_1_175' title='bbox 1056 2179 1173 2232; x_wconf 90' lang='lat' dir='ltr'>sive</span> <span class='ocrx_word' id='word_1_176' title='bbox 1235 2179 1307 2232; x_wconf 88' lang='lat' dir='ltr'>sit</span> <span class='ocrx_word' id='word_1_177' title='bbox 1360 2180 1566 2245; x_wconf 89' lang='lat' dir='ltr'>incola,</span> <span class='ocrx_word' id='word_1_178' title='bbox 1618 2181 1732 2233; x_wconf 92' lang='lat' dir='ltr'>sive</span> <span class='ocrx_word' id='word_1_179' title='bbox 1782 2181 2000 2235; x_wconf 87' lang='lat' dir='ltr'>advena</span> 
     </span>
    </p>
   </div>
   <div class='ocr_carea' id='block_1_23' title="bbox 303 2267 1998 2336">
    <p class='ocr_par' dir='ltr' id='par_1_23' title="bbox 303 2267 1998 2336">
     <span class='ocr_line' id='line_1_23' title="bbox 303 2267 1998 2336; baseline -0.001 -14"><span class='ocrx_word' id='word_1_180' title='bbox 303 2268 682 2336; x_wconf 87' lang='lat' dir='ltr'>Christianus,</span> <span class='ocrx_word' id='word_1_181' title='bbox 738 2267 986 2321; x_wconf 88' lang='lat' dir='ltr'>mittitur</span> <span class='ocrx_word' id='word_1_182' title='bbox 1040 2268 1101 2321; x_wconf 90' lang='lat' dir='ltr'>in</span> <span class='ocrx_word' id='word_1_183' title='bbox 1154 2283 1461 2329; x_wconf 88' lang='lat' dir='ltr'>carcerem,</span> <span class='ocrx_word' id='word_1_184' title='bbox 1521 2268 1703 2321; x_wconf 91' lang='lat' dir='ltr'>donec</span> <span class='ocrx_word' id='word_1_185' title='bbox 1750 2274 1849 2321; x_wconf 88' lang='lat' dir='ltr'>aut</span> <span class='ocrx_word' id='word_1_186' title='bbox 1900 2268 1998 2323; x_wconf 87' lang='lat' dir='ltr'>Dei</span> 
     </span>
    </p>
   </div>
   <div class='ocr_carea' id='block_1_24' title="bbox 303 2356 2000 2428">
    <p class='ocr_par' dir='ltr' id='par_1_24' title="bbox 303 2356 2000 2428">
     <span class='ocr_line' id='line_1_24' title="bbox 303 2356 2000 2428; baseline -0.001 -17"><span class='ocrx_word' id='word_1_187' title='bbox 303 2358 511 2428; x_wconf 84' lang='lat' dir='ltr'>pietate</span> <span class='ocrx_word' id='word_1_188' title='bbox 561 2373 663 2427; x_wconf 91' lang='lat' dir='ltr'>per</span> <span class='ocrx_word' id='word_1_189' title='bbox 711 2356 981 2426; x_wconf 83' lang='lat' dir='ltr'>angelum</span> <span class='ocrx_word' id='word_1_190' title='bbox 1034 2372 1202 2409; x_wconf 88' lang='lat' dir='ltr'>suum</span> <span class='ocrx_word' id='word_1_191' title='bbox 1257 2356 1555 2423; x_wconf 88' lang='lat' dir='ltr'>liberatur,</span> <span class='ocrx_word' id='word_1_192' title='bbox 1607 2364 1705 2410; x_wconf 91' lang='lat' dir='ltr'>aut</span> <span class='ocrx_word' id='word_1_193' title='bbox 1751 2358 1821 2411; x_wconf 89' lang='lat' dir='ltr'>ab</span> <span class='ocrx_word' id='word_1_194' title='bbox 1873 2358 2000 2410; x_wconf 88' lang='lat' dir='ltr'>aliis</span> 
     </span>
    </p>
   </div>
   <div class='ocr_carea' id='block_1_25' title="bbox 301 2445 1180 2500">
    <p class='ocr_par' dir='ltr' id='par_1_25' title="bbox 301 2445 1180 2500">
     <span class='ocr_line' id='line_1_25' title="bbox 301 2445 1180 2500; baseline -0.003 0"><span class='ocrx_word' id='word_1_195' title='bbox 301 2446 465 2500; x_wconf 87' lang='lat' dir='ltr'>bonis</span> <span class='ocrx_word' id='word_1_196' title='bbox 496 2445 828 2500; x_wconf 88' lang='lat' dir='ltr'>Christianis</span> <span class='ocrx_word' id='word_1_197' title='bbox 859 2445 1180 2498; x_wconf 86' lang='lat' dir='ltr'>redimitur.</span> 
     </span>
    </p>
   </div>
   <div class='ocr_carea' id='block_1_26' title="bbox 373 2532 1997 2605">
    <p class='ocr_par' dir='ltr' id='par_1_26' title="bbox 373 2532 1997 2605">
     <span class='ocr_line' id='line_1_26' title="bbox 373 2532 1997 2605; baseline -0.001 -16"><span class='ocrx_word' id='word_1_198' title='bbox 373 2538 424 2589; x_wconf 90' lang='lat'>8.</span> <span class='ocrx_word' id='word_1_199' title='bbox 470 2534 731 2589; x_wconf 79' lang='lat' dir='ltr'>Flavium</span> <span class='ocrx_word' id='word_1_200' title='bbox 773 2535 837 2603; x_wconf 65' lang='grc' dir='ltr'>[Γ.</span> <span class='ocrx_word' id='word_1_201' title='bbox 894 2536 996 2588; x_wconf 82' lang='lat' dir='ltr'>Per</span> <span class='ocrx_word' id='word_1_202' title='bbox 1043 2532 1303 2605; x_wconf 84' lang='lat' dir='ltr'>fluvium]</span> <span class='ocrx_word' id='word_1_203' title='bbox 1343 2534 1517 2600; x_wconf 89' lang='lat' dir='ltr'>Geon,</span> <span class='ocrx_word' id='word_1_204' title='bbox 1555 2534 1823 2588; x_wconf 88' lang='lat' dir='ltr'>Sitimulh</span> <span class='ocrx_word' id='word_1_205' title='bbox 1861 2534 1997 2587; x_wconf 78' lang='lat' dir='ltr'>civi-</span> 
     </span>
    </p>
   </div>
   <div class='ocr_carea' id='block_1_27' title="bbox 305 2622 1999 2693">
    <p class='ocr_par' dir='ltr' id='par_1_27' title="bbox 305 2622 1999 2693">
     <span class='ocr_line' id='line_1_27' title="bbox 305 2622 1999 2693; baseline 0.001 -17"><span class='ocrx_word' id='word_1_206' title='bbox 305 2628 480 2677; x_wconf 85' lang='lat' dir='ltr'>tatem</span> <span class='ocrx_word' id='word_1_207' title='bbox 516 2638 528 2677; x_wconf 87' lang='lat'><strong>:</strong></span> <span class='ocrx_word' id='word_1_208' title='bbox 569 2624 637 2677; x_wconf 90' lang='lat' dir='ltr'>de</span> <span class='ocrx_word' id='word_1_209' title='bbox 669 2622 941 2677; x_wconf 88' lang='lat' dir='ltr'>Sitimulh</span> <span class='ocrx_word' id='word_1_210' title='bbox 980 2623 1267 2693; x_wconf 80' lang='lat' dir='ltr'>progressi</span> <span class='ocrx_word' id='word_1_211' title='bbox 1298 2639 1497 2676; x_wconf 87' lang='lat' dir='ltr'>sumus</span> <span class='ocrx_word' id='word_1_212' title='bbox 1531 2623 1600 2676; x_wconf 86' lang='lat' dir='ltr'>ad</span> <span class='ocrx_word' id='word_1_213' title='bbox 1635 2623 1897 2685; x_wconf 80' lang='lat' dir='ltr'>Mohalla,</span> <span class='ocrx_word' id='word_1_214' title='bbox 1931 2624 1999 2678; x_wconf 86' lang='lat' dir='ltr'>de</span> 
     </span>
    </p>
   </div>
   <div class='ocr_carea' id='block_1_28' title="bbox 302 2711 1999 2782">
    <p class='ocr_par' dir='ltr' id='par_1_28' title="bbox 302 2711 1999 2782">
     <span class='ocr_line' id='line_1_28' title="bbox 302 2711 1999 2782; baseline 0.001 -16"><span class='ocrx_word' id='word_1_215' title='bbox 302 2712 546 2767; x_wconf 85' lang='lat' dir='ltr'>Mohalla</span> <span class='ocrx_word' id='word_1_216' title='bbox 579 2711 1065 2765; x_wconf 87' lang='lat' dir='ltr'>transfretavimus</span> <span class='ocrx_word' id='word_1_217' title='bbox 1093 2712 1161 2764; x_wconf 81' lang='lat' dir='ltr'>al</span> <span class='ocrx_word' id='word_1_218' title='bbox 1194 2711 1531 2779; x_wconf 90' lang='lat' dir='ltr'>Damiatem,</span> <span class='ocrx_word' id='word_1_219' title='bbox 1564 2728 1694 2782; x_wconf 71' lang='lat' dir='ltr'>quae</span> <span class='ocrx_word' id='word_1_220' title='bbox 1725 2712 1897 2765; x_wconf 82' lang='lat' dir='ltr'>habet</span> <span class='ocrx_word' id='word_1_221' title='bbox 1930 2714 1999 2767; x_wconf 88' lang='lat' dir='ltr'>ab</span> 
     </span>
    </p>
   </div>
   <div class='ocr_carea' id='block_1_29' title="bbox 305 2799 1998 2871">
    <p class='ocr_par' dir='ltr' id='par_1_29' title="bbox 305 2799 1998 2871">
     <span class='ocr_line' id='line_1_29' title="bbox 305 2799 1998 2871; baseline -0.001 -16"><span class='ocrx_word' id='word_1_222' title='bbox 305 2800 627 2871; x_wconf 88' lang='lat' dir='ltr'>aquilonari</span> <span class='ocrx_word' id='word_1_223' title='bbox 658 2800 802 2853; x_wconf 88' lang='lat' dir='ltr'>mari</span> <span class='ocrx_word' id='word_1_224' title='bbox 842 2799 1128 2853; x_wconf 87' lang='lat' dir='ltr'>civitatem</span> <span class='ocrx_word' id='word_1_225' title='bbox 1164 2800 1393 2863; x_wconf 86' lang='lat' dir='ltr'>Thanis,</span> <span class='ocrx_word' id='word_1_226' title='bbox 1425 2799 1487 2853; x_wconf 93' lang='lat' dir='ltr'>in</span> <span class='ocrx_word' id='word_1_227' title='bbox 1516 2816 1630 2870; x_wconf 90' lang='lat' dir='ltr'>qua</span> <span class='ocrx_word' id='word_1_228' title='bbox 1669 2806 1803 2854; x_wconf 90' lang='lat' dir='ltr'>sunt</span> <span class='ocrx_word' id='word_1_229' title='bbox 1833 2801 1998 2854; x_wconf 91' lang='lat' dir='ltr'>Chri-</span> 
     </span>
    </p>
   </div>
   <div class='ocr_carea' id='block_1_30' title="bbox 306 2888 2001 2958">
    <p class='ocr_par' dir='ltr' id='par_1_30' title="bbox 306 2888 2001 2958">
     <span class='ocr_line' id='line_1_30' title="bbox 306 2888 2001 2958; baseline 0.001 -17"><span class='ocrx_word' id='word_1_230' title='bbox 306 2889 476 2943; x_wconf 90' lang='lat' dir='ltr'>stiani</span> <span class='ocrx_word' id='word_1_231' title='bbox 524 2889 714 2955; x_wconf 90' lang='lat' dir='ltr'>multi,</span> <span class='ocrx_word' id='word_1_232' title='bbox 754 2896 852 2941; x_wconf 90' lang='lat' dir='ltr'>aut</span> <span class='ocrx_word' id='word_1_233' title='bbox 895 2888 1046 2941; x_wconf 91' lang='lat' dir='ltr'>enim</span> <span class='ocrx_word' id='word_1_234' title='bbox 1092 2888 1347 2958; x_wconf 87' lang='lat' dir='ltr'>religiosi</span> <span class='ocrx_word' id='word_1_235' title='bbox 1388 2888 1776 2958; x_wconf 85' lang='lat' dir='ltr'>hospitalitate</span> <span class='ocrx_word' id='word_1_236' title='bbox 1820 2890 2001 2943; x_wconf 89' lang='lat' dir='ltr'>nimia</span> 
     </span>
    </p>
   </div>
   <div class='ocr_carea' id='block_1_31' title="bbox 2983 411 3771 480">
    <p class='ocr_par' dir='ltr' id='par_1_31' title="bbox 2983 411 3771 480">
     <span class='ocr_line' id='line_1_31' title="bbox 2983 411 3771 480; baseline 0 -14"><span class='ocrx_word' id='word_1_237' title='bbox 2983 429 2995 466; x_wconf 92' lang='lat'><strong>:</strong></span> <span class='ocrx_word' id='word_1_238' title='bbox 3048 412 3139 466; x_wconf 91' lang='lat' dir='ltr'>cui</span> <span class='ocrx_word' id='word_1_239' title='bbox 3187 412 3407 480; x_wconf 87' lang='lat' dir='ltr'>adjacet</span> <span class='ocrx_word' id='word_1_240' title='bbox 3455 411 3690 466; x_wconf 81' lang='lat' dir='ltr'>ecclesia</span> <span class='ocrx_word' id='word_1_241' title='bbox 3728 412 3771 466; x_wconf 88' lang='lat' dir='ltr'>in</span> 
     </span>
    </p>
   </div>
   <div class='ocr_carea' id='block_1_32' title="bbox 2103 500 3773 567">
    <p class='ocr_par' dir='ltr' id='par_1_32' title="bbox 2103 500 3773 567">
     <span class='ocr_line' id='line_1_32' title="bbox 2103 500 3773 567; baseline 0 -15"><span class='ocrx_word' id='word_1_242' title='bbox 2103 500 2322 553; x_wconf 90' lang='lat' dir='ltr'>honore</span> <span class='ocrx_word' id='word_1_243' title='bbox 2365 506 2572 553; x_wconf 69' lang='lat' dir='ltr'>sancta:</span> <span class='ocrx_word' id='word_1_244' title='bbox 2614 500 2820 567; x_wconf 64' lang='lat' dir='ltr'>Mariae,</span> <span class='ocrx_word' id='word_1_245' title='bbox 2859 500 3277 553; x_wconf 81' lang='lat' dir='ltr'>nobilissimam</span> <span class='ocrx_word' id='word_1_246' title='bbox 3327 500 3550 554; x_wconf 86' lang='lat' dir='ltr'>habens</span> <span class='ocrx_word' id='word_1_247' title='bbox 3598 500 3773 553; x_wconf 81' lang='lat' dir='ltr'>biblio-</span> 
     </span>
    </p>
   </div>
   <div class='ocr_carea' id='block_1_33' title="bbox 2100 576 3841 658">
    <p class='ocr_par' dir='ltr' id='par_1_33' title="bbox 2100 576 3841 658">
     <span class='ocr_line' id='line_1_33' title="bbox 2100 576 3841 658; baseline 0.001 -18"><span class='ocrx_word' id='word_1_248' title='bbox 2100 588 2325 641; x_wconf 85' lang='lat' dir='ltr'>thecam</span> <span class='ocrx_word' id='word_1_249' title='bbox 2357 588 2544 641; x_wconf 90' lang='lat' dir='ltr'>studio</span> <span class='ocrx_word' id='word_1_250' title='bbox 2583 588 2838 658; x_wconf 66' lang='lat' dir='ltr'>prazdicti</span> <span class='ocrx_word' id='word_1_251' title='bbox 2869 588 3229 658; x_wconf 87' lang='lat' dir='ltr'>imperatoris</span> <span class='ocrx_word' id='word_1_252' title='bbox 3266 605 3288 631; x_wconf 71' lang='grc' dir='ltr'>ει</span> <span class='ocrx_word' id='word_1_253' title='bbox 3331 605 3463 642; x_wconf 91' lang='lat' dir='ltr'>cum</span> <span class='ocrx_word' id='word_1_254' title='bbox 3514 605 3594 642; x_wconf 82' lang='lat' dir='ltr'>xu</span> <span class='ocrx_word' id='word_1_255' title='bbox 3643 605 3773 643; x_wconf 80' lang='lat' dir='ltr'>maa-</span> <span class='ocrx_word' id='word_1_256' title='bbox 3840 576 3841 615; x_wconf 40' lang='grc' dir='ltr'><strong>ἶ</strong></span> 
     </span>
    </p>
   </div>
   <div class='ocr_carea' id='block_1_34' title="bbox 2102 677 3841 748">
    <p class='ocr_par' dir='ltr' id='par_1_34' title="bbox 2102 677 3841 748">
     <span class='ocr_line' id='line_1_34' title="bbox 2102 677 3841 748; baseline 0.001 -19"><span class='ocrx_word' id='word_1_257' title='bbox 2102 677 2380 741; x_wconf 88' lang='lat' dir='ltr'>sionibus,</span> <span class='ocrx_word' id='word_1_258' title='bbox 2433 678 2606 748; x_wconf 85' lang='lat' dir='ltr'>agris,</span> <span class='ocrx_word' id='word_1_259' title='bbox 2657 678 2836 730; x_wconf 86' lang='lat' dir='ltr'>vineis</span> <span class='ocrx_word' id='word_1_260' title='bbox 2885 683 2940 730; x_wconf 90' lang='lat' dir='ltr'>et</span> <span class='ocrx_word' id='word_1_261' title='bbox 2985 678 3151 731; x_wconf 89' lang='lat' dir='ltr'>horto</span> <span class='ocrx_word' id='word_1_262' title='bbox 3198 678 3257 731; x_wconf 89' lang='lat' dir='ltr'>in</span> <span class='ocrx_word' id='word_1_263' title='bbox 3307 679 3452 731; x_wconf 86' lang='lat' dir='ltr'>valle</span> <span class='ocrx_word' id='word_1_264' title='bbox 3510 679 3771 747; x_wconf 82' lang='lat' dir='ltr'>Josaphat.</span> <span class='ocrx_word' id='word_1_265' title='bbox 3840 706 3841 731; x_wconf 43' lang='grc' dir='ltr'>ξ</span> 
     </span>
    </p>
   </div>
   <div class='ocr_carea' id='block_1_35' title="bbox 2102 766 3774 837">
    <p class='ocr_par' dir='ltr' id='par_1_35' title="bbox 2102 766 3774 837">
     <span class='ocr_line' id='line_1_35' title="bbox 2102 766 3774 837; baseline -0.001 -17"><span class='ocrx_word' id='word_1_266' title='bbox 2102 769 2242 820; x_wconf 82' lang='lat' dir='ltr'>Ante</span> <span class='ocrx_word' id='word_1_267' title='bbox 2272 768 2459 837; x_wconf 90' lang='lat' dir='ltr'>ipsum</span> <span class='ocrx_word' id='word_1_268' title='bbox 2492 767 2773 837; x_wconf 88' lang='lat' dir='ltr'>hospitale</span> <span class='ocrx_word' id='word_1_269' title='bbox 2804 771 2887 819; x_wconf 88' lang='lat' dir='ltr'>est</span> <span class='ocrx_word' id='word_1_270' title='bbox 2906 766 3114 827; x_wconf 89' lang='lat' dir='ltr'>forum,</span> <span class='ocrx_word' id='word_1_271' title='bbox 3135 783 3241 836; x_wconf 89' lang='lat' dir='ltr'>pro</span> <span class='ocrx_word' id='word_1_272' title='bbox 3262 783 3378 836; x_wconf 91' lang='lat' dir='ltr'>quo</span> <span class='ocrx_word' id='word_1_273' title='bbox 3400 768 3774 837; x_wconf 79' lang='lat' dir='ltr'>unusquisque</span> 
     </span>
    </p>
   </div>
   <div class='ocr_carea' id='block_1_36' title="bbox 2103 853 3775 925">
    <p class='ocr_par' dir='ltr' id='par_1_36' title="bbox 2103 853 3775 925">
     <span class='ocr_line' id='line_1_36' title="bbox 2103 853 3775 925; baseline 0.002 -20"><span class='ocrx_word' id='word_1_274' title='bbox 2103 853 2183 907; x_wconf 91' lang='lat' dir='ltr'>ibi</span> <span class='ocrx_word' id='word_1_275' title='bbox 2215 854 2517 924; x_wconf 86' lang='lat' dir='ltr'>negotians</span> <span class='ocrx_word' id='word_1_276' title='bbox 2544 855 2601 908; x_wconf 90' lang='lat' dir='ltr'>in</span> <span class='ocrx_word' id='word_1_277' title='bbox 2636 870 2786 907; x_wconf 86' lang='lat' dir='ltr'>anno</span> <span class='ocrx_word' id='word_1_278' title='bbox 2818 854 2987 907; x_wconf 87' lang='lat' dir='ltr'>solvit</span> <span class='ocrx_word' id='word_1_279' title='bbox 3014 854 3154 907; x_wconf 88' lang='lat' dir='ltr'>duos</span> <span class='ocrx_word' id='word_1_280' title='bbox 3186 871 3388 908; x_wconf 89' lang='lat' dir='ltr'>aureos</span> <span class='ocrx_word' id='word_1_281' title='bbox 3417 855 3505 908; x_wconf 90' lang='lat' dir='ltr'>illi</span> <span class='ocrx_word' id='word_1_282' title='bbox 3538 856 3643 925; x_wconf 83' lang='lat' dir='ltr'>qui</span> <span class='ocrx_word' id='word_1_283' title='bbox 3664 855 3775 908; x_wconf 81' lang='lat' dir='ltr'>illud</span> 
     </span>
    </p>
   </div>
   <div class='ocr_carea' id='block_1_37' title="bbox 2103 942 3776 1013">
    <p class='ocr_par' dir='ltr' id='par_1_37' title="bbox 2103 942 3776 1013">
     <span class='ocr_line' id='line_1_37' title="bbox 2103 942 3776 1013; baseline 0 -19"><span class='ocrx_word' id='word_1_284' title='bbox 2103 942 2386 1012; x_wconf 88' lang='lat' dir='ltr'>providet.</span> <span class='ocrx_word' id='word_1_285' title='bbox 2422 942 2576 996; x_wconf 87' lang='lat' dir='ltr'>Infra</span> <span class='ocrx_word' id='word_1_286' title='bbox 2614 943 2760 996; x_wconf 89' lang='lat' dir='ltr'>hanc</span> <span class='ocrx_word' id='word_1_287' title='bbox 2798 942 3106 1005; x_wconf 87' lang='lat' dir='ltr'>civitatem,</span> <span class='ocrx_word' id='word_1_288' title='bbox 3156 944 3406 1013; x_wconf 83' lang='lat' dir='ltr'>exceptis</span> <span class='ocrx_word' id='word_1_289' title='bbox 3454 943 3591 996; x_wconf 87' lang='lat' dir='ltr'>aliis</span> <span class='ocrx_word' id='word_1_290' title='bbox 3633 942 3776 995; x_wconf 79' lang='lat' dir='ltr'>eccle-</span> 
     </span>
    </p>
   </div>
   <div class='ocr_carea' id='block_1_38' title="bbox 2105 1031 3841 1103">
    <p class='ocr_par' dir='ltr' id='par_1_38' title="bbox 2105 1031 3841 1103">
     <span class='ocr_line' id='line_1_38' title="bbox 2105 1031 3841 1103; baseline -0.001 -19"><span class='ocrx_word' id='word_1_291' title='bbox 2105 1031 2221 1095; x_wconf 90' lang='lat' dir='ltr'>siis,</span> <span class='ocrx_word' id='word_1_292' title='bbox 2263 1036 2510 1101; x_wconf 88' lang='lat' dir='ltr'>quatuor</span> <span class='ocrx_word' id='word_1_293' title='bbox 2552 1031 2809 1084; x_wconf 86' lang='lat' dir='ltr'>eminent</span> <span class='ocrx_word' id='word_1_294' title='bbox 2853 1031 3122 1095; x_wconf 70' lang='lat' dir='ltr'>ecclesite,</span> <span class='ocrx_word' id='word_1_295' title='bbox 3170 1032 3386 1084; x_wconf 86' lang='lat' dir='ltr'>mutuis</span> <span class='ocrx_word' id='word_1_296' title='bbox 3434 1031 3677 1084; x_wconf 84' lang='lat' dir='ltr'>sibimet</span> <span class='ocrx_word' id='word_1_297' title='bbox 3701 1048 3778 1100; x_wconf 66' lang='grc' dir='ltr'>μισ</span> <span class='ocrx_word' id='word_1_298' title='bbox 3840 1038 3841 1103; x_wconf 49' lang='grc' dir='ltr'><em>Ῐ</em></span> 
     </span>
    </p>
   </div>
   <div class='ocr_carea' id='block_1_39' title="bbox 2106 1120 3781 1183">
    <p class='ocr_par' dir='ltr' id='par_1_39' title="bbox 2106 1120 3781 1183">
     <span class='ocr_line' id='line_1_39' title="bbox 2106 1120 3781 1183; baseline -0.001 -10"><span class='ocrx_word' id='word_1_299' title='bbox 2106 1120 2342 1173; x_wconf 81' lang='lat' dir='ltr'>rictibus</span> <span class='ocrx_word' id='word_1_300' title='bbox 2400 1120 2751 1173; x_wconf 67' lang='lat' dir='ltr'>cohzereutes</span> <span class='ocrx_word' id='word_1_301' title='bbox 2810 1136 2822 1173; x_wconf 89' lang='lat'>:</span> <span class='ocrx_word' id='word_1_302' title='bbox 2882 1136 2998 1172; x_wconf 87' lang='lat' dir='ltr'>una</span> <span class='ocrx_word' id='word_1_303' title='bbox 3054 1120 3315 1173; x_wconf 81' lang='lat' dir='ltr'>videlicet</span> <span class='ocrx_word' id='word_1_304' title='bbox 3370 1120 3441 1173; x_wconf 85' lang='lat' dir='ltr'>ad</span> <span class='ocrx_word' id='word_1_305' title='bbox 3496 1120 3781 1183; x_wconf 76' lang='lat' dir='ltr'>orientem,</span> 
     </span>
    </p>
   </div>
   <div class='ocr_carea' id='block_1_40' title="bbox 2106 1208 3841 1280">
    <p class='ocr_par' dir='ltr' id='par_1_40' title="bbox 2106 1208 3841 1280">
     <span class='ocr_line' id='line_1_40' title="bbox 2106 1208 3841 1280; baseline -0.001 -19"><span class='ocrx_word' id='word_1_306' title='bbox 2106 1225 2235 1280; x_wconf 65' lang='lat' dir='ltr'>qua:</span> <span class='ocrx_word' id='word_1_307' title='bbox 2274 1208 2445 1262; x_wconf 91' lang='lat' dir='ltr'>habet</span> <span class='ocrx_word' id='word_1_308' title='bbox 2476 1215 2731 1262; x_wconf 85' lang='lat' dir='ltr'>montem</span> <span class='ocrx_word' id='word_1_309' title='bbox 2775 1208 3062 1273; x_wconf 59' lang='lat' dir='ltr'>Calvarim,</span> <span class='ocrx_word' id='word_1_310' title='bbox 3114 1213 3171 1261; x_wconf 91' lang='lat' dir='ltr'>et</span> <span class='ocrx_word' id='word_1_311' title='bbox 3218 1208 3405 1261; x_wconf 90' lang='lat' dir='ltr'>locum</span> <span class='ocrx_word' id='word_1_312' title='bbox 3450 1208 3513 1261; x_wconf 91' lang='lat' dir='ltr'>in</span> <span class='ocrx_word' id='word_1_313' title='bbox 3566 1225 3677 1278; x_wconf 87' lang='lat' dir='ltr'>quo</span> <span class='ocrx_word' id='word_1_314' title='bbox 3721 1225 3783 1261; x_wconf 80' lang='lat' dir='ltr'>re—</span> <span class='ocrx_word' id='word_1_315' title='bbox 3840 1214 3841 1277; x_wconf 68' lang='grc' dir='ltr'>Ῑ</span> 
     </span>
    </p>
   </div>
   <div class='ocr_carea' id='block_1_41' title="bbox 2105 1296 3841 1368">
    <p class='ocr_par' dir='ltr' id='par_1_41' title="bbox 2105 1296 3841 1368">
     <span class='ocr_line' id='line_1_41' title="bbox 2105 1296 3841 1368; baseline -0.001 -18"><span class='ocrx_word' id='word_1_316' title='bbox 2105 1303 2268 1368; x_wconf 86' lang='lat' dir='ltr'>perta</span> <span class='ocrx_word' id='word_1_317' title='bbox 2310 1298 2417 1350; x_wconf 89' lang='lat' dir='ltr'>fuit</span> <span class='ocrx_word' id='word_1_318' title='bbox 2445 1313 2579 1349; x_wconf 85' lang='lat' dir='ltr'>crux</span> <span class='ocrx_word' id='word_1_319' title='bbox 2614 1296 2863 1361; x_wconf 86' lang='lat' dir='ltr'>Domini,</span> <span class='ocrx_word' id='word_1_320' title='bbox 2909 1301 2966 1349; x_wconf 92' lang='lat' dir='ltr'>et</span> <span class='ocrx_word' id='word_1_321' title='bbox 2997 1301 3226 1350; x_wconf 89' lang='lat' dir='ltr'>vocatur</span> <span class='ocrx_word' id='word_1_322' title='bbox 3260 1296 3498 1350; x_wconf 88' lang='lat' dir='ltr'>basilica</span> <span class='ocrx_word' id='word_1_323' title='bbox 3532 1298 3783 1351; x_wconf 76' lang='lat' dir='ltr'>Constan-</span> <span class='ocrx_word' id='word_1_324' title='bbox 3840 1330 3841 1335; x_wconf 61' lang='grc' dir='ltr'><strong>η</strong></span> 
     </span>
    </p>
   </div>
   <div class='ocr_carea' id='block_1_42' title="bbox 2106 1384 3841 1454">
    <p class='ocr_par' dir='ltr' id='par_1_42' title="bbox 2106 1384 3841 1454">
     <span class='ocr_line' id='line_1_42' title="bbox 2106 1384 3841 1454; baseline -0.002 -14"><span class='ocrx_word' id='word_1_325' title='bbox 2106 1386 2240 1451; x_wconf 89' lang='lat' dir='ltr'>tini;</span> <span class='ocrx_word' id='word_1_326' title='bbox 2276 1385 2384 1438; x_wconf 88' lang='lat' dir='ltr'>alia</span> <span class='ocrx_word' id='word_1_327' title='bbox 2416 1386 2483 1439; x_wconf 91' lang='lat' dir='ltr'>ad</span> <span class='ocrx_word' id='word_1_328' title='bbox 2510 1384 2837 1449; x_wconf 81' lang='lat' dir='ltr'>meridiem;</span> <span class='ocrx_word' id='word_1_329' title='bbox 2871 1384 3039 1437; x_wconf 90' lang='lat' dir='ltr'>tertia</span> <span class='ocrx_word' id='word_1_330' title='bbox 3071 1385 3139 1438; x_wconf 91' lang='lat' dir='ltr'>ad</span> <span class='ocrx_word' id='word_1_331' title='bbox 3162 1385 3544 1450; x_wconf 88' lang='lat' dir='ltr'>occidentem,</span> <span class='ocrx_word' id='word_1_332' title='bbox 3568 1386 3629 1438; x_wconf 89' lang='lat' dir='ltr'>in</span> <span class='ocrx_word' id='word_1_333' title='bbox 3650 1388 3784 1454; x_wconf 82' lang='lat' dir='ltr'>cujus</span> <span class='ocrx_word' id='word_1_334' title='bbox 3840 1412 3841 1417; x_wconf 58' lang='grc' dir='ltr'><strong>η</strong></span> 
     </span>
    </p>
   </div>
   <div class='ocr_carea' id='block_1_43' title="bbox 2108 1472 3785 1541">
    <p class='ocr_par' dir='ltr' id='par_1_43' title="bbox 2108 1472 3785 1541">
     <span class='ocr_line' id='line_1_43' title="bbox 2108 1472 3785 1541; baseline -0.001 -14"><span class='ocrx_word' id='word_1_335' title='bbox 2108 1474 2294 1527; x_wconf 90' lang='lat' dir='ltr'>medio</span> <span class='ocrx_word' id='word_1_336' title='bbox 2327 1478 2409 1526; x_wconf 90' lang='lat' dir='ltr'>est</span> <span class='ocrx_word' id='word_1_337' title='bbox 2438 1474 2764 1541; x_wconf 90' lang='lat' dir='ltr'>sepulcrum</span> <span class='ocrx_word' id='word_1_338' title='bbox 2793 1472 3037 1537; x_wconf 87' lang='lat' dir='ltr'>Domini,</span> <span class='ocrx_word' id='word_1_339' title='bbox 3072 1472 3289 1525; x_wconf 83' lang='lat' dir='ltr'>habens</span> <span class='ocrx_word' id='word_1_340' title='bbox 3324 1490 3375 1526; x_wconf 66' lang='grc' dir='ltr'>ιχ</span> <span class='ocrx_word' id='word_1_341' title='bbox 3415 1474 3713 1526; x_wconf 81' lang='lat' dir='ltr'>columnas</span> <span class='ocrx_word' id='word_1_342' title='bbox 3741 1474 3785 1525; x_wconf 85' lang='lat' dir='ltr'>in</span> 
     </span>
    </p>
   </div>
   <div class='ocr_carea' id='block_1_44' title="bbox 2107 1560 3786 1631">
    <p class='ocr_par' dir='ltr' id='par_1_44' title="bbox 2107 1560 3786 1631">
     <span class='ocr_line' id='line_1_44' title="bbox 2107 1560 3786 1631; baseline 0 -18"><span class='ocrx_word' id='word_1_343' title='bbox 2107 1561 2350 1613; x_wconf 88' lang='lat' dir='ltr'>circuitu</span> <span class='ocrx_word' id='word_1_344' title='bbox 2382 1560 2488 1625; x_wconf 90' lang='lat' dir='ltr'>sui,</span> <span class='ocrx_word' id='word_1_345' title='bbox 2527 1560 2675 1613; x_wconf 83' lang='lat' dir='ltr'>inter</span> <span class='ocrx_word' id='word_1_346' title='bbox 2720 1576 2861 1629; x_wconf 88' lang='lat' dir='ltr'>quas</span> <span class='ocrx_word' id='word_1_347' title='bbox 2894 1561 3212 1613; x_wconf 74' lang='lat' dir='ltr'>consistunt</span> <span class='ocrx_word' id='word_1_348' title='bbox 3255 1562 3505 1631; x_wconf 86' lang='lat' dir='ltr'>parietes</span> <span class='ocrx_word' id='word_1_349' title='bbox 3548 1578 3615 1614; x_wconf 82' lang='lat' dir='ltr'>ex</span> <span class='ocrx_word' id='word_1_350' title='bbox 3663 1564 3786 1631; x_wconf 76' lang='lat' dir='ltr'>opti-</span> 
     </span>
    </p>
   </div>
   <div class='ocr_carea' id='block_1_45' title="bbox 2109 1648 3787 1718">
    <p class='ocr_par' dir='ltr' id='par_1_45' title="bbox 2109 1648 3787 1718">
     <span class='ocr_line' id='line_1_45' title="bbox 2109 1648 3787 1718; baseline -0.001 -16"><span class='ocrx_word' id='word_1_351' title='bbox 2109 1650 2218 1702; x_wconf 89' lang='lat' dir='ltr'>mis</span> <span class='ocrx_word' id='word_1_352' title='bbox 2249 1648 2534 1718; x_wconf 88' lang='lat' dir='ltr'>lapidibus</span> <span class='ocrx_word' id='word_1_353' title='bbox 2566 1664 2577 1701; x_wconf 90' lang='lat'>:</span> <span class='ocrx_word' id='word_1_354' title='bbox 2612 1664 2676 1701; x_wconf 81' lang='lat' dir='ltr'>ex</span> <span class='ocrx_word' id='word_1_355' title='bbox 2710 1648 2917 1718; x_wconf 89' lang='lat' dir='ltr'>quibus</span> <span class='ocrx_word' id='word_1_356' title='bbox 2950 1666 3004 1701; x_wconf 77' lang='grc' dir='ltr'>ιχ</span> <span class='ocrx_word' id='word_1_357' title='bbox 3042 1650 3349 1713; x_wconf 87' lang='lat' dir='ltr'>columnis,</span> <span class='ocrx_word' id='word_1_358' title='bbox 3400 1667 3450 1702; x_wconf 79' lang='lat' dir='ltr'>iv</span> <span class='ocrx_word' id='word_1_359' title='bbox 3498 1657 3637 1702; x_wconf 88' lang='lat' dir='ltr'>sunt</span> <span class='ocrx_word' id='word_1_360' title='bbox 3681 1662 3787 1703; x_wconf 79' lang='lat' dir='ltr'>ante</span> 
     </span>
    </p>
   </div>
   <div class='ocr_carea' id='block_1_46' title="bbox 2038 1708 3787 1808">
    <p class='ocr_par' dir='ltr' id='par_1_46' title="bbox 2038 1708 3787 1808">
     <span class='ocr_line' id='line_1_46' title="bbox 2038 1708 3787 1808; baseline -0.001 -17"><span class='ocrx_word' id='word_1_361' title='bbox 2038 1708 2078 1761; x_wconf 75' lang='grc' dir='ltr'><strong>Β</strong></span> <span class='ocrx_word' id='word_1_362' title='bbox 2111 1738 2312 1792; x_wconf 86' lang='lat' dir='ltr'>faciem</span> <span class='ocrx_word' id='word_1_363' title='bbox 2343 1737 2522 1807; x_wconf 90' lang='lat' dir='ltr'>ipsius</span> <span class='ocrx_word' id='word_1_364' title='bbox 2554 1737 2934 1804; x_wconf 86' lang='lat' dir='ltr'>monumenti,</span> <span class='ocrx_word' id='word_1_365' title='bbox 2977 1753 3106 1807; x_wconf 65' lang='lat' dir='ltr'>qua:</span> <span class='ocrx_word' id='word_1_366' title='bbox 3144 1754 3273 1790; x_wconf 89' lang='lat' dir='ltr'>cum</span> <span class='ocrx_word' id='word_1_367' title='bbox 3321 1738 3440 1790; x_wconf 89' lang='lat' dir='ltr'>suis</span> <span class='ocrx_word' id='word_1_368' title='bbox 3488 1739 3787 1808; x_wconf 68' lang='lat' dir='ltr'>parietibus</span> 
     </span>
    </p>
   </div>
   <div class='ocr_carea' id='block_1_47' title="bbox 2107 1826 3788 1897">
    <p class='ocr_par' dir='ltr' id='par_1_47' title="bbox 2107 1826 3788 1897">
     <span class='ocr_line' id='line_1_47' title="bbox 2107 1826 3788 1897; baseline 0 -17"><span class='ocrx_word' id='word_1_369' title='bbox 2107 1828 2379 1880; x_wconf 87' lang='lat' dir='ltr'>claudunt</span> <span class='ocrx_word' id='word_1_370' title='bbox 2430 1826 2679 1896; x_wconf 87' lang='lat' dir='ltr'>lapidem</span> <span class='ocrx_word' id='word_1_371' title='bbox 2727 1841 2919 1878; x_wconf 86' lang='lat' dir='ltr'>coram</span> <span class='ocrx_word' id='word_1_372' title='bbox 2979 1828 3241 1896; x_wconf 88' lang='lat' dir='ltr'>sepulcro</span> <span class='ocrx_word' id='word_1_373' title='bbox 3298 1827 3577 1896; x_wconf 81' lang='lat' dir='ltr'>positum,</span> <span class='ocrx_word' id='word_1_374' title='bbox 3638 1844 3788 1897; x_wconf 83' lang='lat' dir='ltr'>quem</span> 
     </span>
    </p>
   </div>
   <div class='ocr_carea' id='block_1_48' title="bbox 2110 1915 3789 1986">
    <p class='ocr_par' dir='ltr' id='par_1_48' title="bbox 2110 1915 3789 1986">
     <span class='ocr_line' id='line_1_48' title="bbox 2110 1915 3789 1986; baseline -0.001 -16"><span class='ocrx_word' id='word_1_375' title='bbox 2110 1918 2346 1986; x_wconf 84' lang='lat' dir='ltr'>angelus</span> <span class='ocrx_word' id='word_1_376' title='bbox 2375 1915 2632 1981; x_wconf 90' lang='lat' dir='ltr'>revolvit,</span> <span class='ocrx_word' id='word_1_377' title='bbox 2666 1920 2721 1968; x_wconf 92' lang='lat' dir='ltr'>et</span> <span class='ocrx_word' id='word_1_378' title='bbox 2764 1931 2939 1984; x_wconf 88' lang='lat' dir='ltr'>super</span> <span class='ocrx_word' id='word_1_379' title='bbox 2968 1931 3138 1985; x_wconf 88' lang='lat' dir='ltr'>quem</span> <span class='ocrx_word' id='word_1_380' title='bbox 3177 1915 3324 1969; x_wconf 87' lang='lat' dir='ltr'>sedit</span> <span class='ocrx_word' id='word_1_381' title='bbox 3356 1922 3485 1986; x_wconf 85' lang='lat' dir='ltr'>post</span> <span class='ocrx_word' id='word_1_382' title='bbox 3516 1922 3789 1986; x_wconf 84' lang='lat' dir='ltr'>peractam</span> 
     </span>
    </p>
   </div>
   <div class='ocr_carea' id='block_1_49' title="bbox 2113 2004 3791 2075">
    <p class='ocr_par' dir='ltr' id='par_1_49' title="bbox 2113 2004 3791 2075">
     <span class='ocr_line' id='line_1_49' title="bbox 2113 2004 3791 2075; baseline -0.001 -16"><span class='ocrx_word' id='word_1_383' title='bbox 2113 2004 2342 2059; x_wconf 88' lang='lat' dir='ltr'>Domini</span> <span class='ocrx_word' id='word_1_384' title='bbox 2389 2004 2887 2058; x_wconf 89' lang='lat' dir='ltr'>resurrectionem.</span> <span class='ocrx_word' id='word_1_385' title='bbox 2939 2005 3014 2057; x_wconf 87' lang='lat' dir='ltr'>De</span> <span class='ocrx_word' id='word_1_386' title='bbox 3070 2005 3176 2057; x_wconf 92' lang='lat' dir='ltr'>hoc</span> <span class='ocrx_word' id='word_1_387' title='bbox 3234 2006 3498 2075; x_wconf 89' lang='lat' dir='ltr'>sepulcro</span> <span class='ocrx_word' id='word_1_388' title='bbox 3556 2021 3671 2058; x_wconf 90' lang='lat' dir='ltr'>non</span> <span class='ocrx_word' id='word_1_389' title='bbox 3724 2013 3791 2057; x_wconf 80' lang='lat' dir='ltr'>est</span> 
     </span>
    </p>
   </div>
   <div class='ocr_carea' id='block_1_50' title="bbox 2108 2092 3788 2162">
    <p class='ocr_par' dir='ltr' id='par_1_50' title="bbox 2108 2092 3788 2162">
     <span class='ocr_line' id='line_1_50' title="bbox 2108 2092 3788 2162; baseline -0.002 -15"><span class='ocrx_word' id='word_1_390' title='bbox 2108 2108 2336 2147; x_wconf 90' lang='lat' dir='ltr'>necesse</span> <span class='ocrx_word' id='word_1_391' title='bbox 2380 2093 2547 2162; x_wconf 87' lang='lat' dir='ltr'>plura</span> <span class='ocrx_word' id='word_1_392' title='bbox 2589 2092 2858 2159; x_wconf 87' lang='lat' dir='ltr'>scribere,</span> <span class='ocrx_word' id='word_1_393' title='bbox 2905 2108 3034 2146; x_wconf 93' lang='lat' dir='ltr'>cum</span> <span class='ocrx_word' id='word_1_394' title='bbox 3077 2092 3296 2146; x_wconf 90' lang='lat' dir='ltr'>dicatur</span> <span class='ocrx_word' id='word_1_395' title='bbox 3332 2093 3480 2146; x_wconf 83' lang='lat' dir='ltr'>Beda</span> <span class='ocrx_word' id='word_1_396' title='bbox 3519 2094 3583 2146; x_wconf 90' lang='lat' dir='ltr'>in</span> <span class='ocrx_word' id='word_1_397' title='bbox 3628 2095 3788 2146; x_wconf 84' lang='lat' dir='ltr'>Histo-</span> 
     </span>
    </p>
   </div>
   <div class='ocr_carea' id='block_1_51' title="bbox 2110 2180 3788 2251">
    <p class='ocr_par' dir='ltr' id='par_1_51' title="bbox 2110 2180 3788 2251">
     <span class='ocr_line' id='line_1_51' title="bbox 2110 2180 3788 2251; baseline -0.001 -16"><span class='ocrx_word' id='word_1_398' title='bbox 2110 2182 2194 2235; x_wconf 88' lang='lat' dir='ltr'>ria</span> <span class='ocrx_word' id='word_1_399' title='bbox 2232 2182 2552 2251; x_wconf 89' lang='lat' dir='ltr'>Anglorum</span> <span class='ocrx_word' id='word_1_400' title='bbox 2584 2180 2923 2235; x_wconf 88' lang='lat' dir='ltr'>sufﬁcientia</span> <span class='ocrx_word' id='word_1_401' title='bbox 2952 2180 3161 2247; x_wconf 88' lang='lat' dir='ltr'>dicere,</span> <span class='ocrx_word' id='word_1_402' title='bbox 3197 2197 3325 2251; x_wconf 66' lang='lat' dir='ltr'>qua:</span> <span class='ocrx_word' id='word_1_403' title='bbox 3359 2187 3415 2235; x_wconf 90' lang='lat' dir='ltr'>et</span> <span class='ocrx_word' id='word_1_404' title='bbox 3455 2197 3561 2234; x_wconf 91' lang='lat' dir='ltr'>nos</span> <span class='ocrx_word' id='word_1_405' title='bbox 3606 2198 3788 2251; x_wconf 80' lang='lat' dir='ltr'>possu-</span> 
     </span>
    </p>
   </div>
   <div class='ocr_carea' id='block_1_52' title="bbox 2109 2269 3788 2340">
    <p class='ocr_par' dir='ltr' id='par_1_52' title="bbox 2109 2269 3788 2340">
     <span class='ocr_line' id='line_1_52' title="bbox 2109 2269 3788 2340; baseline -0.001 -17"><span class='ocrx_word' id='word_1_406' title='bbox 2109 2287 2236 2323; x_wconf 91' lang='lat' dir='ltr'>mus</span> <span class='ocrx_word' id='word_1_407' title='bbox 2282 2271 2513 2324; x_wconf 87' lang='lat' dir='ltr'>referre.</span> <span class='ocrx_word' id='word_1_408' title='bbox 2572 2271 2684 2323; x_wconf 85' lang='lat' dir='ltr'>Hoc</span> <span class='ocrx_word' id='word_1_409' title='bbox 2742 2275 2935 2323; x_wconf 84' lang='lat' dir='ltr'>tamen</span> <span class='ocrx_word' id='word_1_410' title='bbox 2988 2269 3294 2322; x_wconf 88' lang='lat' dir='ltr'>dicendum</span> <span class='ocrx_word' id='word_1_411' title='bbox 3347 2270 3503 2340; x_wconf 89' lang='lat' dir='ltr'>quod</span> <span class='ocrx_word' id='word_1_412' title='bbox 3566 2270 3788 2322; x_wconf 74' lang='lat' dir='ltr'>Sabbato</span> 
     </span>
    </p>
   </div>
   <div class='ocr_carea' id='block_1_53' title="bbox 2110 2358 3788 2429">
    <p class='ocr_par' dir='ltr' id='par_1_53' title="bbox 2110 2358 3788 2429">
     <span class='ocr_line' id='line_1_53' title="bbox 2110 2358 3788 2429; baseline -0.001 -17"><span class='ocrx_word' id='word_1_413' title='bbox 2110 2363 2324 2425; x_wconf 89' lang='lat' dir='ltr'>sancto,</span> <span class='ocrx_word' id='word_1_414' title='bbox 2361 2359 2512 2429; x_wconf 92' lang='lat' dir='ltr'>quod</span> <span class='ocrx_word' id='word_1_415' title='bbox 2545 2364 2627 2411; x_wconf 89' lang='lat' dir='ltr'>est</span> <span class='ocrx_word' id='word_1_416' title='bbox 2657 2358 2852 2429; x_wconf 89' lang='lat' dir='ltr'>vigilia</span> <span class='ocrx_word' id='word_1_417' title='bbox 2882 2359 3129 2425; x_wconf 62' lang='lat' dir='ltr'>Paschaa,</span> <span class='ocrx_word' id='word_1_418' title='bbox 3162 2374 3329 2412; x_wconf 86' lang='lat' dir='ltr'>mane</span> <span class='ocrx_word' id='word_1_419' title='bbox 3374 2360 3634 2412; x_wconf 88' lang='lat' dir='ltr'>ofﬁcium</span> <span class='ocrx_word' id='word_1_420' title='bbox 3672 2360 3788 2411; x_wconf 85' lang='lat' dir='ltr'>inci-</span> 
     </span>
    </p>
   </div>
   <div class='ocr_carea' id='block_1_54' title="bbox 2110 2446 3787 2518">
    <p class='ocr_par' dir='ltr' id='par_1_54' title="bbox 2110 2446 3787 2518">
     <span class='ocr_line' id='line_1_54' title="bbox 2110 2446 3787 2518; baseline -0.001 -18"><span class='ocrx_word' id='word_1_421' title='bbox 2110 2448 2266 2518; x_wconf 90' lang='lat' dir='ltr'>pitur</span> <span class='ocrx_word' id='word_1_422' title='bbox 2297 2448 2355 2501; x_wconf 92' lang='lat' dir='ltr'>in</span> <span class='ocrx_word' id='word_1_423' title='bbox 2387 2446 2621 2501; x_wconf 85' lang='lat' dir='ltr'>ecclesia</span> <span class='ocrx_word' id='word_1_424' title='bbox 2659 2463 2670 2500; x_wconf 94' lang='lat'>:</span> <span class='ocrx_word' id='word_1_425' title='bbox 2706 2451 2761 2500; x_wconf 85' lang='lat' dir='ltr'>et</span> <span class='ocrx_word' id='word_1_426' title='bbox 2802 2452 2931 2517; x_wconf 91' lang='lat' dir='ltr'>post</span> <span class='ocrx_word' id='word_1_427' title='bbox 2979 2453 3273 2516; x_wconf 87' lang='lat' dir='ltr'>peractum</span> <span class='ocrx_word' id='word_1_428' title='bbox 3321 2448 3606 2512; x_wconf 89' lang='lat' dir='ltr'>ofﬁcium,</span> <span class='ocrx_word' id='word_1_429' title='bbox 3649 2449 3787 2514; x_wconf 65' lang='lat' dir='ltr'>Kyriz;</span> 
     </span>
    </p>
   </div>
   <div class='ocr_carea' id='block_1_55' title="bbox 2109 2535 3788 2603">
    <p class='ocr_par' dir='ltr' id='par_1_55' title="bbox 2109 2535 3788 2603">
     <span class='ocr_line' id='line_1_55' title="bbox 2109 2535 3788 2603; baseline -0.002 -13"><span class='ocrx_word' id='word_1_430' title='bbox 2109 2539 2303 2590; x_wconf 64' lang='grc' dir='ltr'>αἱρέεοη</span> <span class='ocrx_word' id='word_1_431' title='bbox 2358 2536 2603 2603; x_wconf 89' lang='lat' dir='ltr'>canitur,</span> <span class='ocrx_word' id='word_1_432' title='bbox 2665 2536 2846 2589; x_wconf 90' lang='lat' dir='ltr'>donec</span> <span class='ocrx_word' id='word_1_433' title='bbox 2899 2535 3163 2589; x_wconf 89' lang='lat' dir='ltr'>veniente</span> <span class='ocrx_word' id='word_1_434' title='bbox 3221 2538 3425 2603; x_wconf 81' lang='lat' dir='ltr'>angelo</span> <span class='ocrx_word' id='word_1_435' title='bbox 3496 2538 3691 2590; x_wconf 85' lang='lat' dir='ltr'>lumen</span> <span class='ocrx_word' id='word_1_436' title='bbox 3744 2536 3788 2587; x_wconf 82' lang='lat' dir='ltr'>in</span> 
     </span>
    </p>
   </div>
   <div class='ocr_carea' id='block_1_56' title="bbox 2109 2625 3790 2695">
    <p class='ocr_par' dir='ltr' id='par_1_56' title="bbox 2109 2625 3790 2695">
     <span class='ocr_line' id='line_1_56' title="bbox 2109 2625 3790 2695; baseline -0.001 -17"><span class='ocrx_word' id='word_1_437' title='bbox 2109 2625 2467 2695; x_wconf 87' lang='lat' dir='ltr'>lampadibus</span> <span class='ocrx_word' id='word_1_438' title='bbox 2512 2625 2874 2690; x_wconf 86' lang='lat' dir='ltr'>accendatur,</span> <span class='ocrx_word' id='word_1_439' title='bbox 2921 2641 3050 2694; x_wconf 68' lang='lat' dir='ltr'>quze</span> <span class='ocrx_word' id='word_1_440' title='bbox 3098 2625 3351 2695; x_wconf 88' lang='lat' dir='ltr'>pendent</span> <span class='ocrx_word' id='word_1_441' title='bbox 3388 2642 3566 2695; x_wconf 88' lang='lat' dir='ltr'>super</span> <span class='ocrx_word' id='word_1_442' title='bbox 3607 2626 3790 2695; x_wconf 45' lang='lat' dir='ltr'>praede</span> 
     </span>
    </p>
   </div>
   <div class='ocr_carea' id='block_1_57' title="bbox 2110 2713 3791 2783">
    <p class='ocr_par' dir='ltr' id='par_1_57' title="bbox 2110 2713 3791 2783">
     <span class='ocr_line' id='line_1_57' title="bbox 2110 2713 3791 2783; baseline -0.003 -15"><span class='ocrx_word' id='word_1_443' title='bbox 2110 2719 2263 2768; x_wconf 89' lang='lat' dir='ltr'>ctum</span> <span class='ocrx_word' id='word_1_444' title='bbox 2297 2714 2623 2783; x_wconf 89' lang='lat' dir='ltr'>sepulcrum</span> <span class='ocrx_word' id='word_1_445' title='bbox 2658 2730 2669 2766; x_wconf 88' lang='lat'>:</span> <span class='ocrx_word' id='word_1_446' title='bbox 2704 2714 2771 2767; x_wconf 90' lang='lat' dir='ltr'>de</span> <span class='ocrx_word' id='word_1_447' title='bbox 2805 2729 2919 2782; x_wconf 90' lang='lat' dir='ltr'>quo</span> <span class='ocrx_word' id='word_1_448' title='bbox 2956 2713 3051 2767; x_wconf 91' lang='lat' dir='ltr'>dat</span> <span class='ocrx_word' id='word_1_449' title='bbox 3080 2714 3407 2781; x_wconf 87' lang='lat' dir='ltr'>patriarcha</span> <span class='ocrx_word' id='word_1_450' title='bbox 3438 2713 3719 2783; x_wconf 83' lang='lat' dir='ltr'>episcopis</span> <span class='ocrx_word' id='word_1_451' title='bbox 3749 2719 3791 2765; x_wconf 88' lang='lat' dir='ltr'>et</span> 
     </span>
    </p>
   </div>
   <div class='ocr_carea' id='block_1_58' title="bbox 2110 2800 3788 2872">
    <p class='ocr_par' dir='ltr' id='par_1_58' title="bbox 2110 2800 3788 2872">
     <span class='ocr_line' id='line_1_58' title="bbox 2110 2800 3788 2872; baseline -0.001 -17"><span class='ocrx_word' id='word_1_452' title='bbox 2110 2803 2334 2872; x_wconf 89' lang='lat' dir='ltr'>reliquo</span> <span class='ocrx_word' id='word_1_453' title='bbox 2364 2802 2601 2871; x_wconf 88' lang='lat' dir='ltr'>populo,</span> <span class='ocrx_word' id='word_1_454' title='bbox 2641 2806 2706 2855; x_wconf 90' lang='lat' dir='ltr'>ut</span> <span class='ocrx_word' id='word_1_455' title='bbox 2744 2801 3032 2854; x_wconf 90' lang='lat' dir='ltr'>illuminet</span> <span class='ocrx_word' id='word_1_456' title='bbox 3073 2800 3180 2854; x_wconf 91' lang='lat' dir='ltr'>sibi</span> <span class='ocrx_word' id='word_1_457' title='bbox 3228 2801 3289 2854; x_wconf 91' lang='lat' dir='ltr'>in</span> <span class='ocrx_word' id='word_1_458' title='bbox 3338 2801 3455 2853; x_wconf 91' lang='lat' dir='ltr'>suis</span> <span class='ocrx_word' id='word_1_459' title='bbox 3502 2802 3662 2854; x_wconf 88' lang='lat' dir='ltr'>locis.</span> <span class='ocrx_word' id='word_1_460' title='bbox 3712 2801 3788 2853; x_wconf 86' lang='lat' dir='ltr'>Hic</span> 
     </span>
    </p>
   </div>
   <div class='ocr_carea' id='block_1_59' title="bbox 2113 2889 3784 2960">
    <p class='ocr_par' dir='ltr' id='par_1_59' title="bbox 2113 2889 3784 2960">
     <span class='ocr_line' id='line_1_59' title="bbox 2113 2889 3784 2960; baseline 0.001 -16"><span class='ocrx_word' id='word_1_461' title='bbox 2113 2895 2299 2944; x_wconf 86' lang='lat' dir='ltr'>autem</span> <span class='ocrx_word' id='word_1_462' title='bbox 2366 2890 2689 2960; x_wconf 87' lang='lat' dir='ltr'>patriarcha</span> <span class='ocrx_word' id='word_1_463' title='bbox 2751 2889 3102 2943; x_wconf 89' lang='lat' dir='ltr'>Theodosius</span> <span class='ocrx_word' id='word_1_464' title='bbox 3172 2889 3384 2958; x_wconf 81' lang='lat' dir='ltr'>[supple</span> <span class='ocrx_word' id='word_1_465' title='bbox 3453 2889 3784 2957; x_wconf 54' lang='lat' dir='ltr'>vocabatur}</span> 
     </span>
    </p>
   </div>
   <div class='ocr_carea' id='block_1_60' title="bbox 304 2977 3785 3055">
    <p class='ocr_par' dir='ltr' id='par_1_60' title="bbox 304 2977 3785 3055">
     <span class='ocr_line' id='line_1_60' title="bbox 304 2977 3785 3055; baseline -0.002 -23"><span class='ocrx_word' id='word_1_466' title='bbox 304 2978 606 3032; x_wconf 88' lang='lat' dir='ltr'>ferventes.</span> <span class='ocrx_word' id='word_1_467' title='bbox 654 2978 781 3031; x_wconf 70' lang='lat' dir='ltr'>Haec</span> <span class='ocrx_word' id='word_1_468' title='bbox 820 2982 1008 3030; x_wconf 86' lang='lat' dir='ltr'>autem</span> <span class='ocrx_word' id='word_1_469' title='bbox 1052 2977 1246 3030; x_wconf 92' lang='lat' dir='ltr'>civitas</span> <span class='ocrx_word' id='word_1_470' title='bbox 1282 2977 1426 3030; x_wconf 87' lang='lat' dir='ltr'>nihil</span> <span class='ocrx_word' id='word_1_471' title='bbox 1468 2978 1639 3031; x_wconf 89' lang='lat' dir='ltr'>habet</span> <span class='ocrx_word' id='word_1_472' title='bbox 1676 2984 1865 3043; x_wconf 73' lang='lat' dir='ltr'>terrae,</span> <span class='ocrx_word' id='word_1_473' title='bbox 1905 2994 1998 3032; x_wconf 81' lang='lat' dir='ltr'>ex-</span> <span class='ocrx_word' id='word_1_474' title='bbox 2042 3000 2081 3055; x_wconf 69' lang='grc' dir='ltr'><em>ε</em></span> <span class='ocrx_word' id='word_1_475' title='bbox 2114 2980 2212 3050; x_wconf 91' lang='lat' dir='ltr'>qui</span> <span class='ocrx_word' id='word_1_476' title='bbox 2251 2979 2323 3033; x_wconf 93' lang='lat' dir='ltr'>ob</span> <span class='ocrx_word' id='word_1_477' title='bbox 2363 2978 2636 3032; x_wconf 88' lang='lat' dir='ltr'>meritum</span> <span class='ocrx_word' id='word_1_478' title='bbox 2676 2977 2995 3031; x_wconf 82' lang='lat' dir='ltr'>devotionis</span> <span class='ocrx_word' id='word_1_479' title='bbox 3041 2994 3073 3029; x_wconf 92' lang='lat' dir='ltr'>a</span> <span class='ocrx_word' id='word_1_480' title='bbox 3120 2977 3458 3031; x_wconf 87' lang='lat' dir='ltr'>Christianis</span> <span class='ocrx_word' id='word_1_481' title='bbox 3501 2982 3587 3030; x_wconf 89' lang='lat' dir='ltr'>est</span> <span class='ocrx_word' id='word_1_482' title='bbox 3615 2983 3785 3046; x_wconf 74' lang='lat' dir='ltr'>raptus</span> 
     </span>
    </p>
   </div>
   <div class='ocr_carea' id='block_1_61' title="bbox 306 3064 2002 3135">
    <p class='ocr_par' dir='ltr' id='par_1_61' title="bbox 306 3064 2002 3135">
     <span class='ocr_line' id='line_1_61' title="bbox 306 3064 2002 3135; baseline -0.001 -16"><span class='ocrx_word' id='word_1_483' title='bbox 306 3070 471 3134; x_wconf 85' lang='lat' dir='ltr'>cepto</span> <span class='ocrx_word' id='word_1_484' title='bbox 503 3064 604 3118; x_wconf 90' lang='lat' dir='ltr'>ubi</span> <span class='ocrx_word' id='word_1_485' title='bbox 642 3069 775 3117; x_wconf 87' lang='lat' dir='ltr'>sunt</span> <span class='ocrx_word' id='word_1_486' title='bbox 807 3065 1080 3130; x_wconf 60' lang='lat' dir='ltr'>ecclesiae,</span> <span class='ocrx_word' id='word_1_487' title='bbox 1133 3070 1188 3117; x_wconf 93' lang='lat' dir='ltr'>et</span> <span class='ocrx_word' id='word_1_488' title='bbox 1238 3064 1332 3117; x_wconf 90' lang='lat' dir='ltr'>ubi</span> <span class='ocrx_word' id='word_1_489' title='bbox 1382 3071 1736 3119; x_wconf 88' lang='lat' dir='ltr'>monstratur</span> <span class='ocrx_word' id='word_1_490' title='bbox 1768 3083 2002 3135; x_wconf 82' lang='lat' dir='ltr'>campus</span> 
     </span>
    </p>
   </div>
   <div class='ocr_carea' id='block_1_62' title="bbox 308 3152 2000 3221">
    <p class='ocr_par' dir='ltr' id='par_1_62' title="bbox 308 3152 2000 3221">
     <span class='ocr_line' id='line_1_62' title="bbox 308 3152 2000 3221; baseline 0.001 -14"><span class='ocrx_word' id='word_1_491' title='bbox 308 3155 588 3217; x_wconf 89' lang='lat' dir='ltr'>Thaneos,</span> <span class='ocrx_word' id='word_1_492' title='bbox 622 3152 680 3205; x_wconf 91' lang='lat' dir='ltr'>in</span> <span class='ocrx_word' id='word_1_493' title='bbox 728 3168 841 3221; x_wconf 92' lang='lat' dir='ltr'>quo</span> <span class='ocrx_word' id='word_1_494' title='bbox 885 3153 1076 3221; x_wconf 88' lang='lat' dir='ltr'>jacent</span> <span class='ocrx_word' id='word_1_495' title='bbox 1117 3153 1293 3205; x_wconf 91' lang='lat' dir='ltr'>trium</span> <span class='ocrx_word' id='word_1_496' title='bbox 1332 3153 1512 3206; x_wconf 89' lang='lat' dir='ltr'>instar</span> <span class='ocrx_word' id='word_1_497' title='bbox 1543 3170 1838 3207; x_wconf 90' lang='lat' dir='ltr'>murorum</span> <span class='ocrx_word' id='word_1_498' title='bbox 1874 3171 2000 3208; x_wconf 85' lang='lat' dir='ltr'>cor-</span> 
     </span>
    </p>
   </div>
   <div class='ocr_carea' id='block_1_63' title="bbox 306 3239 1874 3312">
    <p class='ocr_par' dir='ltr' id='par_1_63' title="bbox 306 3239 1874 3312">
     <span class='ocr_line' id='line_1_63' title="bbox 306 3239 1874 3312; baseline 0 -17"><span class='ocrx_word' id='word_1_499' title='bbox 306 3257 448 3312; x_wconf 89' lang='lat' dir='ltr'>pora</span> <span class='ocrx_word' id='word_1_500' title='bbox 478 3256 675 3294; x_wconf 91' lang='lat' dir='ltr'>eorum</span> <span class='ocrx_word' id='word_1_501' title='bbox 707 3240 806 3309; x_wconf 92' lang='lat' dir='ltr'>qui</span> <span class='ocrx_word' id='word_1_502' title='bbox 832 3239 1195 3292; x_wconf 84' lang='lat' dir='ltr'>exterminati</span> <span class='ocrx_word' id='word_1_503' title='bbox 1230 3246 1363 3294; x_wconf 89' lang='lat' dir='ltr'>sunt</span> <span class='ocrx_word' id='word_1_504' title='bbox 1396 3246 1645 3312; x_wconf 84' lang='lat' dir='ltr'>tempore</span> <span class='ocrx_word' id='word_1_505' title='bbox 1679 3243 1874 3311; x_wconf 82' lang='lat' dir='ltr'>Moysi.</span> 
     </span>
    </p>
   </div>
   <div class='ocr_carea' id='block_1_64' title="bbox 381 3328 2004 3384">
    <p class='ocr_par' dir='ltr' id='par_1_64' title="bbox 381 3328 2004 3384">
     <span class='ocr_line' id='line_1_64' title="bbox 381 3328 2004 3384; baseline 0.001 -1"><span class='ocrx_word' id='word_1_506' title='bbox 381 3332 427 3383; x_wconf 92' lang='lat'>9.</span> <span class='ocrx_word' id='word_1_507' title='bbox 462 3329 524 3382; x_wconf 84' lang='lat' dir='ltr'>In</span> <span class='ocrx_word' id='word_1_508' title='bbox 554 3328 781 3381; x_wconf 89' lang='lat' dir='ltr'>civitate</span> <span class='ocrx_word' id='word_1_509' title='bbox 826 3328 1097 3382; x_wconf 87' lang='lat' dir='ltr'>Faramea</span> <span class='ocrx_word' id='word_1_510' title='bbox 1145 3329 1225 3382; x_wconf 91' lang='lat' dir='ltr'>ibi</span> <span class='ocrx_word' id='word_1_511' title='bbox 1272 3333 1356 3382; x_wconf 90' lang='lat' dir='ltr'>est</span> <span class='ocrx_word' id='word_1_512' title='bbox 1399 3330 1635 3383; x_wconf 86' lang='lat' dir='ltr'>ecclesia</span> <span class='ocrx_word' id='word_1_513' title='bbox 1682 3331 1742 3383; x_wconf 91' lang='lat' dir='ltr'>in</span> <span class='ocrx_word' id='word_1_514' title='bbox 1791 3331 2004 3384; x_wconf 90' lang='lat' dir='ltr'>honore</span> 
     </span>
    </p>
   </div>
   <div class='ocr_carea' id='block_1_65' title="bbox 310 3416 2002 3487">
    <p class='ocr_par' dir='ltr' id='par_1_65' title="bbox 310 3416 2002 3487">
     <span class='ocr_line' id='line_1_65' title="bbox 310 3416 2002 3487; baseline 0.001 -16"><span class='ocrx_word' id='word_1_515' title='bbox 310 3422 520 3471; x_wconf 67' lang='lat' dir='ltr'>sancta:</span> <span class='ocrx_word' id='word_1_516' title='bbox 566 3416 773 3483; x_wconf 75' lang='lat' dir='ltr'>Mariae,</span> <span class='ocrx_word' id='word_1_517' title='bbox 820 3416 880 3470; x_wconf 90' lang='lat' dir='ltr'>in</span> <span class='ocrx_word' id='word_1_518' title='bbox 928 3418 1048 3470; x_wconf 92' lang='lat' dir='ltr'>loco</span> <span class='ocrx_word' id='word_1_519' title='bbox 1098 3417 1168 3471; x_wconf 89' lang='lat' dir='ltr'>ad</span> <span class='ocrx_word' id='word_1_520' title='bbox 1214 3434 1407 3487; x_wconf 88' lang='lat' dir='ltr'>quem,</span> <span class='ocrx_word' id='word_1_521' title='bbox 1461 3420 1664 3487; x_wconf 80' lang='lat' dir='ltr'>angelo</span> <span class='ocrx_word' id='word_1_522' title='bbox 1714 3426 2002 3484; x_wconf 88' lang='lat' dir='ltr'>monente,</span> 
     </span>
    </p>
   </div>
   <div class='ocr_carea' id='block_1_66' title="bbox 309 3505 2005 3577">
    <p class='ocr_par' dir='ltr' id='par_1_66' title="bbox 309 3505 2005 3577">
     <span class='ocr_line' id='line_1_66' title="bbox 309 3505 2005 3577; baseline 0.001 -17"><span class='ocrx_word' id='word_1_523' title='bbox 309 3505 454 3577; x_wconf 87' lang='lat' dir='ltr'>fugit</span> <span class='ocrx_word' id='word_1_524' title='bbox 508 3505 718 3575; x_wconf 72' lang='lat' dir='ltr'>Ioseph</span> <span class='ocrx_word' id='word_1_525' title='bbox 763 3521 894 3559; x_wconf 91' lang='lat' dir='ltr'>cum</span> <span class='ocrx_word' id='word_1_526' title='bbox 940 3521 1120 3575; x_wconf 89' lang='lat' dir='ltr'>puero</span> <span class='ocrx_word' id='word_1_527' title='bbox 1170 3512 1226 3560; x_wconf 91' lang='lat' dir='ltr'>et</span> <span class='ocrx_word' id='word_1_528' title='bbox 1275 3512 1476 3560; x_wconf 87' lang='lat' dir='ltr'>matre.</span> <span class='ocrx_word' id='word_1_529' title='bbox 1531 3508 1597 3561; x_wconf 91' lang='lat' dir='ltr'>In</span> <span class='ocrx_word' id='word_1_530' title='bbox 1641 3508 1740 3562; x_wconf 88' lang='lat' dir='ltr'>illa</span> <span class='ocrx_word' id='word_1_531' title='bbox 1785 3508 2005 3561; x_wconf 83' lang='lat' dir='ltr'>civitate</span> 
     </span>
    </p>
   </div>
   <div class='ocr_carea' id='block_1_67' title="bbox 308 3593 2007 3666">
    <p class='ocr_par' dir='ltr' id='par_1_67' title="bbox 308 3593 2007 3666">
     <span class='ocr_line' id='line_1_67' title="bbox 308 3593 2007 3666; baseline 0.001 -18"><span class='ocrx_word' id='word_1_532' title='bbox 308 3601 392 3648; x_wconf 88' lang='lat' dir='ltr'>est</span> <span class='ocrx_word' id='word_1_533' title='bbox 429 3593 738 3647; x_wconf 86' lang='lat' dir='ltr'>multitudo</span> <span class='ocrx_word' id='word_1_534' title='bbox 789 3595 1162 3660; x_wconf 86' lang='lat' dir='ltr'>camelorum,</span> <span class='ocrx_word' id='word_1_535' title='bbox 1214 3611 1357 3666; x_wconf 88' lang='lat' dir='ltr'>quos</span> <span class='ocrx_word' id='word_1_536' title='bbox 1396 3596 1475 3649; x_wconf 92' lang='lat' dir='ltr'>ibi</span> <span class='ocrx_word' id='word_1_537' title='bbox 1512 3596 1583 3650; x_wconf 89' lang='lat' dir='ltr'>ab</span> <span class='ocrx_word' id='word_1_538' title='bbox 1622 3597 1822 3650; x_wconf 90' lang='lat' dir='ltr'>incolis</span> <span class='ocrx_word' id='word_1_539' title='bbox 1853 3598 2007 3651; x_wconf 89' lang='lat' dir='ltr'>illius</span> 
     </span>
    </p>
   </div>
   <div class='ocr_carea' id='block_1_68' title="bbox 307 3682 2008 3756">
    <p class='ocr_par' dir='ltr' id='par_1_68' title="bbox 307 3682 2008 3756">
     <span class='ocr_line' id='line_1_68' title="bbox 307 3682 2008 3756; baseline 0.002 -21"><span class='ocrx_word' id='word_1_540' title='bbox 307 3682 495 3754; x_wconf 88' lang='lat' dir='ltr'>pretio</span> <span class='ocrx_word' id='word_1_541' title='bbox 526 3682 714 3735; x_wconf 89' lang='lat' dir='ltr'>locant</span> <span class='ocrx_word' id='word_1_542' title='bbox 742 3683 974 3737; x_wconf 67' lang='lat' dir='ltr'>advenae</span> <span class='ocrx_word' id='word_1_543' title='bbox 1006 3683 1074 3736; x_wconf 92' lang='lat' dir='ltr'>ad</span> <span class='ocrx_word' id='word_1_544' title='bbox 1114 3683 1349 3738; x_wconf 87' lang='lat' dir='ltr'>ferenda</span> <span class='ocrx_word' id='word_1_545' title='bbox 1396 3684 1503 3737; x_wconf 89' lang='lat' dir='ltr'>sibi</span> <span class='ocrx_word' id='word_1_546' title='bbox 1551 3701 1725 3739; x_wconf 90' lang='lat' dir='ltr'>onera</span> <span class='ocrx_word' id='word_1_547' title='bbox 1773 3692 2008 3756; x_wconf 91' lang='lat' dir='ltr'>propter</span> 
     </span>
    </p>
   </div>
   <div class='ocr_carea' id='block_1_69' title="bbox 308 3771 2007 3844">
    <p class='ocr_par' dir='ltr' id='par_1_69' title="bbox 308 3771 2007 3844">
     <span class='ocr_line' id='line_1_69' title="bbox 308 3771 2007 3844; baseline 0.002 -19"><span class='ocrx_word' id='word_1_548' title='bbox 308 3772 615 3834; x_wconf 89' lang='lat' dir='ltr'>desertum,</span> <span class='ocrx_word' id='word_1_549' title='bbox 651 3771 802 3841; x_wconf 88' lang='lat' dir='ltr'>quod</span> <span class='ocrx_word' id='word_1_550' title='bbox 836 3771 1007 3825; x_wconf 90' lang='lat' dir='ltr'>habet</span> <span class='ocrx_word' id='word_1_551' title='bbox 1036 3772 1146 3825; x_wconf 88' lang='lat' dir='ltr'>iter</span> <span class='ocrx_word' id='word_1_552' title='bbox 1176 3773 1401 3826; x_wconf 90' lang='lat' dir='ltr'>dierum</span> <span class='ocrx_word' id='word_1_553' title='bbox 1442 3790 1513 3827; x_wconf 67' lang='grc' dir='ltr'>γι,</span> <span class='ocrx_word' id='word_1_554' title='bbox 1566 3774 1746 3844; x_wconf 87' lang='lat' dir='ltr'>Hujus</span> <span class='ocrx_word' id='word_1_555' title='bbox 1796 3775 2007 3829; x_wconf 87' lang='lat' dir='ltr'>deserti</span> 
     </span>
    </p>
   </div>
   <div class='ocr_carea' id='block_1_70' title="bbox 308 3860 2006 3930">
    <p class='ocr_par' dir='ltr' id='par_1_70' title="bbox 308 3860 2006 3930">
     <span class='ocr_line' id='line_1_70' title="bbox 308 3860 2006 3930; baseline 0.001 -16"><span class='ocrx_word' id='word_1_556' title='bbox 308 3860 576 3913; x_wconf 88' lang='lat' dir='ltr'>introitus</span> <span class='ocrx_word' id='word_1_557' title='bbox 607 3876 640 3911; x_wconf 91' lang='lat' dir='ltr'>a</span> <span class='ocrx_word' id='word_1_558' title='bbox 668 3860 940 3929; x_wconf 65' lang='lat' dir='ltr'>praedicta</span> <span class='ocrx_word' id='word_1_559' title='bbox 962 3860 1165 3930; x_wconf 87' lang='lat' dir='ltr'>incipit</span> <span class='ocrx_word' id='word_1_560' title='bbox 1186 3861 1430 3915; x_wconf 89' lang='lat' dir='ltr'>civitate.</span> <span class='ocrx_word' id='word_1_561' title='bbox 1463 3863 1523 3915; x_wconf 87' lang='lat' dir='ltr'>Et</span> <span class='ocrx_word' id='word_1_562' title='bbox 1549 3861 1693 3916; x_wconf 86' lang='lat' dir='ltr'>bene</span> <span class='ocrx_word' id='word_1_563' title='bbox 1715 3862 2006 3916; x_wconf 87' lang='lat' dir='ltr'>desertum</span> 
     </span>
    </p>
   </div>
   <div class='ocr_carea' id='block_1_71' title="bbox 308 3948 2006 4020">
    <p class='ocr_par' dir='ltr' id='par_1_71' title="bbox 308 3948 2006 4020">
     <span class='ocr_line' id='line_1_71' title="bbox 308 3948 2006 4020; baseline -0.001 -17"><span class='ocrx_word' id='word_1_564' title='bbox 308 3949 536 4017; x_wconf 84' lang='lat' dir='ltr'>dicitur,</span> <span class='ocrx_word' id='word_1_565' title='bbox 571 3948 846 4018; x_wconf 87' lang='lat' dir='ltr'>quoniam</span> <span class='ocrx_word' id='word_1_566' title='bbox 888 3965 992 4001; x_wconf 88' lang='lat' dir='ltr'>nec</span> <span class='ocrx_word' id='word_1_567' title='bbox 1032 3950 1290 4017; x_wconf 85' lang='lat' dir='ltr'>herbam,</span> <span class='ocrx_word' id='word_1_568' title='bbox 1333 3966 1437 4003; x_wconf 86' lang='lat' dir='ltr'>nec</span> <span class='ocrx_word' id='word_1_569' title='bbox 1486 3951 1726 4020; x_wconf 90' lang='lat' dir='ltr'>alicujus</span> <span class='ocrx_word' id='word_1_570' title='bbox 1774 3950 2006 4004; x_wconf 91' lang='lat' dir='ltr'>seminis</span> 
     </span>
    </p>
   </div>
   <div class='ocr_carea' id='block_1_72' title="bbox 308 4036 2005 4109">
    <p class='ocr_par' dir='ltr' id='par_1_72' title="bbox 308 4036 2005 4109">
     <span class='ocr_line' id='line_1_72' title="bbox 308 4036 2005 4109; baseline 0.001 -18"><span class='ocrx_word' id='word_1_571' title='bbox 308 4038 550 4091; x_wconf 90' lang='lat' dir='ltr'>fructum</span> <span class='ocrx_word' id='word_1_572' title='bbox 598 4036 783 4101; x_wconf 75' lang='lat' dir='ltr'>affert,</span> <span class='ocrx_word' id='word_1_573' title='bbox 833 4037 1079 4106; x_wconf 86' lang='lat' dir='ltr'>exceptis</span> <span class='ocrx_word' id='word_1_574' title='bbox 1124 4038 1423 4092; x_wconf 88' lang='lat' dir='ltr'>arboribus</span> <span class='ocrx_word' id='word_1_575' title='bbox 1471 4040 1795 4109; x_wconf 90' lang='lat' dir='ltr'>palmarum</span> <span class='ocrx_word' id='word_1_576' title='bbox 1842 4056 1853 4092; x_wconf 89' lang='lat'><strong>:</strong></span> <span class='ocrx_word' id='word_1_577' title='bbox 1907 4040 2005 4093; x_wconf 91' lang='lat' dir='ltr'>sed</span> 
     </span>
    </p>
   </div>
   <div class='ocr_carea' id='block_1_73' title="bbox 310 4126 2029 4194">
    <p class='ocr_par' dir='ltr' id='par_1_73' title="bbox 310 4126 2029 4194">
     <span class='ocr_line' id='line_1_73' title="bbox 310 4126 2029 4194; baseline 0.001 -14"><span class='ocrx_word' id='word_1_578' title='bbox 310 4127 546 4180; x_wconf 87' lang='lat' dir='ltr'>tabescit</span> <span class='ocrx_word' id='word_1_579' title='bbox 591 4130 655 4177; x_wconf 89' lang='lat' dir='ltr'>ut</span> <span class='ocrx_word' id='word_1_580' title='bbox 703 4126 1015 4193; x_wconf 86' lang='lat' dir='ltr'>Campania</span> <span class='ocrx_word' id='word_1_581' title='bbox 1060 4130 1319 4194; x_wconf 89' lang='lat' dir='ltr'>tempore</span> <span class='ocrx_word' id='word_1_582' title='bbox 1368 4127 1533 4180; x_wconf 90' lang='lat' dir='ltr'>nivis.</span> <span class='ocrx_word' id='word_1_583' title='bbox 1588 4129 1767 4182; x_wconf 86' lang='lat' dir='ltr'>Habet</span> <span class='ocrx_word' id='word_1_584' title='bbox 1814 4134 2029 4182; x_wconf 75' lang='lat' dir='ltr'>autem‘</span> 
     </span>
    </p>
   </div>
   <div class='ocr_carea' id='block_1_74' title="bbox 311 4212 2008 4283">
    <p class='ocr_par' dir='ltr' id='par_1_74' title="bbox 311 4212 2008 4283">
     <span class='ocr_line' id='line_1_74' title="bbox 311 4212 2008 4283; baseline 0.003 -18"><span class='ocrx_word' id='word_1_585' title='bbox 311 4212 501 4266; x_wconf 87' lang='lat' dir='ltr'>medio</span> <span class='ocrx_word' id='word_1_586' title='bbox 532 4213 735 4265; x_wconf 88' lang='lat' dir='ltr'>itinere</span> <span class='ocrx_word' id='word_1_587' title='bbox 767 4212 880 4265; x_wconf 92' lang='lat' dir='ltr'>duo</span> <span class='ocrx_word' id='word_1_588' title='bbox 913 4213 1180 4281; x_wconf 84' lang='lat' dir='ltr'>hospitia,</span> <span class='ocrx_word' id='word_1_589' title='bbox 1213 4230 1393 4267; x_wconf 90' lang='lat' dir='ltr'>unum</span> <span class='ocrx_word' id='word_1_590' title='bbox 1428 4215 1582 4283; x_wconf 87' lang='lat' dir='ltr'>quod</span> <span class='ocrx_word' id='word_1_591' title='bbox 1634 4221 1867 4269; x_wconf 76' lang='lat' dir='ltr'>vocatur</span> <span class='ocrx_word' id='word_1_592' title='bbox 1912 4218 2008 4270; x_wconf 84' lang='lat' dir='ltr'>Al-</span> 
     </span>
    </p>
   </div>
   <div class='ocr_carea' id='block_1_75' title="bbox 309 4300 2000 4374">
    <p class='ocr_par' dir='ltr' id='par_1_75' title="bbox 309 4300 2000 4374">
     <span class='ocr_line' id='line_1_75' title="bbox 309 4300 2000 4374; baseline 0.003 -20"><span class='ocrx_word' id='word_1_593' title='bbox 309 4300 468 4367; x_wconf 81' lang='lat' dir='ltr'>bara,</span> <span class='ocrx_word' id='word_1_594' title='bbox 505 4306 561 4354; x_wconf 90' lang='lat' dir='ltr'>et</span> <span class='ocrx_word' id='word_1_595' title='bbox 595 4300 837 4353; x_wconf 88' lang='lat' dir='ltr'>alterum</span> <span class='ocrx_word' id='word_1_596' title='bbox 886 4300 1174 4365; x_wconf 85' lang='lat' dir='ltr'>Albacara,</span> <span class='ocrx_word' id='word_1_597' title='bbox 1221 4302 1281 4354; x_wconf 88' lang='lat' dir='ltr'>in</span> <span class='ocrx_word' id='word_1_598' title='bbox 1321 4302 1531 4372; x_wconf 88' lang='lat' dir='ltr'>quibus</span> <span class='ocrx_word' id='word_1_599' title='bbox 1571 4305 1800 4374; x_wconf 87' lang='lat' dir='ltr'>negotia</span> <span class='ocrx_word' id='word_1_600' title='bbox 1843 4322 2000 4359; x_wconf 81' lang='lat' dir='ltr'>exer-</span> 
     </span>
    </p>
   </div>
   <div class='ocr_carea' id='block_1_76' title="bbox 313 4388 2007 4463">
    <p class='ocr_par' dir='ltr' id='par_1_76' title="bbox 313 4388 2007 4463">
     <span class='ocr_line' id='line_1_76' title="bbox 313 4388 2007 4463; baseline 0.003 -21"><span class='ocrx_word' id='word_1_601' title='bbox 313 4394 511 4442; x_wconf 90' lang='lat' dir='ltr'>centur</span> <span class='ocrx_word' id='word_1_602' title='bbox 539 4404 572 4441; x_wconf 86' lang='lat' dir='ltr'>a</span> <span class='ocrx_word' id='word_1_603' title='bbox 603 4388 938 4441; x_wconf 88' lang='lat' dir='ltr'>Christianis</span> <span class='ocrx_word' id='word_1_604' title='bbox 972 4394 1026 4441; x_wconf 88' lang='lat' dir='ltr'>et</span> <span class='ocrx_word' id='word_1_605' title='bbox 1054 4390 1291 4458; x_wconf 85' lang='lat' dir='ltr'>paganis</span> <span class='ocrx_word' id='word_1_606' title='bbox 1316 4390 1620 4460; x_wconf 86' lang='lat' dir='ltr'>ejusmodi,</span> <span class='ocrx_word' id='word_1_607' title='bbox 1656 4410 1784 4463; x_wconf 66' lang='lat' dir='ltr'>qum</span> <span class='ocrx_word' id='word_1_608' title='bbox 1814 4411 2007 4447; x_wconf 85' lang='lat' dir='ltr'>neces-</span> 
     </span>
    </p>
   </div>
   <div class='ocr_carea' id='block_1_77' title="bbox 313 4477 2005 4547">
    <p class='ocr_par' dir='ltr' id='par_1_77' title="bbox 313 4477 2005 4547">
     <span class='ocr_line' id='line_1_77' title="bbox 313 4477 2005 4547; baseline 0.004 -17"><span class='ocrx_word' id='word_1_609' title='bbox 313 4477 462 4531; x_wconf 88' lang='lat' dir='ltr'>saria</span> <span class='ocrx_word' id='word_1_610' title='bbox 512 4482 648 4531; x_wconf 91' lang='lat' dir='ltr'>sunt</span> <span class='ocrx_word' id='word_1_611' title='bbox 695 4477 803 4529; x_wconf 91' lang='lat' dir='ltr'>iter</span> <span class='ocrx_word' id='word_1_612' title='bbox 851 4477 1167 4547; x_wconf 87' lang='lat' dir='ltr'>agentibus.</span> <span class='ocrx_word' id='word_1_613' title='bbox 1224 4480 1288 4531; x_wconf 92' lang='lat' dir='ltr'>In</span> <span class='ocrx_word' id='word_1_614' title='bbox 1334 4495 1532 4532; x_wconf 89' lang='lat' dir='ltr'>eorum</span> <span class='ocrx_word' id='word_1_615' title='bbox 1586 4497 1717 4534; x_wconf 84' lang='lat' dir='ltr'>vero</span> <span class='ocrx_word' id='word_1_616' title='bbox 1767 4483 2005 4536; x_wconf 89' lang='lat' dir='ltr'>circuitu</span> 
     </span>
    </p>
   </div>
   <div class='ocr_carea' id='block_1_78' title="bbox 313 4552 2005 4637">
    <p class='ocr_par' dir='ltr' id='par_1_78' title="bbox 313 4552 2005 4637">
     <span class='ocr_line' id='line_1_78' title="bbox 313 4552 2005 4637; baseline 0.003 -18"><span class='ocrx_word' id='word_1_617' title='bbox 313 4565 457 4620; x_wconf 88' lang='lat' dir='ltr'>nihil</span> <span class='ocrx_word' id='word_1_618' title='bbox 490 4570 698 4635; x_wconf 64' lang='lat' dir='ltr'>praeter</span> <span class='ocrx_word' id='word_1_619' title='bbox 727 4565 880 4635; x_wconf 92' lang='lat' dir='ltr'>quod</span> <span class='ocrx_word' id='word_1_620' title='bbox 911 4564 1122 4618; x_wconf 90' lang='lat' dir='ltr'>dictum</span> <span class='ocrx_word' id='word_1_621' title='bbox 1166 4573 1251 4619; x_wconf 87' lang='lat' dir='ltr'>est</span> <span class='ocrx_word' id='word_1_622' title='bbox 1288 4567 1475 4637; x_wconf 88' lang='lat' dir='ltr'>gignit</span> <span class='ocrx_word' id='word_1_623' title='bbox 1514 4573 1683 4621; x_wconf 85' lang='lat' dir='ltr'>terra.</span> <span class='ocrx_word' id='word_1_624' title='bbox 1728 4572 1791 4624; x_wconf 87' lang='lat' dir='ltr'>In</span> <span class='ocrx_word' id='word_1_625' title='bbox 1829 4552 2005 4625; x_wconf 56' lang='lat' dir='ltr'>Alba-</span> 
     </span>
    </p>
   </div>
   <div class='ocr_carea' id='block_1_79' title="bbox 313 4653 2003 4725">
    <p class='ocr_par' dir='ltr' id='par_1_79' title="bbox 313 4653 2003 4725">
     <span class='ocr_line' id='line_1_79' title="bbox 313 4653 2003 4725; baseline 0.004 -19"><span class='ocrx_word' id='word_1_626' title='bbox 313 4669 443 4707; x_wconf 90' lang='lat' dir='ltr'>cara</span> <span class='ocrx_word' id='word_1_627' title='bbox 475 4653 551 4706; x_wconf 90' lang='lat' dir='ltr'>ibi</span> <span class='ocrx_word' id='word_1_628' title='bbox 585 4657 669 4706; x_wconf 86' lang='lat' dir='ltr'>est</span> <span class='ocrx_word' id='word_1_629' title='bbox 694 4658 845 4706; x_wconf 87' lang='lat' dir='ltr'>terra</span> <span class='ocrx_word' id='word_1_630' title='bbox 879 4653 1142 4714; x_wconf 86' lang='lat' dir='ltr'>fecunda,</span> <span class='ocrx_word' id='word_1_631' title='bbox 1177 4670 1357 4723; x_wconf 86' lang='lat' dir='ltr'>usque</span> <span class='ocrx_word' id='word_1_632' title='bbox 1388 4654 1457 4708; x_wconf 86' lang='lat' dir='ltr'>ad</span> <span class='ocrx_word' id='word_1_633' title='bbox 1488 4656 1772 4710; x_wconf 85' lang='lat' dir='ltr'>civitatem</span> <span class='ocrx_word' id='word_1_634' title='bbox 1799 4659 2003 4725; x_wconf 74' lang='lat' dir='ltr'>Gazan,</span> 
     </span>
    </p>
   </div>
   <div class='ocr_carea' id='block_1_80' title="bbox 314 4741 2007 4818">
    <p class='ocr_par' dir='ltr' id='par_1_80' title="bbox 314 4741 2007 4818">
     <span class='ocr_line' id='line_1_80' title="bbox 314 4741 2007 4818; baseline 0.003 -23"><span class='ocrx_word' id='word_1_635' title='bbox 314 4758 442 4813; x_wconf 71' lang='lat' dir='ltr'>qua:</span> <span class='ocrx_word' id='word_1_636' title='bbox 488 4741 598 4795; x_wconf 90' lang='lat' dir='ltr'>fuit</span> <span class='ocrx_word' id='word_1_637' title='bbox 643 4741 882 4795; x_wconf 86' lang='lat' dir='ltr'>Samson</span> <span class='ocrx_word' id='word_1_638' title='bbox 926 4741 1141 4805; x_wconf 88' lang='lat' dir='ltr'>civitas,</span> <span class='ocrx_word' id='word_1_639' title='bbox 1194 4748 1313 4794; x_wconf 91' lang='lat' dir='ltr'>tum</span> <span class='ocrx_word' id='word_1_640' title='bbox 1363 4741 1441 4813; x_wconf 80' lang='lat' dir='ltr'>[in</span> <span class='ocrx_word' id='word_1_641' title='bbox 1471 4760 1596 4806; x_wconf 71' lang='grc' dir='ltr'>γης..</span> <span class='ocrx_word' id='word_1_642' title='bbox 1629 4745 1820 4818; x_wconf 85' lang='lat' dir='ltr'>tumis]</span> <span class='ocrx_word' id='word_1_643' title='bbox 1865 4764 2007 4818; x_wconf 88' lang='lat' dir='ltr'>opu-</span> 
     </span>
    </p>
   </div>
   <div class='ocr_carea' id='block_1_81' title="bbox 314 4830 1173 4884">
    <p class='ocr_par' dir='ltr' id='par_1_81' title="bbox 314 4830 1173 4884">
     <span class='ocr_line' id='line_1_81' title="bbox 314 4830 1173 4884; baseline -0.002 0"><span class='ocrx_word' id='word_1_644' title='bbox 314 4830 635 4884; x_wconf 85' lang='lat' dir='ltr'>lentissima</span> <span class='ocrx_word' id='word_1_645' title='bbox 666 4830 927 4883; x_wconf 90' lang='lat' dir='ltr'>omnium</span> <span class='ocrx_word' id='word_1_646' title='bbox 959 4846 1173 4883; x_wconf 89' lang='lat' dir='ltr'>rerum.</span> 
     </span>
    </p>
   </div>
   <div class='ocr_carea' id='block_1_82' title="bbox 390 4917 2007 4984">
    <p class='ocr_par' dir='ltr' id='par_1_82' title="bbox 390 4917 2007 4984">
     <span class='ocr_line' id='line_1_82' title="bbox 390 4917 2007 4984; baseline 0.004 -13"><span class='ocrx_word' id='word_1_647' title='bbox 390 4920 471 4971; x_wconf 86' lang='grc'>10.</span> <span class='ocrx_word' id='word_1_648' title='bbox 518 4917 731 4971; x_wconf 85' lang='lat' dir='ltr'>Deinde</span> <span class='ocrx_word' id='word_1_649' title='bbox 769 4922 1051 4970; x_wconf 88' lang='lat' dir='ltr'>venerunt</span> <span class='ocrx_word' id='word_1_650' title='bbox 1088 4917 1339 4984; x_wconf 82' lang='lat' dir='ltr'>Alarixa;</span> <span class='ocrx_word' id='word_1_651' title='bbox 1394 4918 1462 4972; x_wconf 91' lang='lat' dir='ltr'>de</span> <span class='ocrx_word' id='word_1_652' title='bbox 1511 4920 1737 4974; x_wconf 78' lang='lat' dir='ltr'>Alarixa</span> <span class='ocrx_word' id='word_1_653' title='bbox 1784 4922 1843 4976; x_wconf 91' lang='lat' dir='ltr'>in</span> <span class='ocrx_word' id='word_1_654' title='bbox 1891 4925 2007 4978; x_wconf 67' lang='lat' dir='ltr'>Ita-</span> 
     </span>
    </p>
   </div>
   <div class='ocr_carea' id='block_1_83' title="bbox 316 5004 2011 5082">
    <p class='ocr_par' dir='ltr' id='par_1_83' title="bbox 316 5004 2011 5082">
     <span class='ocr_line' id='line_1_83' title="bbox 316 5004 2011 5082; baseline 0.004 -24"><span class='ocrx_word' id='word_1_655' title='bbox 316 5006 492 5069; x_wconf 88' lang='lat' dir='ltr'>mula,</span> <span class='ocrx_word' id='word_1_656' title='bbox 542 5004 707 5074; x_wconf 79' lang='lat' dir='ltr'>juxta</span> <span class='ocrx_word' id='word_1_657' title='bbox 758 5021 931 5075; x_wconf 91' lang='lat' dir='ltr'>quam</span> <span class='ocrx_word' id='word_1_658' title='bbox 985 5008 1068 5057; x_wconf 89' lang='lat' dir='ltr'>est</span> <span class='ocrx_word' id='word_1_659' title='bbox 1122 5007 1529 5060; x_wconf 88' lang='lat' dir='ltr'>monasterium</span> <span class='ocrx_word' id='word_1_660' title='bbox 1584 5008 1732 5063; x_wconf 89' lang='lat' dir='ltr'>beati</span> <span class='ocrx_word' id='word_1_661' title='bbox 1782 5011 2011 5082; x_wconf 85' lang='lat' dir='ltr'>Georgii</span> 
     </span>
    </p>
   </div>
   <div class='ocr_carea' id='block_1_84' title="bbox 319 5093 2009 5162">
    <p class='ocr_par' dir='ltr' id='par_1_84' title="bbox 319 5093 2009 5162">
     <span class='ocr_line' id='line_1_84' title="bbox 319 5093 2009 5162; baseline 0.005 -17"><span class='ocrx_word' id='word_1_662' title='bbox 319 5093 595 5162; x_wconf 75' lang='lat' dir='ltr'>Martyris,</span> <span class='ocrx_word' id='word_1_663' title='bbox 646 5093 743 5146; x_wconf 90' lang='lat' dir='ltr'>ubi</span> <span class='ocrx_word' id='word_1_664' title='bbox 794 5094 915 5162; x_wconf 90' lang='lat' dir='ltr'>ipse</span> <span class='ocrx_word' id='word_1_665' title='bbox 960 5094 1287 5162; x_wconf 88' lang='lat' dir='ltr'>requiescit.</span> <span class='ocrx_word' id='word_1_666' title='bbox 1347 5096 1425 5148; x_wconf 91' lang='lat' dir='ltr'>De</span> <span class='ocrx_word' id='word_1_667' title='bbox 1469 5098 1710 5151; x_wconf 79' lang='lat' dir='ltr'>Ramula</span> <span class='ocrx_word' id='word_1_668' title='bbox 1754 5099 1825 5152; x_wconf 89' lang='lat' dir='ltr'>ad</span> <span class='ocrx_word' id='word_1_669' title='bbox 1878 5101 2009 5153; x_wconf 81' lang='lat' dir='ltr'>Eui-</span> 
     </span>
    </p>
   </div>
   <div class='ocr_carea' id='block_1_85' title="bbox 320 5181 2008 5248">
    <p class='ocr_par' dir='ltr' id='par_1_85' title="bbox 320 5181 2008 5248">
     <span class='ocr_line' id='line_1_85' title="bbox 320 5181 2008 5248; baseline 0.006 -15"><span class='ocrx_word' id='word_1_670' title='bbox 320 5196 481 5233; x_wconf 90' lang='lat' dir='ltr'>maus</span> <span class='ocrx_word' id='word_1_671' title='bbox 524 5181 855 5248; x_wconf 87' lang='lat' dir='ltr'>castellum;</span> <span class='ocrx_word' id='word_1_672' title='bbox 905 5182 972 5235; x_wconf 92' lang='lat' dir='ltr'>de</span> <span class='ocrx_word' id='word_1_673' title='bbox 1013 5182 1280 5237; x_wconf 89' lang='lat' dir='ltr'>Emmaus</span> <span class='ocrx_word' id='word_1_674' title='bbox 1324 5185 1389 5237; x_wconf 92' lang='lat' dir='ltr'>ad</span> <span class='ocrx_word' id='word_1_675' title='bbox 1431 5191 1681 5240; x_wconf 88' lang='lat' dir='ltr'>sanctam</span> <span class='ocrx_word' id='word_1_676' title='bbox 1723 5188 2008 5242; x_wconf 90' lang='lat' dir='ltr'>civitatem</span> 
     </span>
    </p>
   </div>
   <div class='ocr_carea' id='block_1_86' title="bbox 320 5269 2009 5347">
    <p class='ocr_par' dir='ltr' id='par_1_86' title="bbox 320 5269 2009 5347">
     <span class='ocr_line' id='line_1_86' title="bbox 320 5269 2009 5347; baseline 0.007 -27"><span class='ocrx_word' id='word_1_677' title='bbox 320 5269 688 5321; x_wconf 86' lang='lat' dir='ltr'>Hierusalem.</span> <span class='ocrx_word' id='word_1_678' title='bbox 723 5269 803 5322; x_wconf 87' lang='lat' dir='ltr'>Ibi</span> <span class='ocrx_word' id='word_1_679' title='bbox 836 5271 1083 5323; x_wconf 88' lang='lat' dir='ltr'>habetur</span> <span class='ocrx_word' id='word_1_680' title='bbox 1112 5272 1410 5342; x_wconf 89' lang='lat' dir='ltr'>hospitale,</span> <span class='ocrx_word' id='word_1_681' title='bbox 1442 5273 1502 5327; x_wconf 90' lang='lat' dir='ltr'>in</span> <span class='ocrx_word' id='word_1_682' title='bbox 1537 5292 1651 5346; x_wconf 88' lang='lat' dir='ltr'>quo</span> <span class='ocrx_word' id='word_1_683' title='bbox 1682 5277 2009 5347; x_wconf 88' lang='lat' dir='ltr'>suscipiun-</span> 
     </span>
    </p>
   </div>
   <div class='ocr_carea' id='block_1_87' title="bbox 322 5357 2009 5427">
    <p class='ocr_par' dir='ltr' id='par_1_87' title="bbox 322 5357 2009 5427">
     <span class='ocr_line' id='line_1_87' title="bbox 322 5357 2009 5427; baseline 0.005 -18"><span class='ocrx_word' id='word_1_684' title='bbox 322 5360 414 5409; x_wconf 85' lang='lat' dir='ltr'>tur</span> <span class='ocrx_word' id='word_1_685' title='bbox 443 5372 663 5422; x_wconf 87' lang='lat' dir='ltr'>omnes,</span> <span class='ocrx_word' id='word_1_686' title='bbox 700 5357 801 5427; x_wconf 87' lang='lat' dir='ltr'>qui</span> <span class='ocrx_word' id='word_1_687' title='bbox 830 5374 997 5419; x_wconf 86' lang='lat' dir='ltr'>causa</span> <span class='ocrx_word' id='word_1_688' title='bbox 1028 5359 1344 5414; x_wconf 84' lang='lat' dir='ltr'>devotionis</span> <span class='ocrx_word' id='word_1_689' title='bbox 1384 5361 1547 5416; x_wconf 88' lang='lat' dir='ltr'>illum</span> <span class='ocrx_word' id='word_1_690' title='bbox 1580 5364 1792 5418; x_wconf 88' lang='lat' dir='ltr'>adeunt</span> <span class='ocrx_word' id='word_1_691' title='bbox 1821 5366 2009 5418; x_wconf 85' lang='lat' dir='ltr'>locum</span> 
     </span>
    </p>
   </div>
   <div class='ocr_carea' id='block_1_88' title="bbox 391 5530 1067 5605">
    <p class='ocr_par' dir='ltr' id='par_1_88' title="bbox 391 5530 1067 5605">
     <span class='ocr_line' id='line_1_88' title="bbox 391 5530 1067 5605; baseline 0.006 -22"><span class='ocrx_word' id='word_1_692' title='bbox 391 5543 416 5572; x_wconf 81' lang='grc' dir='ltr'>ι</span> <span class='ocrx_word' id='word_1_693' title='bbox 442 5530 502 5584; x_wconf 88' lang='lat' dir='ltr'>Id</span> <span class='ocrx_word' id='word_1_694' title='bbox 533 5536 617 5585; x_wconf 89' lang='lat' dir='ltr'>est</span> <span class='ocrx_word' id='word_1_695' title='bbox 647 5532 831 5586; x_wconf 90' lang='lat' dir='ltr'>Caroli</span> <span class='ocrx_word' id='word_1_696' title='bbox 864 5534 1067 5605; x_wconf 81' lang='lat' dir='ltr'>Magni.</span> 
     </span>
    </p>
   </div>
   <div class='ocr_carea' id='block_1_89' title="bbox 2112 3063 3785 3135">
    <p class='ocr_par' dir='ltr' id='par_1_89' title="bbox 2112 3063 3785 3135">
     <span class='ocr_line' id='line_1_89' title="bbox 2112 3063 3785 3135; baseline -0.004 -14"><span class='ocrx_word' id='word_1_697' title='bbox 2112 3068 2181 3122; x_wconf 91' lang='lat' dir='ltr'>de</span> <span class='ocrx_word' id='word_1_698' title='bbox 2227 3084 2329 3120; x_wconf 91' lang='lat' dir='ltr'>suo</span> <span class='ocrx_word' id='word_1_699' title='bbox 2376 3065 2747 3130; x_wconf 89' lang='lat' dir='ltr'>monasterio,</span> <span class='ocrx_word' id='word_1_700' title='bbox 2799 3065 2955 3135; x_wconf 90' lang='lat' dir='ltr'>quod</span> <span class='ocrx_word' id='word_1_701' title='bbox 2998 3063 3168 3118; x_wconf 89' lang='lat' dir='ltr'>distat</span> <span class='ocrx_word' id='word_1_702' title='bbox 3212 3064 3282 3117; x_wconf 88' lang='lat' dir='ltr'>ab</span> <span class='ocrx_word' id='word_1_703' title='bbox 3336 3065 3694 3119; x_wconf 79' lang='lat' dir='ltr'>Hierusalem</span> <span class='ocrx_word' id='word_1_704' title='bbox 3736 3080 3785 3115; x_wconf 66' lang='lat' dir='ltr'>XV</span> 
     </span>
    </p>
   </div>
   <div class='ocr_carea' id='block_1_90' title="bbox 2112 3152 3786 3225">
    <p class='ocr_par' dir='ltr' id='par_1_90' title="bbox 2112 3152 3786 3225">
     <span class='ocr_line' id='line_1_90' title="bbox 2112 3152 3786 3225; baseline -0.005 -16"><span class='ocrx_word' id='word_1_705' title='bbox 2112 3154 2400 3221; x_wconf 91' lang='lat' dir='ltr'>millibus;</span> <span class='ocrx_word' id='word_1_706' title='bbox 2445 3158 2501 3207; x_wconf 91' lang='lat' dir='ltr'>et</span> <span class='ocrx_word' id='word_1_707' title='bbox 2541 3154 2621 3208; x_wconf 89' lang='lat' dir='ltr'>ibi</span> <span class='ocrx_word' id='word_1_708' title='bbox 2654 3152 2975 3225; x_wconf 87' lang='lat' dir='ltr'>patriarcha</span> <span class='ocrx_word' id='word_1_709' title='bbox 3006 3152 3351 3205; x_wconf 88' lang='lat' dir='ltr'>constitutus</span> <span class='ocrx_word' id='word_1_710' title='bbox 3396 3170 3572 3222; x_wconf 90' lang='lat' dir='ltr'>super</span> <span class='ocrx_word' id='word_1_711' title='bbox 3614 3169 3786 3205; x_wconf 70' lang='lat' dir='ltr'>omnes</span> 
     </span>
    </p>
   </div>
   <div class='ocr_carea' id='block_1_91' title="bbox 2113 3240 3787 3312">
    <p class='ocr_par' dir='ltr' id='par_1_91' title="bbox 2113 3240 3787 3312">
     <span class='ocr_line' id='line_1_91' title="bbox 2113 3240 3787 3312; baseline -0.006 -14"><span class='ocrx_word' id='word_1_712' title='bbox 2113 3244 2485 3307; x_wconf 87' lang='lat' dir='ltr'>Christianos,</span> <span class='ocrx_word' id='word_1_713' title='bbox 2529 3243 2627 3312; x_wconf 89' lang='lat' dir='ltr'>qui</span> <span class='ocrx_word' id='word_1_714' title='bbox 2663 3247 2795 3295; x_wconf 89' lang='lat' dir='ltr'>sunt</span> <span class='ocrx_word' id='word_1_715' title='bbox 2832 3240 2891 3294; x_wconf 93' lang='lat' dir='ltr'>in</span> <span class='ocrx_word' id='word_1_716' title='bbox 2930 3246 3079 3294; x_wconf 88' lang='lat' dir='ltr'>terra</span> <span class='ocrx_word' id='word_1_717' title='bbox 3125 3241 3610 3311; x_wconf 87' lang='lat' dir='ltr'>repromissionis.</span> <span class='ocrx_word' id='word_1_718' title='bbox 3659 3241 3787 3293; x_wconf 69' lang='lat' dir='ltr'>Inter</span> 
     </span>
    </p>
   </div>
   <div class='ocr_carea' id='block_1_92' title="bbox 2112 3329 3786 3402">
    <p class='ocr_par' dir='ltr' id='par_1_92' title="bbox 2112 3329 3786 3402">
     <span class='ocr_line' id='line_1_92' title="bbox 2112 3329 3786 3402; baseline -0.006 -16"><span class='ocrx_word' id='word_1_719' title='bbox 2112 3332 2414 3402; x_wconf 62' lang='lat' dir='ltr'>praedictas</span> <span class='ocrx_word' id='word_1_720' title='bbox 2446 3331 2622 3400; x_wconf 85' lang='lat' dir='ltr'>igitur</span> <span class='ocrx_word' id='word_1_721' title='bbox 2652 3347 2703 3383; x_wconf 80' lang='grc' dir='ltr'>ιν</span> <span class='ocrx_word' id='word_1_722' title='bbox 2746 3330 3008 3383; x_wconf 87' lang='lat' dir='ltr'>ecclesias</span> <span class='ocrx_word' id='word_1_723' title='bbox 3054 3333 3139 3383; x_wconf 89' lang='lat' dir='ltr'>est</span> <span class='ocrx_word' id='word_1_724' title='bbox 3179 3329 3480 3398; x_wconf 88' lang='lat' dir='ltr'>paradisus</span> <span class='ocrx_word' id='word_1_725' title='bbox 3529 3330 3717 3399; x_wconf 76' lang='lat' dir='ltr'>(vulgo</span> <span class='ocrx_word' id='word_1_726' title='bbox 3752 3330 3786 3377; x_wconf 61' lang='grc' dir='ltr'>Ιιτ</span> 
     </span>
    </p>
   </div>
   <div class='ocr_carea' id='block_1_93' title="bbox 2106 3416 3786 3491">
    <p class='ocr_par' dir='ltr' id='par_1_93' title="bbox 2106 3416 3786 3491">
     <span class='ocr_line' id='line_1_93' title="bbox 2106 3416 3786 3491; baseline -0.005 -16"><span class='ocrx_word' id='word_1_727' title='bbox 2106 3421 2319 3491; x_wconf 78' lang='lat' dir='ltr'>parvis)</span> <span class='ocrx_word' id='word_1_728' title='bbox 2347 3421 2468 3474; x_wconf 89' lang='lat' dir='ltr'>sine</span> <span class='ocrx_word' id='word_1_729' title='bbox 2496 3426 2670 3487; x_wconf 89' lang='lat' dir='ltr'>tecto,</span> <span class='ocrx_word' id='word_1_730' title='bbox 2703 3420 2861 3489; x_wconf 91' lang='lat' dir='ltr'>cujus</span> <span class='ocrx_word' id='word_1_731' title='bbox 2895 3419 3143 3488; x_wconf 88' lang='lat' dir='ltr'>parietes</span> <span class='ocrx_word' id='word_1_732' title='bbox 3175 3434 3315 3471; x_wconf 87' lang='lat' dir='ltr'>auro</span> <span class='ocrx_word' id='word_1_733' title='bbox 3345 3418 3576 3472; x_wconf 87' lang='lat' dir='ltr'>radiant</span> <span class='ocrx_word' id='word_1_734' title='bbox 3610 3435 3622 3471; x_wconf 94' lang='lat'>:</span> <span class='ocrx_word' id='word_1_735' title='bbox 3657 3416 3786 3488; x_wconf 84' lang='lat' dir='ltr'>pavi-</span> 
     </span>
    </p>
   </div>
   <div class='ocr_carea' id='block_1_94' title="bbox 2116 3505 3789 3576">
    <p class='ocr_par' dir='ltr' id='par_1_94' title="bbox 2116 3505 3789 3576">
     <span class='ocr_line' id='line_1_94' title="bbox 2116 3505 3789 3576; baseline -0.004 -14"><span class='ocrx_word' id='word_1_736' title='bbox 2116 3514 2374 3562; x_wconf 89' lang='lat' dir='ltr'>mentum</span> <span class='ocrx_word' id='word_1_737' title='bbox 2406 3524 2537 3560; x_wconf 86' lang='lat' dir='ltr'>vero</span> <span class='ocrx_word' id='word_1_738' title='bbox 2573 3506 2763 3576; x_wconf 90' lang='lat' dir='ltr'>lapide</span> <span class='ocrx_word' id='word_1_739' title='bbox 2794 3505 3066 3558; x_wconf 89' lang='lat' dir='ltr'>sternitur</span> <span class='ocrx_word' id='word_1_740' title='bbox 3107 3506 3546 3575; x_wconf 85' lang='lat' dir='ltr'>pretiosissimo,</span> <span class='ocrx_word' id='word_1_741' title='bbox 3596 3507 3789 3559; x_wconf 82' lang='lat' dir='ltr'>habens</span> 
     </span>
    </p>
   </div>
   <div class='ocr_carea' id='block_1_95' title="bbox 2112 3594 3789 3664">
    <p class='ocr_par' dir='ltr' id='par_1_95' title="bbox 2112 3594 3789 3664">
     <span class='ocr_line' id='line_1_95' title="bbox 2112 3594 3789 3664; baseline -0.004 -14"><span class='ocrx_word' id='word_1_742' title='bbox 2112 3597 2174 3650; x_wconf 89' lang='lat' dir='ltr'>in</span> <span class='ocrx_word' id='word_1_743' title='bbox 2220 3597 2407 3650; x_wconf 90' lang='lat' dir='ltr'>medio</span> <span class='ocrx_word' id='word_1_744' title='bbox 2440 3596 2528 3649; x_wconf 89' lang='lat' dir='ltr'>sui</span> <span class='ocrx_word' id='word_1_745' title='bbox 2560 3594 2871 3649; x_wconf 89' lang='lat' dir='ltr'>conlinium</span> <span class='ocrx_word' id='word_1_746' title='bbox 2917 3610 2968 3646; x_wconf 77' lang='grc' dir='ltr'>ιν</span> <span class='ocrx_word' id='word_1_747' title='bbox 3001 3599 3354 3660; x_wconf 87' lang='lat' dir='ltr'>catenarum,</span> <span class='ocrx_word' id='word_1_748' title='bbox 3395 3611 3527 3664; x_wconf 77' lang='lat' dir='ltr'>quae</span> <span class='ocrx_word' id='word_1_749' title='bbox 3576 3595 3789 3648; x_wconf 83' lang='lat' dir='ltr'>veniunt</span> 
     </span>
    </p>
   </div>
   <div class='ocr_carea' id='block_1_96' title="bbox 2113 3682 3790 3755">
    <p class='ocr_par' dir='ltr' id='par_1_96' title="bbox 2113 3682 3790 3755">
     <span class='ocr_line' id='line_1_96' title="bbox 2113 3682 3790 3755; baseline -0.004 -16"><span class='ocrx_word' id='word_1_750' title='bbox 2113 3703 2146 3739; x_wconf 88' lang='lat' dir='ltr'>a</span> <span class='ocrx_word' id='word_1_751' title='bbox 2186 3685 2472 3755; x_wconf 72' lang='lat' dir='ltr'>prmdictis</span> <span class='ocrx_word' id='word_1_752' title='bbox 2511 3690 2759 3754; x_wconf 90' lang='lat' dir='ltr'>quatuor</span> <span class='ocrx_word' id='word_1_753' title='bbox 2790 3682 3060 3747; x_wconf 90' lang='lat' dir='ltr'>ecclesiis,</span> <span class='ocrx_word' id='word_1_754' title='bbox 3095 3682 3153 3735; x_wconf 92' lang='lat' dir='ltr'>in</span> <span class='ocrx_word' id='word_1_755' title='bbox 3186 3699 3299 3753; x_wconf 90' lang='lat' dir='ltr'>quo</span> <span class='ocrx_word' id='word_1_756' title='bbox 3345 3683 3573 3737; x_wconf 88' lang='lat' dir='ltr'>medius</span> <span class='ocrx_word' id='word_1_757' title='bbox 3607 3683 3790 3737; x_wconf 86' lang='lat' dir='ltr'>dicitur</span> 
     </span>
    </p>
   </div>
   <div class='ocr_carea' id='block_1_97' title="bbox 2114 3773 2538 3827">
    <p class='ocr_par' dir='ltr' id='par_1_97' title="bbox 2114 3773 2538 3827">
     <span class='ocr_line' id='line_1_97' title="bbox 2114 3773 2538 3827; baseline -0.005 0"><span class='ocrx_word' id='word_1_758' title='bbox 2114 3789 2234 3827; x_wconf 86' lang='lat' dir='ltr'>esse</span> <span class='ocrx_word' id='word_1_759' title='bbox 2267 3773 2538 3827; x_wconf 88' lang='lat' dir='ltr'>mundus.</span> 
     </span>
    </p>
   </div>
   <div class='ocr_carea' id='block_1_98' title="bbox 2190 3856 3789 3932">
    <p class='ocr_par' dir='ltr' id='par_1_98' title="bbox 2190 3856 3789 3932">
     <span class='ocr_line' id='line_1_98' title="bbox 2190 3856 3789 3932; baseline -0.006 -16"><span class='ocrx_word' id='word_1_760' title='bbox 2190 3866 2274 3917; x_wconf 86' lang='lat' dir='ltr'>ll.</span> <span class='ocrx_word' id='word_1_761' title='bbox 2312 3863 2404 3916; x_wconf 85' lang='lat' dir='ltr'>Est</span> <span class='ocrx_word' id='word_1_762' title='bbox 2434 3866 2707 3932; x_wconf 67' lang='lat' dir='ltr'>praetcrea</span> <span class='ocrx_word' id='word_1_763' title='bbox 2749 3860 2807 3913; x_wconf 89' lang='lat' dir='ltr'>in</span> <span class='ocrx_word' id='word_1_764' title='bbox 2846 3859 2969 3929; x_wconf 91' lang='lat' dir='ltr'>ipsa</span> <span class='ocrx_word' id='word_1_765' title='bbox 3017 3859 3243 3913; x_wconf 87' lang='lat' dir='ltr'>civitate</span> <span class='ocrx_word' id='word_1_766' title='bbox 3294 3860 3405 3912; x_wconf 90' lang='lat' dir='ltr'>alia</span> <span class='ocrx_word' id='word_1_767' title='bbox 3453 3860 3691 3913; x_wconf 88' lang='lat' dir='ltr'>ecclesia</span> <span class='ocrx_word' id='word_1_768' title='bbox 3736 3856 3789 3909; x_wconf 85' lang='lat' dir='ltr'>ad</span> 
     </span>
    </p>
   </div>
   <div class='ocr_carea' id='block_1_99' title="bbox 2114 3948 3789 4018">
    <p class='ocr_par' dir='ltr' id='par_1_99' title="bbox 2114 3948 3789 4018">
     <span class='ocr_line' id='line_1_99' title="bbox 2114 3948 3789 4018; baseline -0.004 -14"><span class='ocrx_word' id='word_1_769' title='bbox 2114 3950 2413 4004; x_wconf 89' lang='lat' dir='ltr'>meridiem</span> <span class='ocrx_word' id='word_1_770' title='bbox 2453 3950 2511 4003; x_wconf 90' lang='lat' dir='ltr'>in</span> <span class='ocrx_word' id='word_1_771' title='bbox 2546 3955 2741 4003; x_wconf 90' lang='lat' dir='ltr'>monte</span> <span class='ocrx_word' id='word_1_772' title='bbox 2779 3948 2936 4015; x_wconf 91' lang='lat' dir='ltr'>Sion,</span> <span class='ocrx_word' id='word_1_773' title='bbox 2971 3964 3099 4018; x_wconf 52' lang='lat' dir='ltr'>qua).</span> <span class='ocrx_word' id='word_1_774' title='bbox 3131 3948 3341 4002; x_wconf 89' lang='lat' dir='ltr'>dicitur</span> <span class='ocrx_word' id='word_1_775' title='bbox 3370 3950 3553 4002; x_wconf 89' lang='lat' dir='ltr'>sancti</span> <span class='ocrx_word' id='word_1_776' title='bbox 3594 3949 3789 4003; x_wconf 82' lang='lat' dir='ltr'>Simeo-</span> 
     </span>
    </p>
   </div>
   <div class='ocr_carea' id='block_1_100' title="bbox 2115 4037 3790 4108">
    <p class='ocr_par' dir='ltr' id='par_1_100' title="bbox 2115 4037 3790 4108">
     <span class='ocr_line' id='line_1_100' title="bbox 2115 4037 3790 4108; baseline -0.004 -15"><span class='ocrx_word' id='word_1_777' title='bbox 2115 4041 2223 4105; x_wconf 87' lang='lat' dir='ltr'>nis,</span> <span class='ocrx_word' id='word_1_778' title='bbox 2255 4039 2354 4093; x_wconf 90' lang='lat' dir='ltr'>ubi</span> <span class='ocrx_word' id='word_1_779' title='bbox 2390 4038 2665 4092; x_wconf 90' lang='lat' dir='ltr'>Dominus</span> <span class='ocrx_word' id='word_1_780' title='bbox 2712 4038 2848 4091; x_wconf 86' lang='lat' dir='ltr'>lavit</span> <span class='ocrx_word' id='word_1_781' title='bbox 2888 4037 3060 4108; x_wconf 88' lang='lat' dir='ltr'>pedes</span> <span class='ocrx_word' id='word_1_782' title='bbox 3102 4037 3515 4108; x_wconf 88' lang='lat' dir='ltr'>discipulorum</span> <span class='ocrx_word' id='word_1_783' title='bbox 3550 4052 3790 4096; x_wconf 82' lang='lat' dir='ltr'>suorum,</span> 
     </span>
    </p>
   </div>
   <div class='ocr_carea' id='block_1_101' title="bbox 2114 4126 3791 4199">
    <p class='ocr_par' dir='ltr' id='par_1_101' title="bbox 2114 4126 3791 4199">
     <span class='ocr_line' id='line_1_101' title="bbox 2114 4126 3791 4199; baseline -0.004 -17"><span class='ocrx_word' id='word_1_784' title='bbox 2114 4128 2173 4182; x_wconf 90' lang='lat' dir='ltr'>in</span> <span class='ocrx_word' id='word_1_785' title='bbox 2200 4145 2313 4199; x_wconf 90' lang='lat' dir='ltr'>qua</span> <span class='ocrx_word' id='word_1_786' title='bbox 2341 4128 2551 4198; x_wconf 89' lang='lat' dir='ltr'>pendet</span> <span class='ocrx_word' id='word_1_787' title='bbox 2575 4127 2772 4196; x_wconf 89' lang='lat' dir='ltr'>spinea</span> <span class='ocrx_word' id='word_1_788' title='bbox 2808 4126 3032 4179; x_wconf 90' lang='lat' dir='ltr'>Domini</span> <span class='ocrx_word' id='word_1_789' title='bbox 3064 4142 3293 4179; x_wconf 89' lang='lat' dir='ltr'>corona.</span> <span class='ocrx_word' id='word_1_790' title='bbox 3328 4129 3392 4181; x_wconf 93' lang='lat' dir='ltr'>In</span> <span class='ocrx_word' id='word_1_791' title='bbox 3417 4128 3521 4180; x_wconf 88' lang='lat' dir='ltr'>hac</span> <span class='ocrx_word' id='word_1_792' title='bbox 3543 4128 3791 4180; x_wconf 85' lang='lat' dir='ltr'>defuncta</span> 
     </span>
    </p>
   </div>
   <div class='ocr_carea' id='block_1_102' title="bbox 2114 4215 3789 4284">
    <p class='ocr_par' dir='ltr' id='par_1_102' title="bbox 2114 4215 3789 4284">
     <span class='ocr_line' id='line_1_102' title="bbox 2114 4215 3789 4284; baseline -0.005 -13"><span class='ocrx_word' id='word_1_793' title='bbox 2114 4216 2359 4271; x_wconf 85' lang='lat' dir='ltr'>traditur</span> <span class='ocrx_word' id='word_1_794' title='bbox 2388 4222 2580 4269; x_wconf 89' lang='lat' dir='ltr'>sancta</span> <span class='ocrx_word' id='word_1_795' title='bbox 2610 4216 2781 4268; x_wconf 86' lang='lat' dir='ltr'>Maria</span> <span class='ocrx_word' id='word_1_796' title='bbox 2814 4231 2826 4268; x_wconf 87' lang='lat'><strong>:</strong></span> <span class='ocrx_word' id='word_1_797' title='bbox 2854 4215 3020 4284; x_wconf 85' lang='lat' dir='ltr'>juxta</span> <span class='ocrx_word' id='word_1_798' title='bbox 3046 4231 3241 4284; x_wconf 86' lang='lat' dir='ltr'>quam,</span> <span class='ocrx_word' id='word_1_799' title='bbox 3274 4231 3472 4268; x_wconf 90' lang='lat' dir='ltr'>versus</span> <span class='ocrx_word' id='word_1_800' title='bbox 3504 4215 3789 4273; x_wconf 78' lang='lat' dir='ltr'>orientem,</span> 
     </span>
    </p>
   </div>
   <div class='ocr_carea' id='block_1_103' title="bbox 2046 4301 3793 4373">
    <p class='ocr_par' dir='ltr' id='par_1_103' title="bbox 2046 4301 3793 4373">
     <span class='ocr_line' id='line_1_103' title="bbox 2046 4301 3793 4373; baseline -0.005 -13"><span class='ocrx_word' id='word_1_801' title='bbox 2046 4301 2087 4352; x_wconf 83' lang='grc' dir='ltr'>Ι)</span> <span class='ocrx_word' id='word_1_802' title='bbox 2118 4310 2201 4360; x_wconf 89' lang='lat' dir='ltr'>est</span> <span class='ocrx_word' id='word_1_803' title='bbox 2241 4305 2475 4358; x_wconf 89' lang='lat' dir='ltr'>ecclesia</span> <span class='ocrx_word' id='word_1_804' title='bbox 2521 4303 2581 4356; x_wconf 93' lang='lat' dir='ltr'>in</span> <span class='ocrx_word' id='word_1_805' title='bbox 2626 4303 2848 4356; x_wconf 90' lang='lat' dir='ltr'>honore</span> <span class='ocrx_word' id='word_1_806' title='bbox 2896 4302 3075 4355; x_wconf 87' lang='lat' dir='ltr'>sancti</span> <span class='ocrx_word' id='word_1_807' title='bbox 3121 4303 3416 4373; x_wconf 90' lang='lat' dir='ltr'>Stephani,</span> <span class='ocrx_word' id='word_1_808' title='bbox 3469 4302 3525 4356; x_wconf 92' lang='lat' dir='ltr'>in</span> <span class='ocrx_word' id='word_1_809' title='bbox 3582 4304 3702 4355; x_wconf 90' lang='lat' dir='ltr'>loco</span> <span class='ocrx_word' id='word_1_810' title='bbox 3746 4302 3793 4352; x_wconf 82' lang='lat' dir='ltr'>in</span> 
     </span>
    </p>
   </div>
   <div class='ocr_carea' id='block_1_104' title="bbox 2119 4390 3791 4464">
    <p class='ocr_par' dir='ltr' id='par_1_104' title="bbox 2119 4390 3791 4464">
     <span class='ocr_line' id='line_1_104' title="bbox 2119 4390 3791 4464; baseline -0.005 -16"><span class='ocrx_word' id='word_1_811' title='bbox 2119 4411 2234 4464; x_wconf 91' lang='lat' dir='ltr'>quo</span> <span class='ocrx_word' id='word_1_812' title='bbox 2310 4394 2591 4463; x_wconf 86' lang='lat' dir='ltr'>lapidatus</span> <span class='ocrx_word' id='word_1_813' title='bbox 2666 4391 2955 4445; x_wconf 87' lang='lat' dir='ltr'>asseritur.</span> <span class='ocrx_word' id='word_1_814' title='bbox 3043 4391 3387 4444; x_wconf 88' lang='lat' dir='ltr'>Indirectum</span> <span class='ocrx_word' id='word_1_815' title='bbox 3471 4396 3665 4445; x_wconf 89' lang='lat' dir='ltr'>autem</span> <span class='ocrx_word' id='word_1_816' title='bbox 3736 4390 3791 4441; x_wconf 83' lang='lat' dir='ltr'>ad</span> 
     </span>
    </p>
   </div>
   <div class='ocr_carea' id='block_1_105' title="bbox 2118 4480 3795 4547">
    <p class='ocr_par' dir='ltr' id='par_1_105' title="bbox 2118 4480 3795 4547">
     <span class='ocr_line' id='line_1_105' title="bbox 2118 4480 3795 4547; baseline -0.004 -12"><span class='ocrx_word' id='word_1_817' title='bbox 2118 4483 2395 4535; x_wconf 83' lang='lat' dir='ltr'>orientem</span> <span class='ocrx_word' id='word_1_818' title='bbox 2444 4486 2526 4535; x_wconf 87' lang='lat' dir='ltr'>est</span> <span class='ocrx_word' id='word_1_819' title='bbox 2570 4481 2811 4534; x_wconf 84' lang='lat' dir='ltr'>Ecclesia</span> <span class='ocrx_word' id='word_1_820' title='bbox 2852 4481 2912 4533; x_wconf 89' lang='lat' dir='ltr'>in</span> <span class='ocrx_word' id='word_1_821' title='bbox 2950 4480 3170 4533; x_wconf 90' lang='lat' dir='ltr'>honore</span> <span class='ocrx_word' id='word_1_822' title='bbox 3204 4480 3353 4532; x_wconf 89' lang='lat' dir='ltr'>beati</span> <span class='ocrx_word' id='word_1_823' title='bbox 3392 4480 3564 4547; x_wconf 85' lang='lat' dir='ltr'>Petri,</span> <span class='ocrx_word' id='word_1_824' title='bbox 3600 4480 3795 4533; x_wconf 83' lang='lat' dir='ltr'>inloco</span> 
     </span>
    </p>
   </div>
   <div class='ocr_carea' id='block_1_106' title="bbox 2116 4568 3791 4640">
    <p class='ocr_par' dir='ltr' id='par_1_106' title="bbox 2116 4568 3791 4640">
     <span class='ocr_line' id='line_1_106' title="bbox 2116 4568 3791 4640; baseline -0.005 -17"><span class='ocrx_word' id='word_1_825' title='bbox 2116 4571 2175 4624; x_wconf 89' lang='lat' dir='ltr'>in</span> <span class='ocrx_word' id='word_1_826' title='bbox 2202 4588 2315 4640; x_wconf 90' lang='lat' dir='ltr'>quo</span> <span class='ocrx_word' id='word_1_827' title='bbox 2346 4570 2651 4623; x_wconf 89' lang='lat' dir='ltr'>Dominum</span> <span class='ocrx_word' id='word_1_828' title='bbox 2679 4569 2922 4638; x_wconf 87' lang='lat' dir='ltr'>negavit.</span> <span class='ocrx_word' id='word_1_829' title='bbox 2956 4568 3041 4622; x_wconf 83' lang='lat' dir='ltr'>Ad</span> <span class='ocrx_word' id='word_1_830' title='bbox 3072 4568 3401 4638; x_wconf 86' lang='lat' dir='ltr'>aquilonem</span> <span class='ocrx_word' id='word_1_831' title='bbox 3427 4575 3510 4622; x_wconf 87' lang='lat' dir='ltr'>est</span> <span class='ocrx_word' id='word_1_832' title='bbox 3532 4570 3791 4637; x_wconf 86' lang='lat' dir='ltr'>templum</span> 
     </span>
    </p>
   </div>
   <div class='ocr_carea' id='block_1_107' title="bbox 2117 4658 3795 4728">
    <p class='ocr_par' dir='ltr' id='par_1_107' title="bbox 2117 4658 3795 4728">
     <span class='ocr_line' id='line_1_107' title="bbox 2117 4658 3795 4728; baseline -0.004 -15"><span class='ocrx_word' id='word_1_833' title='bbox 2117 4658 2457 4726; x_wconf 88' lang='lat' dir='ltr'>Salomonis,</span> <span class='ocrx_word' id='word_1_834' title='bbox 2491 4658 2705 4711; x_wconf 88' lang='lat' dir='ltr'>habens</span> <span class='ocrx_word' id='word_1_835' title='bbox 2739 4674 3087 4728; x_wconf 79' lang='lat' dir='ltr'>synagogam</span> <span class='ocrx_word' id='word_1_836' title='bbox 3119 4658 3555 4711; x_wconf 87' lang='lat' dir='ltr'>Saracenorum.</span> <span class='ocrx_word' id='word_1_837' title='bbox 3586 4659 3668 4712; x_wconf 75' lang='lat' dir='ltr'>Ad</span> <span class='ocrx_word' id='word_1_838' title='bbox 3702 4671 3795 4708; x_wconf 88' lang='lat' dir='ltr'>me-</span> 
     </span>
    </p>
   </div>
   <div class='ocr_carea' id='block_1_108' title="bbox 2118 4743 3793 4817">
    <p class='ocr_par' dir='ltr' id='par_1_108' title="bbox 2118 4743 3793 4817">
     <span class='ocr_line' id='line_1_108' title="bbox 2118 4743 3793 4817; baseline -0.005 -16"><span class='ocrx_word' id='word_1_839' title='bbox 2118 4747 2325 4801; x_wconf 89' lang='lat' dir='ltr'>ridiem</span> <span class='ocrx_word' id='word_1_840' title='bbox 2357 4752 2491 4801; x_wconf 90' lang='lat' dir='ltr'>sunt</span> <span class='ocrx_word' id='word_1_841' title='bbox 2519 4752 2695 4817; x_wconf 71' lang='lat' dir='ltr'>porta:</span> <span class='ocrx_word' id='word_1_842' title='bbox 2730 4747 2951 4813; x_wconf 86' lang='lat' dir='ltr'>ferreae,</span> <span class='ocrx_word' id='word_1_843' title='bbox 2988 4762 3092 4817; x_wconf 90' lang='lat' dir='ltr'>per</span> <span class='ocrx_word' id='word_1_844' title='bbox 3121 4763 3263 4816; x_wconf 88' lang='lat' dir='ltr'>quas</span> <span class='ocrx_word' id='word_1_845' title='bbox 3300 4747 3541 4817; x_wconf 88' lang='lat' dir='ltr'>angelus</span> <span class='ocrx_word' id='word_1_846' title='bbox 3586 4743 3793 4800; x_wconf 87' lang='lat' dir='ltr'>Domini</span> 
     </span>
    </p>
   </div>
   <div class='ocr_carea' id='block_1_109' title="bbox 2119 4834 3794 4903">
    <p class='ocr_par' dir='ltr' id='par_1_109' title="bbox 2119 4834 3794 4903">
     <span class='ocr_line' id='line_1_109' title="bbox 2119 4834 3794 4903; baseline -0.005 -15"><span class='ocrx_word' id='word_1_847' title='bbox 2119 4835 2315 4889; x_wconf 82' lang='lat' dir='ltr'>eduxit</span> <span class='ocrx_word' id='word_1_848' title='bbox 2362 4837 2590 4889; x_wconf 90' lang='lat' dir='ltr'>Petrum</span> <span class='ocrx_word' id='word_1_849' title='bbox 2654 4834 2721 4887; x_wconf 91' lang='lat' dir='ltr'>de</span> <span class='ocrx_word' id='word_1_850' title='bbox 2778 4849 3020 4899; x_wconf 85' lang='lat' dir='ltr'>carcere,</span> <span class='ocrx_word' id='word_1_851' title='bbox 3079 4850 3209 4903; x_wconf 67' lang='lat' dir='ltr'>qua:</span> <span class='ocrx_word' id='word_1_852' title='bbox 3265 4839 3462 4903; x_wconf 90' lang='lat' dir='ltr'>postea</span> <span class='ocrx_word' id='word_1_853' title='bbox 3515 4850 3630 4887; x_wconf 89' lang='lat' dir='ltr'>non</span> <span class='ocrx_word' id='word_1_854' title='bbox 3682 4836 3794 4883; x_wconf 86' lang='lat' dir='ltr'>sunt</span> 
     </span>
    </p>
   </div>
   <div class='ocr_carea' id='block_1_110' title="bbox 2118 4928 2355 4994">
    <p class='ocr_par' dir='ltr' id='par_1_110' title="bbox 2118 4928 2355 4994">
     <span class='ocr_line' id='line_1_110' title="bbox 2118 4928 2355 4994; baseline -0.004 -17"><span class='ocrx_word' id='word_1_855' title='bbox 2118 4928 2355 4994; x_wconf 80' lang='lat' dir='ltr'>apertae.</span> 
     </span>
    </p>
   </div>
   <div class='ocr_carea' id='block_1_111' title="bbox 2195 5008 3792 5080">
    <p class='ocr_par' dir='ltr' id='par_1_111' title="bbox 2195 5008 3792 5080">
     <span class='ocr_line' id='line_1_111' title="bbox 2195 5008 3792 5080; baseline -0.005 -15"><span class='ocrx_word' id='word_1_856' title='bbox 2195 5013 2275 5065; x_wconf 85' lang='lat' dir='ltr'>t2.</span> <span class='ocrx_word' id='word_1_857' title='bbox 2314 5012 2392 5065; x_wconf 93' lang='lat' dir='ltr'>De</span> <span class='ocrx_word' id='word_1_858' title='bbox 2442 5010 2792 5065; x_wconf 89' lang='lat' dir='ltr'>Hierusalem</span> <span class='ocrx_word' id='word_1_859' title='bbox 2837 5010 2897 5063; x_wconf 89' lang='lat' dir='ltr'>in</span> <span class='ocrx_word' id='word_1_860' title='bbox 2945 5010 3090 5063; x_wconf 87' lang='lat' dir='ltr'>valle</span> <span class='ocrx_word' id='word_1_861' title='bbox 3137 5009 3410 5080; x_wconf 82' lang='lat' dir='ltr'>Josaphat</span> <span class='ocrx_word' id='word_1_862' title='bbox 3457 5008 3706 5073; x_wconf 89' lang='lat' dir='ltr'>milliari,</span> <span class='ocrx_word' id='word_1_863' title='bbox 3748 5012 3792 5057; x_wconf 80' lang='lat' dir='ltr'>et</span> 
     </span>
    </p>
   </div>
   <div class='ocr_carea' id='block_1_112' title="bbox 2119 5097 3789 5153">
    <p class='ocr_par' dir='ltr' id='par_1_112' title="bbox 2119 5097 3789 5153">
     <span class='ocr_line' id='line_1_112' title="bbox 2119 5097 3789 5153; baseline -0.004 0"><span class='ocrx_word' id='word_1_864' title='bbox 2119 5098 2290 5153; x_wconf 88' lang='lat' dir='ltr'>habet</span> <span class='ocrx_word' id='word_1_865' title='bbox 2327 5099 2515 5152; x_wconf 88' lang='lat' dir='ltr'>villam</span> <span class='ocrx_word' id='word_1_866' title='bbox 2561 5097 2922 5153; x_wconf 89' lang='lat' dir='ltr'>Gethsemani</span> <span class='ocrx_word' id='word_1_867' title='bbox 2953 5114 3083 5149; x_wconf 90' lang='lat' dir='ltr'>cum</span> <span class='ocrx_word' id='word_1_868' title='bbox 3116 5097 3236 5150; x_wconf 93' lang='lat' dir='ltr'>loco</span> <span class='ocrx_word' id='word_1_869' title='bbox 3268 5097 3583 5151; x_wconf 82' lang='lat' dir='ltr'>nativitatis</span> <span class='ocrx_word' id='word_1_870' title='bbox 3613 5102 3789 5150; x_wconf 75' lang='lat' dir='ltr'>sancta:</span> 
     </span>
    </p>
   </div>
   <div class='ocr_carea' id='block_1_113' title="bbox 2122 5186 3790 5258">
    <p class='ocr_par' dir='ltr' id='par_1_113' title="bbox 2122 5186 3790 5258">
     <span class='ocr_line' id='line_1_113' title="bbox 2122 5186 3790 5258; baseline -0.004 -17"><span class='ocrx_word' id='word_1_871' title='bbox 2122 5188 2331 5254; x_wconf 64' lang='lat' dir='ltr'>Mariae,</span> <span class='ocrx_word' id='word_1_872' title='bbox 2381 5188 2440 5240; x_wconf 93' lang='lat' dir='ltr'>in</span> <span class='ocrx_word' id='word_1_873' title='bbox 2480 5204 2595 5257; x_wconf 90' lang='lat' dir='ltr'>quo</span> <span class='ocrx_word' id='word_1_874' title='bbox 2640 5190 2723 5240; x_wconf 91' lang='lat' dir='ltr'>est</span> <span class='ocrx_word' id='word_1_875' title='bbox 2765 5187 2825 5240; x_wconf 90' lang='lat' dir='ltr'>in</span> <span class='ocrx_word' id='word_1_876' title='bbox 2863 5187 3081 5239; x_wconf 90' lang='lat' dir='ltr'>honore</span> <span class='ocrx_word' id='word_1_877' title='bbox 3113 5186 3293 5255; x_wconf 87' lang='lat' dir='ltr'>ipsius</span> <span class='ocrx_word' id='word_1_878' title='bbox 3323 5188 3560 5240; x_wconf 88' lang='lat' dir='ltr'>ecclesia</span> <span class='ocrx_word' id='word_1_879' title='bbox 3591 5201 3790 5258; x_wconf 87' lang='lat' dir='ltr'>perma-</span> 
     </span>
    </p>
   </div>
   <div class='ocr_carea' id='block_1_114' title="bbox 2119 5274 3787 5347">
    <p class='ocr_par' dir='ltr' id='par_1_114' title="bbox 2119 5274 3787 5347">
     <span class='ocr_line' id='line_1_114' title="bbox 2119 5274 3787 5347; baseline -0.003 -18"><span class='ocrx_word' id='word_1_880' title='bbox 2119 5275 2289 5329; x_wconf 86' lang='lat' dir='ltr'>xima.</span> <span class='ocrx_word' id='word_1_881' title='bbox 2324 5278 2388 5330; x_wconf 92' lang='lat' dir='ltr'>In</span> <span class='ocrx_word' id='word_1_882' title='bbox 2418 5276 2541 5346; x_wconf 90' lang='lat' dir='ltr'>ipsa</span> <span class='ocrx_word' id='word_1_883' title='bbox 2568 5292 2798 5347; x_wconf 84' lang='lat' dir='ltr'>quoque</span> <span class='ocrx_word' id='word_1_884' title='bbox 2831 5276 2963 5328; x_wconf 93' lang='lat' dir='ltr'>villa</span> <span class='ocrx_word' id='word_1_885' title='bbox 2993 5280 3076 5329; x_wconf 92' lang='lat' dir='ltr'>est</span> <span class='ocrx_word' id='word_1_886' title='bbox 3112 5274 3344 5327; x_wconf 90' lang='lat' dir='ltr'>ecclesia</span> <span class='ocrx_word' id='word_1_887' title='bbox 3376 5282 3587 5330; x_wconf 71' lang='lat' dir='ltr'>sanctas</span> <span class='ocrx_word' id='word_1_888' title='bbox 3628 5276 3787 5330; x_wconf 68' lang='lat' dir='ltr'>Mariae</span> 
     </span>
    </p>
   </div>
   <div class='ocr_carea' id='block_1_115' title="bbox 2121 5363 3786 5435">
    <p class='ocr_par' dir='ltr' id='par_1_115' title="bbox 2121 5363 3786 5435">
     <span class='ocr_line' id='line_1_115' title="bbox 2121 5363 3786 5435; baseline -0.003 -19"><span class='ocrx_word' id='word_1_889' title='bbox 2121 5365 2385 5429; x_wconf 86' lang='lat' dir='ltr'>rotunda,</span> <span class='ocrx_word' id='word_1_890' title='bbox 2435 5364 2532 5418; x_wconf 87' lang='lat' dir='ltr'>ubi</span> <span class='ocrx_word' id='word_1_891' title='bbox 2584 5370 2669 5417; x_wconf 91' lang='lat' dir='ltr'>est</span> <span class='ocrx_word' id='word_1_892' title='bbox 2714 5365 3039 5434; x_wconf 88' lang='lat' dir='ltr'>sepulcrum</span> <span class='ocrx_word' id='word_1_893' title='bbox 3091 5363 3264 5429; x_wconf 88' lang='lat' dir='ltr'>illius,</span> <span class='ocrx_word' id='word_1_894' title='bbox 3319 5364 3471 5433; x_wconf 87' lang='lat' dir='ltr'>quod</span> <span class='ocrx_word' id='word_1_895' title='bbox 3528 5381 3693 5435; x_wconf 84' lang='lat' dir='ltr'>supra</span> <span class='ocrx_word' id='word_1_896' title='bbox 3741 5377 3786 5412; x_wconf 81' lang='lat' dir='ltr'>se</span> 
     </span>
    </p>
   </div>
  </div>
