3860 6262
40 306 151 358 373

1166 304 1416 360 WANDA
1428 304 1743 361 LBERTUS
1782 302 2053 361 NOTITIA
2093 306 2133 359 Η
2146 303 2479 360 lS'l'OBlCA.

3455 308 3557 361 574-

39 440 274 489 tectum
309 452 419 489 non
445 436 635 501 habet,
667 436 918 505 pluviam
953 434 1189 489 minime
1221 436 1456 505 patitur.
1512 438 1572 489 In
1616 436 1739 505 ipso
1780 440 1821 492 Α
1854 434 1949 487 ubi
1987 436 2348 489 celebrantur
2379 435 2586 490 missae.
2638 437 2803 490 Juxta
2838 437 2982 490 hanc
3028 437 3323 492 ecclesiam
3370 444 3454 493 est
3479 441 3547 492 ad

40 523 229 576 etiam
265 524 388 576 loco
421 531 505 577 est
536 525 773 578 ecclesia
806 525 864 578 in
897 541 1011 594 quo
1049 526 1325 578 Dominus
1356 525 1600 578 traditus
1643 531 1745 578 est.

38 612 337 664 llabetibi
370 618 615 682 quatuor
650 629 873 665 mensas
920 613 1196 666 rotundas
1238 613 1420 667 C(Bnae
1451 614 1649 682 ipsius.
1690 616 1750 667 ln

38 700 197 751 valle.
234 716 465 770 quoque
508 701 779 769 Josapliat
812 708 897 754 est
947 702 1182 754 ecclesia
1230 700 1288 753 in
1322 701 1539 753 honore
1572 701 1753 754 sancti

38 788 283 854 Leonis,
334 789 388 842 in
423 806 537 859 qua
585 790 794 843 dicitur
842 795 1113 844 venturus
1166 790 1440 843 Dominus
1490 791 1557 843 ad
1600 791 1753 860 judi-

38 894 229 930 Cllllll.

121 968 214 1018 13.
274 966 405 1019 lude
463 972 741 1020 venerunt
788 967 845 1019 in
895 972 1155 1021 montem
1205 967 1429 1031 Oliveti,
1482 967 1539 1019 in
1590 968 1753 1035 cujus

36 1054 295 1106 declivio
327 1055 646 1107 ostenditur
668 1056 824 1108 locus
846 1056 1118 1109 orationis
1146 1056 1371 1109 Domini
1399 1056 1468 1109 ad
1505 1058 1748 1108 Patrem.

37 1143 101 1194 ln
154 1144 343 1196 latere
390 1150 585 1197 autem
631 1144 883 1213 praedicti
912 1145 1125 1197 montis
1154 1145 1475 1198 ostenditur
1500 1146 1659 1197 locus
1692 1144 1753 1197 in

37 1247 159 1299 quo
198 1231 472 1284 Pliarisiei
506 1232 864 1286 deduxerunt
889 1240 956 1286 ad
986 1234 1294 1287 Dominum
1327 1234 1624 1287 mulierem
1654 1233 1752 1286 de-

40 1320 401 1387 prehensam
436 1320 494 1373 in
540 1321 841 1373 adulterio.
891 1321 1143 1374 Habetur
1187 1321 1265 1374 ibi
1295 1321 1528 1374 ecclesia
1558 1322 1614 1374 in
1648 1323 1755 1375 ho-

41 1424 186 1459 nore
240 1409 419 1460 sancti
478 1408 736 1473 Joannis,
787 1409 843 1460 in
893 1426 1007 1478 qua
1054 1415 1312 1461 servatur
1360 1410 1641 1479 scriptura
1695 1410 1752 1462 in

44 1496 248 1563 lapide
285 1512 612 1549 marmoreo
644 1513 817 1565 quam
853 1497 1129 1550 Dominus
1170 1498 1394 1566 scripsit
1423 1498 1481 1549 in
1511 1503 1680 1550 terra.

128 1586 213 1637 ti.
255 1585 318 1637 In
367 1585 661 1638 cacumine
708 1593 897 1638 autem
948 1586 1151 1655 saepius
1188 1586 1321 1639 dicti
1356 1586 1587 1650 montis,
1625 1585 1753 1638 mil-

49 1671 176 1724 liari
220 1677 239 1725 l
277 1689 309 1725 a
338 1674 478 1726 valle
510 1673 800 1743 Josaphat,
838 1686 920 1728 est
964 1675 1123 1727 locus
1149 1675 1496 1728 ascensionis
1528 1674 1756 1728 Domini

50 1762 118 1813 ad
164 1762 422 1815 Patrem.
456 1762 703 1815 Habetur
732 1763 812 1816 ibi
855 1762 1089 1816 ecclesia
1118 1764 1365 1817 rotunda
1417 1764 1538 1816 sine
1585 1768 1752 1830 tecto,

48 1850 101 1899 in
134 1849 308 1917 cujus
346 1850 554 1911 medio,
603 1850 711 1903 hoc
758 1856 845 1904 est
874 1850 934 1903 in
966 1852 1090 1904 loco
1124 1850 1471 1905 ascensionis
1503 1851 1751 1913 Domini,

50 1936 304 1989 habetur
336 1938 515 1990 altare
561 1938 665 1991 sub
703 1938 834 1992 divo
882 1944 1105 2010 patens,
1143 1941 1201 1993 in
1235 1956 1349 2010 quo
1400 1938 1757 1993 celebrantur

54 2025 347 2078 Solemnia
378 2026 701 2080 missarum.

127 2117 210 2166 15.
252 2114 394 2168 Inde
440 2121 812 2183 perrexerunt
842 2134 872 2169 a
904 2118 1196 2185 Bethania,
1251 2133 1379 2187 qua:
1423 2121 1505 2170 est
1536 2116 1605 2169 ad
1637 2132 1755 2169 me-

60 2202 284 2269 ridiem,
322 2203 541 2257 distans
588 2221 621 2257 a
650 2210 844 2258 monte
894 2206 1094 2259 Oliveti
1140 2206 1370 2259 milliari
1406 2222 1540 2270 uno,
1570 2206 1626 2258 in
1660 2204 1755 2258 de-

57 2308 256 2343 scensu
292 2292 448 2345 illius
481 2293 713 2360 montis,
759 2293 821 2346 in
865 2310 978 2364 quo
1010 2298 1093 2348 est
1135 2295 1561 2354 monasterium.
1595 2293 1756 2362 cujus

62 2380 295 2432 ecclesia
352 2383 677 2449 sepulcrum
737 2387 1019 2436 monstrat
1073 2383 1263 2436 Lazari
1328 2401 1339 2437 :
1389 2384 1549 2453 juxta
1602 2382 1755 2452 quod

59 2474 135 2519 est
170 2468 398 2536 piscina
429 2470 499 2522 ad
529 2470 880 2540 aquilonem,
932 2472 991 2524 in
1019 2488 1133 2542 qua
1166 2472 1333 2542 jussu
1366 2472 1591 2525 Domini
1623 2471 1759 2525 lavit

62 2573 113 2609 se
171 2557 296 2627 ipse
360 2558 600 2611 Lazarus
670 2559 1053 2628 resuscitatus,
1108 2561 1207 2630 qui
1283 2560 1492 2613 dicitur
1562 2565 1758 2630 postea

63 2646 345 2698 exstitisse
378 2646 677 2717 episcopus
710 2648 767 2700 in
814 2649 1035 2718 Epheso
1065 2664 1136 2703 x1.
1171 2650 1353 2703 annis.
1394 2651 1453 2703 ln
1485 2650 1755 2701 descensu

64 2735 230 2787 etiam
290 2737 364 2788 de
427 2742 616 2788 monte
669 2737 873 2792 Oliveti
928 2738 997 2791 ad
1054 2739 1464 2792 occidentalem
1530 2740 1757 2808 plagam

64 2825 381 2877 ostenditur
409 2842 659 2878 marmor
690 2828 760 2881 de
800 2844 915 2897 quo
956 2828 1251 2882 descendit
1286 2828 1561 2881 Dominus
1586 2844 1759 2897 supra

66 2914 281 2981 pullum
316 2915 515 2967 asinae.
549 2916 702 2968 Inter
727 2916 847 2968 haec
879 2916 939 2969 in
970 2917 1173 2970 vallem
1199 2916 1495 2986 Josaphat,
1528 2917 1600 2969 ad
1634 2933 1758 2969 mc-

68 3002 285 3067 ridiem,
320 3008 409 3055 est
436 3003 715 3055 natatoria
743 3003 916 3058 Siloe.

138 3093 214 3143 l6.
274 3091 413 3144 Inde
461 3092 808 3145 transierunt
854 3093 913 3145 in
964 3093 1317 3157 Bethlehem,
1355 3093 1453 3147 ubi
1488 3094 1759 3147 Dominus

70 3179 166 3231 fuit
196 3187 394 3245 natus,
426 3180 646 3233 habens
690 3197 744 3233 γι
793 3180 992 3234 millia.
1046 3182 1319 3236 Ostensus
1363 3187 1445 3234 est
1477 3182 1587 3235 illis
1618 3198 1763 3235 cam-

73 3283 167 3334 pus
198 3268 254 3320 in
292 3284 413 3337 quo
447 3268 742 3322 laborabat
774 3270 1034 3323 Habacuc
1076 3286 1205 3323 cum
1256 3272 1495 3339 angelus
1538 3272 1764 3324 Domini

70 3356 229 3421 jussit
259 3356 313 3408 ei
349 3357 660 3425 prandium
690 3357 838 3411 ferre
872 3358 1089 3411 Danieli
1137 3358 1195 3411 in
1232 3360 1598 3429 Babylonem,
1635 3377 1763 3430 quas

74 3450 147 3495 est
203 3446 272 3496 ad
342 3446 668 3510 meridiem,
729 3446 828 3499 ubi
894 3448 1154 3517 regnavit
1221 3448 1761 3513 Nabuchodonosor,

76 3548 233 3599 quam
268 3549 428 3586 nunc
461 3540 753 3602 serpentes
797 3551 861 3588 ac
908 3535 1103 3589 bestias
1159 3536 1500 3590 inhabitant.
1544 3538 1763 3590 Bethle-

76 3620 191 3672 hem
226 3638 369 3690 ergo
405 3622 575 3674 liabet
603 3623 898 3676 ecclesiam
937 3624 1097 3676 valde
1128 3640 1399 3693 magnam
1448 3625 1505 3677 in
1547 3627 1765 3678 honore

76 3717 271 3763 sanctae
306 3711 519 3777 Marias,
553 3710 609 3763 in
640 3712 803 3781 cujus
842 3712 1032 3766 medio
1066 3718 1151 3765 est
1193 3713 1473 3783 scriptura
1502 3714 1607 3767 sub
1650 3730 1764 3766 uno

78 3798 274 3866 lapide,
312 3799 479 3866 cujus
520 3799 789 3851 introitus
819 3806 903 3853 est
936 3818 966 3853 τι
999 3801 1268 3865 meridie;
1317 3802 1501 3854 exitus
1532 3819 1663 3854 vero
1696 3802 1764 3855 ad

77 3888 372 3951 orientem,
406 3888 466 3939 in
500 3904 613 3957 quo
660 3891 982 3942 ostenditur
1025 3892 1372 3960 praesepium
1428 3891 1651 3944 Domini
1696 3892 1762 3944 ad

78 3975 423 4028 Occidentem
471 3976 649 4045 ipsius
693 3977 1008 4046 scripturae.
1074 3978 1249 4031 Locus
1300 3984 1490 4031 autem
1538 3980 1597 4031 in
1652 3994 1766 4049 quo

82 4063 341 4116 Dominus
390 4063 589 4133 vagiit,
644 4069 727 4117 est
768 4066 840 4119 ad
890 4066 1188 4120 orientem.
1241 4068 1419 4120 llabet
1468 4066 1547 4120 ibi
1587 4069 1765 4119 altare

87 4197 123 4205 _

1861 524 2160 577 meridiem
2189 524 2422 577 ecclesia
2452 525 2748 578 beatorum
2778 532 3093 595 martyrum
3124 527 3547 581 Innocentium.

1862 610 2122 664 Milliario
2154 610 2402 680 denique
2436 628 2547 664 uno
2574 629 2606 663 a
2640 614 2964 666 Bethlehem
3014 619 3098 666 est
3138 614 3550 668 monasterium

1862 704 2187 751 sanctorum
2224 706 2538 768 pastorum,
2594 701 2803 769 qnibus
2833 700 3068 769 angelus
3118 703 3341 755 Domini
3374 719 3551 773 appa-

1862 791 1976 840 ruit
2019 788 2080 840 in
2132 788 2423 840 nativitate
2472 788 2717 841 Domini.
2771 788 2851 841 Ad
2885 796 3233 858 postremum
3280 806 3387 843 xxx
3418 790 3553 843 mil-

1863 876 2041 929 liariis
2063 876 2131 929 ab
2155 876 2505 929 Hierusalem
2539 882 2624 929 est
2655 876 2917 930 Jordanis
2945 877 3015 930 ad
3047 878 3349 943 orientem,
3386 894 3556 948 super

1862 981 2034 1035 quem
2081 969 2165 1018 est
2209 965 2621 1018 monasterium
2663 965 2842 1017 sancti
2870 965 3104 1018 Joannis
3157 966 3441 1034 Baptistre.
3492 968 3553 1020 lu

1862 1053 2070 1122 quibus
2123 1070 2353 1123 quoque
2414 1054 2547 1106 locis
2595 1055 2773 1107 multa
2816 1055 3132 1107 consistunt
3188 1054 3553 1108 monasteria.

1864 1144 1955 1195 Est
2013 1143 2162 1195 inter
2215 1144 2335 1195 hazc
2396 1145 2464 1195 ad
2526 1143 2935 1196 occidentalem
2998 1145 3225 1214 plagam
3286 1145 3556 1197 Hieroso-

1864 1232 2030 1301 lyma:
2061 1231 2306 1285 civitatis
2341 1232 2608 1285 milliario
2638 1249 2751 1285 uno
2785 1232 3018 1285 ecclesia
3044 1237 3250 1286 sanctzr
3274 1232 3556 1299 Mamillm,

1863 1320 1920 1372 in
1952 1336 2063 1389 qua
2091 1323 2223 1373 sunt
2256 1321 2430 1372 multa
2475 1336 2713 1389 corpora
2746 1326 3082 1390 martyrum,
3117 1320 3215 1390 qui
3266 1338 3297 1373 a
3330 1321 3557 1373 Sarace-

1865 1409 1953 1461 nis
1985 1408 2266 1461 interfecti
2294 1410 2365 1462 ab
2392 1410 2515 1478 ipsa
2548 1414 2680 1462 sunt
2719 1409 2798 1462 ibi
2830 1409 3136 1476 diligenter
3165 1410 3402 1465 conditi.

1940 1500 2022 1549 l7.
2060 1497 2134 1548 De
2189 1497 2536 1549 Hierusalem
2588 1497 2946 1549 intraverunt
2980 1497 3036 1549 in
3070 1513 3246 1561 mare,
3299 1502 3357 1549 et
3388 1514 3559 1549 vene-

1866 1590 2001 1638 runt
2055 1586 2122 1637 ad
2183 1586 2739 1653 Montem-Aureum,
2799 1586 2896 1638 ubi
2950 1591 3032 1639 est
3086 1592 3283 1655 crypta
3344 1586 3561 1638 habens

1866 1674 1945 1727 ibi
1977 1691 2049 1727 vn
2080 1674 2298 1727 altaria.
2330 1674 2502 1729 llabet
2520 1674 2694 1727 etiam
2726 1690 2898 1743 supra
2927 1690 2986 1726 se
3025 1674 3225 1727 silvam
3257 1689 3553 1741 magnam;

1865 1764 1923 1817 in
1969 1780 2081 1833 qua
2121 1768 2317 1833 crypta
2350 1779 2515 1815 nemo
2552 1767 2740 1832 potest
2770 1778 2887 1831 prie
2919 1762 3263 1815 obscuritate
3295 1763 3559 1815 tenebra-

1867 1868 1994 1905 rum
2025 1852 2262 1916 intrare,
2306 1851 2413 1904 nisi
2445 1868 2574 1904 cum
2608 1850 2857 1904 accensis
2908 1850 3303 1905 luminaribus.
3348 1850 3562 1904 Ibidem

1868 1940 1977 1994 fuit
1999 1940 2172 1993 abbas
2203 1941 2447 1993 domnus
2474 1940 2826 1992 Valentinus.

1941 2032 2023 2083 18.
2104 2029 2180 2082 De
2261 2029 2671 2082 Monte—Aurea
2722 2031 3110 2096 pervenerunt
3170 2026 3240 2079 ad
3298 2028 3561 2090 Romam,

1865 2117 2016 2171 intra
2066 2133 2238 2187 quam
2297 2116 2495 2170 urbem
2545 2118 2615 2170 ad
2664 2116 3003 2169 orientalem
3057 2119 3300 2185 partem,
3340 2115 3397 2167 in
3438 2115 3563 2167 loco

1866 2205 1966 2275 qui
2016 2207 2227 2259 dicitur
2282 2204 2587 2269 Lateranis,
2623 2208 2708 2258 est
2738 2204 2975 2258 ecclesia
3031 2204 3088 2256 in
3140 2204 3357 2257 honore
3385 2203 3565 2256 sancti

1864 2294 2100 2348 Joannis
2158 2294 2423 2363 Baptista
2471 2294 2616 2347 bene
2660 2293 2995 2362 composita,
3046 2292 3144 2345 ubi
3198 2298 3284 2344 est
3330 2291 3565 2361 propria

1866 2384 2026 2437 sedes
2077 2384 2470 2453 apostolorum
2533 2382 2675 2454 [Lrg.
2732 2382 3221 2452 apostolicorumj.
3282 2381 3364 2434 Ad
3414 2379 3562 2433 occi-

1867 2472 2153 2527 dentalem
2208 2477 2401 2525 autem
2455 2478 2679 2540 partem
2735 2476 2821 2523 est
2882 2470 3118 2523 ecclesia
3166 2468 3319 2522 beati
3390 2468 3560 2534 Petri,

1866 2561 2141 2630 principis
2199 2561 2612 2630 apostolorum,
2662 2559 2761 2612 ubi
2817 2558 2939 2628 ipse
2987 2557 3311 2627 requiescit,
3358 2557 3449 2609 cui
3506 2556 3565 2609 in

1868 2649 2265 2719 magnitudine
2309 2666 2422 2702 non
2483 2654 2566 2701 est
2623 2648 2826 2701 similis
2876 2647 3113 2700 ecclesia
3176 2648 3233 2698 in
3302 2645 3566 2698 universa

1868 2743 2040 2802 terra,
2068 2755 2197 2808 quae
2220 2738 2474 2790 continet
2504 2737 2678 2790 etiam
2709 2742 3049 2789 ornamenta
3083 2734 3324 2787 diversa.
3360 2734 3421 2786 In
3453 2749 3566 2802 qua

1868 2826 2039 2879 etiam
2090 2826 2362 2896 praedicta
2402 2825 2541 2878 urbe
2576 2824 3019 2878 innumerabilia
3067 2838 3307 2892 corpora
3338 2824 3567 2873 sancto-

1869 2931 1998 2968 rum
2051 2915 2436 2985 requiescunt.
2500 2914 2631 2966 lnde
2682 2917 2962 2965 venerunt
3011 2912 3077 2965 ad
3146 2918 3407 2963 sanctum
3466 2910 3566 2962 Mi-

1870 3004 2121 3057 chaelem
2165 3004 2235 3056 ad
2295 3003 2435 3056 duas
2499 3002 2764 3065 Tumbas,
2825 3000 2923 3071 qui
2980 3000 3139 3052 locus
3182 3003 3263 3051 est
3314 2998 3455 3050 situs
3508 2997 3568 3050 in

1875 3102 2067 3145 monte
2116 3090 2216 3159 qui
2270 3089 2587 3160 porrigitur
2635 3090 2692 3143 in
2742 3106 2897 3142 mare
2946 3104 3047 3159 per
3082 3087 3221 3140 duas
3252 3087 3458 3139 leucas.
3506 3086 3569 3138 In

1871 3178 2201 3231 summitate
2254 3178 2427 3246 hujus
2479 3178 2692 3231 montis
2755 3182 2841 3229 est
2900 3175 3153 3229 Ecclesia
3221 3173 3281 3226 in
3348 3174 3569 3226 honore

1872 3268 2050 3321 sancti
2088 3268 2398 3331 Michaelis,
2448 3273 2504 3320 et
2552 3267 2610 3319 in
2641 3266 2883 3319 circuitu
2913 3265 3068 3319 illius
3100 3264 3310 3317 montis
3350 3263 3569 3317 redun-

1872 3357 1968 3410 dat
2015 3372 2169 3409 mare
2210 3356 2468 3426 quotidie
2514 3356 2735 3409 duabus
2779 3354 3017 3420 vicibus,
3062 3353 3122 3407 id
3161 3356 3244 3405 est
3292 3367 3460 3404 mane
3513 3356 3572 3403 et

1873 3461 2129 3515 vespere,
2179 3449 2235 3498 et
2275 3461 2389 3497 non
2424 3448 2661 3514 possunt
2702 3443 2963 3495 homines
2998 3442 3155 3495 adire
3186 3447 3443 3494 montem
3475 3440 3570 3493 do-

1873 3550 1976 3588 nec
2036 3550 2188 3587 mare
2254 3532 2598 3587 discesserit.
2661 3533 2724 3584 In
2780 3531 3084 3584 festivitate
3141 3534 3332 3581 autem
3390 3525 3571 3579 sancti

1873 3624 2160 3676 Michaelis
2189 3639 2304 3675 non
2354 3620 2724 3689 conjungitur
2759 3634 2911 3670 mare
2969 3618 3027 3669 in
3079 3614 3457 3669 redundando
3508 3612 3571 3665 in

1874 3712 2111 3765 circuitu
2154 3712 2308 3763 illius
2357 3709 2592 3771 montis,
2656 3708 2751 3760 sed
2802 3712 2912 3759 stat
2962 3705 3144 3757 instar
3189 3718 3490 3756 murorum
3540 3717 3571 3752 a

1876 3800 2085 3853 dextris
2126 3805 2181 3851 et
2232 3817 2258 3851 a
2294 3798 2555 3851 sinistris.
2592 3798 2655 3849 Et
2684 3796 2744 3849 in
2777 3796 2897 3864 ipsa
2927 3794 3019 3847 die
3053 3791 3298 3845 solemni
3331 3794 3571 3861 possunt

1874 3905 2094 3953 omnes,
2131 3888 2458 3957 quicunque
2488 3886 2556 3939 ad
2602 3885 2928 3938 orationem
2978 3884 3258 3946 venerint,
3304 3879 3572 3933 omnibus

1876 3978 2034 4031 horis
2082 3977 2241 4031 adire
2288 3980 2539 4029 montem
2574 3992 2591 4027 :
2625 3973 2777 4044 quod
2822 3979 3015 4026 tamen
3066 3970 3192 4024 aliis
3220 3969 3423 4024 diebus
3455 3984 3572 4021 non

1878 4071 2138 4136 possunt.

1425 4291 1596 4334 ANNO
1644 4292 1870 4336 DOMINI
1919 4292 2197 4337 DCCCLXX
2210 4322 2224 4337 .

640 4350 3022 4638 WANDALBERTUS

1293 4714 1818 4779 PRUMIENSIS
1862 4716 2363 4779 MONACHUS.

1708 4841 1968 4848 »φυγῇ--

822 4932 1218 5022 ΝΟΤΙΤΙΑ
1265 4930 1784 5022 HISTOBICA
1849 4935 1950 5021 IN
1996 4933 2346 5024 WANDA

1312 4930 1784 5022 IISTOBICA
1849 4935 1950 5021 IN
1996 4930 2836 5024 WANDALBERTUM

1289 5087 1527 5150 (Fabric.,
1566 5089 1812 5138 Biblioth.
1850 5091 1987 5139 med.
2020 5094 2071 5139 et
2095 5088 2188 5137 inf.
2227 5090 2367 5151 Lat.)

1652 5185 1980 5196 -—_———

151 5259 616 5322 Wmmruenrus,
648 5257 918 5311 diaconus
963 5263 1020 5313 et
1062 5259 1373 5312 monachus
1424 5260 1771 5313 Prumiensis
1814 5262 1855 5315 D
1885 5261 1944 5314 in
1975 5258 2225 5314 editione
2257 5259 2444 5328 priore
2474 5255 2763 5327 Spicilegii
2797 5254 3244 5309 desiderabatur.
3277 5252 3438 5328 Adde
3466 5252 3582 5307 Tri-

97 5330 412 5382 monasterii
483 5328 630 5380 circa
698 5345 788 5382 an.
837 5332 959 5383 850.
1026 5330 1258 5398 Scripsit
1322 5333 1775 5399 Martyrologium

96 5401 379 5453 carminice
414 5400 573 5469 quod
628 5399 789 5452 Beda:
822 5400 979 5468 prius
1018 5401 1419 5466 ascripserunt.
1461 5402 1770 5455 Editionem

101 5483 273 5551 povam
310 5470 462 5525 Phil.
501 5469 756 5551 Labbens
786 5471 1046 5551 promisit
1076 5471 1135 5524 in
1167 5471 1307 5551 Bibl.
1344 5488 1490 5551 nova
1524 5489 1676 5551 mss...
1711 5489 1768 5551 ρ.

100 5540 177 5600 ﬁt;
206 5542 501 5611 integrum
550 5546 739 5593 autem
792 5541 971 5594 edidit
1016 5542 1191 5594 Lucas
1243 5542 1546 5595 Dacherins
1576 5540 1767 5611 Spicil.

100 5615 215 5681 tum.
245 5615 307 5677 ll,
346 5627 403 5681 p.
464 5614 551 5663 39.
603 5612 738 5663 Tom
773 5612 833 5675 V,
869 5629 924 5680 p.
972 5615 1075 5666 305
1125 5612 1394 5665 editionis
1434 5614 1637 5665 veteris
1668 5614 1772 5666 sub

102 5678 244 5735 ﬁnem
274 5678 441 5754 μ’ὃὲ
476 5682 701 5734 additur
731 5678 953 5737 Carnien
985 5683 1050 5736 de
1079 5684 1357 5739 Creatione
1373 5685 1582 5751 mundi,
1618 5684 1771 5753 quod

1885 5330 2165 5383 tliemium
2226 5326 2294 5383 de
2352 5326 2646 5400 Scriptor.»
2697 5329 2927 5400 Eccles.,
2998 5328 3266 5400 c.‘316;_
3304 5326 3578 5400 Bulaenm,

1887 5404 2023 5455 Hist.
2060 5400 2314 5454 Univers.
2346 5396 2680 5455 Parisiensis
2712 5404 2866 5451 tomo
2903 5399 2940 5459 l,
2978 5414 3033 5466 p.
3067 5396 3200 5460 447;
3241 5396 3579 5450 Bollandum

1884 5474 1943 5525 in
1974 5470 2308 5539 praefatione
2331 5470 2585 5542 generali
2608 5470 2679 5523 ad
2711 5475 2849 5542 Acta
2878 5469 3405 5542 Sanctorumpante
3438 5472 3575 5520 tom.

1891 5544 1910 5596 Ι
1952 5541 2231 5613 Januarii,
2279 5540 2357 5613 pf
2387 5546 2483 5611 iit;
2536 5541 2957 5613 Baroniumﬁde
3002 5540 3369 5613 Martyrolog.
3418 5553 3466 5589 c.
3517 5542 3577 5613 tl:

1884 5612 2208 5688 Sollerium,
2257 5609 2417 5686 praef.
2466 5609 2536 5667 ad
2572 5612 2810 5688 Usu_ard_i
2843 5609 3332 5688 Martyrologium,
3365 5624 3489 5688 cap.
3528 5611 3577 5660 l.

1883 5685 2039 5739 artic.
2079 5687 2130 5737 3.
2177 5681 2357 5741 Vitam
2383 5692 2432 5742 ct
2460 5684 2727 5739 miracula
2758 5686 2811 5738 δ.
2857 5684 3050 5739 Goaris
3086 5681 3391 5748 presbyteri
3408 5681 3578 5748 jussu
