3860 6262
291 263 393 315 575

1374 255 1886 311 WANDALBERTI
1931 254 2346 311 PRUMIENSIS
2385 252 2696 309 MONACHI
3698 254 3774 302 576

291 396 637 460 Marcwardi,
671 394 890 448 abbatis
920 393 1007 446 sui
1059 392 1397 462 conscripsit
1438 392 1661 445 circiter
1719 408 1808 444 an.
1858 394 1980 455 939,
2022 394 2067 446 A
2099 390 2283 444 Codex
2312 387 2652 443 cathedralis
2686 404 2700 441 :

289 468 497 520 editam
525 484 556 519 a
586 466 749 521 Surio
781 465 871 518 die
901 468 932 517 6
981 463 1146 528 Julii;
1179 463 1524 529 Mabillonio,
1557 462 1772 517 Saecula
1801 479 1838 515 ιι
1874 464 1981 517 Be-

288 537 596 603 nedictino,
636 553 691 604 p.
721 539 842 589 281.
876 536 1147 589 Miracula
1180 540 1423 599 tantum,
1467 534 1675 587 omissa
1706 534 1849 595 Vita,
1884 533 1978 604 de-

288 608 371 660 dit
398 609 556 660 Joan.
603 603 797 659 Pinius
828 606 887 659 in
934 606 1087 659 Actis
1134 606 1491 671 Sanctorum,
1535 611 1691 657 tomo
1742 604 1792 658 II
1822 603 1977 669 Julii,

288 693 344 746 p.
385 681 505 732 337.
556 678 689 729 Vide
739 677 1028 731 Oudinum
1078 682 1236 728 tomo
1286 677 1351 741 Il,
1408 693 1463 745 p.
1504 677 1625 740 149,
1670 674 1804 727 Hist.
1848 674 1978 739 litt.,

290 745 457 814 Gall.,
492 753 630 800 tom.
666 749 727 814 V,
762 764 819 816 p.
858 752 978 800 377.
1034 747 1382 800 Praeteriisse
1430 746 1654 815 pigeret
1696 745 1911 798 editum
1951 762 1981 797 a

290 819 562 872 Dacherio
620 818 1006 871 Wandalberti
1060 817 1523 887 Martyrologium
1573 817 1982 887 interpolatum

289 905 431 955 esse,
478 889 669 958 siquid
720 889 871 942 aliud
906 889 1169 941 maxime.
1209 889 1492 956 Integrius
1523 904 1585 939 ac
1613 889 1811 958 purius
1840 886 1981 955 legi-

288 965 382 1012 tur
412 961 471 1012 in
502 957 643 1025 ms.,
677 960 870 1012 codice
903 960 1267 1014 Bibliothecaa
1295 958 1714 1011 Cauonicorum
1745 957 1801 1011 S.
1835 958 1981 1010 Mar-

289 1029 397 1083 tini
433 1030 719 1084 Lucensis.
768 1030 1229 1098 Interpolationis
1278 1029 1447 1098 hujus
1500 1029 1732 1081 unicum
1780 1029 1889 1081 hoc
1918 1044 1982 1080 ex

292 1101 491 1153 multis
548 1101 838 1171 specimen
900 1102 992 1153 hic
1051 1100 1437 1153 exhibendum
1485 1100 1629 1152 duco
1679 1114 1741 1151 ex
1787 1114 1983 1171 mense

288 1172 561 1225 Januario
581 1169 908 1242 acceptum.
958 1171 1041 1225 lbi
1089 1187 1223 1225 vero
1284 1171 1363 1224 ita
1408 1170 1549 1241 legit
1597 1169 1984 1223 Dacherianus

289 1242 469 1296 codex
502 1258 515 1295 :

414 1365 543 1414 Tum
579 1365 746 1429 pridie
777 1378 946 1415 nonas
971 1364 1197 1428 Augenti
1228 1364 1360 1413 festa
1384 1366 1683 1423 recurrunt,

2219 486 2350 534 Tum
2380 486 2547 548 pridie
2577 498 2747 533 nonas
2776 484 2935 547 Aggei
2967 484 3099 534 festa
3122 487 3424 535 recurrunt.

2098 576 2181 629 Ita
2216 575 2472 644 profecto
2524 573 2746 643 scripsit
2791 574 3258 640 Wandalbertus;
3304 588 3436 626 cum
3463 571 3671 644 Δεξεεὶ
3704 589 3779 644 ca-

2089 643 2319 715 jusd’am
2357 646 2619 715 martyris
2651 661 2864 698 nomen
2895 645 3000 697 hac
3038 645 3160 713 ipsa
3191 644 3284 698 die
3319 645 3377 696 in
3404 643 3778 711 Hieronymia-

2098 717 2187 770 nis
2219 718 2451 769 vetustis
2483 716 2909 784 martyrologiis
2938 721 3200 768 occurrat
3251 731 3265 768 :
3319 716 3424 767 hoc
3453 715 3633 783 igitur
3672 715 3780 765 sub-

2096 788 2213 841 lato
2246 794 2491 856 martyre
2521 787 2712 838 minus
2757 792 2912 851 noto,
2966 787 3211 839 alterum
3255 786 3365 837 sibi
3416 784 3571 837 forte
3624 800 3779 852 magi:

2098 859 2379 911 celebrem
2411 862 2739 926 Augentum
2765 873 2864 909 seu
2891 858 3231 926 Augendum
3260 856 3655 924 interpolator
3673 858 3781 906 sub-

2099 930 2315 993 stituit;
2346 928 2455 981 nisi
2488 930 2630 981 forte
2663 944 2781 980 non
2810 928 3255 996 interpolatoris,
3286 927 3381 979 sed
3416 926 3679 995 imperiti
3708 940 3783 977 e1-

2099 1000 2394 1069 scriptoris
2426 999 2533 1052 hoc
2564 998 2767 1051 vitium
2798 1015 2921 1051 esse
2952 998 3245 1051 malueris.
3289 999 3419 1050 Haec
3454 999 3642 1065 igitur
3670 997 3784 1069 dum

2099 1068 2308 1136 recolo,
2350 1071 2506 1123 subit
2551 1069 2808 1122 animum
2854 1070 3126 1138 cogitatio
3155 1085 3294 1121 num
3320 1084 3522 1137 operae
3556 1068 3785 1135 pretium

2098 1141 2350 1195 facturus
2381 1140 2485 1193 sim
2528 1141 2574 1193 si
2619 1155 2823 1192 novam
2859 1140 3248 1209 Martyrologii
3280 1140 3456 1208 hujus
3490 1139 3785 1190 editionem

2099 1212 2335 1277 moliar;
2360 1212 2512 1280 quod
2536 1215 2859 1281 opportune
2886 1216 3022 1263 tunc
3052 1210 3398 1279 praestitero,
3434 1224 3786 1281 cuminovam

2098 1282 2481 1351 Martyrologii
2530 1298 2563 1334 a
2615 1282 2944 1335 Florentino
2985 1281 3187 1350 gentili
3235 1296 3367 1333 meo
3402 1280 3601 1332 excusi
3633 1280 3787 1351 editio

2095 1370 2163 1407 ex
2190 1350 2421 1422 integro
2444 1370 2471 1405 a
2508 1369 2598 1405 me
2634 1354 2913 1405 recensita
2962 1352 3241 1422 novisque
3280 1351 3709 1405 accessionibus
3739 1350 3786 1404 il-

2098 1425 2332 1477 lustrata
2360 1423 2684 1493 proferetur
2711 1422 2771 1476 in
2798 1424 3001 1477 lucem.

1405 1694 2690 1801 WANDALBERTI

1678 1859 2075 1909 PRUMIENSIS
2108 1859 2401 1908 MONACHI

944 1985 3148 2152 MARTYROLOGIUM.

1498 2208 1673 2272 (Apud
1706 2208 2007 2265 Acherium,
2038 2207 2303 2271 Spicilegii
2329 2210 2473 2257 tomo
2503 2207 2590 2269 ΙΙ.)

1784 2408 2313 2482 MONITUM.

366 2672 746 2741 Exscripserat
807 2687 906 2725 sua
967 2686 1143 2724 manu
1209 2670 1594 2741 Wandalberti
1652 2669 1985 2741 Martyrolo-
2027 2669 2067 2722 Β
2102 2669 2298 2721 Roma:
2330 2682 2481 2741 anno
2513 2668 2613 2741 823
2648 2684 2679 2719 a
2711 2665 2965 2741 Paschali
2994 2682 3143 2741 papa
3173 2666 3488 2741 Lotharius
3512 2667 3785 2741 fuitinau-

294 2741 453 2811 gium
484 2740 845 2796 doctissimus
894 2741 1165 2809 Bigotius,
1202 2756 1331 2794 cum
1373 2740 1661 2794 Butaviam
1697 2740 1984 2811 inviseret,

295 2810 324 2866 ὁ
364 2813 554 2867 codice
584 2814 793 2882 scripto
824 2813 998 2866 lsaaci
1026 2812 1229 2877 Vossii,
1262 2811 1367 2864 viri
1395 2812 1660 2865 comitate
1687 2810 1985 2879 singulari,

294 2900 357 2936 ac
388 2884 643 2952 politiori
699 2884 1018 2936 litteratura
1053 2884 1480 2952 multarumque
1524 2898 1717 2934 rerum
1751 2882 1989 2933 scientia

292 2954 610 3007 clarissimi.
658 2955 1056 3022 Ascripseraut
1102 2954 1242 3006 falso
1292 2952 1679 3005 Wandalberti
1717 2952 1986 3021 Martyro-

294 3025 512 3093 logium
542 3024 864 3078 Venerabili
899 3024 1056 3077 Beda:
1078 3024 1445 3087 Basileenses,
1481 3023 1622 3075 illud
1651 3023 1773 3091 ejus
1805 3023 1985 3091 Ephe-

295 3095 614 3147 meridibus
645 3100 1005 3147 accensentes
1038 3110 1168 3147 ann.
1208 3096 1372 3157 1563;
1405 3094 1613 3146 deinde
1651 3093 1902 3146 Molanus
1930 3094 1988 3145 in

296 3165 420 3231 dies
454 3164 827 3217 distributum
860 3164 1100 3218 Usuardi
1126 3163 1702 3234 Martyrologio,cuso
1736 3163 1988 3217 Colonias

296 3252 429 3289 ann.
467 3237 622 3299 1568,
654 3235 950 3287 subductis
980 3236 1235 3287 versibus
1267 3233 1579 3299 nonnullis,
1611 3234 1941 3286 interseruit
1973 3252 1984 3287 :

297 3322 450 3359 nunc
480 3305 772 3373 integrum
799 3321 901 3357 suo
947 3306 1165 3358 auctori
1192 3322 1256 3358 ac
1286 3305 1461 3357 nitori
1492 3304 1842 3371 restitutum,
1874 3321 1991 3357 una

295 3392 423 3429 cum
475 3376 910 3446 prastatiouibus
942 3377 1127 3428 soluta
1166 3382 1222 3429 et
1251 3376 1444 3428 stricta
1476 3375 1734 3428 oratione
1759 3375 1990 3428 concin-

298 3447 468 3513 natis,
524 3452 695 3515 atque
742 3446 811 3498 iis
860 3462 989 3516 quae
1049 3446 1513 3517 Martyrologium
1558 3446 1992 3516 subsequuntur

300 3518 420 3588 (illa
449 3518 692 3587 ipsemet
724 3518 949 3570 Vossius
979 3516 1278 3586 descripsit
1306 3518 1577 3587 misitque
1599 3517 1666 3569 ad
1690 3516 1988 3586 praefatum

298 3589 584 3657 Bigotium
627 3604 755 3641 cum
796 3588 1085 3658 Spicilegii
1116 3593 1272 3641 tomo
1305 3589 1343 3639 V
1376 3589 1549 3641 tinem
1582 3589 1989 3655 imponerem),

296 3659 490 3726 prodit
520 3659 579 3711 in
610 3659 814 3712 lucem.
850 3660 928 3711 De
980 3660 1379 3713 Wandalberto
1428 3675 1607 3728 pauca
1653 3659 1774 3711 haec
1822 3659 1992 3711 habet

297 3730 614 3799 Sigibertus
648 3746 769 3798 cap.
826 3732 924 3783 l28
955 3730 1024 3783 de
1057 3730 1444 3799 Scriptoribus
1476 3731 1682 3783 Eccles.
1718 3746 1730 3783 :
1771 3751 1792 3777 ι
1824 3730 1991 3781 Wan-

297 3800 589 3853 dalbertus
642 3801 868 3869 scripsit
924 3801 1385 3870 Martyrologium
1457 3802 1691 3855 metrico
1742 3800 1907 3870 stylo.
1959 3821 1987 3848 »

298 3871 643 3924 Trithemius
698 3888 831 3924 vero
895 3874 1059 3939 plura
1107 3873 1174 3924 de
1222 3874 1367 3924 Viris
1415 3872 1734 3925 illustribus
1775 3870 1992 3924 ordinis

296 3942 351 3995 S.
390 3941 695 4004 Benedicti,
729 3958 854 4010 cap.
890 3944 956 3996 36
990 3959 1003 3996 :
1043 3965 1069 3991 ‹‹
1110 3943 1568 4003 Wandalbertus,
1612 3943 1887 3995 diaconus
1936 3946 1993 3993 et.
2032 3944 2072 3998 C

298 4013 611 4065 monachus
651 4013 999 4065 Prumiensis
1042 4014 1371 4066 monasterii
1426 4014 1484 4066 in
1536 4013 1763 4067 dioecesi
1802 4011 1995 4065 Trevi-

302 4083 472 4147 rensi,
509 4083 741 4135 natione
772 4084 1136 4148 Teutonicus,
1189 4084 1275 4135 vir
1316 4084 1374 4136 in
1427 4084 1637 4136 divinis
1687 4082 1993 4152 Scripturis

303 4152 521 4215 doctus,
586 4158 642 4205 et
692 4152 751 4204 in
804 4153 1172 4223 saecularibus
1229 4154 1437 4206 litteris
1512 4153 1675 4206 valde
1752 4154 1991 4223 peritus,

302 4223 500 4275 rhetor
531 4227 586 4274 et
617 4228 781 4291 poeta
814 4222 1073 4292 insignis,
1125 4239 1387 4276 sermone
1431 4224 1616 4276 clarus
1661 4227 1716 4276 et
1756 4222 1992 4287 nitidus,

302 4298 410 4346 etc.
463 4292 699 4361 Scripsit
766 4293 937 4346 etiam
1010 4294 1246 4347 metrice
1315 4294 1757 4362 Martyrologion
1822 4293 1995 4347 totius

304 4379 436 4416 ann.
470 4364 507 4417 l.
550 4366 596 4430 l,
630 4367 684 4415 et
714 4362 825 4415 alia
871 4365 1034 4433 plura
1086 4380 1214 4433 quas
1251 4364 1320 4417 ad
1369 4379 1553 4416 meam
1584 4364 1845 4417 notitiam
1878 4381 1995 4418 non

302 4439 602 4487 venerunt.
638 4433 851 4487 Claruit
881 4434 983 4487 sub
1019 4435 1285 4488 Lothario
1316 4435 1683 4502 imperatore,
1716 4451 1848 4488 ann.
1888 4436 1993 4488 Do-

303 4504 443 4557 mini
475 4507 597 4559 854.
632 4526 659 4552 ν
691 4505 912 4559 Μίνωας
932 4505 1100 4558 verba
1131 4505 1338 4572 repetit
1361 4504 1672 4569 Trithemii,
1696 4506 1764 4558 de
1787 4505 1989 4575 Script.

303 4575 529 4641 Eccles,
564 4592 686 4644 cap.
724 4578 848 4641 316,
883 4576 949 4629 ad
981 4592 1113 4629 ann.
1148 4577 1271 4629 840.

374 4647 806 4701 Wandalbertus
837 4653 1026 4700 autem
1075 4646 1545 4702 Commendatione
1587 4646 1656 4700 ad
1690 4646 1989 4711 Caesarem,

303 4716 402 4770 ubi
451 4718 782 4772 Lotharium
831 4718 1107 4781 dilaudat,
1160 4734 1275 4770 non
1327 4717 1566 4770 obscure
1610 4733 1829 4771 annum
1880 4734 1995 4787 quo

303 4787 484 4860 teauit
537 4789 1001 4860 Martyrologium
1052 4788 1342 4859 exprimit,
1395 4789 1683 4859 pracipue
1740 4789 1996 4843 versibus

301 4856 423 4910 istis
454 4874 467 4911 :

796 4964 868 5026 Lu
876 4966 984 5011 stra
1013 4978 1105 5026 per
1132 4963 1313 5012 orbem

799 5024 1043 5087 Quinque
1075 5030 1373 5086 recurrunt,

798 5087 1020 5149 Nomine
1051 5091 1329 5149 postquam

798 5148 981 5196 Clarus
1010 5148 1065 5197 et
1094 5148 1271 5207 armis,

793 5209 1086 5260 Caesariana

797 5272 925 5320 Jura
958 5277 1212 5322 retentas.

305 5382 409 5456 Ubi
449 5386 547 5436 aut
591 5384 662 5437 ab
709 5385 953 5456 imperio
989 5389 1236 5443 Lotharii
1278 5390 1433 5445 ducit
1460 5391 1690 5446 initium
1732 5393 1995 5448 Wandal-

304 5453 496 5507 bertus
526 5470 655 5508 cum
686 5453 998 5511 Ludovicus
1040 5460 1171 5514 Pius
1199 5477 1348 5516 anno
1383 5465 1484 5517 817
1516 5469 1853 5518 coronatum
1890 5480 1993 5516 vo-

304 5523 411 5576 luit
466 5525 649 5579 tilium
700 5527 1134 5599 imperatorem;
1190 5537 1289 5587 aut
1336 5533 1404 5587 ab
1456 5550 1522 5589 eo
1572 5539 1826 5605 tempore
1880 5551 1993 5605 quo

2102 2744 2355 2806 guratus.
2395 2738 2452 2791 Si
2489 2738 2669 2805 prius,
2702 2737 2878 2789 addas
2908 2737 3163 2806 quinque
3210 2738 3413 2802 lustra,
3444 2738 3563 2790 sive
3598 2737 3779 2805 viginti

2098 2809 2354 2879 quinque
2389 2824 2587 2869 annos,
2623 2813 2744 2860 tum
2775 2809 2878 2861 842
2930 2808 3126 2860 salutis
3176 2823 3389 2860 annum
3427 2808 3773 2879 numerabis;

2097 2880 2143 2931 si
2170 2878 2477 2948 poSterius,
2518 2880 2640 2932 848.
2676 2880 2855 2932 Suum
2915 2893 3046 2931 vero
3095 2878 3568 2947 Martyrologium
3614 2879 3779 2931 aetatis

2097 2966 2312 3003 annum
2355 2965 2529 3017 agens
2566 2949 2929 3015 trigesimum
2976 2948 3246 3019 quintum
3286 2965 3345 3001 se
3374 2948 3681 3002 confecisse
3710 2956 3777 3000 te-

2099 3026 2279 3074 statur
2306 3021 2364 3073 in
2396 3021 2770 3074 Conclusione.

2283 3125 2454 3173 Trinis
2484 3138 2604 3173 ecce
2640 3124 2913 3174 decenniis

2283 3188 2454 3235 Vitam
2484 3188 2615 3247 dego
2648 3188 2833 3241 miser;
2861 3186 3078 3248 quintus
3104 3190 3157 3233 et
3186 3186 3402 3248 insuper

2284 3250 2395 3297 ΑΞνί
2426 3248 2703 3297 curriculis
2723 3248 2864 3297 orbis
2883 3247 3037 3296 adest
3065 3251 3221 3310 atque
3250 3247 3517 3295 meatibus

2170 3346 2423 3399 Molanus
2452 3345 2511 3398 in
2542 3345 2877 3414 prmfatione
2923 3345 2992 3398 ad
3029 3344 3266 3399 Usuardi
3300 3346 3773 3416 Martyrologium,

2099 3432 2146 3470 c.
2179 3420 2232 3484 5,
2275 3416 2343 3469 de
2396 3417 2818 3479 Wandalberto,
2855 3416 3105 3485 ingenue
3136 3416 3345 3469 fatetur
3377 3416 3564 3484 ipsius
3597 3417 3776 3483 Marty-

2098 3487 2384 3556 rologium
2432 3504 2461 3539 e
2513 3488 2674 3540 Bedae
2724 3486 3215 3556 Ephemeridibus,
3262 3492 3593 3540 mutuatum
3647 3502 3773 3547 esse;

2100 3558 2305 3611 deinde
2327 3558 2609 3611 subinfert
2634 3575 2647 3610 :
2670 3580 2695 3606 ‹‹
2717 3559 2779 3613 In
2800 3558 2985 3611 indice
3005 3558 3261 3628 quodam
3280 3556 3575 3611 variarum
3601 3558 3777 3610 biblio-

2098 3630 2416 3693 thecarum,
2464 3629 2562 3697 qui
2602 3635 2734 3681 ante
2783 3645 2999 3682 annum
3049 3631 3116 3682 80
3150 3633 3248 3681 aut
3293 3628 3521 3680 circiter
3548 3628 3775 3681 conscri-

2099 3705 2231 3767 ptus
2266 3705 2372 3762 est,
2410 3704 2463 3751 et
2496 3700 2723 3752 Lovanii
2768 3704 3106 3760 asservatur,
3160 3699 3396 3768 quaesivi
3445 3700 3573 3753 Mss.
3632 3700 3775 3750 Wan-

2099 3770 2343 3823 dalberti
2374 3770 2740 3839 exemplaria,
2779 3770 2874 3823 sed
2906 3770 3139 3823 unicum
3178 3775 3397 3822 tantum
3434 3770 3777 3823 indicabatur

2104 3841 2165 3892 in
2194 3840 2537 3893 bibliotheca
2586 3840 2956 3911 Regularium
2994 3840 3225 3894 Lovanii
3260 3840 3319 3893 in
3354 3841 3507 3893 Valle
3541 3840 3599 3894 S.
3652 3841 3774 3911 Har:

2105 3911 2232 3976 tini,
2268 3911 2361 3963 ubi
2391 3917 2582 3964 tamen
2632 3927 2782 3963 nunc
2828 3927 2943 3963 non
2992 3916 3093 3973 est,
3163 3911 3685 3980 quomodocunque
3733 3910 3777 3961 id

2104 3982 2416 4035 acciderit:
2464 3988 2520 4035 et
2570 3982 2807 4051 proinde
2858 3980 3007 4051 aequi
3056 3982 3307 4051 bonique
3336 3983 3626 4045 consulas,
3657 3997 3775 4033 can-

2103 4052 2245 4175 didi:1
2264 4052 2459 4174 leftor,
2503 4053 2654 4123 quod
2703 4052 3134 4106 Wandalbertus
3166 4068 3281 4106 non
3324 4052 3460 4105 satis
3491 4054 3777 4121 castigatus

2103 4139 2207 4175 nro
2253 4138 2319 4175 ea
2350 4162 2362 4175 .
2393 4144 2419 4171 ››

2145 4129 2362 4177 rodeat.
2393 4144 2419 4171 ››

2103 4139 2434 4262 “Bisaltia;
2463 4193 2681 4254 Florus,
2711 4208 2882 4262 quem
2933 4196 3075 4245 mire
3116 4194 3311 4247 laudat
3358 4193 3779 4247 Wandalbertus

2102 4262 2165 4316 in
2196 4264 2552 4333 prarfatione,
2588 4279 2702 4316 non
2733 4264 3157 4333 martyrologus
3192 4268 3444 4330 notatur,
3478 4264 3641 4333 cujus
3673 4278 3775 4316 me-

2102 4334 2323 4387 minere
2360 4334 2845 4413 Usuardus,_Ado_,
2873 4332 3075 4413 et_alii_,
3101 4334 3417 4413 sedjunior
3448 4332 3780 4413 ipso,_nir_ni—

2104 4421 2231 4457 rum
2280 4405 2593 4457 acerrimus
2638 4404 2755 4470 ille,
2791 4405 2989 4458 Carolo
3019 4404 3187 4459 Calvo
3218 4404 3559 4474 imperante,
3607 4406 3778 4458 Eccle-

2104 4475 2200 4529 siae
2232 4475 2627 4544 Lugdunensis
2671 4492 2773 4544 pro
2807 4476 2991 4543 gratia
3021 4475 3229 4529 Christi
3260 4481 3315 4528 et
3344 4477 3523 4529 libero
3559 4475 3775 4529 arbitrio

2102 4551 2519 4617 propugnator.
2548 4545 2771 4615 Legesis
2802 4546 3056 4600 Mirmum
3085 4546 3184 4599 ubi
3217 4562 3391 4616 supra
3422 4547 3494 4601 ad
3524 4544 3772 4618 Sigiberti

2103 4634 2227 4685 cap.
2263 4620 2347 4670 92.

2175 4689 2458 4741 Hactenus
2488 4686 2794 4741 Acherium
2843 4686 3267 4755 exscripsimus,
3321 4687 3506 4753 docte,
3540 4692 3604 4740 ut
3630 4688 3770 4746 solet,

2105 4759 2174 4812 de
2220 4757 2609 4811 Wandalberti
2651 4758 3052 4828 Martyrologio
3083 4758 3459 4812 disserentem
3494 4775 3506 4810 :
3544 4774 3691 4811 nunc
3720 4773 3771 4809 ea

2104 4829 2465 4882 monebimus
2512 4829 2580 4881 de
2626 4829 2834 4898 quibus
2889 4828 3159 4882 lectorem
3189 4830 3487 4882 certiorem
3535 4829 3654 4882 tieri
3685 4844 3775 4880 ne-

2104 4916 2257 4953 cesse
2288 4904 2389 4953 est.
2422 4902 2501 4952 Ac
2530 4900 2787 4969 primum
2834 4898 3066 4968 quidem
3098 4917 3128 4951 a
3176 4899 3341 4952 nobis
3368 4901 3674 4968 ascriptum
3705 4903 3774 4950 est

2104 4971 2435 5024 Poemation
2478 4968 2545 5022 in
2584 4972 2991 5034 Hexaemeron,
3024 4970 3178 5040 quod
3209 4971 3639 5024 Wandalbertus
3669 4971 3772 5039 ipse

2105 5041 2303 5094 asserit
2351 5056 2410 5094 se
2456 5040 2856 5109 Martyrologio
2896 5056 2998 5093 suo
3046 5041 3429 5111 subjunxisse.
3481 5042 3619 5095 Nam
3663 5055 3771 5094 cum

2106 5112 2326 5165 deesset
2352 5111 2409 5164 in
2451 5127 2518 5163 eo
2560 5112 2751 5164 codice
2787 5111 2988 5180 Bigotii
3021 5127 3134 5181 quo
3174 5112 3451 5165 Acherius
3485 5128 3619 5164 usus
3648 5117 3769 5171 erat,

2105 5182 2348 5235 alterum
2374 5181 2625 5235 codicem
2647 5183 2733 5234 vir
2755 5182 2851 5235 ille
2874 5182 3158 5235 studiosus
3188 5182 3394 5235 deinde
3426 5182 3769 5252 comparavit,

2029 5255 2074 5309 D
2107 5268 2317 5333 ex‘quo
2349 5252 2431 5333 id.
2455 5252 2752 5333 descripsit
2802 5253 2865 5306 Η.
2919 5254 2981 5307 Ρ.
3037 5253 3096 5305 D.
3145 5252 3481 5333 Edmundus
3530 5255 3768 5308 Martene.

2103 5322 2383 5393 nobisque
2417 5322 2831 5377 humanissime
2864 5323 3334 5378 communicavit.

2178 5392 2305 5447 Non
2330 5394 2451 5447 haec
2476 5395 2593 5446 sola
2621 5393 2729 5447 fuit
2754 5394 3035 5463 Bigotiani
3057 5394 3261 5447 codicis
3282 5394 3531 5460 utilitas;
3551 5395 3661 5448 imo
3684 5392 3769 5446 fuit

2102 5465 2189 5517 vel
2215 5465 2482 5529 minima;
2516 5466 2639 5534 ejus
2661 5464 2816 5518 enim
2839 5481 2947 5535 ope
2982 5465 3104 5518 loca
3145 5481 3327 5534 prope
3348 5465 3575 5519 inﬁnita
3599 5481 3765 5518 emcn-

2103 5535 2383 5602 davimus,
2444 5551 2508 5589 ac
2562 5551 2757 5589 versus
2784 5537 2884 5605 qui
2914 5535 3389 5590 desiderabantur
3440 5537 3766 5591 restituimus
