3860 6262
107 337 143 384 7
1030 328 1660 385 MARTYROLOGIUM.
1698 361 1764 368 ——
1790 330 2130 386 AUCTORIS
2170 333 2556 387 PR/EFATIO.

3450 340 3551 391 578

24 460 197 534 haud
232 476 469 534 paucos,
494 460 735 534 perinde»
754 463 923 530 atque
946 476 976 514 e
997 460 1314 534 vetuissimo‘
1335 460 1527 534 codice
1560 461 1737 534 regio,
1778 463 1823 516 Α
1853 460 2293 534 intelligendum
2334 478 2506 531 saepe,
2556 479 2971 534 nonnunquam
3012 466 3079 519 ad
3125 466 3551 520 emendandum

26 532 283 600 quicum
321 532 573 601 priorem
605 532 915 585 editionem
944 533 1267 586 contulerat
1287 531 1608 601 Stephanus
1640 532 1742 585 Ba-

28 603 229 654 luzius
255 619 425 666 anno,
456 608 514 655 ut
546 604 663 672 ipse
696 607 911 667 monet,
947 605 1099 655 1676.

104 674 173 725 In
208 674 313 725 hoc
347 674 500 726 inter
542 690 736 727 versus
786 674 937 727 idem
992 672 1253 726 Baluzius
1283 672 1497 743 reperit
1527 672 1744 726 descri-

22 748 134 811 pta
167 744 363 797 nescio
407 744 569 814 cujus
617 761 789 813 opera
836 744 987 797 haud
1029 761 1208 812 pauca
1258 750 1587 797 sanctorum
1630 760 1734 797 no-

26 814 223 877 mina,
256 830 388 883 qua}.
429 815 520 867 edi
551 818 819 884 oportere
861 814 1266 885 judicavimus,
1303 816 1455 885 quod
1504 831 1633 868 cum
1675 815 1743 867 ad

27 884 146 937 alia
171 885 335 939 utilis
393 901 516 940 esse.
561 892 756 955 posset
788 886 909 940 hzec
939 886 1240 955 diligentia
1269 884 1483 952 uestra,
1520 891 1640 939 tum
1672 886 1744 939 ad

1853 533 2342 606 Wandalbertum,
2389 535 2563 606 Porro
2618 533 2884 589 interilla
2937 542 3259 590 sanctorum
3293 538 3548 606 nomina,

1853 603 2117 656 librarius
2151 604 2336 657 notari
2395 604 2641 658 maxime
2694 607 2873 659 voluit
2910 607 2961 660 S.
3012 607 3322 661 Martialem
3374 625 3438 660 ac
3491 603 3545 663 S.

1856 675 2255 739 Leonardum;
2302 692 2431 728 nam
2487 675 2659 745 hujus
2696 693 2907 729 nomen
2954 680 3284 746 majusculis
3343 679 3549 732 litteris

1855 745 2125 811 exaravit,
2157 745 2238 797 illi
2268 746 2441 799 etiam
2472 747 2784 799 beatissimi
2830 747 3060 800 titulum
3111 750 3343 811 addidit,
3390 750 3547 803 unde

1853 816 2092 940 conjiciio
2136 816 2391 870 codicem
2427 834 2455 870 e
2488 817 2877 870 Lemovicensi
2914 819 3206 888 provincia
3237 820 3296 872 in
3340 820 3548 873 Urbem

1855 903 1974 940 esse
2005 904 2037 940 a
2085 893 2325 940 vectum.

1855 903 1974 940 esse
2005 893 2325 941 advectum.

1270 1162 1775 1236 PR/EFATIO
1833 1161 2334 1236 AUCTORIS.

105 1407 363 1461 Domino
396 1408 594 1462 Ormco
634 1406 1078 1461 \VANDALBERTUS
1101 1406 1341 1459 salutem
1371 1404 1527 1459 dicit;

106 1496 305 1549 Veteri
337 1501 393 1550 et
423 1496 768 1567 perantiquo
798 1500 1086 1565 praecepto
1118 1510 1422 1548 monemur
1450 1497 1514 1546 ut
1543 1507 1743 1561 parere

36 1585 382 1654 majoribus,
416 1600 639 1638 morem
686 1601 883 1655 gerere
935 1584 1270 1655 aequalibus,
1304 1584 1599 1637 consulere
1640 1581 1743 1635 mi-

34 1673 278 1726 noribus
312 1673 665 1727 studeamus.
702 1672 820 1742 Ego
854 1672 987 1742 quia
1043 1672 1144 1725 tibi
1190 1680 1234 1737 ³,
1293 1670 1646 1737 charissime,
1678 1676 1743 1722 ut

1856 1403 2036 1473 adjeci
2084 1408 2337 1474 apertam
2399 1403 2746 1475 brevemque
2796 1407 3111 1460 secundum
3156 1424 3292 1461 usus
3352 1408 3549 1463 Gallici

1853 1492 2307 1562 dispositionem,
2366 1498 2421 1546 et
2476 1494 2750 1547 horarum
2791 1494 3129 1548 diurnarum
3165 1498 3454 1566 vulgarem
3488 1498 3546 1550 in

1854 1581 2062 1633 nostris
2095 1581 2426 1650 regionibus
2485 1581 2939 1635 dimensionem:
2975 1585 3127 1653 quod
3173 1590 3483 1655 utrumque
3516 1602 3549 1638 a

1854 1668 2137 1737 superiori
2190 1684 2363 1738 opere
2418 1685 2784 1739 nequaquam
2845 1670 3165 1739 discrepare
3213 1675 3424 1741 putavi.
3484 1676 3545 1727 ln

39 1762 274 1825 minori,
310 1761 459 1831 quod
512 1761 760 1831 cogitatu
809 1760 934 1830 ipso
981 1760 1141 1813 nefas
1175 1760 1415 1831 judicio,
1447 1760 1742 1811 consulere
1782 1774 1823 1830 Β
1852 1757 1964 1809 ﬁne
1988 1763 2263 1827 prmterea
2291 1759 2466 1811 totius
2504 1758 2714 1826 operis,
2748 1760 2815 1810 de
2845 1759 3131 1812 creatione
3161 1762 3365 1814 mundi
3399 1770 3417 1793 °
3446 1778 3548 1830 per

39 1864 265 1916 nequeo
296 1868 311 1913 ;
342 1849 400 1901 in
448 1852 502 1901 te
538 1850 689 1901 enim
723 1849 848 1917 ipso
897 1850 1021 1910 tibi,
1066 1854 1131 1902 ut
1175 1865 1370 1901 revera
1420 1848 1737 1917 sapientem

40 1936 216 1999 decet,
254 1938 449 1990 omnis
479 1937 604 2008 Opis
634 1938 941 1991 consilium
977 1938 1260 2008 totiusque
1295 1936 1617 2006 prudentiae
1646 1952 1739 1989 co-

39 2025 187 2093 piam
220 2042 348 2078 esse
402 2026 736 2095 perpendo;
793 2026 1130 2096 morigerari
1178 2041 1310 2077 vero
1360 2025 1503 2077 sicut
1534 2023 1739 2094 aequali

41 2128 237 2165 sensus
270 2118 333 2165 et
372 2113 592 2181 ingenii
628 2113 893 2166 tarditate
943 2130 1059 2166 non
1089 2113 1266 2178 valeo,
1302 2114 1454 2183 quod
1487 2112 1739 2182 primum

44 2205 273 2264 constat,
346 2206 401 2252 ut
451 2201 653 2270 majori
709 2217 911 2271 parere
974 2206 1028 2255 et
1085 2202 1475 2255 obsecundare
1524 2200 1739 2252 viribus

43 2289 257 2339 cunctis
318 2294 371 2341 et
438 2289 594 2342 omni
638 2289 902 2343 facultate
942 2290 1239 2343 desidero:
1295 2288 1539 2341 maxime
1587 2288 1739 2356 quod

44 2377 347 2430 incessanti
383 2384 441 2431 et
483 2378 826 2448 infatigabili
860 2379 1048 2432 studio
1091 2395 1154 2431 ac
1178 2377 1575 2431 benevolentia
1625 2392 1739 2443 me,

46 2472 348 2535 postquam
380 2468 551 2536 longe
582 2484 615 2519 a
664 2468 852 2537 patria
894 2469 1180 2537 rebusque
1222 2466 1572 2533 domesticis,
1622 2481 1739 2518 non

47 2561 150 2607 tam
182 2557 470 2622 exsulare,
506 2572 679 2626 quam
722 2556 929 2626 degere
978 2557 1140 2625 coepi,
1174 2561 1274 2607 tua
1318 2571 1443 2624 ope,
1476 2554 1735 2618 consilio,

46 2644 404 2709 providentia
455 2650 510 2697 et
559 2645 897 2699 liberalitate
936 2644 1142 2698 fultum
1191 2644 1488 2712 intelligo:
1533 2643 1740 2696 necle-

46 2731 181 2782 viter
219 2746 422 2800 pecco,
466 2731 512 2783 si
558 2748 687 2784 cum
736 2747 955 2785 morem
1004 2748 1205 2801 gerere
1246 2747 1494 2801 nequeo,
1540 2745 1738 2799 parere

48 2834 138 2885 pro
166 2818 392 2888 ingenii
418 2822 755 2888 paupertate
778 2819 1018 2889 refugio.
1046 2820 1242 2889 Itaque
1266 2818 1414 2888 quod
1441 2817 1737 2886 inopinato

49 2906 221 2959 studio
245 2924 311 2959 ex
353 2923 465 2974 me,
498 2913 553 2960 et
598 2907 911 2961 inevitabili
955 2908 1348 2976 constantique
1398 2905 1738 2959 auctoritate

48 2993 271 3061 petiisti,
311 2998 379 3046 ut
409 3009 515 3062 per
540 2993 677 3045 anni
709 2994 884 3047 totius
913 2993 1163 3063 spatium
1205 2998 1567 3045 occurrentes
1599 2996 1740 3062 quot

1851 1846 2111 1899 ordinem
2146 1846 2370 1899 dierum
2403 1861 2498 1899 sex
2544 1848 2712 1898 breve
2744 1862 2976 1899 carmen
3022 1847 3235 1911 addidi,
3268 1854 3323 1900 et
3349 1850 3542 1919 expla-

1849 1935 2141 1988 nationem
2173 1934 2397 2004 mystici
2430 1949 2629 1986 sensus
2658 1933 2716 1985 in
2742 1934 2975 1987 homine
2993 1934 3283 2004 accipendi
3308 1936 3545 2005 subjun-

1848 2022 1925 2087 xi,
1962 2027 2023 2075 ut
2053 2038 2116 2075 ea
2149 2039 2275 2092 quae
2307 2023 2375 2075 de
2405 2022 2577 2075 totius
2609 2022 2743 2074 anni
2773 2038 2942 2075 cursu
2982 2023 3415 2092 descripseram,
3451 2040 3545 2077 re-

1848 2112 2025 2181 petita
2055 2111 2124 2163 ab
2156 2111 2323 2164 initio
2360 2111 2669 2164 mundanae
2704 2110 3008 2164 creationis
3040 2112 3362 2180 explanatio
3395 2129 3545 2165 coni-

1850 2200 2170 2253 mendaret.

1920 2288 2039 2341 Hoc
2069 2304 2213 2357 opus
2245 2286 2380 2356 quia
2428 2286 2648 2339 diverso
2680 2286 2897 2339 editum
2940 2290 3121 2339 metro
3164 2292 3403 2352 constat,
3438 2304 3545 2340 ne-

1849 2374 2157 2429 cessarium
2188 2372 2505 2427 existimavi
2537 2389 2748 2442 genera
2768 2373 3023 2442 ipsorum
3055 2382 3371 2428 metrorum
3414 2376 3545 2429 bre-

1851 2463 1994 2515 viter
2049 2466 2376 2533 explanare,
2428 2468 2492 2516 ut
2535 2478 2649 2515 non
2695 2462 2867 2515 modo
2916 2463 3107 2531 ipsum
3154 2479 3317 2532 opus,
3353 2463 3447 2517 sed
3479 2480 3545 2516 ea

1849 2552 2057 2622 quibus
2103 2553 2385 2620 digestum
2439 2556 2524 2605 est
2572 2556 2774 2615 metra,
2817 2551 3082 2604 omnibus
3113 2552 3211 2621 qui
3250 2551 3309 2605 id
3340 2552 3542 2622 legen-

1850 2640 1986 2694 dum
2043 2640 2437 2709 dignabuntur
2481 2656 2725 2706 sumere,
2786 2640 3167 2693 manifestem.
3212 2641 3407 2711 Itaque
3458 2643 3543 2695 ln-

1846 2729 2085 2795 vocatio,
2115 2745 2285 2799 quam
2321 2728 2377 2782 in
2411 2728 2695 2798 principio
2738 2728 2912 2782 totius
2945 2729 3201 2797 opusculi
3237 2734 3542 2799 propterea

1846 2816 2034 2887 posui,
2070 2816 2221 2886 quod
2252 2816 2442 2868 omnis
2483 2815 2720 2868 scientia
2752 2832 2817 2868 ex
2869 2816 2983 2869 Deo
3026 2831 3285 2883 manans,
3317 2816 3385 2868 ab
3418 2816 3541 2885 ipso

1847 2905 1920 2958 sit
1950 2905 2153 2958 merito
2188 2905 2473 2974 poscenda
2505 2905 2854 2975 (quanquam
2891 2904 2987 2957 alii
3027 2905 3085 2957 in
3117 2920 3287 2973 opere
3320 2904 3541 2973 poetico

1848 2993 2307 3063 Propositionem
2340 2993 2589 3063 primam
2622 3010 2742 3046 esse
2780 2993 2999 3059 velint),
3033 2998 3213 3046 metro
3246 2992 3538 3046 Choriam-

50 3079 237 3131 diebus
270 3086 602 3133 sanctorum
648 3081 985 3134 festivitates
1034 3086 1090 3133 et
1137 3082 1417 3134 solemnes
1452 3080 1739 3133 undecun-
1778 3070 1818 3124 Ο
1847 3082 1992 3149 bico,
2024 3084 2396 3148 Tetrametro,
2429 3082 2824 3146 Acatalectico,
2866 3082 3235 3151 Asclepiadeo
3268 3081 3535 3135 decurrit.

50 3183 146 3236 que
180 3169 641 3222 Christianorum
664 3174 925 3223 votorum
959 3170 1319 3224 celebritates
1360 3175 1542 3223 metro
1577 3169 1735 3240 dige-

50 3269 216 3309 rerem
244 3274 257 3320 ;
289 3257 403 3310 feci
450 3262 508 3310 ut
539 3258 720 3327 potui,
756 3274 868 3311 non
891 3263 1007 3311 tam
1051 3258 1184 3311 artis
1218 3274 1323 3311 usu
1356 3264 1526 3327 atque
1559 3260 1736 3310 soler-

53 3344 135 3407 tia,
167 3360 342 3413 quam
376 3350 475 3398 tua
504 3346 826 3413 devotione,
859 3351 913 3399 et
936 3347 1223 3399 immerito
1247 3362 1382 3415 erga
1404 3363 1494 3399 me
1520 3350 1709 3398 sancto

52 3447 158 3484 rum
186 3434 253 3486 ad
288 3433 353 3486 id
386 3435 776 3504 peragendum
809 3434 1055 3504 adjutus,
1092 3441 1151 3489 ut
1174 3436 1421 3503 confido,
1455 3434 1662 3487 favore.

110 3521 163 3573 In
196 3538 312 3591 quo
357 3537 530 3591 opere
571 3522 706 3592 quia
756 3523 1104 3576 solemnium
1146 3523 1370 3576 dierum
1419 3522 1736 3575 certissima

52 3610 475 3678 comprehensio
524 3626 640 3663 non
687 3610 890 3664 leviter
935 3628 1039 3664 nec
1090 3611 1255 3665 facile
1304 3628 1408 3682 pro
1458 3612 1736 3664 librorum

53 3696 298 3750 varietate
345 3699 660 3765 constabat,
715 3715 823 3769 ope
872 3704 928 3752 et
972 3699 1227 3753 subsidio
1268 3700 1556 3769 praecipue
1596 3715 1735 3752 usus

54 3800 158 3837 sum
184 3786 369 3839 sancti
410 3793 466 3840 et
496 3788 942 3841 nominatissimi
976 3789 1084 3841 viri
1118 3790 1285 3855 Flori,
1338 3788 1734 3859 Lugdunensis

56 3873 285 3927 Ecclesia;
338 3875 694 3942 subdiaconi,
741 3877 839 3947 qui
888 3881 951 3929 ut
994 3882 1187 3930 nostro
1231 3882 1487 3947 tempore
1537 3894 1735 3930 revera

54 3960 305 4029 singulari
384 3964 572 4017 studio
654 3965 981 4018 assiduitate
1036 3965 1095 4018 in
1154 3965 1363 4019 divinae
1423 3965 1733 4035 Scriptura:

55 4048 268 4104 scientia
329 4054 570 4121 pollere,
622 4052 701 4106 ita
755 4053 1036 4106 librorum
1096 4054 1557 4107 authenticorum
1618 4069 1733 4106 non

58 4138 303 4191 mediocri
335 4142 501 4209 copia
534 4146 591 4194 et
642 4141 913 4194 varietate
947 4144 991 4207 b,
1028 4142 1389 4211 cognoscitur
1420 4142 1728 4194 abundare.

57 4225 124 4277 Ab
152 4228 248 4279 hoc
275 4244 387 4296 ego
424 4228 667 4298 sumptis
716 4231 1002 4283 veteribus
1052 4230 1483 4299 emendatisque
1522 4229 1731 4282 codici-

62 4313 162 4378 bus,
194 4317 697 4387 Martyrologicum
734 4319 941 4372 librum
977 4336 1009 4370 a
1034 4319 1300 4371 Kalendis
1335 4318 1622 4372 Januariis
1656 4317 1724 4369 ad

61 4400 201 4456 finem
229 4406 367 4458 anni
397 4421 504 4475 per
526 4406 747 4460 dierum
774 4407 1131 4476 singulorum
1176 4410 1537 4460 occurrentes
1570 4405 1725 4459 festi-

64 4489 225 4544 vitates
248 4499 434 4546 metro
461 4495 635 4561 edidi,
668 4492 982 4565 praemissa,
1012 4501 1073 4547 ut
1103 4510 1353 4564 congrue
1385 4495 1725 4561 existimavi,

62 4576 394 4635 lnvocatione
444 4583 512 4635 ad
576 4585 778 4646 Deum,
837 4584 1193 4638 Allocutione
1248 4584 1316 4637 ad
1370 4599 1571 4636 omnes
1629 4582 1727 4652 qui

63 4665 175 4720 forte
206 4676 374 4724 erunt
422 4673 683 4739 lectores,
737 4673 1237 4726 commendatione
1289 4671 1362 4725 ad
1409 4677 1485 4735 te,
1537 4671 1726 4740 operis

61 4752 380 4811 bortatorem
415 4799 430 4825 ,
466 4764 521 4812 et
565 4761 632 4813 ad
680 4760 958 4815 Caesarem
1006 4760 1484 4831 benignissimum
1520 4758 1725 4813 Lotha-

62 4842 183 4898 rium
211 4849 659 4919 argumentique
698 4849 812 4902 sive
835 4849 1247 4920 propositionis
1278 4850 1502 4903 diverso
1537 4856 1725 4903 metro

60 4929 451 5003 descriptione:
490 4942 549 4989 et
589 4936 781 4990 addita
813 4943 940 5006 post
970 4937 1188 4991 editum
1234 4937 1724 5007 Martyrologium,

61 5021 413 5075 conclusionis
444 5023 764 5094 bymnique
811 5024 869 5076 in
919 5040 1118 5077 omnes
1159 5029 1381 5077 sanctos
1431 5024 1721 5089 editione;

62 5107 132 5159 cui
160 5110 317 5164 etiam
364 5112 528 5181 operi
573 5111 1001 5166 distinctionem
1041 5112 1325 5166 mensium
1358 5112 1725 5182 singulorum

99 5258 136 5325 f
166 5252 424 5325 Ego_quia
457 5252 579 5325 tibi.
628 5253 837 5325 Ultima
873 5254 1072 5307 vocula
1122 5254 1309 5307 addita
1348 5259 1433 5307 est
1459 5270 1490 5306 a
1532 5254 1723 5308 codice

66 5316 210 5387 Bigot.
246 5316 317 5375 Ex
360 5323 577 5395 eodem
608 5324 828 5377 editum
859 5340 965 5378 non
991 5326 1162 5393 valeo,
1196 5325 1290 5378 ubi
1319 5325 1454 5378 olim
1487 5325 1720 5395 legeba-

65 5394 135 5440 tur
158 5407 251 5444 non
275 5394 447 5447 video.

118 5461 313 5540 {fs‘opia
344 5471 393 5518 et
421 5466 709 5540 varietate.
756 5465 844 5519 Sic
876 5465 1188 5540 maluimus
1228 5465 1499 5540 quam_i_n
1540 5465 1719 5534 priori

66 5528 276 5606 editi-uie
309 5538 467 5603 copia
497 5541 545 5588 et
590 5538 835 5591 ueritate.
875 5537 1033 5590 Haud
1065 5528 1316 5606 longe-et
1353 5528 1554 5590 additri
1578 5541 1717 5603 post,

66 5613 127 5651 Sic
151 5604 312 5657 codex
347 5606 469 5675 Big.
524 5606 587 5659 In
620 5607 804 5673 editis,
853 5607 1023 5671 male,
1067 5604 1213 5661 edita
1244 5611 1295 5662 et
1331 5613 1473 5676 post.
1518 5606 1717 5661 Statim

1844 3171 2278 3242 Asclepiadeum
2332 3175 2523 3224 autem
2572 3171 2642 3223 ab
2700 3170 3043 3241 Aisculapio,
3080 3169 3179 3240 qui
3210 3170 3397 3224 Grazce
3447 3186 3541 3222 vo-

1843 3264 2005 3313 catur
2048 3261 2330 3328 Asclepios
2384 3258 2686 3315 medicinze
2742 3264 3053 3328 repertore,
3117 3258 3279 3326 cujus
3338 3257 3538 3312 laudes

1845 3348 1954 3400 hoc
1984 3348 2152 3401 metri
2211 3363 2423 3417 genere
2476 3347 2851 3417 frequentatae
2903 3350 3054 3411 sunt,
3106 3348 3191 3400 vel
3223 3346 3293 3399 ab
3346 3346 3537 3416 aliquo

1844 3436 2099 3505 ejusdem
2130 3436 2382 3488 nominis
2411 3440 2579 3505 poeta
2627 3440 2710 3488 est
2740 3435 3120 3504 appellatum.
3183 3435 3349 3487 Metra
3384 3434 3535 3486 enim

1842 3525 2176 3594 frequenter
2206 3524 2276 3577 ab
2304 3524 2719 3588 inventoribus,
2756 3538 3193 3591 nonnumquam
3218 3539 3250 3574 a
3278 3524 3539 3591 frequen-

1842 3614 2139 3678 tatoribus,
2186 3612 2473 3665 interdum
2505 3616 2561 3682 et
2590 3610 2660 3663 ab
2688 3610 2771 3663 eis
2810 3625 3057 3681 quorum
3092 3611 3396 3662 memorias
3443 3626 3533 3663 ce-

1841 3703 2089 3769 lebrant,
2129 3700 2511 3771 appellantur.
2561 3699 2968 3751 Acatalecticus
3021 3712 3152 3750 vero
3203 3713 3397 3750 versus
3431 3702 3532 3764 est,

1842 3792 1933 3844 cui
1963 3790 2123 3843 nulla
2152 3789 2223 3842 ad
2252 3786 2672 3858 plenitudinem
2696 3786 2782 3839 sui
2815 3786 3027 3855 syllaba
3052 3786 3231 3851 deest,
3265 3787 3361 3839 sed
3394 3786 3535 3857 legi-

1840 3876 1981 3929 timo
2027 3876 2253 3929 numeri
2307 3876 2419 3928 line
2470 3874 2852 3927 concluditur.
2913 3874 3327 3927 Tetrametrum
3363 3891 3535 3945 porro

1841 3980 2071 4017 carmen
2119 3968 2219 4029 est,
2272 3962 2426 4033 quod
2469 3968 2718 4032 quatuor
2776 3962 3018 4031 pedibus
3063 3962 3258 4025 currit,
3294 3963 3448 4032 quod
3477 3963 3535 4016 in

1841 4052 2262 4116 choriambicis,
2303 4052 2616 4121 dactylicis,
2672 4056 2730 4104 et
2758 4050 3114 4121 anapaesticis
3162 4052 3359 4103 metris
3389 4051 3535 4104 acci-

1841 4142 2011 4211 pitur,
2045 4142 2104 4193 in
2136 4141 2343 4210 quibus
2374 4141 2705 4206 dimetrum,
2732 4140 3080 4201 trimetrum,
3112 4143 3531 4207 tetrametrum,

1840 4233 2289 4298 pentametrum,
2326 4233 2383 4281 et
2431 4227 2828 4280 hexametrum
2873 4243 2978 4297 per
3030 4226 3317 4297 simplices
3361 4227 3535 4297 pedes

1842 4323 2277 4386 computamus:
2322 4332 2452 4368 nam
2489 4316 2548 4368 in
2580 4315 2838 4369 iambicis
2886 4315 3264 4385 trochaeisque
3313 4315 3531 4377 metris,

1842 4405 1975 4474 quia
2009 4405 2200 4457 brevia
2229 4408 2379 4469 sunt,
2425 4403 2783 4473 supradictos
2830 4420 3100 4457 numeros
3138 4420 3241 4473 per
3277 4404 3533 4473 duplices

1836 4495 2009 4562 pedes
2050 4492 2380 4562 accipimus.
2424 4492 2883 4546 Choriambicum
2913 4498 3101 4546 autem
3131 4508 3163 4543 a
3194 4492 3529 4545 choriambo

1836 4581 2000 4650 pede,
2035 4598 2148 4650 quo
2178 4581 2408 4651 proprie
2440 4581 2635 4645 currit,
2669 4586 2920 4633 vocatur.
2955 4582 3182 4633 Constat
3215 4579 3367 4631 enim
3410 4579 3530 4649 pri-

1836 4686 1931 4722 mo
1991 4670 2134 4739 pede
2188 4669 2480 4738 spondaeo,
2537 4668 2784 4721 secundo
2839 4671 2895 4719 et
2950 4666 3117 4719 tertio
3175 4665 3526 4734 choriambo,

1836 4765 2041 4828 quarto
2104 4756 2469 4827 pyrrhichio;
2498 4762 2554 4809 et
2601 4772 2729 4830 cum
2778 4753 3143 4807 choriambus
3192 4752 3440 4822 primam
3475 4760 3531 4808 et

1834 4846 2098 4900 ultimam
2132 4846 2353 4915 longas,
2381 4846 2522 4898 duas
2555 4843 2769 4897 medias
2800 4837 3041 4911 syllabas
3072 4842 3267 4894 breves
3296 4840 3524 4909 habeat,

1835 4952 1963 5005 qua:
2004 4935 2174 4987 simul
2222 4950 2357 4987 sena
2415 4938 2678 5000 tempora
2732 4930 3066 5000 complent:
3109 4929 3156 4982 si
3188 4930 3522 5000 spondzeum

1833 5023 2166 5093 pyrrhichio
2200 5021 2556 5090 copulemus,
2604 5019 2843 5073 totidem
2892 5018 3137 5088 syllabas
3170 5018 3525 5091 totidemque

1834 5118 2094 5182 tempora
2133 5110 2410 5175 facimus;
2442 5125 2507 5162 ac
2542 5124 2648 5178 per
2676 5108 2781 5161 hoc
2818 5122 2933 5159 non
2964 5111 3081 5159 tam
3120 5106 3448 5177 pyrrhichio
3471 5114 3526 5163 et

1832 5251 2095 5306 nonnihil
2127 5267 2191 5304 ex
2217 5250 2449 5320 ingenio
2483 5249 2833 5303 mutavimus
2863 5248 2924 5302 in
2962 5248 3073 5302 illis
3108 5248 3294 5320 verbis
3324 5249 3521 5305 distin-

1830 5325 2120 5377 ctionem...
2153 5319 2301 5374 usus
2334 5323 2562 5374 Gallici:
2589 5325 2757 5374 antea
2788 5320 2942 5373 enim
2987 5319 3284 5390 legebatur
3317 5321 3522 5376 distin-

1829 5396 2119 5447 ctionem...
2154 5407 2285 5445 usus
2319 5392 2571 5447 Gallicos.

1900 5466 2013 5516 ευρ
2051 5465 2318 5534 creatione
2353 5463 2564 5515 mundi.
2606 5463 2717 5515 Hoc
2772 5477 3026 5531 carmen,
3070 5461 3218 5533 quod
3252 5462 3311 5516 in
3342 5463 3522 5534 priori

1829 5534 2080 5587 editione
2110 5533 2326 5599 deerat,
2361 5550 2391 5586 a
2424 5534 2487 5586 Β.
2527 5534 2587 5587 P.
2622 5534 2684 5587 Ι).
2721 5534 2882 5587 Edm.
2919 5534 3168 5588 Martene
3189 5533 3523 5589 communi-

1830 5612 2019 5659 catum
2050 5619 2152 5657 suo
2182 5604 2307 5658 loco
2336 5604 2590 5659 edemus.
