3860 6262
298 313 400 365 579

1378 306 1892 362 WANDALBERTI
1935 304 2357 362 PBUMIENSIS
2397 303 2709 362 MONACHI
3708 310 3785 361 580

300 447 573 517 spondmo
624 450 873 499 metrum
919 445 1025 498 hoc
1066 460 1237 515 quam
1271 443 1505 513 proprie
1537 443 1870 497 choriambo
1902 442 1989 496 de‘
2030 445 2076 497 A
2104 459 2285 514 usque
2330 444 2401 497 ad
2428 444 2779 515 completum
2807 442 3298 514 Martyrologium,
3326 445 3601 499 heroicos
3623 461 3789 498 versus

300 536 495 589 currit.
533 534 814 588 Invocatio
843 549 1001 603 ergo,
1035 533 1143 586 hoc
1172 538 1353 586 metro
1379 532 1716 602 composita,
1749 532 1991 602 quadra-

297 624 458 694 ginta
490 628 738 693 quatuor
762 623 1021 676 versibus
1063 626 1323 687 constat;
1359 621 1457 691 qui
1487 621 1753 691 quaterni
1783 636 1993 673 coeun-

296 717 380 766 tes
404 712 665 765 undenos
696 710 901 780 majori
931 710 1327 780 complexione
1348 725 1543 762 versus
1573 709 1847 763 efficiunt.

367 800 648 853 Allocutio
681 804 897 866 autem,
942 816 1071 869 qum
1108 800 1354 852 lecturos
1386 814 1756 852 commonens
1793 797 1995 850 invitat

295 893 478 943 metro
535 888 855 958 Dactylico,
936 889 1318 941 Tertrametro
1352 930 1364 953 ,
1417 886 1905 957 Catalecticoque,
1963 904 1995 940 a

294 979 439 1049 pede
469 978 683 1032 scilicet
704 977 1105 1047 frequentiori,
1140 982 1195 1029 et
1216 993 1456 1030 numero
1481 977 1689 1046 pedum
1715 981 1993 1047 quaterno

297 1070 470 1136 atque
516 1082 649 1132 una,
699 1081 827 1135 quae
878 1065 947 1119 ad
1004 1065 1425 1135 plenitudinem
1476 1064 1701 1117 metrici
1744 1063 1992 1131 numeri,

298 1155 461 1209 deest
493 1155 727 1225 syllaba,
762 1155 1048 1225 appellato
1075 1153 1360 1207 decurrit:
1389 1157 1607 1206 constat
1638 1152 1793 1206 enim
1822 1169 1989 1223 spon-

297 1243 424 1309 deo,
458 1243 700 1313 dactylo,
732 1244 1026 1310 catalecto,
1055 1242 1311 1311 itemque
1337 1241 1578 1311 dactylo,
1617 1246 1671 1293 et
1701 1242 1989 1311 spondaeo.

299 1334 555 1402 Cumque
594 1333 702 1385 hoc
734 1337 982 1385 metrum
1023 1331 1245 1401 dactylo
1275 1331 1509 1400 prOprie
1557 1335 1795 1396 constet,
1828 1331 1874 1384 si
1900 1347 1993 1384 ca-

295 1420 565 1473 talectnm
600 1420 871 1489 sponder
920 1420 1113 1485 addas,
1165 1423 1333 1472 erunt
1382 1419 1603 1473 ratione
1646 1420 1992 1489 syllabarum

296 1514 412 1562 tres
435 1508 637 1576 dactyli
673 1520 727 1559 et
770 1524 919 1559 unus
965 1507 1288 1576 spondaeus,
1340 1512 1509 1576 atque
1556 1524 1587 1560 a
1636 1507 1994 1576 plenitudine

297 1596 701 1665 dactylicarum
734 1595 1104 1666 syllabarum,
1134 1612 1246 1649 una
1276 1601 1501 1649 tantum
1548 1595 1765 1663 syllaba
1796 1595 1994 1648 deesse

296 1685 622 1750 videbitur;
679 1700 1031 1754 quamquam
1083 1684 1302 1737 ratione
1353 1688 1679 1753 temporum
1719 1683 1990 1754 dactylus,

297 1773 396 1844 qui
424 1789 537 1826 una
570 1774 736 1841 longa
768 1776 823 1824 et
865 1772 1086 1824 duabus
1125 1771 1392 1825 brevibus
1423 1775 1665 1835 constat,
1700 1771 1991 1840 spondaao,

299 1860 397 1930 qui
436 1861 575 1914 duas
604 1859 846 1929 syllabas
876 1860 1073 1929 longas
1120 1859 1307 1921 habet,
1343 1875 1447 1929 par
1494 1864 1548 1912 et
1591 1860 1828 1929 aequalis
1874 1859 1992 1911 exi-

300 1954 426 2002 stat.
487 1950 684 2019 Itaque
754 1948 1038 2001 Allocutio
1100 1948 1389 2018 praedictis
1447 1948 1690 2017 pedibus
1759 1963 1993 2001 currens

300 2038 591 2105 sexaginta
632 2041 755 2089 octo
804 2037 1112 2090 versiculos
1145 2038 1416 2099 continet,
1467 2036 1567 2107 qui
1614 2036 1897 2099 similiter,
1930 2041 1996 2089 ut

298 2128 540 2196 priores,
585 2132 865 2197 quaterno
923 2142 1164 2180 numero
1214 2127 1522 2196 conjuncti,
1581 2125 1991 2195 septemdecim

299 2217 547 2286 majores
578 2232 775 2268 versus
807 2214 1079 2268 efﬁciunt.

375 2307 548 2358 Porro
580 2303 1016 2357 Commendatio
1038 2306 1223 2356 metro
1250 2301 1577 2367 Phaleucio,
1604 2304 1991 2367 Pentametro,

300 2390 779 2459 Hendecasyllaho
852 2396 1089 2455 constat,
1142 2391 1292 2460 quod
1355 2407 1387 2443 a
1437 2406 1678 2443 numero
1729 2389 1993 2443 undecim

299 2479 644 2548 syllabarum
692 2480 879 2533 Graece
928 2479 1497 2549 Hendecasyllabum,
1546 2495 1579 2531 a
1620 2494 1859 2532 numero
1904 2494 1995 2548 pe-

299 2566 436 2620 dum
477 2567 734 2637 quinque
780 2568 1229 2633 Pentametrum,
1280 2567 1349 2621 ab
1402 2568 1698 2621 inventore
1746 2567 1858 2620 sive
1889 2566 1995 2619 fre-

300 2659 644 2723 quentatore
694 2655 1059 2708 Phaleucium
1110 2655 1451 2726 appellatur.
1503 2655 1760 2710 Decurrit
1802 2660 1992 2709 autem

298 2742 488 2813 primo
514 2744 660 2813 pede
684 2744 976 2813 spondzeo,
1008 2744 1257 2798 secundo
1291 2745 1530 2814 dactylo,
1568 2744 1754 2811 tertio,
1788 2749 1993 2814 quarto

300 2832 618 2902 quintoque
668 2832 921 2886 trochaso
947 2850 960 2899 ;
994 2832 1256 2904 quamvis
1287 2834 1490 2887 ultima
1520 2834 1735 2904 syllaba
1764 2832 1993 2886 indiffe-

300 2924 491 2974 renter
551 2921 610 2973 in
677 2921 949 2976 omnibus
1006 2922 1204 2976 metris
1263 2922 1579 2991 accipiatur
1629 2926 1684 2975 et
1733 2922 1996 2991 frequen-

2104 538 2427 601 nongentos
2458 539 2513 586 et
2546 534 2927 604 quadraginta
2956 534 3230 587 continet.

2176 621 2448 692 Sequitur
2475 622 2742 693 deinceps
2773 622 3096 688 Conclusio,
3124 624 3195 677 ad
3218 621 3641 692 complendum
3671 623 3789 675 Mar-

2103 711 2453 780 tyrologium
2494 712 2811 782 pertinens,
2846 727 2969 782 quae
3017 712 3193 764 mixto
3245 710 3679 774 Choriambico,
3707 711 3792 763 hac

2105 804 2189 852 est
2240 799 2531 870 Glyconio,
2609 800 2978 869 Asclepiadeo
3042 799 3390 869 Alcaicoque
3449 798 3789 852 contexitur:

2103 903 2231 957 qua:
2265 893 2447 942 metra
2489 889 2557 942 ab
2598 888 2924 942 auctoribus
2971 888 3086 941 sive
3134 888 3672 958 frequentatoribus
3707 904 3791 939 ne-

2103 977 2320 1030 minata
2362 978 2630 1047 Glycone,
2665 977 2925 1055 Asclepio
2959 983 3017 1031 et
3044 978 3231 1030 Alcaeo
3259 991 3272 1032 :
3309 976 3662 1046 Glyconinm
3693 977 3793 1045 qui-

2103 1066 2233 1119 dem
2256 1067 2547 1136 spondzno,
2576 1065 2930 1131 choriambo,
2954 1065 3288 1136 pyrrhichio
3316 1082 3329 1118 :
3367 1065 3792 1134 Asclepiadeum

2104 1155 2396 1224 spondaao,
2431 1154 2651 1208 duobus
2697 1154 3067 1220 choriambis,
3110 1153 3486 1225 pyrrhichio:
3523 1153 3794 1206 Alcaicum

2105 1260 2235 1296 vero
2267 1243 2556 1313 spondzeo,
2593 1243 2775 1296 tribus
2813 1242 3179 1309 choriamhis,
3214 1242 3677 1312 pyrrhichioque
3715 1242 3792 1293 ὀθ-

2105 1337 2363 1386 currunt.
2414 1333 2625 1386 Eadem
2676 1331 2973 1386 Conclusio
3013 1331 3216 1402 viginti
3258 1335 3520 1401 quatuor
3567 1331 3793 1382 versicu-

2106 1422 2190 1475 los
2224 1422 2493 1492 praedicta
2543 1421 2943 1491 conjunctione
2984 1425 3304 1475 metrorum
3353 1419 3659 1489 complexa
3691 1426 3792 1470 octo

2106 1512 2353 1580 majores
2383 1527 2574 1563 versus
2602 1510 2778 1564 ternis
2824 1509 2993 1563 simul
3043 1510 3382 1562 coeuntibus
3424 1506 3639 1560 reddit.
3674 1508 3791 1559 Huic

2106 1600 2356 1669 hymnus
2389 1599 2448 1651 in
2482 1614 2680 1651 omnes
2727 1604 2949 1650 sanctos
2980 1597 3249 1656 succedit,
3284 1596 3383 1669 qui
3427 1601 3622 1648 metro
3651 1610 3792 1647 cons-

2107 1666 2182 1740 tat
2231 1687 2536 1757 Dactylico,
2592 1688 2954 1740 Pentametro
3024 1666 3352 1755 Sapphico;
3391 1683 3555 1754 quod
3601 1700 3634 1735 a
3681 1699 3792 1735 mu-

2105 1776 2263 1837 liere,
2308 1791 2437 1845 quae
2479 1775 2709 1845 Sappho
2747 1775 2915 1840 dicta,
2970 1775 3076 1828 hoc
3128 1790 3312 1843 genus
3364 1772 3545 1826 metri
3601 1772 3793 1841 reperit

2106 1864 2453 1934 appellatum
2480 1880 2492 1930 ;
2530 1863 2722 1933 quinis
2754 1863 3017 1932 pedibus,
3052 1864 3158 1916 hoc
3189 1868 3276 1916 est
3304 1862 3591 1926 trochaeo,
3634 1877 3793 1930 Spon-

2105 1954 2247 2020 dzeo,
2284 1953 2526 2022 dactylo,
2571 1951 2796 2005 duobus
2839 1951 3097 2004 trochaeis
3136 1950 3423 2015 decurrit;
3472 1950 3650 2019 eique
3689 1954 3795 2018 post

2102 2045 2217 2095 tres
2250 2058 2443 2094 versus
2473 2057 2697 2111 semper
2745 2056 2971 2094 comma
3017 2038 3315 2092 heroicum
3363 2038 3623 2101 additur,
3658 2038 3792 2107 quod

2103 2125 2323 2195 dactylo
2352 2130 2570 2178 constat
2601 2127 2770 2194 atque
2814 2123 3082 2193 spondan
3108 2138 3121 2189 ;
3156 2122 3234 2175 ita
3263 2121 3607 2175 efﬁciuntur
3638 2122 3695 2174 in
3722 2122 3792 2173 di-

2103 2229 2264 2267 versa
2293 2218 2407 2266 tres
2454 2229 2648 2266 versus
2704 2211 2937 2281 pariles,
2993 2215 3049 2264 et
3100 2210 3426 2264 membrum
3480 2209 3791 2269 heroicum,

2105 2318 2233 2373 quae
2266 2301 2583 2372 complexio
2615 2300 2676 2354 iu
2706 2316 2879 2370 supra
2906 2300 3055 2353 dicto
3102 2299 3320 2369 hymno
3365 2302 3493 2352 octo
3539 2299 3790 2368 majores,

2104 2392 2357 2445 minores
2385 2406 2580 2444 versus
2618 2388 2805 2443 reddit
2840 2388 3043 2459 viginti
3082 2392 3352 2458 quatuor,
3387 2392 3683 2440 commata
3713 2387 3792 2439 ni-

2104 2480 2419 2534 hilominus
2450 2480 2660 2533 addens
2685 2482 2809 2531 octo
2835 2494 2847 2531 :
2882 2478 3023 2544 haec,
3057 2482 3121 2530 ut
3154 2493 3329 2546 supra
3360 2475 3704 2539 memoravi,
3734 2474 3789 2526 ad

2103 2568 2279 2623 ﬁnem
2344 2566 2914 2638 complexionemque
2979 2566 3355 2636 praecedentis
3416 2564 3789 2634 Martyrologii

2103 2659 2413 2729 pertinent.

2178 2747 2393 2801 Deinde
2442 2745 2699 2816 sequitur
2758 2744 3063 2814 descriptio
3132 2743 3437 2797 duodecim
3491 2742 3789 2805 mensium,

2105 2851 2231 2907 quae
2259 2834 2561 2889 nominum
2586 2834 2644 2887 in
2676 2833 2917 2904 singulis
2947 2833 3336 2904 etymologias,
3371 2832 3673 2901 signorum
3700 2847 3789 2883 no.

2105 2924 2260 2978 mina
2291 2928 2345 2977 et
2366 2922 2682 2989 stellarum,
2729 2922 2791 2975 in
2828 2921 3005 2991 signis
3053 2937 3328 2975 numeros
3370 2935 3624 2989 ususque
3654 2925 3788 2971 tem-

298 3013 386 3062 ter
462 3009 746 3064 trochaeus
816 3010 876 3063 in
932 3010 1268 3079 spondzeum
1302 3056 1312 3074 ,
1374 3010 1677 3080 spondaeus
1755 3010 1814 3063 in
1870 3014 1995 3064 tro-
2036 3035 2076 3089 ρ
2106 3029 2313 3085 porum
2354 3011 2620 3066 ostendit.
2665 3011 2805 3065 Huic
2846 3010 3211 3080 descriptioni
3248 3010 3501 3062 cohaeret
3531 3010 3784 3062 horarum

300 3097 545 3164 charum,
624 3097 685 3151 in
744 3098 1136 3168 pyrrhichium
1216 3098 1478 3164 iambus,
1534 3097 1873 3168 iambusque
1936 3098 1995 3151 in

299 3184 715 3255 pyrrhichium,
763 3201 868 3255 per
911 3185 1143 3239 ultimas
1190 3186 1432 3256 syllabas
1488 3190 1757 3241 transeat.
1818 3185 1997 3257 Igitur

301 3274 737 3329 Commendatio
770 3274 961 3343 priore
994 3274 1081 3327 sui
1104 3281 1287 3345 parte,
1319 3275 1425 3329 hoc
1446 3279 1630 3328 metro
1659 3275 1994 3345 composita,

300 3379 392 3416 sex
426 3367 482 3417 et
517 3363 758 3433 triginta
805 3363 1062 3417 versibus
1090 3364 1389 3434 impletur,
1424 3363 1524 3434 qui
1554 3364 1692 3417 item
1724 3379 1828 3434 per
1853 3380 1994 3434 qua-

300 3457 521 3506 ternam
545 3451 1000 3523 complexionem
1031 3468 1240 3506 novem
1268 3453 1516 3523 majores
1537 3469 1732 3508 versus
1772 3454 1997 3524 explere

208 3536 211 3539 ’
300 3545 635 3594 noscuntur.
679 3540 965 3594 Posterior
999 3557 1130 3611 pars
1174 3542 1726 3609 Commendationis,
1773 3543 1843 3597 ad
1877 3543 1994 3597 Cte-

300 3646 485 3683 sarem
517 3630 687 3695 edita,
718 3635 900 3685 metro
950 3634 1167 3684 constat
1198 3630 1503 3701 Dactylico,
1552 3631 1823 3695 Dimetro,
1861 3634 1997 3684 Aca-

297 3719 523 3785 talecto,
560 3719 715 3789 quod
747 3719 970 3789 dactylo
1009 3724 1235 3773 tantum
1268 3720 1445 3774 currit
1490 3725 1660 3791 atque
1701 3720 1990 3791 spondaeo,

298 3822 485 3877 neque
518 3806 707 3877 aliqua
754 3808 970 3877 syllaba
1003 3808 1072 3863 ad
1114 3809 1538 3878 plenitudinem
1579 3808 1820 3879 indiget.
1862 3808 1997 3862 Hinc

298 3912 429 3966 pars
463 3895 848 3966 quadraginta
893 3896 1150 3967 duosque
1203 3898 1514 3952 versiculos
1561 3898 1839 3964 continet,
1894 3896 1995 3969 qui

300 3984 417 4036 seni
451 3984 621 4037 simul
670 3990 942 4039 coeuntes
982 3990 1202 4055 septem
1233 3986 1441 4057 majori
1476 3986 1879 4056 conjunctione
1913 3985 1991 4040 fa-

298 4072 457 4124 ciunt
487 4088 700 4126 versus.

370 4159 680 4229 Reliquum
726 4160 935 4214 deinde
964 4178 1107 4231 opus
1150 4163 1221 4216 ad
1266 4162 1616 4233 completum
1662 4163 1988 4233 Martyrolo-

297 4247 479 4317 gium,
511 4248 742 4302 heroico
789 4250 1063 4317 carmine,
1096 4251 1247 4320 quod
1279 4267 1309 4303 a
1356 4250 1529 4320 gestis
1575 4250 1829 4305 virorum
1878 4251 1991 4305 for-

2105 3118 2210 3171 per
2238 3117 2463 3156 menses
2521 3115 2721 3153 omnes
2784 3099 3091 3154 dimensio.
3146 3098 3308 3162 Quod
3351 3114 3496 3169 opus
3543 3097 3787 3150 versibus

2104 3189 2350 3243 heroicis
2383 3188 2815 3259 quadringentis
2838 3192 2895 3241 et
2922 3187 3347 3258 quinquaginta
3391 3186 3723 3255 completur.

2168 3280 2232 3333 In
2263 3278 2377 3332 fine
2403 3278 2576 3331 totius
2614 3277 2793 3331 libelli
2844 3280 3103 3346 superest
3145 3276 3213 3329 de
3260 3275 3552 3328 creatione
3600 3272 3785 3327 mundi

2104 3366 2291 3421 brevis
2323 3371 2379 3419 et
2427 3369 2622 3435 aperta
2670 3365 2973 3434 descriptio
3038 3380 3167 3417 cum
3229 3362 3527 3416 additione
3582 3361 3785 3431 mystici

2105 3469 2303 3507 sensus
2332 3453 2391 3506 in
2422 3452 2655 3506 homine
2687 3467 2858 3522 super
2897 3451 3183 3505 creatione
3215 3468 3409 3505 rerum
3448 3450 3784 3521 accipiendi:

2106 3558 2236 3612 quae
2274 3541 2579 3612 descriptio
2620 3545 2802 3594 metro
2852 3541 3216 3594 Pherecratio
3274 3545 3517 3603 constat,
3576 3539 3719 3611 quod
3760 3556 3785 3590 a

2104 3630 2440 3684 Pherecrate
2470 3630 2771 3683 inventore
2805 3630 2919 3682 sive
2950 3629 3375 3699 frequentatore
3403 3636 3783 3699 nuncupatum

2104 3719 2394 3789 spondaeo,
2444 3717 2688 3789 dactylo,
2730 3718 3116 3788 spondasoque
3159 3717 3496 3781 contexitur,
3544 3717 3783 3788 quamvis

2103 3825 2207 3878 pro
2263 3807 2484 3860 ratione
2528 3806 2848 3859 novissimae
2892 3807 3146 3876 syllabae,
3196 3806 3434 3860 ultimus
3494 3806 3784 3875 spondaaus

2102 3896 2435 3966 frequenter
2460 3894 2521 3947 in
2554 3895 2870 3948 trochaeum
2918 3899 3189 3948 mutetur.
3232 3895 3291 3947 In
3322 3894 3426 3947 hac
3464 3892 3781 3962 descriptio-

2103 4001 2176 4038 ne
2204 3984 2380 4038 ternis
2407 3983 2662 4037 versibus
2696 3984 2751 4036 in
2785 4000 2966 4036 unum
3000 3982 3361 4049 coeuntibus,
3404 3982 3658 4036 minores
3690 3982 3785 4033 du-

2100 4074 2255 4127 centi
2282 4073 2573 4143 octoginta
2613 4072 2889 4143 quinque,
2930 4072 3174 4143 majores
3204 4072 3472 4140 nonginti
3500 4077 3628 4125 octo
3666 4072 3781 4124 efti-

2101 4161 2348 4216 ciuntur.
2388 4162 2469 4213 Ita
2501 4161 2560 4214 in
2602 4160 2761 4213 omni
2809 4161 2917 4214 hoc
2961 4177 3131 4231 opere
3178 4160 3533 4214 diversorum
3586 4165 3782 4212 metro-

2100 4266 2230 4304 rum
2253 4249 2657 4319 variarumque
2684 4264 3082 4302 mensurarum
3116 4264 3312 4302 versus
3354 4254 3506 4312 sunt,
3536 4248 3606 4301 ab
3634 4248 3786 4301 Invo-

296 4337 441 4390 tium
492 4336 866 4406 frequentatis
905 4339 1248 4408 appellatur,
1283 4343 1339 4392 et
1375 4340 1703 4394 hexametro
1749 4356 1992 4395 numero
2033 4334 2323 4394 Dcatione
2380 4340 2451 4393 ad
2507 4340 2687 4393 Deum
2752 4355 2934 4409 usque
2995 4338 3062 4391 ad
3134 4337 3439 4391 mundanae
3495 4336 3783 4390 creationis

295 4423 509 4494 pedum
541 4428 782 4489 constat,
820 4427 1072 4479 excurrit
1101 4443 1113 4479 :
1156 4426 1217 4479 in
1269 4443 1384 4497 quo
1416 4432 1620 4493 metro,
1666 4433 1878 4499 praeter
1907 4431 1992 4482 ul-

295 4512 527 4578 timum,
562 4513 661 4583 qui
700 4513 1032 4584 spondteum
1074 4515 1474 4569 tantummodo
1524 4516 1639 4568 sive
1679 4517 1994 4571 trochaeum

296 4600 523 4671 recipit,
576 4606 633 4656 et
674 4603 1063 4673 penultimum
1106 4602 1318 4669 locum,
1373 4604 1473 4675 qui
1517 4604 1737 4675 dactylo
1779 4607 1996 4660 solum-

295 4688 467 4742 modo
498 4688 797 4759 impletur,
838 4692 1064 4762 reliqua
1094 4692 1215 4746 loca
1245 4692 1481 4745 licenter
1505 4691 1790 4762 dactylum
1823 4709 1992 4761 spon-

297 4777 555 4831 daeumve
592 4778 896 4848 recipiunt.
931 4778 1094 4843 Quod
1127 4794 1271 4850 opus
1293 4778 1361 4833 ab
1393 4779 1556 4834 initio
1582 4781 1995 4851 Propositionis

2101 4427 2690 4499 comprehensionem,
2726 4427 2883 4480 mille
2915 4426 3187 4496 nongenti
3215 4426 3628 4479 novemdecim.
3664 4427 3783 4479 Haec

2099 4518 2178 4572 ita
2212 4518 2542 4587 complexus
2574 4532 2722 4581 sum,
2772 4520 2835 4569 ut
2880 4514 3006 4580 tibi,
3057 4514 3422 4581 Charissime,
3474 4514 3563 4567 cui
3615 4512 3780 4566 totius

2048 4665 2060 4675 ,
2100 4606 2359 4677 opusculi
2390 4605 2535 4658 sicut
2565 4620 2791 4674 cunque
2818 4603 3138 4657 constiterit
3165 4618 3375 4657 munus
3414 4602 3783 4672 assignabitur

2100 4694 2244 4749 nihil
2302 4694 2395 4748 hic
2458 4693 2813 4765 incognitum
2869 4692 3181 4746 dubiumve
3250 4698 3561 4745 remaneat.
3640 4690 3780 4741 Bene

2102 4783 2256 4836 Vale.

1125 5076 1654 5162 SEQUENTIS
1713 5079 2104 5153 METRICI
2166 5079 2513 5152 OPERIS
2570 5078 2962 5152 TEXTUS.

1903 5234 2197 5246 —————

916 5304 1291 5362 lNVOCATlO
1322 5316 1365 5362 ⁸.

368 5393 393 5432 b
414 5388 563 5445 Celsi
588 5395 789 5443 cuncta
816 5407 1041 5461 parans,
1076 5396 1343 5449 conditor
1372 5396 1620 5463 mtheris,

370 5477 535 5532 Orbis
557 5478 927 5550 principium,
965 5484 1196 5537 luminis
1229 5484 1411 5539 editor

296 5602 667 5742 p.“dltletrum
752 5604 1236 5675 Choriambicum,
1309 5610 1751 5676 Tetrametrum,
1796 5610 1991 5663 Ascle-

338 5689 391 5725 ia
434 5689 587 5725 eum.

338 5689 587 5725 laneum.

2178 5309 2577 5379 Inventorque,
2608 5308 2748 5362 boni
2776 5308 2901 5362 fons
2931 5308 3052 5363 sine
3082 5308 3351 5363 termino.

2172 5398 2321 5451 Audi
2352 5398 2504 5467 quod
2537 5414 2739 5467 precor
2769 5402 2824 5451 et
2850 5399 3108 5468 supplico
3140 5400 3421 5464 servulus,

2176 5486 2363 5541 Plebis
2392 5491 2455 5541 tu
2486 5491 2658 5557 caput
2686 5491 2743 5540 et
2771 5486 2955 5556 gloria
2984 5486 3262 5553 candidae,

2173 5613 2198 5653 ι)
2228 5613 2368 5668 Celsi
2408 5616 2601 5665 cuncta
2644 5627 2869 5679 parans.
2912 5611 3094 5667 Codex
3145 5612 3290 5681 Big.,
3321 5614 3453 5665 celsi
3498 5616 3668 5664 cuncto
3687 5624 3771 5677 pa-

2100 5698 2259 5736 rens:
2292 5682 2435 5752 quin
2465 5683 2772 5750 legendum
2802 5684 2876 5736 sit
2902 5685 3030 5736 celsi
3057 5689 3239 5736 sancte
3263 5699 3487 5752 parcns,
3519 5698 3629 5736 non
3652 5681 3769 5731 vade
