3860 6262
39 344 155 396 581

127 481 292 536 Albis
321 481 543 551 fulgida
573 484 961 551 prmtextaque
991 478 1239 533 vestibus

130 575 367 639 Agnum
403 588 527 641 quin
561 570 846 640 sequitur;
882 569 1109 639 lotaque
1142 566 1421 636 sanguine

136 658 217 709 De
251 658 474 710 cunctis
506 658 690 728 placet
718 661 907 726 empta
941 661 998 709 et
1029 656 1157 708 data
1190 654 1475 723 gentibus.

132 747 297 799 Hanc
331 746 497 799 terris
529 746 689 812 colit,
723 751 780 798 et
809 743 1087 814 praedicat
1114 743 1387 796 omnibus

131 835 299 887 Votis
326 835 692 888 accumulans
722 832 942 897 optima
974 830 1183 901 gaudia

134 923 395 977 Concors
427 922 693 987 Ecclesia,
728 926 782 974 et
812 937 945 974 mox
976 918 1397 974 modulantium

138 1010 371 1064 Festivo
407 1011 584 1064 sociat
613 1009 870 1063 carmina
900 1008 1089 1062 ccetui.

133 1100 276 1153 Ilaec
307 1115 459 1152 nunc
490 1098 787 1152 curriculis
818 1104 949 1152 vota
978 1098 1083 1150 sub
1115 1095 1341 1159 annuis,

130 1189 248 1240 Per
280 1204 428 1258 quos
460 1188 752 1241 emineant
781 1194 831 1239 et
866 1187 1102 1240 redeant
1130 1185 1270 1249 dies,

132 1276 434 1346 Exponam
464 1276 714 1330 breviter
742 1275 954 1329 credita
981 1274 1252 1338 carmine,

131 1364 579 1433 Comprendens
613 1365 759 1417 acies
791 1364 1056 1433 bellaque
1088 1363 1341 1427 fortium,

132 1452 423 1518 Quorum,
457 1452 676 1507 Christe
714 1454 880 1518 Deus,
915 1468 1019 1522 pro
1052 1451 1270 1505 meritis
1297 1449 1439 1503 mihi

131 1541 488 1596 Cunctorum
522 1542 745 1595 veniam
774 1541 866 1594 hic
891 1556 1081 1594 annue
1104 1540 1430 1593 criminum.

133 1629 313 1683 Servo
349 1630 545 1683 confer
576 1647 769 1699 opem,
806 1630 1089 1699 missaque
1122 1629 1368 1697 desuper

136 1718 374 1771 Caecum
404 1719 472 1772 de
503 1718 749 1772 tenebris
776 1718 895 1785 jam
925 1722 1146 1771 revocet
1184 1732 1403 1781 manus,

137 1807 381 1872 Rector;
417 1823 625 1877 nempe
652 1811 751 1859 tuo
785 1807 940 1860 nulla
971 1806 1261 1873 renititur,

140 1893 317 1945 Nulla
351 1897 437 1945 est
468 1893 715 1962 imperio
747 1893 889 1946 dura
917 1893 1177 1962 potentia
1208 1908 1220 1945 2

132 1980 335 2034 Armis
363 1987 423 2034 tu
456 1982 677 2050 poteris
708 1982 935 2035 vincere
966 1982 1227 2045 fortibus,

136 2070 367 2123 Fallens
400 2085 470 2123 ne
499 2070 691 2123 Zabuli
721 2070 909 2123 vincat
938 2070 1233 2140 iniquitas,

130 2157 394 2211 Tandem
426 2158 505 2211 sic
536 2158 672 2211 satis
702 2158 771 2211 ad
812 2163 1025 2211 tartara
1057 2174 1156 2228 per
1186 2158 1365 2212 scelus

134 2245 428 2299 Cunctum
458 2262 676 2316 perque
710 2246 885 2313 nefas,
921 2262 1135 2316 perque
1164 2244 1371 2315 probra
1404 2243 1616 2299 omnia.

132 2336 281 2389 Casu
314 2334 583 2387 ﬂebiliter
612 2334 846 2388 tendere
878 2335 1127 2405 pessimo
1154 2354 1169 2401 ;

133 2421 515 2491 Oblectetque
544 2422 657 2476 tuis
688 2422 875 2476 vivere
904 2423 1148 2493 legibus.

136 2510 298 2562 Felix
329 2511 597 2564 ccelicolis
626 2516 928 2580 permanet
957 2512 1017 2565 in
1049 2511 1259 2580 quibus

135 2598 358 2667 Regem
391 2607 416 2631 ⁸
444 2598 730 2669 praesidiis
762 2599 875 2653 vita
903 2599 1282 2670 perennibus,

135 2686 448 2741 Summum
481 2688 712 2757 quando
742 2688 852 2757 piis
884 2693 946 2741 tu
978 2688 1192 2742 residet
1218 2688 1457 2752 bonum,

139 2776 348 2845 Expiet
377 2793 521 2847 quos
546 2776 761 2847 jugiter
788 2783 845 2831 te
876 2776 1074 2830 sitiens
1104 2792 1285 2830 amor.

139 2865 277 2932 Spei
308 2864 389 2918 nil
413 2870 679 2935 superest
705 2868 750 2931 ι),
784 2866 853 2920 ad
880 2865 1103 2919 veniam
1128 2866 1292 2931 mihi,

139 2952 285 3005 Vita:
318 2968 428 3006 nec
457 2953 649 3023 potior
678 2954 976 3025 suppetiis,
1008 2954 1120 3008 nisi

140 3042 417 3094 Pressum
449 3045 512 3095 tu
540 3041 777 3108 releves,
811 3057 964 3113 aeger
988 3048 1046 3096 et
1074 3042 1276 3096 anxius

137 3129 642 3200 Succumbensque
672 3145 835 3184 ruam
865 3130 1066 3183 mortis
1098 3130 1167 3184 ad
1195 3130 1412 3184 intima.

138 3218 346 3271 Munus
376 3233 532 3271 nunc
565 3217 751 3289 operis
777 3218 1093 3289 permodici
1124 3224 1316 3273 tamen

137 3308 481 3361 Sanctorum
516 3308 574 3361 in
606 3324 847 3362 numero
876 3309 944 3362 de
973 3309 1189 3378 populo
1218 3308 1341 3375 tibi,

140 3397 372 3462 Rector,
405 3396 677 3467 quodque
705 3402 803 3451 tuo
831 3397 1061 3468 profero
1088 3397 1331 3459 nomini,

138 3486 382 3539 Gratum
414 3486 484 3539 de
516 3486 695 3539 sterili
724 3486 796 3539 sit
822 3502 961 3557 rogo
993 3486 1265 3541 carmine.

140 3564 441 3643 Hymn‘um
470 3579 746 3643 personet
776 3574 870 3628 hic
900 3590 1061 3628 mens
1091 3574 1326 3628 humilis
1356 3573 1477 3641 tibi,

142 3663 513 3733 Devotusque
547 3668 711 3717 canat
744 3668 799 3717 te
830 3664 1130 3717 modulans
1160 3663 1354 3730 homo,

144 3752 334 3804 L'num
368 3751 464 3804 cui
492 3751 712 3821 jugiter
741 3768 869 3805 cum
900 3754 1062 3805 Patre
1093 3752 1337 3822 gloriam

136 3843 363 3909 Agmen
394 3840 674 3909 praedicat
702 3840 763 3894 in
793 3842 997 3894 saecula
1032 3842 1304 3895 lucidum.

726 3982 1134 4037 ALLOCUTIO.

142 4116 159 4139 ε
196 4106 492 4161 Christum
524 4105 769 4177 quisque
800 4107 961 4177 cupis
993 4123 1249 4172 cernere,
1280 4112 1334 4161 et
1365 4108 1479 4161 alto

144 4195 411 4250 Decernis
442 4194 701 4248 animum
732 4195 909 4265 tigere
939 4197 1103 4261 caelo,

142 4284 275 4353 Spei
302 4288 462 4337 certa
486 4283 683 4337 videns
718 4284 882 4353 signa
912 4284 1114 4352 beatae,

144 4372 483 4442 Magnorum
513 4386 752 4441 sequere
787 4371 879 4425 hic
909 4374 1068 4442 gesta
1099 4377 1424 4443 parentum.

145 4461 230 4514 Illi
264 4476 418 4531 ssepe
458 4461 633 4513 Deum
665 4476 897 4513 cernere
926 4461 1090 4529 sueti,

147 4548 490 4600 Praestantes
519 4545 747 4616 opibus,
781 4562 1022 4617 corpore
1054 4547 1248 4607 fortes,

146 4635 466 4704 Condigna:
496 4650 563 4687 ac
596 4634 807 4688 sobolis
839 4635 1098 4705 germine
1128 4636 1278 4702 fulti,

148 4724 440 4777 lllustrant
470 4722 692 4776 meritis
723 4725 930 4777 saecula
960 4724 1165 4778 sanctis
1194 4740 1207 4777 :

147 4812 233 4865 llli
265 4812 485 4866 divitiis
516 4818 722 4882 sponte
752 4811 985 4879 relictis,

148 4900 377 4955 Cunctis
408 4905 467 4953 et
495 4900 666 4954 viridi
698 4905 954 4971 tempore
980 4900 1153 4955 rebus

148 4988 549 5059 Comtemptis,
581 4988 865 5058 Superum
897 5005 1077 5060 regna
1106 4987 1383 5053 videntes,

148 5079 536 5132 Monstravere
564 5077 681 5130 suis
706 5077 903 5132 abdita
928 5077 1128 5149 signis.

1800 477 1840 529 A

1137 338 1755 397 MARTYROLOGIUM.
1810 368 1879 378 --
1916 338 2308 408 INVOCATIO,
2346 339 2508 397 ETC6

1946 476 2030 529 Illi
2061 481 2118 530 et
2146 476 2369 531 vivitico
2401 476 2615 530 famine
2646 476 2822 547 pleni,

1946 565 2090 618 Visis
2121 582 2181 618 ac
2214 566 2447 619 monitis
2477 566 2694 619 caelitus
2728 566 2854 631 acti,

1948 655 2258 707 Venturum
2296 655 2603 708 Dominum
2639 654 2865 707 vocibus
2897 659 3069 725 atque

1946 744 2230 796 Portentis
2259 743 2430 795 variis
2464 742 2763 795 edocuere.

1944 832 2095 897 Illos,
2131 832 2311 885 factus
2338 832 2510 884 homo
2543 837 2645 895 est,
2677 831 3017 902 perditoque
3048 837 3104 885 et
3131 831 3254 886 orbi

1945 920 2222 973 Salvando
2254 920 2581 986 adveniens,
2613 936 2710 972 ore
2740 936 3031 991 manuque

1947 1010 2276 1075 Instructos,
2311 1010 2592 1079 populum
2627 1009 2784 1062 misit
2812 1008 2872 1061 in
2903 1024 3155 1073 omnem,

1945 1096 2139 1151 Mundi
2170 1102 2232 1150 ut
2262 1098 2559 1167 perﬁceret
2592 1097 2702 1151 rite
2736 1098 3000 1152 salutem.

1946 1186 2077 1238 Illos
2105 1201 2270 1237 verus
2303 1202 2463 1239 amor
2496 1186 2666 1255 [tegis
2699 1185 2767 1239 ad
2802 1191 2953 1239 astra

1950 1274 2104 1327 Vexit
2135 1275 2393 1344 martyrii
2427 1280 2669 1327 stemate
2702 1276 2903 1341 claros,

1949 1363 2325 1432 Insignesque
2359 1362 2439 1433 pii
2472 1364 2611 1416 flore
2643 1364 2883 1428 cruoris,

1949 1451 2202 1514 Quorum
2234 1467 2386 1504 nunc
2416 1452 2600 1505 radiat
2629 1456 2783 1506 terra
2816 1451 3143 1522 triumphis.

1950 1540 2082 1591 Illos
2109 1540 2248 1610 quin
2278 1540 2449 1593 etiam
2482 1540 2630 1593 celsa
2659 1544 2921 1593 venustat

1954 1630 2233 1681 Doctrina:
2265 1634 2323 1681 et
2349 1628 2540 1681 meriti
2563 1629 2744 1697 gloria
2772 1630 2986 1699 magni,

1950 1716 2059 1780 Qui
2089 1717 2259 1770 verbo
2292 1716 2625 1783 Ecclesium,
2657 1718 2757 1788 qui
2784 1734 2972 1787 prece,
3000 1717 3216 1788 quique

1950 1804 2159 1875 Signis,
2191 1805 2406 1875 quique
2437 1806 2599 1859 libris
2630 1806 2952 1860 instituere.

1951 1893 2068 1946 Illis
2098 1898 2182 1947 est
2213 1895 2483 1964 proprius
2512 1895 2784 1964 splendor
2815 1896 3141 1966 honorque,

1952 1981 2059 2046 Qui
2089 1982 2302 2036 Christi
2332 1983 2497 2037 niveo
2533 1984 2786 2052 tegmine
2824 1984 2953 2037 fulti

1952 2070 2221 2123 Vicerunt
2252 2070 2444 2124 stabili
2478 2077 2669 2126 mente
2702 2071 3039 2135 minantem,

1950 2158 2405 2229 Mulcentemque
2436 2159 2605 2213 simul
2636 2160 2821 2213 carnis
2854 2176 3127 2214 amorem.

1952 2248 2065 2300 Illis
2094 2253 2177 2301 est
2207 2247 2376 2301 etiam
2412 2248 2562 2301 fama
2593 2249 2881 2319 perennis,

1951 2336 2089 2399 Quae
2120 2342 2419 2405 expertum
2449 2337 2644 2391 viridis
2669 2339 2925 2407 corporis
2958 2338 3150 2407 ignem

1952 2425 2255 2479 Calcarunt
2284 2425 2512 2496 penitus
2544 2426 2744 2479 caelibe
2775 2427 2909 2493 vita,

1956 2512 2398 2584 Prmcinctaeque
2433 2514 2530 2568 Dei
2562 2515 2817 2585 tegmine
2848 2514 3093 2568 lumbos.

1952 2602 2069 2655 Illis
2100 2618 2204 2656 nec
2233 2602 2521 2656 modicum
2552 2606 2638 2656 est
2665 2603 2894 2657 culmen
2925 2602 3189 2668 honoris,

1952 2689 2194 2743 Servatis
2224 2690 2513 2757 thalamis,
2548 2707 2675 2762 quae
2711 2691 2925 2761 pietate

1954 2778 2331 2848 Compserunt
2359 2778 2578 2833 socium
2611 2779 2718 2833 rite
2750 2780 2965 2845 cubile;

1953 2866 2127 2920 Natos
2158 2883 2402 2937 quaeque
2432 2868 2547 2921 Deo
2578 2874 2783 2938 sponte
2817 2868 3099 2921 dicarunt.

1954 2956 2191 3009 Illorum
2225 2960 2458 3026 superat
2486 2956 2639 3010 fama
2667 2973 2768 3027 per
2800 2973 2984 3010 aevum

1955 3042 2300 3113 Conspectus
2328 3043 2650 3111 hominum,
2683 3049 3000 3115 cunctaque
3034 3044 3237 3100 mundi

1952 3133 2316 3199 Temnentes,
2352 3150 2609 3187 eremum
2647 3134 2745 3205 qui
2777 3135 3028 3201 coluere,

1953 3221 2251 3275 Caelestem
2282 3222 2477 3275 meriti
2507 3239 2735 3277 sumere
2772 3240 3001 3293 panem.

1950 3310 2301 3380 Illorumque
2333 3311 2477 3364 nitet
2506 3327 2736 3377 nomen,
2772 3312 2830 3365 in
2862 3327 3034 3365 unam

1951 3398 2101 3462 Quos
2132 3399 2249 3468 egit
2274 3396 2301 3434 ἀ
2332 3399 2545 3469 pariter
2578 3401 2665 3454 lex
2695 3417 2852 3454 sacra
2883 3405 3158 3464 mentem,

1952 3488 2184 3541 Patrum
2216 3488 2311 3558 qui
2345 3488 2583 3542 monitis
2613 3489 2756 3543 colla
2787 3504 3107 3559 manusque

1953 3575 2323 3641 Summisere,
2361 3577 2459 3629 Dei
2490 3576 2613 3646 lege
2639 3577 2846 3647 jugati.

1952 3664 2183 3717 Illorum
2212 3664 2393 3732 pietas
2423 3681 2527 3718 nec
2558 3665 2748 3719 minus
2781 3666 2893 3719 alto

1954 3752 2263 3823 Praefulget
2287 3754 2517 3821 merito,
2549 3754 2647 3823 qui
2677 3770 2780 3807 sua
2810 3754 3029 3807 Christo

1954 3841 2190 3911 Largiti,
2223 3842 2453 3912 egregia
2482 3842 2628 3896 forte
2666 3857 2953 3911 perennes

1954 3929 2113 3983 Nunc
2143 3946 2309 3999 gazas
2338 3930 2605 3997 retinent,
2635 3946 2926 4001 regnaque
2956 3930 3103 3984 caeli.

1954 4017 2045 4072 Sic
2078 4034 2182 4071 nos
2215 4018 2519 4089 multiplici
2550 4019 2811 4089 prmduce
2843 4035 3048 4074 norma

1954 4106 2206 4160 Christus
2238 4112 2427 4161 sancta
2460 4113 2660 4175 vocat;
2694 4108 2888 4179 sicque
2916 4109 3207 4163 minorum

1954 4195 2273 4248 Prtelucent
2303 4195 2501 4262 oculis,
2534 4195 2753 4248 lumina
2791 4197 3023 4250 Patrum

1955 4281 2045 4336 Sic
2075 4284 2253 4335 multa
2287 4288 2370 4337 est
2397 4283 2587 4337 meriti
2618 4300 2789 4337 causa
2814 4284 2965 4337 beati
3001 4300 3015 4337 :

1960 4371 2069 4424 Nec
2098 4388 2201 4425 nos
2230 4371 2373 4425 velle
2404 4372 2566 4443 sequi
2596 4388 2771 4442 prava
2799 4372 3075 4442 pudebit?

1956 4459 2093 4523 Quae
2120 4461 2260 4527 vult,
2294 4477 2536 4532 quaeque
2565 4466 2737 4531 vetat,
2765 4462 2933 4532 jubet
2964 4462 3101 4515 almi

1958 4550 2069 4603 Lex
2097 4551 2448 4622 verbumque
2480 4551 2661 4605 Patris
2691 4567 2857 4605 nosse
2888 4551 3127 4615 valebit;

1956 4639 2185 4693 Doctrix
2214 4655 2503 4710 quemque
2534 4639 2673 4693 ﬁdes
2702 4654 2945 4709 veraque
2977 4641 3207 4707 purgat,

1956 4725 2109 4779 Finis
2140 4725 2237 4796 qui
2269 4725 2477 4791 fuerit;
2509 4740 2754 4795 quaeque
2786 4723 2935 4777 beati
2966 4723 3102 4775 hinc

1959 4814 2230 4868 Excessus
2260 4812 2517 4884 requies;
2545 4828 2742 4883 quasve
2770 4827 3032 4865 recursus
3061 4812 3088 4852 ά

1954 4902 2114 4956 Nunc
2141 4902 2279 4955 anni
2310 4906 2635 4956 memorent
2662 4900 2809 4953 bella
2838 4899 3090 4969 piorum,

1956 4989 2290 5044 Monstrabit
2322 4988 2543 5042 modico
2577 4988 2669 5041 hic
2699 5003 2937 5057 corpore
2970 4987 3143 5040 codex
3176 5000 3189 5038 :

1955 5079 2116 5131 Hunc
2145 5078 2191 5130 si
2220 5078 2362 5131 velle
2391 5080 2574 5146 potes,
2606 5076 2780 5129 lector
2809 5075 3019 5144 opime,

3468 342 3571 397 582

90 5200 293 5255 dubito.
365 5202 524 5255 Vers.
587 5205 617 5255 7
685 5201 900 5271 lataque
945 5203 1229 5270 sanguine,
1300 5200 1518 5270 optima
1570 5203 1777 5257 codicis

92 5273 197 5343 Big.
228 5272 426 5340 lectio;
461 5272 710 5341 pessima
738 5278 937 5327 contra
966 5272 1175 5343 prioris
1219 5272 1509 5339 editionis,
1562 5279 1778 5342 totaque

92 5357 359 5409 sanguine.

150 5423 171 5446 ³
206 5417 341 5483 Spei
399 5415 487 5468 nil
532 5419 791 5483 superest.
851 5414 941 5468 Sic
996 5414 1173 5467 codex
1232 5414 1351 5485 Big.
1427 5414 1771 5469 emendate:

95 5485 241 5565 prior
265 5485 474 5565 editio,
521 5488 638 5565 spei
682 5488 765 5538 vis
802 5500 953 5565 sup,
1009 5490 1293 5555 corrupte.
1354 5485 1536 5565 Supra
1584 5487 1777 5565 Regem

97 5556 382 5621 prasidiis;
419 5557 569 5609 forte
619 5556 923 5625 legendum
964 5570 1153 5623 regens
1198 5572 1263 5609 ac
1308 5572 1381 5610 ne
1411 5556 1489 5610 sic
1541 5556 1774 5625 quidem

99 5628 358 5681 sententia
381 5626 526 5680 satis
555 5630 793 5681 constat.

1955 5203 1979 5243 δ
2018 5202 2256 5255 Metrum
2282 5199 2648 5269 Dactylicum.
2681 5199 3121 5266 Tetrametrum,
3155 5197 3577 5259 Catalecticum.

1954 5280 1975 5303 ε
2013 5274 2074 5325 1η
2102 5286 2266 5324 unam
2293 5284 2422 5337 quos
2462 5270 2697 5337 egitrln
2727 5269 2917 5335 editis,
2966 5273 3025 5323 in
3070 5286 3257 5337 unum,
3292 5270 3482 5336 male;
3518 5270 3579 5324 iu

1884 5341 2075 5395 codice
2104 5342 2250 5410 Big.,
2282 5344 2339 5393 in
2359 5355 2544 5406 unam,
2580 5341 2745 5393 bene.

1956 5413 1983 5454 ἀ
2024 5414 2233 5483 Quaeve
2259 5426 2526 5483 recursus.
2564 5411 2674 5483 Sic
2717 5410 2970 5480 profecto
3042 5411 3383 5483 legendum;
3443 5428 3576 5483 nam

1884 5482 2037 5552 quod
2071 5488 2195 5534 erat
2223 5482 2283 5536 in
2332 5481 2514 5552 priori
2543 5482 2794 5535 editione
2826 5486 2985 5551 quive
3030 5481 3298 5550 recursus,
3331 5482 3577 5554 intelligi

1884 5569 1999 5606 non
2027 5557 2234 5606 potest.

1884 5569 1999 5606 non
2026 5567 2234 5621 patest.
