3860 6262
314 330 416 382 583

388 460 494 511 Fac
522 458 661 512 velis
688 456 880 510 animo
909 472 1075 511 nosse
1108 456 1359 527 benigno
1394 475 1406 511 :

390 547 540 600 Nulli
572 546 663 599 hic
695 562 944 616 namque
974 546 1166 599 subest
1198 562 1360 600 mens
1389 546 1483 616 pia
1517 548 1720 618 culpas,

389 635 611 689 Christo
641 636 793 705 quod
825 636 1014 705 potuit
1048 640 1248 705 sponte
1280 636 1505 690 dicavit.

906 742 1187 795 COMMEN
1201 742 1423 796 DATIO.

386 857 406 882 ε
444 848 587 900 Vera
620 863 781 900 sume
816 849 842 889 ιτ
872 846 1084 900 librum
1117 847 1226 900 ﬁde
1253 851 1558 914 sacratum,

385 935 617 989 Sincera
644 935 797 987 hunc
827 951 1085 988 reserans
1116 936 1427 1005 legensque
1458 939 1673 1005 mente,

381 1023 757 1077 Scribendum
791 1023 915 1089 tibi,
948 1039 1118 1093 quem
1147 1024 1242 1093 pio
1276 1027 1479 1091 rogatu

388 1112 738 1181 Hortatuque
766 1111 955 1180 jubes,
992 1111 1173 1164 amice
1205 1111 1406 1165 dulcis.

384 1202 499 1254 Hoc
526 1216 657 1253 nam
692 1200 1013 1268 gratiﬁcum
1044 1200 1189 1253 libro
1218 1200 1435 1253 videbis

384 1288 676 1357 Digestum
708 1287 957 1340 breviter
987 1286 1090 1340 tibi
1121 1286 1338 1339 sciendi

382 1377 653 1439 Questum
686 1392 813 1428 cum
842 1376 1123 1445 replicans
1151 1376 1461 1446 volensque
1491 1390 1723 1442 munus,

386 1466 463 1517 De
487 1465 646 1533 jusso
677 1463 944 1533 inspicies
974 1464 1166 1517 labore
1196 1464 1446 1517 tandem.

386 1552 678 1615 Quondam
716 1551 1095 1621 Hieronymus
1127 1568 1284 1604 sacer
1313 1552 1572 1621 quietum

378 1641 517 1692 Vitzn
551 1640 803 1693 deseruit
832 1646 1038 1692 statum
1074 1641 1446 1709 modumque,

378 1732 689 1798 Aggressus
722 1728 928 1781 veteris
957 1744 1232 1797 novaeque
1263 1728 1403 1796 legis

378 1819 636 1871 Romano
666 1816 896 1885 eloquio
922 1816 1165 1885 probare
1195 1816 1391 1869 libros.

377 1902 713 1972 Augustine,
749 1908 906 1955 tuum
943 1903 1210 1972 perennis
1241 1902 1343 1954 aevi

372 1991 612 2053 Nomen,
648 1991 797 2042 fama
828 1990 997 2058 gerit,
1036 1992 1219 2055 Pater,
1254 2005 1356 2059 per
1388 1989 1607 2056 orbem,

372 2078 479 2141 Qui
512 2077 719 2131 Christi
755 2076 1055 2130 Ecclesiam
1091 2077 1277 2143 doces,
1312 2081 1369 2130 et
1400 2093 1570 2130 omne

368 2168 641 2220 Errorum
675 2166 931 2235 perimis,
967 2166 1244 2234 fingasque
1271 2166 1495 2234 vulgus.

367 2255 455 2307 Sic
484 2262 703 2322 martyr
732 2270 964 2323 quoque
996 2254 1274 2323 Cypriane
1303 2254 1589 2307 Christum

369 2344 656 2403 Doctrina,
689 2349 860 2412 atque
894 2341 986 2411 pio
1018 2358 1219 2394 cruore
1246 2341 1476 2394 clamas.

369 2432 476 2485 Ore
508 2436 564 2483 et
594 2431 846 2484 Hilarius
876 2430 1049 2483 micat
1078 2430 1245 2483 beato
1283 2447 1296 2483 :

366 2519 599 2587 Scriptis
629 2518 964 2571 Ambrosius
994 2523 1208 2581 manet,
1245 2523 1417 2587 atque
1454 2518 1677 2588 magnis

366 2608 546 2660 Pollet
576 2607 906 2677 Gregorius,
941 2607 1193 2677 nitetque
1223 2607 1388 2660 laude

366 2695 679 2749 Dictorum.
717 2696 928 2749 Volitat
952 2697 1251 2760 Juvencus,
1281 2695 1363 2748 illi

365 2783 696 2853 Conjunctis
730 2784 925 2853 spatiis
955 2786 1160 2837 Arator
1188 2783 1387 2847 haeret,

363 2872 757 2942 Prudentique
794 2872 972 2924 Deum
1002 2871 1255 2925 canendo
1285 2871 1443 2925 vivis.

360 2960 562 3013 Multos
592 2962 671 3013 sic
704 2977 1031 3014 memorans
1059 2961 1245 3014 honor
1274 2960 1511 3013 revolvit

364 3048 599 3117 Scriptis
634 3050 733 3119 qui
767 3049 1017 3118 propriis
1045 3054 1284 3103 manent
1313 3049 1607 3119 librisque.

365 3137 626 3189 Gaudens
660 3153 804 3206 quos
833 3137 967 3203 legit
994 3143 1052 3190 et
1081 3138 1406 3207 frequentat
1432 3136 1604 3201 orbis,

360 3225 627 3284 Quamvis
657 3231 844 3277 morte
878 3226 1031 3277 obita
1061 3225 1195 3278 hinc
1227 3224 1411 3279 abisse
1442 3230 1654 3279 cernat.

360 3312 534 3365 Nobis
567 3314 839 3382 exiguum
871 3313 1062 3366 subest
1093 3314 1387 3383 loquendi,
1417 3318 1474 3367 et

356 3401 652 3455 Scribendi
685 3401 1017 3471 ingenium;
1050 3406 1224 3471 negat
1252 3401 1515 3470 priorum

362 3490 475 3543 Nos
506 3506 736 3560 aequare
766 3490 979 3556 locum,
1013 3491 1310 3561 vicemque
1338 3499 1531 3544 vatum

359 3579 530 3632 Exilis
561 3579 744 3648 copize
777 3580 1032 3649 loquacis
1063 3596 1217 3633 usus.

356 3668 623 3738 Aggressi
655 3672 845 3722 tamen
878 3668 970 3722 hic
999 3684 1211 3722 novum
1242 3667 1520 3739 piumque

356 3757 598 3810 Carmen
628 3757 972 3827 proferimus
1004 3758 1139 3824 Deo,
1170 3758 1393 3828 tibique

355 3845 467 3898 Hoc
499 3845 598 3916 qui
632 3850 822 3899 mente
853 3846 947 3916 pie
978 3863 1166 3917 rogas,
1201 3847 1401 3913 amice,

353 3934 437 3987 Tu
464 3939 659 3987 nostro
690 3934 939 4004 petimus
965 3935 1089 3988 fave
1121 3934 1321 3988 labori.

889 4058 982 4109 AD
1024 4057 1381 4111 CACSAREM.

1136 4160 1299 4213 Exuit
1332 4160 1489 4225 olim,

1130 4233 1323 4299 Deque
1344 4234 1581 4283 cruenta

1130 4302 1294 4355 Caede
1320 4300 1611 4354 furentum

1129 4372 1289 4440 Saepe
1323 4372 1572 4425 reduxit.

1127 4446 1313 4495 Aurea
1341 4443 1491 4494 celso

1134 4512 1352 4565 Vcrtice
1382 4513 1560 4566 Roma

1129 4585 1204 4636 Te
1236 4584 1553 4636 decorando

1122 4654 1365 4707 Nomine
1396 4654 1579 4706 sanxit

1126 4725 1388 4789 Cesaris,
1418 4724 1543 4778 orbi

1134 4796 1256 4850 Mox
1289 4795 1410 4848 fore
1443 4810 1638 4865 regem
1667 4811 1678 4847 :

1131 4867 1269 4919 Itala
1300 4867 1551 4936 primum

1130 4937 1203 4990 Te
1234 4937 1374 4990 duce
1406 4937 1575 4990 tellus

1131 5006 1385 5061 Eminuit
1407 5024 1419 5074 ;
1451 5012 1577 5077 post

1132 5078 1386 5145 Francia,
1417 5082 1595 5133 temet

281 4162 480 4229 Tuque
511 4160 774 4228 favendo,

282 4232 489 4297 Caesar,
516 4231 734 4295 adesto,

279 4303 511 4371 Sceptra
537 4308 840 4370 parentum

278 4372 386 4435 Qui
414 4371 647 4441 pietate,

278 4440 500 4512 Quique
533 4440 784 4511 benigna

278 4515 425 4583 Lege
456 4512 759 4583 gubernas.

276 4585 351 4638 Te
388 4584 717 4637 moderator

279 4656 418 4709 Nam
452 4657 597 4709 Dens
624 4653 777 4709 orbis

274 4727 451 4779 Jussit
479 4726 731 4779 habenas

277 4797 525 4850 Flectere
559 4797 740 4850 avitas

274 4868 626 4937 Imperiique

276 4938 508 5007 Sceptra
540 4937 789 5007 paterni.

276 5009 468 5076 Teque
490 5009 716 5077 periclis

274 5077 404 5148 Ipse
433 5080 647 5148 paratis

343 5203 651 5327 {Saeuum
705 5200 1096 5268 Phaleucium,
1153 5204 1603 5271 Pentametrum,
1674 5203 1975 5259 Hendeca-

368 5290 394 5326 a
443 5288 561 5325 um.

278 5288 561 5327 svmnum.

305 5291 561 5399 5:180}?er
584 5357 750 5416 sume.
784 5345 868 5416 Ita
911 5343 1221 5416 maluimus
1260 5362 1435 5415 quam
1473 5345 1625 5416 quod
1680 5344 1977 5415 legebatur

274 5431 403 5495 veru
434 5429 655 5494 summe.
683 5414 941 5497 ‘Statim_
964 5414 1102 5468 hunc
1153 5414 1509 5497 referamne—
1538 5414 1755 5497 codice
1783 5417 1969 5497 Bigot.

275 5486 616 5557 scripsimus
642 5484 737 5538 ubi
771 5491 894 5539 erat
922 5486 1061 5557 hunc
1088 5491 1364 5552 refonans.
1408 5488 1571 5540 Huud
1606 5489 1774 5556 longe
1816 5484 1972 5557 ejus-

276 5555 409 5609 dem
442 5555 651 5609 codicis
704 5556 871 5627 lectio
911 5556 977 5608 de
1019 5558 1172 5624 jusso
1224 5560 1504 5627 inspicies,
1540 5555 1730 5627 magis
1766 5555 1975 5611 idonea

272 5627 391 5681 visa
421 5631 526 5693 est,
568 5641 742 5697 quam
763 5626 862 5680 illa
894 5627 1106 5697 prioris
1136 5626 1402 5683 editionis
1424 5628 1489 5681 de
1512 5629 1662 5696 justo
1690 5631 1838 5697 insp.

2014 4333 2058 4386 D

1393 329 1907 385 WANDALBERTI
1948 330 2373 385 PRUMIENSIS
2413 332 2723 390 MONACHI
3692 344 3762 393 534

2968 466 3105 519 Jura
3131 470 3403 522 retentas.

2972 538 3251 607 Tempora
3283 540 3534 593 Christus

2973 606 3162 677 Longa
3195 610 3484 663 videntem

2968 678 3044 731 Te
3080 686 3258 748 regat,
3286 682 3474 733 omnis

2972 749 3046 801 Te
3080 758 3386 803 veneretur

2966 820 3158 889 Teque
3198 827 3500 875 tremescat

2967 891 3225 960 Purpura
3258 908 3473 962 regem.

2748 996 3180 1052 PROPOSITIO.

2122 1080 2385 1134 Carmine
2417 1082 2516 1152 qui
2545 1098 2747 1135 vacuas
2774 1085 2995 1154 captavi
3020 1086 3228 1156 sapius
3255 1103 3449 1153 auras,

2120 1170 2397 1223 Rumores
2436 1171 2591 1240 vulgi
2621 1174 2932 1242 quaerendo
2963 1175 3172 1229 stultus
3200 1175 3440 1241 inanes;

2118 1259 2438 1327 Aggrediar
2463 1260 2692 1314 tandem
2727 1278 2918 1315 veram
2941 1263 3009 1316 de
3036 1265 3289 1317 carmine
3312 1265 3542 1319 laudem

2120 1347 2403 1413 Quaerere,
2437 1352 2493 1401 et
2522 1354 2800 1403 aeternum
2833 1344 2975 1404 mihi
3002 1353 3305 1406 conciliare
3336 1354 3613 1418 favorem,

2118 1435 2466 1505 Spectandos
2496 1437 2741 1491 breviter
2766 1438 2999 1508 signans
3029 1446 3322 1511 actusque,
3356 1442 3642 1511 virosque,

2120 1528 2302 1595 Atque
2333 1526 2452 1579 dies
2478 1527 2587 1579 fixo
2619 1527 2804 1580 reditu
2831 1537 2850 1560 ο
2881 1527 3145 1582 volvente
3173 1546 3275 1599 per
3304 1530 3521 1591 orbem,

2118 1614 2325 1667 Ordine
2359 1631 2485 1684 qua:
2519 1616 2761 1668 lustrent
2790 1617 3041 1670 scribens
3074 1619 3352 1671 solemnia
3381 1620 3695 1689 quemque?

2047 1737 2083 1790 Β
2120 1702 2218 1754 Hic
2250 1702 2391 1755 mihi
2424 1720 2839 1774 nonnunquam
2871 1712 3194 1759 sanctorum
3228 1707 3477 1769 nomina,
3512 1709 3657 1775 leges

2119 1791 2397 1844 Carminis
2432 1792 2725 1856 excedens,
2758 1794 2852 1846 sed
2886 1810 2997 1846 non
3033 1795 3351 1848 mutilanda
3384 1795 3621 1847 vocandi

2112 1880 2206 1932 Est
2237 1896 2502 1945 censura;
2538 1882 2718 1934 bonos
2747 1882 2971 1935 veniam
3004 1884 3217 1952 pietate
3252 1884 3533 1937 merebor.

2520 1988 2965 2043 COMPRENSIO
3003 1990 3407 2052 TEMPORUM,

2412 2092 2672 2143 MENSIUM,
2718 2093 2941 2142 DIERUM,
2982 2092 3158 2136 ATQUE
3206 2094 3495 2132 HORABUI.

2108 2166 2213 2216 Per
2245 2164 2430 2217 varios
2462 2166 2658 2218 orbem
2696 2181 2887 2218 rerum
2923 2170 3124 2218 natura
3156 2172 3379 2219 meatus

2109 2252 2393 2317 Distinxit,
2430 2254 2758 2306 moderante
2792 2255 2929 2319 Deo,
2962 2255 3295 2307 mortalibus
3318 2253 3521 2324 zegris;

2102 2341 2350 2393 Alternis
2371 2341 2590 2411 jugiter
2619 2342 2836 2395 vicibus
2862 2348 3200 2412 noctemque
3234 2343 3536 2413 diemque;

2102 2430 2369 2481 AEstatcm
2405 2436 2573 2499 atque
2605 2430 2856 2495 hiemen,
2915 2430 3199 2494 autumni,
3250 2431 3510 2500 verisque
3561 2435 3763 2499 tepore;

2107 2516 2466 2585 Bissenisque
2498 2517 2666 2570 simul
2700 2517 3011 2571 discretum
3043 2518 3336 2571 mensibus
3364 2534 3601 2570 annum.

2103 2604 2358 2657 Primum
2390 2622 2631 2674 quaeque
2661 2605 2777 2658 suis
2813 2606 3081 2659 horarum
3112 2610 3377 2675 tempora
3406 2606 3631 2675 punctis

2099 2694 2461 2761 Excrescunt,
2490 2699 2612 2746 tum
2644 2693 2728 2747 bis
2758 2694 3039 2747 duodenae
3071 2695 3347 2763 temporis
3380 2695 3540 2747 hora!

2101 2782 2244 2834 Luce
2274 2781 2426 2834 diem
2458 2787 2515 2834 et
2542 2782 2791 2836 tenebris
2822 2784 3116 2852 complent
3140 2783 3211 2835 ab
3238 2784 3459 2850 origine
3489 2782 3679 2845 furvis,

2101 2871 2376 2940 Nnncque
2407 2870 2527 2923 dies
2560 2870 2728 2939 parili
2762 2872 2964 2940 spatio,
2998 2874 3305 2939 noctesque
3340 2871 3635 2924 feruntur:

2103 2958 2262 3012 Nunc
2293 2960 2574 3012 celerante
2608 2959 2699 3013 die
2732 2957 2757 2994 ἀ
2789 2960 2960 3012 fuscis
2992 2976 3103 3012 nox
3131 2960 3387 3013 tenditur
3415 2960 3514 3013 alis
3552 2976 3564 3012 :

2040 461 2087 514 Α
2119 460 2350 529 Sceptra
2377 466 2673 531 regentem

2125 532 2365 585 Mundus
2394 536 2612 587 adorat.

2128 603 2325 655 Lustra
2358 620 2457 672 per
2486 605 2682 657 orbem

2123 672 2385 744 Quinque
2420 680 2735 737 recurrunt,

2126 745 2429 816 Neminem
2461 751 2766 816 postquam

2123 814 2319 868 Clarus
2341 822 2395 869 et
2428 817 2600 869 armis

2124 885 2443 939 Caesariana

2025 3034 2064 3087 (Σ
2094 3047 2265 3100 Nocte
2295 3047 2453 3100 brevi
2484 3064 2683 3100 rursus
2712 3064 2886 3100 curru
2916 3048 3012 3101 lux
3044 3047 3218 3100 incita
3247 3048 3425 3109 fulvo,

2092 3136 2175 3190 Ad
2206 3152 2461 3188 summos
2492 3152 2623 3189 axes
2648 3136 2889 3189 solarem
2923 3135 3181 3206 provehit
3211 3135 3435 3188 orbem.

2094 3223 2419 3278 Hebdomas
2449 3224 2581 3277 hinc
2611 3229 2828 3294 septem
2862 3224 3259 3294 complectitur
3286 3225 3505 3294 integra
3533 3224 3694 3278 soles:

2092 3312 2349 3375 Quatuor
2380 3312 2768 3367 hebdomades
2798 3314 3093 3384 vulgarem
3122 3313 3347 3367 volvere
3380 3328 3633 3367 mensem

2093 3401 2401 3467 Dicuntur;
2435 3401 2529 3454 sed
2566 3418 2706 3471 quos
2736 3402 2881 3455 soles
2910 3406 3159 3455 statuere
3191 3402 3435 3471 priores,

2091 3488 2303 3543 Ordine
2335 3488 2556 3543 diverso
2591 3506 2814 3543 menses
2844 3505 3203 3560 numeroque
3237 3490 3504 3543 feruntur
3535 3506 3547 3542 :

2088 3577 2313 3643 Junius,
2346 3578 2579 3647 Aprilis,
2614 3578 2968 3649 September,
3002 3584 3059 3632 et
3090 3579 3222 3631 inde
3252 3578 3593 3642 November,

2094 3664 2186 3717 Bis
2218 3665 2355 3718 bina
2383 3665 2744 3720 hebdomada
2773 3670 3016 3733 constat,
3050 3666 3413 3736 geminisque
3446 3665 3661 3720 diebus.

2089 3753 2292 3807 Mensis
2321 3759 2444 3807 tum
2473 3754 2621 3820 Jani,
2656 3757 2947 3823 Augustus
2980 3754 3151 3807 simul
3184 3759 3354 3823 atque
3387 3753 3701 3814 December,

2090 3842 2343 3902 Martius,
2380 3842 2687 3908 Octimber,
2721 3842 3011 3912 Maiusque
3042 3846 3097 3895 et
3125 3842 3310 3895 Julius
3344 3841 3496 3894 aucti

2089 3930 2347 3993 Quatuor
2374 3929 2749 3984 hebdomadis
2778 3929 3022 4000 fulgent,
3060 3930 3356 3999 ternisque
3386 3929 3605 3982 diebus.

2089 4019 2254 4072 Solus
2285 4036 2456 4089 quem
2489 4019 2708 4073 Februo
2740 4034 2994 4073 mensem
3028 4020 3213 4072 Numa
3242 4018 3462 4071 addidit
3493 4021 3691 4075 auctor,

2091 4107 2180 4162 Bis
2210 4108 2374 4161 denis
2400 4112 2624 4161 tantum
2650 4111 2810 4177 patet
2838 4107 3171 4170 octonisque
3204 4106 3427 4160 diebus.

2087 4196 2369 4266 Tempora
2399 4197 2643 4249 solarem
2675 4195 2954 4248 variantia
2984 4200 3231 4264 quatuor
3258 4210 3498 4257 annum,

2092 4285 2219 4351 Ver,
2270 4289 2457 4349 zestas,
2519 4290 2851 4349 autumnus,
2917 4284 3142 4338 hiems:
3199 4283 3321 4347 ﬂos,
3382 4282 3615 4348 fructus,
3664 4280 3755 4333 bo-

3542 4372 3753 4441 [norque

2085 4460 2369 4514 Mensibus
2401 4460 2666 4514 alludunt
2695 4460 2936 4530 spatiata
2965 4476 3034 4513 ex
3065 4459 3264 4513 ordine
3295 4460 3497 4514 ternis.

2087 4551 2197 4603 Has
2229 4550 2379 4619 leges
2410 4553 2616 4603 natura
2647 4549 2821 4613 dedit,
2856 4564 2971 4619 quo
3003 4553 3264 4617 tempore
3312 4548 3568 4618 primum

2086 4638 2360 4692 Conditor
2390 4638 2756 4708 omnipotens
2790 4638 3069 4693 mundum
3101 4638 3388 4703 formavit,
3422 4643 3478 4691 et
3504 4635 3651 4692 orbis

2085 4727 2505 4798 Terrarumque
2537 4726 2719 4781 modis
2748 4726 3034 4780 concrevit
3062 4728 3286 4780 semina
3314 4726 3499 4781 miris.

2086 4815 2196 4868 Has
2226 4815 2397 4868 etiam
2427 4815 2579 4869 docti
2610 4814 2770 4885 prius
2801 4814 3416 4885 advertereparentes,

2088 4904 2153 4956 Et
2182 4903 2401 4973 liquere
2433 4904 2566 4970 suis,
2601 4904 2736 4958 anni
2766 4908 3053 4957 crescente
3083 4908 3299 4971 rotatu,

2085 4992 2469 5046 Hebdomadis
2502 4993 2716 5064 pariter
2748 4992 3174 5063 quinquagenis
3203 4991 3567 5063 geminisque

2082 5080 2189 5133 Ter
2221 5084 2452 5135 centum
2483 5082 2778 5152 sexagenis
2809 5081 3053 5152 quisque
3086 5081 3308 5135 diebus.

2154 5212 2175 5237 ο
2212 5206 2345 5259 Fixa
2371 5205 2575 5261 reditu.
2611 5206 2796 5261 Codex
2836 5205 2981 5276 Big.,
3018 5207 3152 5259 anni
3179 5205 3381 5259 reditu.
3431 5205 3749 5275 Sequentem

2084 5290 2307 5349 versum
2344 5276 2423 5330 ita
2455 5277 2602 5346 lego,
2634 5276 2825 5349 ordine
2863 5293 2967 5344 quo
2999 5277 3125 5331 lust.
3152 5291 3225 5330 sc.
3255 5278 3335 5330 sol
3357 5292 3598 5349 quaeque.
3714 5341 3721 5349 _

2153 5347 2179 5387 ά
2218 5347 2383 5401 Nunc
2413 5349 2673 5401 celerante
2712 5348 2820 5400 die.
2881 5349 3038 5400 Hunc
3066 5363 3291 5400 versum
3338 5348 3439 5416 qui
3490 5352 3649 5400 antea
3689 5347 3749 5393 sic

2085 5417 2379 5486 legebatur
2409 5434 2422 5471 :
2455 5434 2597 5472 nunc
2628 5418 2925 5471 celebrante
2950 5418 3037 5471 die
3059 5420 3105 5483 f.
3138 5433 3243 5471 vox
3273 5418 3418 5472 tend.
3456 5419 3556 5483 aL,
3587 5428 3748 5470 emen-

2084 5487 2340 5540 davimus
2378 5505 2484 5559 ope
2515 5489 2726 5543 codicis
2785 5488 2933 5558 Big.,
2968 5489 3028 5541 in
3086 5504 3202 5557 quo
3234 5490 3409 5542 etiam
3461 5487 3750 5559 reperimus

2082 5574 2278 5611 vocem
2308 5558 2510 5627 furuis,
2541 5560 2639 5613 ubi
2667 5558 2886 5614 editum
2909 5564 3033 5613 erat
3055 5561 3258 5625 furnis.
