3860 6262
54 324 152 375 585
1497 321 2121 377 MABTYROLOGIUM.

54 457 186 509 Hinc
222 457 425 518 Nonas,
454 457 603 521 Idus,
634 462 955 510 statuerunt.
985 462 1157 527 atque
1187 457 1467 511 Kalendas
1502 474 1513 510 :

52 546 273 598 Scilicet
304 550 365 598 ut
396 546 551 599 vario
588 546 887 599 distinctus
922 545 1120 598 ordine
1153 544 1384 611 mensis,

55 634 343 687 Humanos
373 636 632 687 relevans
661 634 935 687 mulceret
965 634 1071 687 rite
1097 633 1340 697 labores,

53 721 267 774 Festiva
293 722 626 791 exciperent
654 739 783 776 cum
810 722 983 775 fessas
1015 722 1130 775 otia
1162 724 1376 791 plebes,

49 809 318 879 Donaque
347 812 633 863 solemnes
669 813 909 880 pupulus
938 811 1224 880 proferret
1253 810 1325 863 ad
1355 826 1500 863 aras.

53 899 171 949 Haec
201 898 399 950 docuit.
430 899 707 968 populum
742 898 966 969 Aigypti
998 897 1065 951 de
1098 904 1282 951 morte
1316 897 1702 969 redemptum,

48 986 201 1037 Edita
229 1002 339 1054 per
374 988 604 1056 Moysen
635 988 839 1040 veteris
867 986 1206 1057 conscriptio
1238 986 1396 1057 legis,

46 1074 288 1127 Sabbata
314 1090 444 1144 qua:
477 1076 685 1142 sanxit,
720 1074 1036 1141 novilunia,
1072 1075 1394 1145 Paschaque
1421 1080 1701 1140 sanctum,

43 1163 366 1231 Jejuuiique
398 1164 517 1217 dies
548 1163 743 1217 statuit
773 1165 1131 1233 temporibus
1161 1163 1297 1217 anni

45 1252 219 1309 Certis
251 1253 469 1305 inﬂexa
500 1252 714 1306 servari
740 1254 863 1323 lege
899 1268 1001 1322 per
1030 1269 1236 1319 aevum,

3446 324 3547 377 586

1775 465 1821 515 A
1850 457 1998 528 Agni
2028 474 2157 527 qum
2185 456 2371 527 typico
2400 457 2679 526 signatam
2712 456 2992 526 sanguine
3024 457 3272 527 plebem.

1850 552 2034 615 Agno,
2067 562 2262 615 azymo
2296 562 2461 615 pane,
2499 551 2555 598 et
2580 546 2798 598 lactuca
2827 547 2983 615 pavit
3013 547 3243 615 agresti.

1852 635 2058 687 Omnia
2087 651 2217 704 quae
2248 643 2500 687 nostram
2532 634 2831 702 signarunt
2858 635 3000 687 festa
3030 637 3293 700 salutem,

1853 724 1963 776 Nos
1997 724 2239 776 docuere
2269 725 2467 785 Deum,
2503 722 2706 776 Christi
2735 722 2835 792 qui
2866 728 3047 776 morte
3076 723 3382 794 redempti,

1851 811 2146 881 Religione
2180 811 2302 865 dies
2333 826 2620 864 sacramus
2652 811 2917 879 praeduce
2947 816 3201 864 cunctos.

1850 901 1994 969 Ergo
2026 916 2131 969 age
2163 916 2303 970 quas
2336 904 2568 952 teneant
2593 899 2877 952 solemnia
2910 899 3051 952 festa
3084 900 3388 967 Kalendas,

1849 989 2114 1058 Martyria
2142 989 2542 1059 illustrentque
2573 988 2693 1042 dies
2722 1004 2866 1058 quos
2892 989 3045 1042 clara
3071 1004 3175 1058 per
3208 988 3427 1057 orbem,

1848 1078 2000 1141 Quos
2029 1078 2418 1131 confessorum
2448 1078 2573 1130 laus
2603 1082 2797 1130 sancta
2826 1081 2883 1131 et
2912 1076 3028 1130 vita
3059 1081 3314 1143 coronet,

1847 1165 2128 1235 Virgineis
2163 1166 2429 1218 thalamis
2457 1180 2585 1235 quae
2615 1164 2727 1218 sint
2756 1181 2859 1217 sua
2888 1169 3017 1217 vota
3047 1164 3303 1235 diesque,

1848 1254 2110 1309 Carmine
2142 1270 2475 1325 promamus
2507 1270 2519 1307 :
2558 1257 2812 1308 mentem
2844 1253 2936 1324 pie
2962 1253 3160 1307 sufﬁce
3194 1252 3434 1307 Christe.

1625 1509 1978 1582 INCIPIT

342 1675 1833 1802 MARTYROLOGIUM
1938 1676 3232 1800 WANDALBEBTI.

689 2037 981 2091 JANUARI
992 2038 1089 2091 US.

53 2129 160 2179 Dies
238 2131 256 2180 t
325 2128 587 2181 Primum
620 2142 771 2179 nunc
806 2126 933 2179 Jani
965 2126 1277 2179 vocitatum
1309 2125 1540 2179 nomine
1572 2139 1739 2177 men-

1598 2213 1737 2282 [sem

327 2302 488 2357 Unde
528 2306 780 2355 sacratus
829 2306 939 2370 eat,
1005 2302 1216 2354 recolat
1267 2317 1395 2371 quae
1454 2301 1598 2355 festa
1649 2316 1742 2354 ca-

1491 2390 1642 2458 [nem
1654 2404 1737 2441 us.

325 2480 485 2545 Quod
545 2483 761 2534 veteres
812 2482 1041 2533 coluere
1095 2480 1307 2544 Patres,
1361 2479 1740 2548 umbramque

1543 2567 1741 2636 [futuri

328 2657 434 2710 Lex
468 2656 679 2725 posuit,
714 2660 908 2709 sancta
940 2655 1146 2708 Christi
1181 2656 1251 2709 de
1282 2655 1509 2725 Virgine
1539 2654 1658 2708 uati

330 2745 678 2799 Circumcisa
708 2761 856 2809 caro,
892 2745 1018 2799 Jani
1060 2751 1244 2798 sacrat
1275 2760 1401 2798 ecce
1440 2743 1738 2797 Kalendas.

329 2833 690 2903 Basiliusque
740 2849 900 2887 sacer
944 2834 1284 2886 meritorum
1333 2832 1593 2903 splendet
1637 2832 1739 2885 ho-

1558 2919 1738 2989 [nore.

330 3008 631 3062 Eufrosina
656 3008 825 3062 simul
859 3009 1023 3077 nitet,
1054 3008 1498 3078 Almachiusque
1517 3008 1738 3062 beatus.

252 3100 286 3149 2
331 3097 649 3151 Macharius
748 3106 1018 3167 quartum
1129 3098 1416 3151 Nonarum
1519 3096 1744 3150 dedicat

1314 3233 1318 3236 .
1425 3186 1666 3253 [astrum
1697 3193 1742 3245 ⁸,

328 3273 439 3337 Qui
493 3273 681 3327 tenuit
747 3273 1057 3344 docuitque
1119 3272 1298 3326 eremi
1352 3272 1485 3343 pius
1552 3273 1743 3326 accola

1474 3361 1739 3431 [morem.

252 3454 283 3505 3
327 3451 519 3504 Tertia
568 3451 976 3521 Nonarumque
1024 3449 1144 3504 dies
1185 3449 1436 3504 celebrat
1482 3451 1740 3504 Genove-

1580 3538 1737 3607 [ἴδω.

253 3630 291 3683 4
328 3630 474 3681 Tum
508 3626 692 3697 pridie
724 3627 897 3681 Nonis
927 3627 1173 3697 Augenti
1204 3626 1349 3680 festa
1378 3631 1701 3682 recurrunt.

257 3719 287 3768 5
328 3715 472 3769 Hinc
522 3716 709 3768 Nonas
757 3714 988 3768 Simeon
1032 3713 1319 3768 confessor
1363 3713 1615 3783 possidet
1662 3714 1740 3767 al-

1535 3803 1687 3872 [mus
1725 3820 1737 3857 :

329 3895 480 3963 Papa
509 3892 832 3946 Telesforus
862 3892 910 3944 is
937 3890 1075 3962 ipsis
1104 3890 1431 3962 pariterque
1462 3896 1738 3945 coruscat.

253 3985 284 4034 6
332 3982 542 4035 Octavo
598 3985 728 4034 ante
777 3981 906 4033 Idus
954 3980 1145 4050 agitur
1194 3979 1567 4049 Theophania
1612 3996 1741 4033 san-

1611 4068 1739 4138 [cta.

256 4163 286 4211 7
328 4158 587 4229 Septima
634 4156 703 4210 ab
754 4158 993 4227 )Egypto
1046 4155 1334 4210 Christum
1383 4155 1741 4226 celebratque

1428 4246 1692 4315 [relatum
1726 4262 1738 4299 :

328 4335 687 4391 Antiochena
724 4351 893 4389 suum
932 4334 1128 4388 recolit
1166 4350 1394 4405 quoque
1438 4334 1598 4403 plebs
1631 4333 1743 4386 Lu-

1470 4423 1739 4492 [cianum.

256 4516 290 4568 8
333 4514 540 4567 Iduum
592 4517 723 4583 post
768 4517 947 4577 sexto,
997 4510 1330 4581 Eugeniano
1374 4517 1501 4566 vota
1547 4512 1741 4565 ferun-

1578 4600 1691 4669 [tur
1723 4616 1735 4653 :
1781 4628 1824 4681 Β

256 4693 289 4744 9
330 4689 565 4756 Quinto,
598 4690 786 4757 Vitali,
822 4689 1152 4751 Fortunato,
1184 4693 1237 4742 et
1269 4689 1569 4743 Revocato.

226 4782 291 4832 t0
331 4778 548 4842 Quarto
628 4777 920 4832 Melciades
953 4817 969 4844 ,
1042 4776 1368 4846 Paulusque
1453 4777 1690 4830 eremita
1723 4819 1735 4841 ,

1555 4866 1742 4936 [beato

330 4955 555 5011 Sublati
587 4955 724 5020 fine,
759 4955 1010 5008 zetherea
1040 4955 1309 5008 laetantur
1338 4954 1396 5008 in
1429 4970 1575 5008 arce.

224 5049 281 5099 11
330 5044 555 5099 Salvius
617 5044 751 5098 hinc
810 5049 999 5097 ternas
1060 5044 1400 5113 Carthagine
1453 5048 1747 5097 consecrat

1569 5131 1741 5201 [ldus

226 5226 291 5276 12
333 5222 497 5277 Plebs
538 5221 759 5275 Itachia
789 5237 955 5275 suum
992 5219 1177 5290 pridie
1213 5220 1409 5275 recolit
1440 5218 1743 5274 Ciriacum.

124 5372 145 5396 ⁸
172 5364 407 5418 Dedicat
445 5369 678 5417 astrum.
724 5363 815 5417 Sic
858 5362 919 5415 in
969 5379 1083 5416 uno
1133 5362 1321 5416 codice
1356 5378 1525 5431 quem
1566 5361 1748 5415 Ache-

70 5433 167 5486 rius
205 5436 443 5495 viderat,
481 5439 538 5488 et.
578 5436 637 5487 in
689 5434 807 5503 Big.
859 5434 922 5487 In
971 5433 1161 5501 editis,
1193 5433 1411 5487 dedicat
1451 5437 1640 5485 artem.
1686 5434 1748 5485 lu

70 5519 169 5627 sEeq.
200 5522 364 5629 veirsu
400 5506 501 5557 ubi
546 5506 808 5571 Augenti,
849 5505 1124 5557 Acherius
1154 5505 1395 5572 conjecit
1436 5503 1747 5573 legendum

118 5592 245 5642 ugen
290 5594 329 5630 ι.

406 5666 686 5729 ΡΑτιιοιη
740 5664 943 5729 CXXI.

1774 2037 1816 2092 B
1846 2038 1968 2092 Dies
2012 2040 2073 2092 t3
2127 2037 2317 2091 Idibus
2347 2037 2558 2092 Hilario
2594 2040 2834 2093 Pictavaa
2865 2038 3072 2093 militat
3105 2040 3261 2094 urbis

2133 2126 2297 2180 Plebs
2344 2126 2570 2194 devota,
2618 2144 2719 2182 suo
2766 2130 2964 2181 Pastor
3010 2144 3182 2199 quam
3230 2127 3388 2181 fulsit
3436 2127 3545 2181 ho—

3382 2231 3541 2268 DOI‘B.

3382 2231 3541 2268 nore.

2030 2303 2095 2356 14
2135 2302 2315 2366 Quam
2364 2318 2579 2356 nonam
2627 2308 2683 2357 et
2736 2302 3017 2358 decimam
3074 2307 3295 2357 constat
3342 2215 3546 2357 Igebrni

3079 2392 3231 2461 [ante
3264 2391 3544 2445 Kalendas

2136 2480 2264 2534 Esse
2311 2479 2481 2543 diem,
2529 2480 2676 2533 Felix
2731 2495 2887 2535 sacer
2932 2484 2989 2533 et
3035 2480 3324 2534 confessor
3372 2480 3545 2534 ador-

3423 2574 3539 2623 nat.

3423 2574 3539 2623 nat.

2033 2658 2093 2709 t5
2135 2655 2342 2726 Bisque
2384 2673 2663 2710 novenam
2701 2655 2960 2710 Habacuc
2998 2655 3171 2710 simul
3202 2660 3257 2711 et
3287 2569 3546 2711 Miciimas

3215 2742 3541 2815 [bonorant.

2036 2834 2094 2884 16
2136 2831 2390 2901 Septima
2446 2836 2577 2902 post
2619 2830 2899 2886 decimam
2960 2831 3206 2886 Marcelli
3263 2833 3541 2904 Martyris,

3350 2922 3544 2993 [atque

2137 3007 2426 3061 Pontiﬁcis
2455 3008 2667 3062 summi
2709 3006 2929 3061 meritis
2969 3012 3023 3061 et
3071 3008 3304 3062 nomine
3337 3008 3538 3079 fulget.

2034 3098 2092 3148 t7
2137 3096 2418 3167 Sextaque
2469 3113 2600 3151 cum
2650 3096 2871 3151 decima
2919 3097 3131 3151 Antoni
3185 3097 3395 3151 virtute
3452 3098 3545 3152 di-

3313 3187 3495 3257 [catur
3527 3202 3541 3240 :

2139 3273 2268 3326 Haec
2320 3272 2493 3327 etiam
2562 3271 2715 3327 socio
2778 3272 3146 3327 Geminorum
3203 3274 3382 3343 pollet
3435 3273 3546 3328 ho-

3360 3362 3541 3432 [uore,

2137 3448 2391 3519 Lingona
2430 3464 2574 3519 quos
2614 3465 2731 3503 uno
2765 3449 3018 3505 celebrat
3055 3449 3214 3520 plebs
3255 3465 3543 3504 marmore

2338 3578 2339 3581 η
3319 3538 3537 3608 [tectos.

2135 3627 2300 3692 (Tum
2348 3640 2576 3697 quoque
2632 3624 2881 3679 nubiferi
2935 3628 3197 3694 penetrat
3250 3625 3334 3677 sol
3385 3624 3543 3679 sidus

3296 3712 3542 3784 [aquari)

2031 3804 2093 3856 18
2132 3801 2342 3866 Quinta
2385 3805 2439 3854 et
2483 3801 2629 3855 dena
2678 3798 2850 3853 simul
2897 3799 3087 3853 Prisca
3137 3815 3242 3870 pro
3292 3805 3543 3871 martyre

3289 3888 3541 3959 [gaudet

2205 3995 2283 4050 Et
2314 3999 2489 4050 sancti
2525 3996 2809 4050 Volusiani
2836 3996 3177 4062 confessoris.

2030 4104 2093 4156 19
2137 4102 2224 4157 Bis
2300 4107 2536 4172 septena
2616 4102 2807 4155 Niceto
2880 4103 3308 4172 Hautmaroque
3375 4118 3546 4157 coru-

3387 4192 3543 4261 [scat.

2203 4282 2394 4335 Mariae
2418 4285 2469 4334 et
2498 4280 2746 4335 Martha.

2024 4390 2093 4441 20
2132 4387 2323 4442 Tertia
2384 4393 2509 4457 post
2565 4388 2845 4442 decimam
2906 4386 3153 4441 Fabiano
3217 4389 3465 4458 praesule
3524 4392 3550 4432 ι»

3308 4476 3495 4545 [ﬂoret
3530 4492 3541 4529 :

2134 4564 2236 4617 Cui
2266 4564 2438 4634 parili
2464 4564 2828 4618 Sebastianus
2863 4563 3067 4616 virtute
3101 4562 3369 4631 cohaeret,

2137 4652 2315 4706 Roma
2353 4668 2526 4723 quem
2557 4658 2778 4705 vectum
2821 4650 3048 4704 Suessio
3094 4651 3226 4703 laeta
3269 4650 3548 4719 frequen-

3444 4743 3544 4792 tat.

3444 4743 3544 4792 tat.

2033 4829 2093 4881 2t
2143 4827 2372 4882 Bissena
2429 4833 2513 4881 est
2564 4831 2722 4897 Agne
2780 4840 2955 4895 quam
3012 4824 3171 4893 virgo
3223 4828 3279 4877 et
3334 4739 3550 4893 ma[rtyr

3264 4911 3545 4983 |honorat.

2208 5027 2277 5078 Et
2302 5025 2477 5077 sancti
2506 5024 2791 5075 Fructuosi
2820 5020 3076 5088 episcopi.

2029 5132 2098 5182 22
2136 5129 2504 5183 Undecimam
2620 5126 2808 5182 Levita
2906 5130 3110 5196 potens
3213 5125 3549 5182 Vincentius

3362 5215 3553 5286 [ornat

1921 5364 1947 5403 Β
1979 5359 2220 5415 Fabiano
2261 5360 2507 5427 praesule.
2560 5360 2642 5412 Ita
2690 5359 2858 5413 cdere
2906 5376 3036 5413 cum
3076 5359 3242 5414 codd.
3280 5360 3459 5430 Regio
3493 5365 3552 5415 et

1856 5432 2039 5501 Bigot.
2078 5429 2406 5501 maluimus,
2454 5446 2625 5499 quam
2661 5433 2814 5499 quod
2857 5438 3022 5484 antea
3067 5429 3553 5501 legebatur’prae-

1858 5498 1990 5556 side.
2042 5498 2193 5571 Infra
2252 5516 2315 5571 ex
2375 5498 2579 5554 iisdem
2637 5498 2800 5555 codd.
2860 5498 3145 5571 scriptum'
3194 5498 3419 5557 Bissend
3475 5506 3554 5557 est

1858 5575 2033 5639 Agne,
2072 5570 2168 5623 ubi
2202 5570 2364 5639 prius
2396 5578 2519 5626 erat
2552 5572 2808 5626 Bisserta
2838 5578 2915 5627 est
2948 5575 3143 5639 Agnes.

3164 5669 3245 5725 19
