3846 6244
309 311 405 363 ἱὶ87

308 449 429 500 Dies
468 449 535 499 22
588 445 727 499 Huic
774 450 831 498 et
878 444 1238 497 Anastasium
1293 443 1471 497 virtus
1518 444 1817 513 conjungit
1872 441 1996 512 opi-
2036 446 2082 495 Α

1793 532 1998 601 [mum.

484 625 550 677 23
590 624 721 676 Post
755 620 1175 675 Emerentianaa
1210 620 1432 674 decimo
1465 620 1589 674 laus
1629 618 1839 672 emicat
1876 634 2002 671 am-

1930 708 2001 761 la.

1930 709 2001 761 la.

485 800 553 852 24
592 800 753 853 Nono
810 800 1148 869 martyrium
1211 798 1417 852 Babilaa
1472 797 1766 867 virtusque
1831 709 2003 849 cgn-

1841 884 2000 953 [scat.

668 978 736 1030 Et
769 977 1051 1041 Timothei,
1084 975 1345 1042 discipuli
1377 975 1533 1027 Pauli
1564 974 1831 1042 Apostoli.

487 1069 553 1119 25
594 1065 801 1119 Octavo
852 1080 919 1117 ex
960 1063 1129 1118 Saulo
1163 1072 1187 1096 ⁸
1236 1078 1576 1116 conversum
1628 1062 1808 1131 gloria
1858 1063 2004 1115 Pau-

1813 1149 1953 1219 [lum
1989 1165 2001 1203 :

596 1242 1031 1311 Projectumque
1109 1255 1277 1293 suum
1349 1239 1641 1292 celebrans
1716 1240 2005 1291 Arvernus

1719 1327 2001 1396 [adornat.

488 1424 555 1474 26
597 1419 854 1490 Septima
900 1434 1147 1488 moxque
1202 1417 1323 1471 dies
1379 1416 1677 1487 Polycarpi
1726 1415 2005 1485 sanguine

1782 1504 1879 1574 [ful
1889 1509 2004 1574 get,

595 1599 851 1669 Smyrnae
891 1612 1061 1666 quem
1096 1611 1227 1648 vero
1260 1594 1548 1648 celebrant
1580 1609 1683 1663 pro
1719 1609 1847 1663 rege
1880 1609 2006 1646 cre-

1741 1682 1999 1751 [matum.

490 1778 556 1828 27
598 1776 813 1828 Punica
868 1778 1021 1826 terra
1073 1787 1239 1824 suum
1305 1776 1459 1824 sexto
1516 1776 1822 1823 veneratur
1878 1769 2003 1824 Avi-
2045 1742 2085 1796 Β

1758 1857 1900 1927 [tum
1932 1861 1957 1900 ι)
1989 1874 2002 1911 :

598 1949 904 2020 Sulpicius,
966 1947 1195 2001 Batildis
1257 1951 1310 1999 et
1368 1946 1719 2017 Aldegundis
1777 1962 2005 2017 quoque

1722 2034 2001 2104 [vernant.

671 2126 940 2181 Caelestini
968 2129 1018 2177 et
1054 2125 1328 2178 Victuriaa.

490 2219 555 2269 28
595 2215 867 2279 Quintum
928 2213 1234 2284 progenies
1292 2213 1549 2266 Romana
1609 2214 1799 2281 Agnes
1854 2211 2008 2267 dicat

1822 2301 2005 2371 [almae

598 2391 759 2460 [Lux,
789 2390 962 2445 decus
996 2389 1169 2456 orbis,
1214 2405 1375 2443 amor
1418 2388 1640 2459 patriae,
1680 2391 2003 2460 luctusque,

1677 2479 2001 2550 [dolorque,

596 2566 828 2620 Excelso
860 2566 1089 2637 imperii
1119 2571 1289 2637 caput
1322 2567 1596 2619 cxaltatus
1623 2566 1858 2633 honore,

595 2657 737 2709 Tum
806 2656 1039 2709 Carolus
1107 2656 1359 2724 migrans
1428 2654 1714 2708 Ludovico
1783 2660 2004 2725 sceptra

1701 2742 2001 2815 [reliquit.]

490 2835 555 2886 29
594 2832 807 2896 Quarto
857 2833 1197 2902 martyrium
1246 2831 1433 2901 Papiae
1486 2831 1779 2902 Maurique
1828 2834 2000 2887 reful-

1837 2922 1954 2991 [get
1986 2938 1998 2976 :

593 3009 734 3062 Tum
754 3024 981 3079 quoque
1003 3007 1225 3061 Valerio
1246 3007 1460 3060 Treviri
1480 3023 1584 3077 pro
1604 3010 1847 3078 prmsule
1870 3027 2003 3080 gau-
2041 3038 2079 3092 ο

1820 3099 1996 3169 [dent.

491 3187 557 3239 30
595 3185 896 3254 Tertiaque
947 3184 1317 3254 Hippolytum
1375 3183 1751 3239 Antiochenaa
1804 3202 2003 3255 perso-

1698 3273 1815 3344 [nat
1848 3276 1996 3331 urbi.

487 3367 543 3417 31
594 3361 901 3417 Saturnine
960 3366 1126 3414 tuum
1183 3360 1503 3431 egregium,
1564 3362 1826 3432 Tircique
1886 3369 2001 3417 tro-

1763 3451 1998 3520 [paeum,

592 3541 945 3610 Victorisque
990 3538 1158 3592 simul
1208 3538 1333 3592 Jani
1378 3539 1724 3592 determinat
1774 3540 1994 3593 orbem.

735 3632 937 3686 Gelasii
981 3633 1032 3682 et
1084 3630 1288 3683 Ursini.
1343 3630 1401 3681 In
1440 3628 1807 3693 Alexandria,
1853 3631 1993 3682 Zoti-

801 3722 870 3783 ci,
920 3719 1195 3785 Ammoni,
1237 3716 1457 3784 Ciriaci,
1506 3718 1738 3784 Gemini,
1780 3722 1829 3771 et
1870 3732 1999 3786 pas-

799 3810 878 3861 sio
946 3812 1254 3875 sanctorum
1321 3806 1585 3859 Gallicini
1649 3812 1698 3859 et
1762 3807 1995 3860 aliorum

800 3894 1108 3962 quindecim
1179 3894 1534 3946 sacerdotum.
1614 3896 1674 3947 In
1755 3896 1990 3961 Africa,

806 3985 1037 4037 Victoris
1070 3988 1121 4036 et
1150 3984 1450 4052 Polycarpi.

920 4123 1376 4177 FEBRUARIUS.

588 4249 747 4302 Nunc
792 4247 964 4299 etiam
1014 4245 1219 4301 Februi
1265 4250 1524 4301 tcxemus
1569 4249 1820 4303 carmine
1860 4267 1992 4305 cur-

586 4426 839 4495 Quaeque
881 4423 1026 4477 ferat
1071 4423 1287 4493 pariter
1325 4424 1600 4478 festorum
1647 4338 1989 4495 signabit:
2029 4362 2070 4415 Β

1842 4531 1866 4567 r
1976 4556 1988 4567 .

302 4609 422 4661 Dies
500 4608 519 4659 1
580 4604 809 4675 Brigida
856 4602 1016 4672 virgo
1067 4605 1289 4671 potens,
1342 4601 1590 4655 Februas
1644 4601 1751 4655 sibi
1804 4515 1993 4672 fuit;

1683 4689 1991 4759 [Kalendas

579 4782 877 4837 Scotorum
910 4780 1087 4833 sancit
1121 4776 1266 4831 miro
1293 4777 1575 4831 celebrata
1600 4777 1809 4833 favore.

655 4873 722 4924 In
776 4872 1009 4924 Graecia.
1064 4872 1373 4922 sanctorum
1426 4868 1737 4936 Polycarpi,
1792 4868 1988 4923 Dioni-

365 5025 389 5049 ⁸
424 5017 623 5072 Octavo
673 5029 740 5066 ea:
790 5011 979 5067 Saulo.
1030 5008 1258 5077 Optima
1304 5008 1600 5079 utriusque
1645 5008 1857 5063 codicis
1907 5010 1986 5063 le-

294 5087 433 5150 ctio;
467 5085 698 5138 fallebat
742 5083 903 5153 quod,
928 5083 1095 5134 antea
1132 5080 1431 5153 legebatur
1458 5096 1535 5153 ea),
1565 5082 1736 5153 saeclo.
1782 5080 1982 5153 Statim

292 5157 469 5209 iidem
529 5154 713 5219 codd.,
760 5151 1097 5219 ﬁProjcctum,
1157 5151 1387 5215 habent,
1443 5152 1540 5204 ubi
1595 5152 1752 5222 prior
1805 5151 1984 5205 editio

294 5228 606 5293 Prwjectum
636 5244 650 5277 :
686 5225 739 5276 in
776 5223 950 5291 Regio
983 5223 1155 5275 etiam
1189 5227 1274 5275 est
1303 5222 1586 5276 Arvernis.

362 5291 742 5350 bW’eneratur
794 5296 1037 5348 Auitum.
1096 5294 1216 5346 Non
1280 5292 1761 5346 contemnendum
1828 5291 1981 5361 quod

290 5367 349 5420 in
406 5367 583 5435 Regio
642 5366 766 5419 cod.
837 5364 1111 5433 scripturn
1173 5367 1277 5427 est,
1335 5371 1623 5417 veneratur
1662 5364 1978 5435 iAdjutum;

291 5453 418 5491 cum
452 5434 652 5490 auctor
682 5436 801 5505 ipse
849 5436 1137 5488 monuerit
1170 5451 1226 5487 se
1260 5436 1625 5487 metricarum
1658 5434 1981 5505 legumra—

288 5509 505 5562 tionem
555 5504 768 5577 ubique
814 5522 951 5577 non
983 5504 1271 5558 habuisse.
1330 5505 1545 5577 Cretera
1592 5521 1721 5574 quae
1767 5504 1981 5558 leviora

289 5584 441 5639 Sunt,
473 5594 573 5631 cur
600 5575 690 5631 hic
721 5576 957 5630 eliscribi
988 5577 1235 5629 debeant
1261 5591 1377 5627 non
1412 5575 1591 5627 video.

360 5659 379 5682 ε
408 5649 624 5715 Augule
665 5650 916 5717 septenis.
962 5647 1024 5699 ln
1064 5646 1257 5700 codice
1308 5645 1486 5714 Regio
1536 5646 1768 5711 Angule.
1821 5644 1976 5714 Ejus-

1391 306 1898 361 WANDALBERTI
1938 303 2361 361 PRUMIENSIS
2396 303 2716 359 MONACIII
3688 307 3761 357 $38.8

2537 443 2626 495 sii.
2677 443 2743 494 In
2781 442 2961 496 Scotia
3005 440 3246 508 Brigidae
3290 443 3555 511 virginis,
3592 446 3640 495 et
3674 456 3765 495 san-

2534 532 2610 584 cti
2640 530 2858 586 Sur.....

2112 622 2234 675 Dies
2308 621 2340 672 2
2395 617 2673 681 Quartum
2741 618 3035 671 Nonarum
3109 617 3324 687 templo
3399 617 3592 671 illatus
3653 618 3769 673 dicat

3567 707 3766 776 [Agnus,

2395 795 2515 859 Quo
2548 795 2821 848 lustraute
2853 794 2967 847 Deo
3000 793 3188 847 vivum
3219 793 3382 863 plebs
3409 794 3768 848 credulatem-

3684 884 3769 936 lum

3684 884 3769 936 lum

2397 974 2577 1027 Mente
2628 971 2724 1041 pia
2773 970 2940 1036 locat,
2991 974 3285 1041 acceptum
3333 883 3677 1041 sternitquE:p
3696 974 3770 1024 tri-

3589 1060 3769 1128 [bona].

2325 1153 2354 1205 3
2392 1148 2589 1203 Ternis
2620 1152 2677 1201 et
2701 1146 2877 1202 Nonis
2910 1147 3182 1218 Lupicino
3212 1147 3353 1202 festa
3378 1153 3710 1202 sacrantur:

2399 1238 2608 1308 [lisque
2634 1253 2833 1290 cruore
2865 1236 2958 1306 pio
2990 1236 3284 1289 Celerinus
3313 1252 3442 1289 cum
3480 1237 3724 1291 Celerius

2401 1327 2587 1379 linitet
2617 1325 2890 1393 Ignatius,
2929 1324 3425 1394 Laurentinusque
3458 1324 3633 1377 beati.

2324 1416 2357 1468 4
2394 1416 2537 1469 Tum
2580 1413 2767 1483 pridie
2829 1414 3016 1466 Nonas
3075 1413 3376 1483 Aquilinus
3433 1413 3677 1467 vindicat
3717 1414 3772 1466 al-

3632 1502 3773 1571 [mnsz

2396 1591 2760 1661 Antistesque
2811 1590 2953 1643 nitet
3003 1590 3227 1643 Phileas
3277 1606 3408 1643 cum
3461 1590 3773 1644 Philoromo.

2473 1702 2543 1753 Et
2590 1700 2772 1751 natale
2817 1702 3123 1751 sanctorum
3184 1700 3596 1766 Forosenproni,
3643 1700 3777 1753 Gemi-

2539 1789 2629 1849 ni,
2690 1787 2898 1851 Gelasi,
2961 1787 3181 1852 Magni,
3244 1788 3471 1846 Donati,
3533 1786 3777 1854 Aquilim‘;

2540 1878 2667 1927 item
2696 1873 2919 1939 Donati,
2955 1874 3238 1927 Timothei.

2330 1985 2359 2033 5
2400 1981 2669 2035 Siccaniae
2727 1981 2966 2051 populos
3020 1980 3197 2033 Nonis
3248 1979 3355 2033 sibi
3413 1980 3611 2033 subdit
3656 1982 3779 2048 Aga-

3663 2070 3779 2137 [thes

2401 2157 2648 2228 Virginis
2674 2157 2883 2211 eximio
2915 2157 3094 2210 virtus
3121 2158 3406 2211 celebrata
3434 2159 3656 2213 decore.

2467 2268 2531 2320 In
2579 2266 2812 2331 Oriente,
2862 2266 3059 2318 Patras
3105 2267 3348 2333 civitate,
3384 2266 3661 2320 ordinatio
3694 2268 3777 2334 epi-

2536 2358 2786 2422 scopatus
2816 2355 2993 2406 sancti
3019 2352 3249 2407 Andrez
3279 2356 3537 2422 apostoli.

2327 2463 2358 2513 6
2398 2460 2589 2514 Idibus
2620 2459 2842 2513 octonis
2872 2464 3085 2529 martyr
3116 2461 3400 2514 Dorothea
3430 2466 3701 2514 coruscat.

2468 2568 2740 2634 Syracusa
2799 2567 3016 2618 civitate
3046 2605 3059 2629 ,
3120 2568 3302 2633 passio
3366 2571 3571 2620 sanctae
3633 2568 3777 2621 Luci:

2536 2656 2789 2721 virginis.
2862 2654 3037 2707 Romae
3073 2694 3088 2719 ,
3153 2657 3245 2706 uia
3307 2654 3549 2723 Appia,
3614 2662 3778 2709 sancta

2538 2745 2777 2799 Sat/ieris
2842 2745 3093 2810 virginis.
3162 2743 3241 2796 Et
3304 2744 3574 2813 depositio
3635 2749 3780 2798 sancti

2538 2838 2586 2885 .4
2595 2832 2784 2885 mandi
2791 2875 2801 2885 .

2324 2928 2356 2976 7
2396 2923 2616 2992 Augule
2647 2920 2898 2991 septenis
2933 2928 2952 2953 ε
2982 2920 3259 2975 mundum
3294 2920 3581 2975 vincendo
3606 2922 3775 2975 trium-

3679 3011 3773 3063 has.

3679 3011 3773 3063 has.

2397 3100 2560 3167 (Tum
2610 3114 2840 3169 quoque
2889 3114 2985 3151 ver
3026 3098 3242 3151 clarum
3294 3097 3515 3168 primos
3556 3009 3776 3166 erEJPmpit

3492 3186 3576 3256 [in
3607 3188 3773 3240 orlus.l

2463 3276 2531 3329 Et
2578 3279 2886 3328 sanctorum
2934 3276 3245 3341 Amnionis,
3290 3275 3563 3341 Stacioni,
3612 3276 3776 3328 Satur-

2529 3364 2668 3416 nini.

2322 3455 2353 3506 8
2391 3451 2566 3506 Senas
2603 3450 2903 3522 Dionysius
2932 3457 3115 3517 ornat,
3151 3455 3209 3505 et
3237 3452 3597 3508 Aimilianus.

2462 3544 2531 3594 Et
2561 3546 2864 3594 sanctorum
2902 3541 3062 3593 Pauli
3088 3541 3326 3608 episcopi
3353 3546 3404 3594 et
3439 3542 3610 3596 Tirsi.

2320 3632 2351 3681 9
2390 3628 2587 3692 Quinis
2638 3632 2916 3682 Amonem
2964 3627 2989 3668 d
3040 3628 3300 3682 recolunt
3344 3629 3445 3698 pia
3495 3636 3627 3684 vota
3672 3630 3776 3683 bea-

3639 3720 3774 3790 ltum.

2460 3807 2805 3862 Alemandria
2833 3848 2845 3871 ,
2905 3808 3097 3869 Pauli,
3158 3809 3408 3875 Dionysii
3464 3814 3516 3862 et
3577 3815 3771 3862 Ammo

2530 3912 2636 3951 ηις.

2286 3989 2350 4040 10
2388 3986 2615 4050 Sother,
2658 3984 2929 4048 Irenaeus,
2976 3987 3030 4037 et
3078 3983 3380 4039 Scolastica
3439 3984 3603 4056 virgo
3658 4001 3774 4055 qua-

3580 4072 3773 4142 [ternis,

2387 4158 2627 4228 Egregia
2703 4158 2919 4229 pariter
2990 4158 3327 4213 meritorum
3404 4160 3576 4214 laude
3646 4160 3777 4213 nite-

3593 4248 3774 4317 [scunt

2455 4337 2528 4389 In
2570 4334 2795 4390 Niviala
2836 4336 3180 4401 monasterio,
3228 4339 3430 4389 sancta?
3478 4335 3776 4391 Geretrudis

2523 4424 2776 4487 virginis.
2808 4422 2889 4475 Et
2916 4423 3091 4475 sancti
3118 4422 3338 4477 Silvani
3367 4425 3625 4492 episcopi.

2282 4513 2332 4564 11
2383 4511 2582 4564 Ternis
2610 4510 2743 4563 hinc
2776 4510 3098 4563 Desiderius
3130 4510 3407 4579 Lugduna
3438 4517 3677 4566 coronat

2382 4599 2605 4665 Maenia,
2668 4598 2955 4653 Partemio
3014 4602 3070 4652 et
3129 4599 3395 4653 Calocero
3456 4600 3639 4653 Roma
3696 4615 3776 4651 re-

3568 4689 3772 4759 [fulget

2451 4776 2518 4830 In
2575 4776 2815 4841 Africa,
2883 4777 3145 4843 Victoris,
3203 4777 3493 4844 Januarii,
3561 4779 3772 4837 Vitalis,

2519 4866 2706 4929 Zotici,
2742 4866 2977 4932 Cyriaci.

2097 5007 2227 5060 dem
2277 5006 2486 5060 codicis
2532 5006 2927 5059 auctoritatem
2971 5005 3171 5071 secuti,
3210 5022 3436 5061 versum
3480 5007 3638 5061 hunc
3665 5006 3771 5060 edi-

2094 5080 2282 5131 dimus
2313 5083 2443 5130 ante
2479 5076 2642 5130 illum
2674 5079 2805 5130 Tum
2835 5092 3063 5145 quoque,
3100 5077 3198 5146 qui
3233 5077 3290 5130 in
3322 5078 3501 5145 priori
3534 5079 3771 5132 editione

2094 5150 2343 5217 priorem
2403 5148 2590 5201 locum
2639 5148 2932 5200 obtinebat
2975 5164 2987 5201 :
3043 5163 3105 5200 ac
3149 5163 3219 5200 ne
3282 5149 3338 5201 id
3392 5149 3514 5202 sine
3567 5150 3768 5202 ratione

2093 5220 2307 5272 factum
2341 5217 2647 5283 existimes,
2695 5219 2835 5270 scire
2874 5223 2929 5270 te
2967 5219 3232 5271 volumus
3262 5218 3320 5270 in
3354 5220 3558 5273 eodem
3592 5220 3767 5272 codice

2091 5296 2224 5360 post
2257 5296 2452 5342 notam
2487 5289 2802 5358 prosaicam
2851 5289 2964 5341 diei
3010 5288 3286 5358 scriptum
3333 5305 3455 5343 esse
3508 5307 3522 5345 :
3572 5291 3679 5345 Sor.
3721 5303 3765 5340 IN

2094 5376 2343 5414 PISCIBUS.

2160 5432 2187 5472 d
2219 5432 2408 5500 ()uinis
2442 5431 2723 5483 Amonem.
2756 5429 2845 5483 Sic
2891 5430 3011 5483 cod.
3056 5430 3195 5497 Reg.
3241 5428 3407 5483 Prior
3444 5431 3612 5497 edit.,
3649 5432 3765 5484 Am-

2088 5517 2313 5555 monem.
2356 5502 2445 5573 Ex
2498 5500 2700 5553 eodem
2757 5500 2883 5552 cod.
2941 5500 3092 5554 infra
3144 5503 3397 5573 Barcilon
3451 5503 3764 5573 scripsimus

2088 5573 2188 5625 ubi
2228 5571 2524 5641 legebatur
2556 5573 2849 5630 Barcinon;
2899 5587 3031 5623 nam
3077 5576 3141 5623 ut
3188 5572 3309 5625 haec
3356 5574 3526 5626 lectio
3571 5571 3765 5627 melior

2090 5650 2191 5709 est,
2225 5644 2304 5695 sic
2333 5642 2431 5695 illa
2463 5642 2713 5695 auctoris
2743 5645 2909 5695 aetate
2942 5641 3219 5697 usitatior.
