3846 6244
22 354 128 405 389

23 480 156 530 Dies
207 482 276 533 12
319 479 552 533 Eulaliae
614 479 825 534 festum
896 478 1102 549 pridie,
1157 478 1504 550 sanguisque
1583 495 1745 534 coru-
1782 487 1824 539 Α

1609 573 1743 622 scat.

1609 573 1743 622 scat.

335 655 474 710 Urbs
530 655 789 710 Barcilon
821 654 1031 709 eximia
1061 671 1190 725 quae
1240 661 1487 727 martyre
1519 567 1745 727 ga[udct.

408 763 472 815 In
547 763 765 828 Africa,
828 765 1103 823 Damiani,
1172 764 1402 822 Juliani,
1491 765 1744 823 Victoris,

481 852 690 911 Felicis,
747 850 1001 904 Secundi.
1058 852 1129 902 Et
1176 851 1443 919 Simplicii
1490 855 1745 919 episcopi.

236 943 300 994 13
343 939 536 994 Idibus
594 941 906 994 zethereum
960 940 1220 994 Julianus
1282 939 1503 994 scandit
1559 941 1750 994 hono-

1577 1027 1747 1100 [rem,

341 1117 560 1186 Sponsa
606 1105 772 1170 beata
805 1113 1120 1188 [Basilissa]
1167 1115 1424 1169 animum
1467 1116 1609 1169 coalo
1660 1116 1752 1169 cui

1215 1203 1433 1276 [jungit
1462 1209 1747 1259 ovantem.

409 1312 474 1363 In
533 1310 898 1370 Alexandria,
973 1311 1233 1370 Tulliani,
1312 1311 1587 1365 Ammoni.
1647 1311 1752 1364 Lu-

481 1399 675 1467 gduni,
705 1399 969 1468 depositio
999 1404 1174 1452 sancti
1197 1399 1480 1468 Stephani.

232 1489 301 1541 14
341 1489 484 1542 Tum
541 1488 762 1542 decimo
819 1493 1094 1558 sextoque
1148 1488 1240 1542 die
1287 1493 1581 1558 praeeunte
1634 1489 1750 1541 Ka-

1528 1574 1752 1648 Uendas

338 1665 547 1736 Martyr
603 1665 800 1718 Vitalis
863 1674 885 1700 ι
927 1665 1089 1730 nitet,
1152 1669 1209 1718 et
1269 1665 1512 1718 Felicula
1564 1665 1747 1735 virgo,

337 1759 524 1824 Atque
589 1753 950 1808 Valentinum
1025 1758 1348 1807 memorant
1421 1770 1522 1806 sua
1593 1759 1752 1823 gesta
1791 1764 1831 1819 Β

1477 1842 1750 1909 [beatum.

413 1949 603 2002 Felicis
647 1953 696 2001 et
741 1950 987 2009 Zenonis,
1040 1953 1090 2002 et
1138 1953 1448 2002 sanctorum
1500 1947 1754 2002 Germani

485 2043 535 2090 et
555 2038 784 2090 Iuliani.

239 2129 300 2179 15
344 2124 488 2180 Hinc
545 2125 766 2179 decimo
824 2130 880 2178 et
929 2124 1131 2196 quinto
1179 2124 1450 2179 meritum
1499 2123 1756 2178 clarescit

1488 2210 1752 2285 [Agapes.

344 2302 574 2373 Hocque
635 2301 727 2356 die
776 2317 955 2355 caecos
1007 2301 1192 2372 pugnis
1239 2306 1544 2356 veneratur
1601 2317 1756 2354 acer-

1649 2387 1755 2461 [bis

348 2478 536 2532 Brixia
590 2478 922 2532 Faustinum
991 2477 1292 2544 celebrem,
1378 2483 1755 2548 sanctumque

1487 2565 1752 2639 [Jovitam

415 2673 479 2726 In
532 2671 845 2734 Antiochia,
907 2674 1092 2726 natale
1149 2674 1389 2741 Joseppi,
1447 2673 1752 2741 Apollonii,

489 2763 738 2824 Romani,
768 2763 985 2821 Zosimi,
1016 2767 1066 2815 et
1095 2761 1289 2828 Agapc
1309 2765 1557 2828 virginis.

347 2851 483 2916 (Hoc
533 2849 705 2902 etiam
760 2849 1021 2919 geminos
1068 2851 1286 2904 scandit
1316 2851 1399 2904 sol
1441 2850 1624 2904 sidere
1666 2850 1755 2922 pi-

1565 2939 1756 3011 [sces.)

241 3028 310 3080 16
351 3026 598 3115 Quartus
629 3040 758 3079 cum
793 3025 1016 3079 decimo
1045 3025 1274 3080 Juliana
1303 3031 1562 3096 mnrtyre
1606 3028 1758 3082 lucet
1795 3061 1833 3115 ο

349 3114 800 3186 Onesimumque
883 3115 1014 3169 colit
1070 3115 1247 3170 Paulo
1325 3115 1550 3170 doctore
1625 3117 1757 3172 bea-

1587 3204 1756 3278 [tum.

422 3310 487 3363 In
536 3309 752 3376 Africa,
807 3311 1054 3371 Maximi,
1105 3313 1392 3373 Vincentii,
1443 3313 1624 3366 Pauli.
1696 3314 1760 3365 Et

493 3399 758 3468 depositio
783 3399 1004 3452 Tetradi
1033 3404 1288 3468 episcopi.

247 3489 313 3541 17
353 3487 581 3542 Tertius
643 3503 708 3542 ac
783 3487 1038 3541 decimus
1109 3488 1388 3542 l’olicroni
1449 3489 1588 3543 festa
1667 3505 1759 3543 re-

1545 3575 1760 3649 [volvit,

356 3663 694 3735 Donatique,
751 3663 914 3731 ﬁdes,
970 3663 1206 3735 sanguis
1268 3681 1411 3736 quos
1456 3666 1651 3736 junxit
1707 3673 1764 3721 et

1616 3753 1758 3826 [ara.

423 3843 495 3894 Et
548 3846 736 3910 passio
789 3847 1101 3896 sanctorum
1151 3843 1503 3904 Secundiani,
1572 3845 1759 3906 Justw,

496 3931 754 3992 Romulae,
789 3931 1020 3986 Siluani.

249 4019 314 4071 18
356 4017 771 4089 Bissenumque
824 4019 977 4072 diem
1031 4019 1300 4074 Martialis
1353 4024 1582 4074 sanctus
1655 4021 1763 4074 ho-

1551 4107 1761 4178 [norat.

425 4195 490 4248 In
535 4195 754 4262 Africa,
810 4196 995 4250 natale
1045 4200 1355 4250 sanctorum
1393 4197 1604 4257 Rutuli,
1664 4198 1767 4252 Sil-

496 4288 646 4346 vani,
733 4285 986 4345 Secundi,
1048 4287 1292 4351 Damasi,
1346 4286 1526 4346 Pauli,
1615 4287 1764 4339 Mar-

499 4374 639 4434 celli,
675 4373 904 4427 Gemini.

256 4462 320 4514 19
361 4460 600 4515 Publius
636 4462 1005 4516 undecimum
1037 4461 1208 4516 simul
1237 4465 1294 4516 et
1319 4462 1582 4516 Julianus
1609 4463 1768 4516 ador-

1584 4551 1765 4621 [nant.

428 4639 500 4692 Et
579 4639 762 4692 natale
843 4643 1155 4694 sanctorum
1236 4640 1498 4700 Marcelli,
1581 4641 1767 4696 Tullii.

499 4729 632 4780 item
713 4727 944 4788 Iuliani,
1033 4728 1310 4796 Lampasi,
1417 4728 1630 4789 Maiuli,
1721 4732 1771 4781 et

503 4815 660 4868 Julii.

255 4904 323 4956 20
364 4903 490 4958 Mox
523 4903 780 4958 decimus
809 4903 1040 4958 laudem
1069 4905 1270 4959 recolit
1297 4905 1624 4976 famamque
1658 4906 1771 4960 Co-

1536 5009 1692 5047 rona:
1725 4997 1769 5049 ι).

434 5080 606 5149 Apud
667 5080 903 5149 Cyprum
975 5082 1159 5135 natale
1216 5082 1492 5142 Potamiae,
1574 5083 1771 5144 Romae,

504 5173 597 5221 uia
648 5169 856 5238 Appia,
907 5169 1170 5238 depositio
1222 5169 1360 5237 Gagi
1407 5172 1662 5239 episc0pi.
1706 5173 1775 5223 Et

1483 348 2086 406 MARTYBOLOGIUM
2100 390 2111 402 .
3449 355 3551 407 590

2277 482 2432 551 alibi,
2494 484 2741 546 Victoris,
2789 483 3021 549 Coronae,
3071 487 3123 536 et
3170 484 3405 538 aliorum
3459 483 3549 538 sle-

2286 587 2410 624 cem.

1860 657 1983 710 Dies
2023 658 2078 710 2t
2131 655 2410 710 Victorine
2441 660 2538 711 tuo
2571 673 2758 711 nonus
2791 659 2858 712 de
2892 658 3127 713 nomine
3152 659 3352 730 fulget.

2213 747 2289 798 In
2347 747 2565 812 Africa,
2623 746 2810 800 natale
2857 753 3163 802 sanctorum
3222 749 3543 817 Secundini,

2284 835 2517 901 Servati,
2609 836 2790 901 Sirici,
2863 836 3169 890 Saturnini.
3235 838 3314 890 El
3393 839 3547 906 alibi,

2284 925 2542 993 Crispini,
2573 926 2801 990 Rustici,
2833 926 3051 993 Justici,
3077 926 3376 980 Amatoris.

2035 1013 2106 1065 22
2145 1012 2469 1083 Octavoque
2513 1014 2664 1068 Petri
2712 1013 2979 1067 cathedra
3037 1018 3092 1067 et
3140 1013 3398 1067 doctrina
3453 1031 3547 1069 co-

3313 1101 3548 1174 [ruscat,

2149 1190 2286 1245 Urbs
2343 1192 2469 1245 laeta
2517 1190 2782 1245 Antiochi
2826 1206 2941 1262 quo
2999 1189 3254 1260 primum
3305 1191 3550 1261 praesule

3306 1278 3548 1351 [vernat.

2213 1367 2542 1434 Nicomedia,
2594 1369 2778 1422 natale
2828 1373 3025 1422 sanctae
3078 1369 3243 1422 Teclze
3288 1370 3549 1437 virginis,

2284 1461 2335 1509 et
2357 1461 2556 1510 sancte
2587 1456 2916 1511 Concordiae.

2036 1545 2104 1596 23
2144 1543 2430 1615 Septimus
2486 1545 2696 1599 eximio
2753 1545 3048 1616 Polycarpi
3107 1545 3371 1616 splendet
3441 1544 3550 1599 ho-

3365 1632 3550 1703 [nore,

2149 1722 2448 1793 Presbyter
2492 1738 2589 1777 ore
2638 1723 2810 1776 tidem
2857 1723 3065 1777 Christi
3113 1722 3211 1793 qui
3262 1722 3416 1792 jussa
3465 1739 3552 1775 se-

3366 1808 3555 1882 [cutus

2146 1899 2412 1969 Martyrio
2443 1898 2666 1952 turbam
2700 1899 2889 1969 potuit
2919 1914 3140 1952 servare
3167 1897 3416 1952 ﬁdelem.

2220 1989 2278 2042 In
2338 1990 2554 2054 Africa,
2616 1991 2861 2057 Zenonis,
2930 1989 3179 2053 Arionis,
3245 1987 3551 2057 Hippolyti,

2289 2079 2548 2142 Zenonis,
2582 2078 2804 2133 Eliruli.

2038 2167 2107 2220 24
2145 2166 2346 2220 Sextus
2376 2168 2689 2237 apostolica
2721 2168 2900 2222 radiat
2929 2167 3138 2220 virtute
3165 2165 3408 2233 Mathie,

2150 2255 2547 2326 Bissextusque
2595 2257 2715 2310 loco
2760 2257 2867 2310 hoc
2910 2260 3231 2327 quartoque
3278 2254 3556 2308 intexitur

3353 2341 3549 2413 [ωηο.

2148 2431 2556 2503 Occultumque
2613 2432 2707 2486 diu
2765 2436 2934 2503 caput
2994 2433 3102 2486 hoc
3163 2431 3412 2502 Baptista
3467 2445 3554 2484 re-

3372 2517 3552 2591 [texit.

2217 2610 2287 2662 Et
2334 2612 2515 2677 passio
2566 2614 2874 2664 sanctorum
2927 2611 3186 2675 Nicotari,
3241 2607 3554 2671 Claudiani,

2288 2699 2534 2751 Dioscori
2565 2703 2614 2752 et
2646 2699 2986 2768 Sarapionis.

2040 2787 2107 2838 25
2145 2785 2354 2849 Quinta
2399 2786 2521 2839 dies
2561 2787 2846 2841 Crescenti
2895 2790 3140 2856 augetur
3167 2785 3335 2839 laude
3378 2782 3553 2838 beati.

2218 2876 2278 2928 In
2325 2875 2543 2941 Africa,
2603 2877 2786 2929 natale
2826 2880 3133 2930 sanctorum
3186 2874 3408 2937 Donati,
3456 2873 3556 2925 Ju-

2285 2965 2378 3030 sti,
2425 2965 2672 3029 Herenei,
2723 2964 2956 3030 Aurelii,
2990 2965 3263 3029 Ingenuaa.
3296 2963 3369 3015 In
3393 2961 3552 3014 Pam-

2289 3052 2502 3120 phylia,
2569 3054 2754 3107 natale
2834 3057 3142 3108 sanctorum
3196 3052 3436 3107 Nestoris
3508 3053 3559 3103 et

2294 3141 2484 3195 Castae.

2045 3229 2115 3282 2o
2157 3228 2392 3283 Nestore
2446 3234 2684 3300 quartus
2740 3238 2760 3264 ο
2816 3234 2963 3296 ovat,
3009 3228 3158 3284 socio
3225 3227 3556 3300 pariterque

3280 3315 3553 3389 [Theone.

2223 3406 2305 3460 Et
2354 3407 2538 3460 natale
2597 3411 2907 3462 sanctorum
2962 3404 3288 3472 Alexandri,
3368 3405 3558 3460 Abun-

2293 3493 2492 3548 dantii.
2503 3537 2514 3548 .
2526 3533 2538 3548 .

2047 3583 2115 3635 27
2155 3582 2380 3636 Tertius
2431 3581 2719 3653 Hesperias
2779 3582 3034 3636 Leandro
3063 3580 3318 3635 antistite
3369 3579 3558 3634 ﬂoret.

2052 3673 2120 3723 28
2160 3669 2441 3724 Machario
2471 3669 2654 3740 pridie
2685 3670 2926 3724 Ruﬁnus
2949 3669 3215 3740 jungitur
3245 3669 3452 3722 almus.

2226 3759 2296 3811 In
2327 3759 2723 3823 Thessalonica,
2760 3759 2944 3812 natale
2972 3763 3282 3811 sanctorum
3311 3758 3561 3811 Alea-an-

2295 3846 2404 3913 dri,
2499 3845 2840 3912 Abundanti,
2921 3847 3219 3912 Seueriani,
3305 3847 3560 3899 Januari.

2298 3937 2360 3989 In
2426 3937 2647 3989 civitate
2710 3936 2956 4006 Smyrnae
3021 3936 3189 4002 Asiae,
3255 3939 3565 3989 sanctorum

2299 4024 2665 4078 Serriliani...

2163 4112 2260 4167 llic
2291 4111 2422 4165 linis
2473 4112 2678 4166 Februi
2736 4110 3025 4165 concludit
3075 4109 3297 4165 lumina
3331 4110 3564 4166 mensis.

2227 4201 2418 4257 Natale
2467 4201 2666 4256 Celeris
2726 4200 2950 4270 pupilli,
3011 4199 3324 4268 Claudiani,
3377 4200 3571 4265 Quinti

2303 4293 2351 4343 et
2383 4291 2676 4344 Mansueti.

2561 4421 2883 4478 MARTIUS.

2159 4547 2390 4602 Martius
2448 4546 2662 4617 insigni
2717 4546 2955 4600 feriatus
3005 4549 3286 4614 tempore,
3334 4541 3570 4596 demum

2162 4637 2419 4702 Quorum
2465 4634 2806 4708 prmmineat
2835 4634 2861 4674 d
2895 4631 3142 4686 breviter
3181 4631 3436 4684 dicemus
3462 4630 3576 4683 ho-

3407 4715 3576 4788 [nore

1884 4819 2008 4872 Dies
2085 4818 2104 4869 1
2169 4815 2359 4869 Martis
2388 4815 2642 4868 Donatus
2673 4815 2844 4876 tenet,
2878 4807 3234 4878 Albinusque
3268 4806 3574 4860 Kalendas.

2235 4904 2364 4957 Kal.
2412 4904 2668 4968 Martias,
2717 4899 2897 4953 sancti
2953 4895 3171 4963 Donati,
3224 4894 3576 4962 Abundanti,

2309 4996 2358 5045 et
2387 4990 2648 5059 depositio
2679 4988 2870 5042 Albini
2890 4987 3150 5054 episcopi.

2093 5083 2126 5134 2
2164 5079 2326 5135 Senis
2383 5094 2510 5132 mox
2568 5077 2740 5131 Nonis
2770 5074 3035 5128 Heraclus
3097 5073 3424 5142 Paulusque
3485 5087 3580 5126 co-

3337 5159 3580 5234 [luntur.

166 5333 185 5359 ³
214 5327 425 5394 Martyr
485 5328 702 5398 Vitalis.
737 5327 798 5381 In
846 5327 1032 5381 codice
1083 5327 1244 5398 Reg.,
1280 5331 1463 5396 partis
1518 5329 1666 5388 Vit.;
1720 5327 1777 5380 in
1887 5325 2099 5390 codice,
2125 5323 2272 5398 AReg.
2308 5327 2365 5375 et
2401 5321 2608 5390 Bigot.,
2653 5333 2784 5398 nam
2815 5316 2875 5370 in
2920 5316 3105 5387 priori
3130 5317 3403 5388 editione,
3457 5333 3582 5374 cor-

117 5392 303 5468 _Bigot.,
351 5392 464 5452 Par
509 5397 611 5460 his,
663 5413 837 5467 quam
882 5392 1196 5452 lectionem
1217 5392 1461 5468 vulgatae
1510 5400 1775 5468 prmt‘ero.

115 5463 444 5538 [antroque
500 5463 699 5522 codice
767 5469 974 5522 desunt
1031 5484 1225 5521 versus
1283 5463 1664 5534 hocque'die,
1727 5475 1784 5521 et

119 5534 283 5590 Brixia
313 5534 502 5591 Faust.

1888 5402 2076 5465 rupte,
2108 5395 2424 5459 famamque
2452 5396 2690 5465 coronat.

1959 5458 1979 5500 ε
2007 5466 2222 5520 Nestore
2249 5458 2500 5530 quartus.
2542 5463 2606 5514 In
2639 5461 2777 5513 doce
2811 5458 3016 5528 Bigot.,
3046 5462 3293 5514 Mestore.

1959 5539 1986 5579 d
2015 5535 2250 5600 Quorum
2303 5536 2642 5601 praemineat.
2686 5530 2777 5584 Sic
2822 5531 2882 5583 in
2927 5532 3093 5585 codd.
3145 5531 3284 5602 Reg.
3330 5534 3387 5585 et
3437 5531 3586 5597 Big.,

174 5608 196 5648 ιο
218 5609 541 5674 Famamque
570 5609 803 5664 Corona.
841 5610 930 5664 Sic
969 5609 1402 5664 emendavimus
1439 5625 1506 5664 ex
1538 5613 1782 5679 utroque
1891 5606 1954 5662 in
1984 5605 2170 5671 editis,
2201 5619 2432 5673 quorum
2461 5604 2789 5673 praeminet.
