3846 6244
277 322 369 374 591
1369 319 1875 375 WANDALBERTI
1915 316 2335 376 PRUMlENSIS
2378 320 2557 374 ΜΟΝΑ
2568 318 2682 374 CH1
3652 326 3724 375 Lta‘.’

632 456 701 508 In
746 454 995 509 Cwsaria
1037 455 1409 523 Cappadociae,
1451 456 1606 509 Lucae
1638 458 1873 525 episcopi
1918 460 1969 510 et
2010 464 2053 515 A
2082 458 2202 511 Dies
2366 457 2688 521 Consecrat,
2715 463 2925 508 aeterna
2960 455 3164 509 cmlum
3198 472 3312 526 quo
3344 456 3513 511 laude
3551 459 3725 527 petisti.

697 546 972 597 Januarii.
2428 548 2622 609 Romae,
2666 536 2926 613 depositio
2965 547 3143 598 sancti
3185 547 3467 600 Innocenti
3512 551 3726 615 episcopi.

279 638 401 689 Dies
477 637 505 687 3
559 633 772 697 Quinas
826 635 1015 703 Magra
1048 633 1143 702 pio
1185 634 1372 686 Nonas
1418 634 1672 687 defendit
1724 650 1919 686 amore
1953 651 1964 687 :
2505 637 2570 687 Et
2601 636 2784 686 natale
2812 635 2987 685 sancti
3017 635 3226 686 Felicis.

564 722 657 775 llis
713 726 768 775 et
826 722 1192 783 Emitherius,
1265 722 1636 776 Chelidonius
1689 732 1732 787 ιι,
1796 728 1968 792 atque
2080 725 2201 776 Dies
2242 724 2304 777 l3
2354 723 2654 792 Presbyter
2713 727 2770 775 et
2844 727 3035 775 ternas
3113 722 3481 776 Macedonius
3551 722 3727 792 implet,

1673 810 1969 881 Marinus,
3516 811 3730 880 [honesta

564 899 933 969 Asteriusque
968 900 1180 953 micant
1208 899 1384 952 effuso
1415 899 1694 969 sanguine
1726 900 1884 953 clari.
2363 897 2618 967 Conjuge
2675 897 2936 963 Patricia,
2992 902 3049 952 et
3106 903 3239 952 nata
3294 899 3608 953 comitante
3660 901 3735 952 Mo-

636 990 705 1041 Et
784 993 1091 1042 sanctorum
1153 988 1366 1053 Felicis,
1424 990 1587 1053 Jasti,
1665 989 1968 1041 Fortunati.
2857 1014 2862 1020 ο
3594 987 3733 1041 desta.

708 1078 1021 1141 Ind/rica,
1053 1078 1265 1139 Felicis,
1295 1076 1529 1128 Emetri.
2434 1076 2497 1129 In
2567 1075 2940 1129 Thessalonica
3004 1078 3323 1137 Domiciani,
3381 1076 3562 1140 Lucz,

495 1166 527 1217 4
573 1164 774 1218 Lucius
807 1165 937 1217 hinc
969 1181 1115 1235 papa
1148 1164 1399 1233 pretiosa
1432 1168 1615 1217 morte
1646 1165 1969 1233 quaternis,
2502 1165 2632 1228 rini,
2667 1164 2896 1230 Silvani,
2927 1166 3171 1219 Concessi
3200 1172 3247 1217 et
3270 1167 3572 1218 Marcialis.

569 1254 877 1322 Martyrum
923 1260 979 1306 et
1029 1254 1492 1321 octingentorum
1542 1252 1707 1305 turba
1760 1252 1974 1322 optima
2262 1253 2325 1305 l-i
2368 1251 2653 1304 Eufrosius
2684 1251 2890 1321 pridie,
2922 1253 3088 1305 Petro
3120 1270 3250 1306 cum
3283 1260 3537 1322 martyre
3572 1254 3733 1322 fulget.

1747 1338 1970 1411 [fulget.
2436 1342 2507 1393 In
2548 1341 2767 1406 Africa,
2819 1342 3156 1405 Alemandri,
3197 1344 3504 1408 Mammeri,
3556 1343 3737 1395 Fronto-

638 1430 968 1496 Nicomedia,
1016 1431 1201 1498 passio
1229 1434 1537 1482 sanctorum
1572 1428 1821 1482 Adriani
1858 1444 1975 1483 cum
2504 1433 2589 1482 nis
2612 1434 2660 1482 et
2689 1430 2918 1484 Naboris
2950 1440 3275 1498 martyrum.

703 1519 827 1571 aliis
857 1534 1075 1571 numero
1108 1520 1342 1584 triginta
1383 1518 1578 1570 tribus.
2263 1521 2327 1571 15
2363 1518 2629 1571 Thessala
2678 1518 2838 1587 plebs
2882 1518 3015 1571 Idus
3063 1520 3315 1573 Matrona
3356 1522 3607 1589 martyre
3648 1535 3739 1571 ser-

498 1610 526 1660 5
564 1608 774 1659 Ternas
834 1613 1049 1677 martyr
1120 1606 1291 1659 habet
1348 1605 1682 1658 meritorum
1742 1606 1976 1657 nomine
3634 1606 3736 1678 [vat

1763 1692 1969 1763 [Focas,
2017 1760 2050 1766 _
2442 1698 2503 1749 In
2536 1695 2903 1764 Cappadocia,
2955 1698 3131 1749 sancti
3181 1698 3439 1766 Longini.
3480 1697 3551 1747 In
3590 1697 3737 1747 Hiero-

564 1784 853 1853 Sanguine
894 1783 994 1854 qui
1034 1789 1276 1837 mortem
1326 1782 1477 1843 Vicit,
1532 1781 1740 1835 virtute
1789 1783 1976 1835 draco-
2017 1760 2056 1812 Β
2515 1787 2734 1851 solymis
2806 1786 2987 1837 natale
3040 1787 3216 1838 sancti
3269 1784 3477 1837 Jacobi
3533 1787 3739 1851 apostoli.

1797 1868 1973 1940 [nem.
2513 1876 2712 1937 fratris
2744 1876 2975 1927 Domini.
3008 1875 3077 1927 Et
3106 1875 3260 1926 Lucz
3288 1874 3646 1939 evangelista.

642 1961 956 2026 Antiochia,
1000 1964 1182 2028 passio
1212 1966 1410 2013 sanctae
1453 1960 1613 2013 Socze.
1648 1960 1709 2012 ln
1756 1961 1975 2023 Africa,
2273 1965 2331 2015 16
2371 1962 2625 2032 Septima
2657 1966 2787 2032 post
2816 1962 3100 2015 decimam
3131 1960 3344 2031 Aprilis
3379 1961 3449 2013 de
3476 1976 3627 2013 more
3658 1960 3745 2011 Ka-

710 2051 877 2112 Petri,
952 2049 1189 2115 Eusebii,
1267 2051 1430 2115 Justi,
1509 2049 1685 2114 Siriae,
1779 2050 1978 2101 Satur-
3572 2048 3746 2115 [lendas

711 2141 832 2190 nini
858 2144 905 2191 et
927 2140 1116 2191 Marci.
2375 2136 2723 2197 Praecedens.
2767 2136 2984 2207 Cyriaci
3039 2142 3093 2191 et
3155 2139 3321 2207 Largi
3378 2138 3638 2208 splendet
3678 2138 3748 2189 lio-

498 2228 527 2279 6
571 2225 891 2279 Victorinus
942 2232 1071 2279 ovat
1123 2226 1324 2296 pridie,
1386 2226 1688 2297 Victorque
1751 2226 1975 2280 rutrusi.
3596 2224 3747 2293 [nm-8.

570 2317 826 2379 Carcere,
878 2314 978 2384 qui
1020 2314 1170 2367 celso
1221 2320 1600 2384 penetrarunt
1661 2320 1811 2367 astra
1877 2331 1977 2367 νο·
2374 2313 2786 2383 Smaragdique
2828 2313 2995 2366 simul
3047 2314 3296 2383 pretioso
3328 2314 3611 2383 sanguine
3649 2326 3749 2361 \‘er-

1812 2399 1978 2471 [latu.
3634 2397 3746 2469 [nat

642 2492 704 2542 In
757 2489 1091 2552 Nicomedia,
1162 2491 1416 2554 Victoris,
1485 2491 1796 2552 Claudiam,
1854 2491 1979 2542 Per-
2442 2490 2504 2542 In
2559 2490 2870 2544 Nicomedia
2927 2492 3161 2557 Castori,
3234 2490 3518 2554 Dionysii,
3574 2487 3749 2550 Sereni,

710 2583 883 2645 petua:
948 2579 1264 2643 Felicitatis,
1351 2578 1602 2643 Jocundi,
1685 2582 1733 2631 et
1813 2578 1983 2631 Revo-
2444 2583 2730 2647 Quiriacae,
2762 2583 3025 2648 Eugenize
3054 2588 3102 2634 et
3131 2581 3363 2635 Juliani.

716 2668 845 2718 cati.
2272 2673 2333 2722 l7
2376 2670 2579 2739 Bisque
2613 2676 2818 2722 octona
2864 2679 2977 2731 tuo,
3024 2669 3246 2734 Patrici,
3309 2668 3547 2721 nomine
3588 2667 3751 2735 pollet.

504 2759 531 2806 7
575 2753 751 2806 Nonis
804 2752 1063 2806 Felicitas
1109 2753 1279 2805 micat
1310 2757 1366 2805 et.
1419 2752 1716 2822 Perpetua,
1770 2759 1980 2807 castam
2374 2764 2615 2816 summa
2664 2764 2937 2831 gemmam
2973 2764 3234 2814 miserate
3286 2778 3391 2830 ρει-
3437 2760 3647 2831 oppida
3671 2758 3753 2809 ραι.

573 2842 708 2906 Qum
738 2842 961 2896 Christo
988 2842 1152 2893 iitam
1189 2841 1339 2893 felici
1370 2851 1551 2895 morte
1582 2842 1865 2896 dicarunt.
3622 2848 3749 2911 [tum

644 2931 717 2982 1n
769 2932 1110 2983 Mauritania
1157 2932 1396 2997 civitate,
1448 2933 1631 2998 passio
1675 2937 1984 2983 sanctorum
2380 2941 2505 2993 Hec
2572 2956 2802 3010 quoque
2868 2939 3163 2994 Gertrudte
3254 2938 3578 2991 redduntur
3655 2943 3754 2987 vota

724 3020 997 3086 Perpetua?
1026 3024 1076 3071 et
1106 3018 1430 3071 Felicitatis.
2025 3048 2065 3100 Ω
3587 3020 3753 3091 [beatae

507 3109 537 3160 8
583 3106 713 3158 [dus
769 3112 994 3158 octavas
1053 3110 1382 3175 niartyrque
1436 3106 1701 3175 Cyrillus,
1768 3114 1822 3159 et
1874 3124 1987 3160 una
2044 3098 2065 3100 ⁷⁷
2449 3113 2761 3166 Alexandri
2789 3115 3045 3180 episcopi,
3082 3116 3132 3164 et
3162 3113 3343 3164 sancti
3368 3112 3619 3163 Patricii.

580 3193 874 3246 Consimili
918 3192 1127 3246 retinet
1188 3194 1544 3247 venerandus
1602 3195 1821 3248 honore
1874 3197 1985 3248 Bo-
2274 3204 2338 3256 18
2378 3202 2587 3254 Ρτωειιι
2647 3201 2968 3254 Alexander
3015 3205 3101 3253 ter
3160 3200 3397 3269 quinam
3464 3197 3699 3268 possidet
3743 3211 3752 3244 :

1773 3280 1981 3352 [gatus.
3597 3287 3755 3355 [altam

650 3372 712 3423 In
738 3368 1049 3424 Nicomedia
1078 3368 1314 3434 Quintili
1346 3371 1602 3438 episcopi
2378 3378 2676 3448 Presbyter
2704 3381 2760 3430 et
2790 3377 3027 3430 Romam
3076 3376 3386 3446 Pigmenus
3441 3385 3463 3409 ε
3515 3376 3756 3444 sanguine

508 3465 538 3512 9
579 3458 840 3528 Septenis
870 3456 1250 3525 Quadragenu
1287 3457 1390 3509 sub
1418 3457 1600 3510 milite
1631 3457 1841 3511 festum
3545 3464 3753 3533 [lustrat

577 3548 863 3602 Armenia!
925 3547 1187 3599 τθοοιιιῐιῐ
1243 3562 1421 3599 unum
1486 3562 1643 3599 sacra
1695 3546 1835 3600 festa-
1885 3546 1981 3600 Μὶ·
2382 3558 2492 3609 Hac
2528 3556 2674 3608 aries
2704 3555 2811 3607 soli
2837 3553 3139 3606 vernantia
3171 3552 3390 3605 lumina
3420 3552 3641 3621 pandit.

1372 3702 1377 3706 .
1787 3636 1983 3702 [Ποτίεο
2383 3646 2655 3700 Conditor
2685 3645 2808 3697 haec
2854 3657 3045 3695 rerum
3098 3641 3279 3692 lucem
3330 3640 3483 3692 Deus
3535 3637 3759 3692 condidit

644 3724 713 3780 In
771 3726 1032 3778 Armenia
1086 3727 1284 3779 Minori
1328 3724 1657 3789 Sebastiani,
1712 3729 1762 3777 et
1809 3725 1986 3777 millia
3630 3724 3761 3796 [altus

717 3814 1090 3882 quadraginta
1129 3829 1355 3881 quorum
1385 3819 1536 3880 gesta
1579 3812 1864 3866 habentur.
1915 3813 1987 3865 In

2383 3826 2648 3893 Haucque
2705 3822 2858 3875 diem
2906 3820 3151 3889 primam
3201 3818 3506 3871 formando
3557 3814 3762 3886 protulit

718 3905 939 3969 Africa,
972 3904 1235 3970 Philippi,
1270 3904 1485 3967 Rogati.
3593 3902 3760 3971 [orbi.,

473 3996 536 4045 tO
574 3991 757 4056 Senis,
808 3993 998 4057 Gaius,
1044 3991 1479 4059 Alexanderque
1512 3991 1811 4055 coluntur;
1872 3989 1987 4043 eis-
2448 4002 2515 4054 ιη
2577 3998 2897 4065 Campania,
2974 3996 3182 4061 Quinti,
3248 3996 3467 4060 Rogati,
3538 3994 3760 4047 Lucium,

1832 4076 1987 4149 [dem
2522 4086 2827 4150 Saturnini,
2866 4084 3097 4136 Victoris
3123 4087 3173 4135 et
3204 4082 3420 4135 Mauri.

575 4167 952 4235 Quadragena
984 4172 1038 4219 et
1088 4166 1221 4220 bina
1252 4167 1498 4220 cohaeret
1543 4167 1710 4219 turba
1761 4183 1985 4233 cruore,
2278 4178 2341 4228 l9
2384 4176 2474 4228 Bis
2508 4179 2742 4243 septena
2770 4173 2990 4225 Joanne
3039 4170 3217 4224 eremi
3247 4171 3465 4223 cultore
3512 4174 3764 4223 coruscat.

580 4255 731 4318 Quos
790 4255 1004 4323 pariter
1059 4270 1207 4307 saevo
1267 4254 1622 4308 celebramus
1671 4254 1911 4322 praeside
1962 4256 1986 4293 ι»
2026 4322 2057 4327 _
2450 4265 2521 4316 In
2563 4265 2827 4327 Caesarea,
2874 4259 3134 4315 Theodori
3176 4259 3480 4327 presbyter.
3536 4262 3599 4313 In
3632 4259 3765 4323 Afri-

1764 4340 1978 4412 [εεὲδοε-
2026 4322 2067 4375 D
2518 4368 2600 4417 ca,
2638 4322 2914 4416 Ammoni,
2954 4355 3003 4401 et
3060 4322 3556 4416 depositio'sancti
3602 4322 3767 4399 Leonti

649 4432 716 4485 In
745 4430 1107 4495 Alexandria,
1151 4432 1366 4495 Eracli,
1412 4432 1629 4498 Zosimi,
1678 4431 1991 4484 Alexandri
2521 4441 2760 4508 episcopi
2789 4445 2838 4491 et
2863 4439 3207 4503 confessoris.

721 4524 770 4572 εί
803 4522 1018 4587 Agat)?
1047 4521 1301 4585 virginis.
2274 4530 2342 4583 20
2380 4528 2569 4581 Tertia
2616 4543 2745 4581 cum
2780 4526 3003 4580 decima
3036 4524 3291 4579 Cutberti
3334 4524 3501 4578 laude
3548 4523 3769 4577 nitentes

477 4614 530 4664 ll
606 4610 897 4664 Candidus
931 4609 1064 4661 hinc
1095 4608 1302 4679 quinas
1342 4607 1448 4661 sibi
1497 4608 1867 4678 Valeriusque
1908 4625 1990 4662 re-
2381 4618 2737 4687 Angelorum
2767 4616 2925 4669 ducit
2952 4630 3056 4684 per
3076 4616 3313 4685 mystica
3339 4614 3552 4684 gaudia
3581 4611 3768 4683 plebes.

1724 4694 1986 4768 [tentant
2452 4706 2514 4758 1n
2579 4704 2897 4770 Antiochia,
2964 4704 3143 4757 sancti
3204 4702 3421 4771 Ioseph.
3472 4702 3547 4754 In
3599 4700 3768 4766 Syria,

648 4790 720 4841 In
777 4786 1137 4853 Carthagine,
1199 4785 1394 4847 Caudi,
1468 4786 1672 4850 Valeri,
1743 4786 1988 4853 Quirilli,
2437 4830 2445 4837 .
2525 4794 2711 4859 Ραηιί,
2811 4792 3023 4860 Claudi,
3114 4794 3408 4861 Exsuperi,
3507 4789 3767 4847 Victurici,

722 4879 1021 4933 Marciani.
1099 4878 1161 4929 In
1218 4875 1547 4941 Nicomedia,
1610 4876 1881 4943 Eunuchi,
1942 4880 1994 4929 et
2534 4880 2834 4937 Valentini.

723 4968 995 5035 Gargoni-
2279 4974 2339 5025 2t
2384 4971 2529 5024 Tum
2584 4969 2847 5023 duodena
2904 4968 3016 5022 ﬁde
3082 4966 3372 5021 Benedicti
3451 4974 3506 5022 et
3561 4964 3769 5022 nomine

480 5060 542 5111 l2
581 5056 854 5120 Quartam
898 5069 1031 5107 mox
1064 5054 1265 5108 Iduum
1311 5052 1439 5106 ﬁnis
1470 5057 1621 5119 tuus,
1654 5053 1807 5108 alme
1849 5055 1983 5109 Gre-
3574 5054 3766 5127 [fulget,

1836 5144 1981 5215 [gori
2387 5144 2711 5200 Coenobiale
2742 5145 2915 5199 decus
2954 5144 3100 5199 duce
3126 5158 3241 5214 quo
3273 5143 3505 5197 lmtatur
3533 5144 3591 5197 in
3634 5142 3769 5195 orbe.

370 5327 763 5383 ‘Chelidonius.
811 5327 874 5379 in
917 5326 1110 5380 codice
1161 5329 1324 5397 893.,
1360 5326 1671 5383 Celedonius
1739 5342 1801 5379 ac
1846 5341 1990 5378 vers.
2109 5397 2116 5398 ί
2174 5334 2194 5358 ε
2224 5328 2443 5398 Romam
2499 5325 2806 5398 Pigmenus.
2883 5323 2946 5398 in
3006 5322 3212 5398 codice
3259 5321 3771 5398 Reg.,__Pig_ncmus.

302 5415 445 5468 seq.,
481 5400 894 5465 Austeriasque.
1250 5392 1273 5397 v
1946 5467 1954 5468 ί
2106 5397 2263 5449 Haud
2291 5396 2507 5468 longe,
2556 5395 2657 5448 ubi
2709 5396 2964 5463 protulit,
3004 5394 3063 5447 in
3112 5392 3314 5447 eodem
3358 5392 3553 5447 codice
3588 5392 3772 5460 legitur

372 5467 577 5525 Βεεθυο
630 5469 954 5522 celebramus
1005 5469 1254 5536 praeside.
1317 5470 1397 5521 Ita
1448 5468 1660 5537 legitur
1710 5468 1771 5521 in
1820 5467 1981 5521 codd.
2102 5467 2364 5535 praetulit.

304 5539 443 5607 Reg.
475 5545 532 5593 et
569 5540 686 5609 Big.
722 5540 781 5593 In
811 5539 990 5609 priori
1022 5541 1295 5599 editione,
1328 5554 1469 5592 szva
1496 5541 1827 5594 cclcb.'(.mus
1850 5539 1991 5591 Per-

302 5610 434 5677 side,
470 5613 638 5676 male,
670 5616 727 5664 et
754 5616 954 5664 contra
983 5611 1235 5664 historiae
1267 5609 1460 5663 tidem.
