3846 6244
96 333 212 383 593

1561 349 2179 412 MARTYROLOGIUM.
3517 378 3618 429 394

103 463 250 517 Dies
299 468 358 519 2t
410 468 555 535 (Haec
578 468 773 537 spatiis
801 472 1238 541 mquatparibus
1268 481 1605 547 noctemque
1634 480 1813 533 diem-
1854 484 1895 537 A
1931 485 2059 541 Dies
2100 490 2166 542 28
2209 491 2361 544 Hanc
2401 510 2631 564 quoque
2680 499 3066 554 Guntramnus
3098 504 3349 572 migrans
3380 523 3475 560 rex
3513 525 3615 576 op-

1694 584 1764 622 ue
1801 586 1813 622 ζ

1694 584 1764 622 ue
1801 586 1813 622 :

408 645 535 698 Haec
595 661 829 717 quoque
884 650 1000 702 sole
1060 666 1208 703 novo
1258 652 1451 706 lunam
1514 567 1814 727 stellaque

1585 745 1815 810 [micare

408 820 553 874 Vidit
601 823 659 875 in
714 828 911 878 exortu
974 826 1077 880 sub
1128 828 1250 881 luce
1299 834 1501 899 quarta
1549 832 1813 904 dierum.)

476 912 537 963 In
596 912 959 977 Alemandria,
1017 916 1328 984 Serapionis
1381 922 1648 987 monachi,
1705 923 1813 975 Lu—

548 1015 638 1061 cae,
672 1003 972 1056 Amatoris.

292 1088 365 1139 22
410 1086 735 1140 Undecima:
785 1089 1017 1143 antistes
1059 1091 1258 1146 tribuit
1291 1092 1383 1162 pia
1420 1096 1638 1149 lumina
1669 1100 1810 1152 Pau-

1700 1186 1813 1259 [lus

400 1262 520 1324 Quo
546 1263 680 1331 jure
711 1266 923 1319 exultat
954 1269 1185 1338 proprio
1220 1271 1479 1324 Narbona
1512 1272 1806 1343 magistro.

983 1358 1233 1411 celebrat
1284 1360 1536 1428 perfecto
1592 1362 1811 1415 lumine

1526 1448 1808 1519 [Pascha.)

396 1352 549 1418 (Haec
596 1352 847 1420 primum
903 1365 927 1388 ⁸

470 1529 529 1580 In
577 1532 776 1593 Africa
808 1530 1102 1585 Saturnini
1151 1539 1200 1586 ct
1247 1537 1477 1589 aliorum
1530 1554 1732 1591 novem.

286 1616 356 1667 23
404 1615 558 1669 Felix
626 1618 762 1671 hinc
817 1621 1120 1685 decimam,
1181 1627 1236 1675 et
1287 1624 1615 1677 Theodorus
1675 1642 1803 1679 cum

1533 1711 1801 1783 [Juliano.

395 1792 633 1859 Ornant,
687 1795 892 1848 eximia
942 1796 1217 1851 virtutum
1266 1799 1429 1852 laude
1487 1801 1727 1855 ferendi.

466 1884 526 1934 In
578 1885 885 1947 Prouincia,
950 1887 1122 1952 Pauli,
1182 1888 1415 1941 Juliani.
1489 1890 1552 1942 In
1610 1891 1801 1944 Antio-

537 1972 680 2035 chia,
717 1974 980 2027 Theodori
1000 1975 1324 2044 presbyteri.

279 2057 350 2108 2i
398 2057 675 2111 Romulus
715 2065 770 2113 et
801 2077 1034 2126 nonam,
1078 2063 1408 2134 pariterque
1446 2065 1804 2120 Secundulus

1558 2155 1799 2223 [implet.

465 2237 563 2288 Hic
622 2242 991 2291 concurrentes
1033 2240 1405 2295 inveniuntur.
1464 2243 1536 2294 In
1578 2244 1798 2307 Africa,

534 2326 787 2391 Agapiti,
839 2326 1063 2393 Rogati.
1104 2329 1171 2381 1n
1210 2331 1567 2397 Mauritania,
1610 2333 1802 2386 Felicis

532 2417 582 2464 et
614 2414 919 2467 Saturnini.

389 2500 644 2567 Angelus
690 2506 887 2554 octava
933 2509 1236 2557 venturum
1281 2506 1501 2560 nuntiat
1550 2511 1797 2579 Agnnm.

278 2590 349 2640 '25
392 2592 587 2657 Agnus
630 2594 685 2641 ct
728 2589 848 2658 ipse
882 2592 1034 2643 cruci
1069 2593 1268 2647 mundi
1302 2611 1403 2663 pro
1436 2604 1617 2649 morte
1648 2598 1801 2651 leva-

1687 2692 1798 2739 tur.

1687 2692 1798 2739 tur.

461 2767 864 2831 Hierosolymis,
914 2770 1167 2822 Dominus
1215 2777 1394 2825 noster
1438 2775 1589 2827 Jesus
1638 2686 1800 2829 (giari-

534 2859 649 2908 stus
695 2858 985 2923 cruci/"imus
1018 2864 1113 2910 est.
1159 2861 1228 2912 Et
1269 2863 1453 2927 passio
1499 2865 1676 2914 sancti
1702 2865 1797 2915 Ja-

529 2944 645 2997 cobi
704 2946 950 3012 apostoli.
1042 2949 1111 3000 Et
1172 2949 1531 3004 Annuntiatio
1601 2957 1799 3006 sancta:

533 3032 741 3085 Mariae.

388 3119 512 3187 (Hic
558 3120 706 3172 Deus
754 3120 1118 3191 omnipotens
1167 3125 1190 3164 b
1238 3124 1413 3177 Adam
1451 3126 1519 3178 de
1570 3127 1799 3196 pulvere

1509 3214 1797 3285 [psalmat,

396 3295 640 3349 Nomina
678 3302 734 3350 et
781 3302 912 3366 apta
952 3299 1113 3368 ponit
1143 3302 1360 3353 cunctis
1410 3303 1800 3357 animantibus

1552 3391 1798 3463 [Adam.)

456 3473 537 3527 Et
561 3476 872 3530 immolatus
902 3482 980 3530 est
1009 3479 1192 3530 Isaac.

272 3562 345 3615 26
384 3560 642 3632 Septima
671 3564 997 3617 Montanum
1048 3572 1329 3619 memorat
1376 3584 1505 3621 cum
1551 3570 1798 3641 conjuge

1554 3654 1794 3727 [sancta.

382 3739 569 3807 Atque
602 3737 773 3790 simul
807 3739 1179 3809 quadragena
1212 3757 1339 3794 cum
1386 3750 1633 3812 martyre
1660 3760 1796 3813 pas-

1616 3830 1789 3901 leum.

452 3914 515 3966 In
544 3914 855 3978 Antiochia,
889 3917 1170 3983 Timothei,
1224 3920 1481 3984 Diogenis
1520 3924 1570 3972 et
1616 3922 1795 3973 Mami-

524 4003 620 4066 mi,
676 4002 937 4055 Theodori
985 4006 1240 4072 episcopi.
1297 4008 1362 4059 In
1412 4007 1632 4073 Africa,
1692 4010 1793 4062 Vi-

525 4087 709 4145 ctoris,
764 4085 1073 4140 Saturnini.
1140 4088 1213 4141 In
1266 4088 1484 4143 Sebaste
1551 4092 1791 4159 civitate,

523 4175 709 4227 natale
750 4178 929 4228 sancti
978 4176 1133 4229 Petri
1180 4181 1419 4247 episcopi
1479 4183 1529 4231 et
1575 4181 1768 4246 confes-

527 4276 685 4316 εοηε.

273 4352 346 4402 27
383 4349 533 4419 Agni
580 4351 868 4419 surgentis
909 4353 1232 4422 resplendet
1278 4358 1434 4407 sexta
1473 4355 1789 4425 triumpho.
1835 4369 1877 4421 ι)

456 4439 803 4493 Resurrectio
874 4443 1089 4495 Domini
1162 4444 1335 4496 nostri
1378 4445 1503 4496 Iesu
1569 4445 1790 4500 Christi.

526 4529 596 4579 Et
632 4528 691 4580 in
733 4529 949 4595 Africa,
999 4531 1245 4592 Mauriti,
1288 4530 1568 4597 Successz,
1612 4534 1791 4585 Matu-

526 4618 672 4679 tinae,
745 4619 961 4670 Donati.
1013 4618 1094 4672 Et
1156 4620 1211 4672 in
1275 4620 1546 4687 Caesarea,
1612 4623 1796 4675 natale

529 4704 736 4757 Mariae.

274 4791 347 4843 28
386 4790 600 4854 Quinta
646 4792 890 4859 Priscus,
941 4793 1278 4859 Alexander,
1328 4795 1651 4867 Malcusque
1701 4813 1793 4851 co-

1473 4883 1699 4957 [luntur
1726 4894 1746 4920 ε
1778 4903 1791 4939 :

175 5027 195 5052 ³
219 5022 342 5074 Haec
378 5022 639 5096 primum.
692 5022 929 5075 Versum
976 5022 1147 5096 hunc,
1200 5024 1299 5094 qui
1333 5025 1391 5077 in
1426 5026 1668 5096 vulgatis
1698 5028 1793 5081 de-

118 5096 240 5167 erat,
274 5091 861 5167 subministraverunt
892 5094 1112 5147 codices
1141 5091 1278 5165 Reg.
1325 5103 1381 5149 et
1414 5091 1566 5167 Bigf;
1601 5098 1660 5151 in
1696 5100 1793 5153 illo

118 5160 332 5213 additur
358 5161 527 5215 Senes
557 5163 840 5217 EPAC‘I‘ARU
857 5179 918 5217 Μ.

175 5233 198 5273 b
222 5234 323 5307 Hic
348 5234 749 5307 Deusomnip.
789 5236 947 5307 Duos
981 5232 1147 5289 hosce
1181 5252 1393 5302 versus,
1429 5238 1529 5307 qui
1562 5240 1797 5293 deerant

118 5298 167 5377 in
205 5304 390 5377 priori;
427 5298 702 5377 editione,
737 5304 797 5357 in
827 5305 1019 5359 codice
1070 5309 1206 5377 Reg.
1243 5298 1464 5377 reperit
1503 5312 1791 5375 Baluzius;

119 5371 240 5425 alter
267 5374 348 5426 sic
380 5374 677 5442 legebatur
709 5391 720 5427 :

223 5462 450 5510 Nomina
480 5461 632 5523 ponit
655 5466 803 5523 pater
827 5464 1031 5512 cunctis
1062 5466 1358 5513 amantibus
1386 5466 1579 5527 Adam;

124 5554 209 5591 nec
240 5542 314 5593 ita
346 5541 801 5607 emendavimus,
840 5551 897 5597 ut
924 5545 1098 5598 vides.

181 5623 200 5651 ε
225 5614 539 5680 Maleaeque
577 5614 844 5668 coluntur.
882 5616 942 5669 In
984 5616 1170 5682 editis,
1212 5619 1487 5688 locantur;
1522 5619 1577 5672 in
1638 5623 1794 5673 utro-

3198 591 3394 662 [timus
3426 602 3613 650 ornat.

2278 668 2344 721 In
2388 669 2647 737 Caesarea,
2713 674 2923 739 Rogati,
2996 679 3257 745 Dorothei,
3329 682 3612 750 Audactw,

2351 758 2677 813 Alexandri.
2724 763 2793 814 In
2846 764 3046 818 Tharso
3089 767 3308 831 Cilicia,
3349 770 3609 825 Castoris.

2346 849 2415 899 Et
2441 846 2703 916 depositio
2736 850 2877 903 beati
2907 852 3107 906 Idiloni
3124 858 3391 909 monachi.

2098 933 2165 988 29
2210 933 2532 987 Eustathius
2585 942 2789 1007 quarta
2836 940 3060 993 virtutis
3124 943 3288 996 laude
3333 948 3608 1011 coruscat,

2204 1021 2363 1074 Abba
2412 1024 2765 1079 Columbano
2814 1028 2991 1081 nituit
3029 1030 3127 1099 qui
3164 1031 3272 1085 rite
3306 1032 3601 1102 magistro.

2274 1113 2346 1163 In
2402 1114 2733 1172 Nicomedia.
2782 1118 3098 1183 Pastoralis,
3156 1122 3448 1184 Victurini,
3506 1123 3613 1177 Sa-

2346 1204 2576 1263 turnini,
2622 1204 2886 1273 Julianae,
2927 1213 2976 1259 et
3023 1209 3254 1261 aliorum
3317 1212 3499 1264 trium.
3555 1213 3612 1264 In

2348 1292 2660 1358 Antiochia,
2701 1294 2963 1347 Theodori
2986 1298 3309 1367 presbyteri.

2098 1379 2164 1430 30
2202 1378 2386 1431 Tertia
2433 1379 2678 1433 Domino
2727 1383 2751 1423 (1
2800 1384 3009 1437 comite
3057 1391 3111 1438 et
3176 1386 3396 1439 Victore
3437 1388 3609 1441 reful-

3469 1476 3601 1549 [get

2270 1557 2332 1607 1n
2384 1558 2757 1612 Thessalonica
2806 1562 3043 1625 civitate,
3079 1563 3296 1628 Domni,
3338 1565 3607 1631 Palatini,

2337 1650 2388 1697 et
2443 1647 2596 1711 alibi,
2668 1650 2918 1713 Victoris,
2976 1652 3298 1718 Marcellini,
3372 1654 3610 1707 Eulalia:

2338 1736 2591 1800 virginis.
2646 1738 2980 1805 Aurelianis,
3035 1739 3298 1808 depositio
3337 1742 3601 1796 Pastoris.

2090 1822 2150 1873 3l
2203 1819 2478 1874 Diodulus
2507 1823 2694 1892 pridie
2746 1826 2953 1879 emicat
3001 1831 3332 1898 Anesusque
3362 1830 3533 1883 beati.

2197 1908 2287 1962 Sic
2311 1910 2502 1963 Martis
2525 1912 2756 1965 volvens
2779 1914 3317 1971 determinatorbita
3330 1934 3605 1971 mensem.

2267 2000 2335 2052 In
2404 2002 2618 2066 Africa,
2685 2005 2869 2057 natale
2926 2011 3234 2060 sanctorum
3288 2007 3501 2063 Corneli
3557 2013 3607 2061 et

2347 2089 2645 2142 Valeriani.

2615 2232 2908 2286 APRILIS.

2197 2354 2491 2422 Purpureo
2527 2370 2695 2424 quem
2748 2356 2887 2409 ﬂore
2933 2356 3041 2410 sibi
3089 2374 3186 2411 ver
3227 2358 3407 2412 sancit
3438 2360 3602 2429 Apri-

3469 2446 3603 2520 [lem

2198 2530 2460 2583 Dicemus
2506 2531 2713 2601 quibus
2760 2533 2983 2587 attollat
3026 2550 3126 2587 sua
3170 2536 3381 2605 gaudia
3424 2536 3598 2590 festis.

1947 2620 2068 2672 Dies
2116 2621 2133 2671 l
2189 2619 2455 2687 Virgineo
2486 2619 2741 2690 insignes
2791 2626 2981 2691 Agape
3028 2628 3083 2675 et
3112 2623 3352 2677 Chionia
3390 2633 3411 2659 °
3451 2631 3601 2677 serto

2192 2708 2404 2773 Aprilis
2436 2709 2584 2762 socio
2618 2716 2839 2763 sacrant
2876 2712 2980 2764 sibi
3026 2712 3155 2781 jure
3187 2713 3491 2767 Kalendas.

2262 2799 2327 2852 In
2358 2800 2621 2852 Armenia
2663 2802 2882 2864 Minori,
2938 2802 3120 2854 natale
3149 2802 3245 2856 SS.
3294 2802 3598 2867 Quintiani,

2340 2888 2571 2941 Victoris
2601 2892 2651 2941 et
2677 2888 2933 2941 Secundi.

2119 2976 2151 3026 2
2193 2974 2451 3043 Lugduni
2483 2975 2700 3045 quartis
2750 2978 2924 3029 Nonis
2974 2994 3129 3030 sacer
3180 2979 3320 3031 urbe
3348 2980 3596 3032 Nicetus.

2265 3064 2332 3115 In
2398 3066 2595 3129 Africa
2650 3067 2830 3117 natale
2886 3071 3194 3120 sanctorum
3251 3067 3508 3131 Quiriani
3552 3073 3601 3121 et

2337 3154 2571 3218 Regina.
2613 3154 2871 3223 Lugduni
2924 3155 3065 3209 Gall.
3119 3157 3296 3209 Niceti
3342 3158 3597 3223 episcopi.

2120 3240 2154 3290 3
2197 3240 2463 3309 Evagrius
2508 3241 2688 3294 ternis
2732 3242 3010 3311 splendet,
3061 3247 3391 3314 martyrque
3437 3244 3597 3297 Beni-

3410 3330 3595 3402 [gnus,

2188 3419 2371 3485 Atque
2402 3416 2525 3485 pari
2558 3414 2781 3487 ffulget
2828 3416 3145 3472 Theodosia
3185 3419 3342 3488 virgo
3386 3420 3593 3471 nitore.

2259 3506 2322 3557 In
2351 3504 2561 3565 Sicilia.
2611 3507 2795 3558 natale
2841 3508 3019 3559 sancti
3063 3508 3337 3560 Pancrati.
3383 3508 3444 3560 In
3485 3508 3594 3562 Cm-

2326 3607 2484 3645 sarea
2550 3593 2857 3647 Palaestinae
2930 3596 3111 3648 natale
3175 3599 3373 3649 sanctae
3432 3597 3593 3649 Theo-

2327 3678 2492 3732 dosiae
2530 3682 2793 3746 virginis,
2835 3686 2886 3734 et
2930 3685 3116 3751 passio
3167 3684 3345 3736 sancti
3388 3685 3597 3748 Evagri

2326 3771 2377 3819 et
2403 3769 2671 3835 Benigne.

2113 3854 2146 3907 4
2183 3853 2517 3908 Ambrosius
2549 3855 2737 3924 pridie
2785 3857 3099 3911 aathereum
3149 3858 3472 3927 penetravit
3498 3859 3593 3911 ho-

3350 3944 3588 4016 [norem].

2255 4031 2525 4084 Emtrema
2575 4033 2808 4085 incensio
2858 4034 2995 4087 lunae
3040 4034 3342 4088 Paschalis.
3386 4036 3449 4088 In
3479 4038 3593 4089 Me-

2327 4119 2564 4181 diolano,
2608 4121 2871 4188 depositio
2918 4125 3099 4176 sancti
3134 4123 3432 4187 Ambrosii,
3478 4125 3592 4190 epi-

2324 4211 2487 4275 scopi.
2531 4210 2593 4263 In
2642 4211 2862 4274 Africa,
2912 4212 3095 4265 natale
3139 4216 3446 4266 sanctorum
3490 4214 3594 4267 Ur-

2329 4297 2477 4361 bani,
2515 4297 2805 4352 Saturnini
2824 4303 2872 4352 et
2909 4298 3174 4354 Successi.

2120 4387 2150 4437 5
2191 4384 2366 4437 Nonis
2395 4384 2556 4455 virgo
2598 4386 2696 4455 pia
2748 4387 2817 4441 de
2862 4399 3043 4442 morte
3074 4388 3321 4459 refulget
3352 4391 3590 4443 Herene.

2259 4474 2319 4525 In
2357 4475 2691 4539 Nicomedia,
2740 4477 2922 4529 natale
2959 4479 3135 4530 sancti
3173 4478 3483 4532 Claudiani.
3534 4480 3595 4532 In

2330 4561 2603 4632 Egypto,
2648 4565 2831 4617 natale
2876 4570 3185 4619 sanctorum
3218 4566 3431 4632 Mariae,
3487 4569 3593 4623 Ni-

2329 4650 2563 4701 canoris.

2022 4766 2031 4771 ›
2118 4736 2148 4786 6
2188 4734 2378 4788 Idibus
2437 4736 2648 4788 octavis
2695 4736 2881 4789 Sixtus
2935 4742 3266 4808 martyrque
3325 4755 3595 4809 sacerque

2192 4822 2515 4889 Praeminet,
2594 4824 2841 4878 Adriano
2900 4829 3147 4878 mortem
3220 4827 3325 4880 sub
3378 4829 3596 4882 Caesare

3358 4916 3591 4986 [passus

1909 5055 2021 5109 que
2050 5039 2265 5104 codice,
2300 5042 2441 5108 Reg.
2477 5044 2532 5093 et
2564 5040 2712 5110 Big.,
2742 5039 2821 5092 sic
2852 5044 2917 5093 ut
2945 5039 3228 5093 edidimus
3255 5056 3266 5094 :
3299 5041 3360 5094 in
3393 5041 3594 5094 iisdem

1906 5113 2195 5179 Eustasius
2228 5112 2502 5179 scriptum
2535 5116 2636 5176 est,
2672 5111 2767 5163 ubi
2800 5110 3013 5179 legitur
3042 5112 3381 5166 Eustathius.

1974 5178 2000 5213 ἀ
2034 5183 2218 5233 Tertia
2250 5178 2530 5234 Domnino.
2568 5182 2628 5233 In
2658 5181 2853 5234 codice
2890 5182 3049 5251 [teg.,
3085 5184 3379 5236 Dominico.

1976 5251 2105 5303 °Et
2172 5252 2429 5303 Chionia.
2500 5252 2586 5305 Sic
2634 5252 2693 5304 in
2750 5251 2941 5304 codice
3019 5253 3231 5322 Regio;
3293 5254 3351 5306 in
3406 5252 3592 5315 editis,

1906 5322 2187 5375 Schionia.

1976 5388 2212 5463 {Atque
2260 5393 2387 5463 pari
2432 5393 2624 5463 fulget.
2684 5393 2845 5445 Hunc
2884 5409 3133 5460 versum,
3184 5394 3283 5463 qui
3333 5394 3491 5448 deest
3540 5396 3594 5448 in

1906 5460 2100 5535 codice
2151 5460 2290 5535 Bigr.
2344 5461 2402 5514 in
2451 5462 2628 5535 Regio
2682 5464 2943 5517 Baluzius
2990 5460 3216 5533 reperit
3247 5465 3595 5535 descriptum

1906 5530 1996 5583 die
2024 5534 2056 5583 2
2089 5532 2319 5602 Aprilis,
2355 5540 2479 5601 post
2511 5530 2673 5587 illum
2708 5535 2983 5602 Lugduni,
3017 5530 3123 5589 etc.
