3846 6244
242 328 344 379 595

593 458 657 511 In
732 456 1069 523 Macedonia,

665 546 887 611 Africa,
915 548 1113 599 Donati
1140 552 1191 600 et
1224 548 1535 615 Epiphani.

280 635 403 688 Dies
440 638 469 687 ’7
522 633 807 703 Diogenes
840 635 1093 704 septenis
1131 636 1479 705 Eleususque
1510 636 1791 689 feruntur.

594 726 661 779 In
704 724 1001 778 Antiochia
1039 726 1238 791 Syria,
1269 727 1451 778 natale
1478 731 1787 779 sanctorum
1816 727 1929 779 Ma-

668 813 888 878 chariz,
935 814 1210 866 Maccimae.
1257 815 1325 866 In
1357 814 1724 879 Alemandria,
1756 816 1939 868 natale

668 900 845 952 sancti
871 899 1056 952 Pelusi
1082 898 1403 966 presbyteri.

454 986 490 1040 8
526 986 803 1039 Maximus
845 991 900 1039 et
926 1003 1088 1039 senas
1129 987 1261 1039 Idus
1292 992 1446 1039 tenet
1489 992 1658 1056 atque
1686 987 1934 1041 Solutor.

598 1076 662 1129 In
697 1076 916 1140 Africa,
971 1076 1150 1128 natale
1197 1081 1508 1130 sanctorum
1560 1077 1780 1139 Timori,
1835 1076 1938 1131 Co-

671 1165 820 1216 necci.
886 1166 957 1217 Et
1003 1163 1157 1228 alibi,
1224 1165 1496 1231 Concessi,
1575 1164 1829 1218 Ammoni
1890 1169 1941 1218 et

670 1252 927 1306 Saccessi.

462 1344 493 1394 9
536 1340 818 1411 Lampade
867 1344 1103 1410 septena
1149 1340 1341 1409 quinis
1382 1341 1555 1394 micat.
1606 1340 1796 1395 Idibus
1826 1342 1939 1396 alto

534 1428 832 1498 Virgineus
876 1428 1102 1482 radians
1140 1428 1310 1482 simul
1355 1429 1567 1482 aithere
1594 1428 1813 1499 flosque
1843 1429 1939 1483 de-

1685 1516 1935 1590 [corque.

601 1606 663 1660 In
705 1606 933 1672 Sirmia,
986 1608 1225 1675 quinque
1261 1608 1535 1674 virginum
1574 1622 1806 1673 quarum
1832 1622 1940 1662 no-

671 1697 823 1747 mina
861 1695 1005 1748 Deus
1031 1696 1200 1747 novit.
1228 1696 1297 1748 Et
1328 1695 1482 1760 alibi,
1510 1697 1758 1748 Demetri.

434 1785 493 1836 10
535 1782 788 1837 Ezechiel
836 1787 990 1835 vates
1038 1787 1228 1835 sancto
1279 1782 1429 1836 dicat
1471 1758 1575 1835 tore
1608 1787 1930 1853 quaternas.
1975 1758 2014 1812 Β

602 1872 665 1924 In
727 1871 1097 1935 Alexandria,
1156 1872 1369 1936 Donati,
1428 1872 1687 1936 Concessi,
1751 1872 1937 1926 Satar-

678 1961 817 2012 nini.

434 2050 485 2101 11
538 2046 811 2101 Pontiﬁce
844 2049 898 2100 et
942 2062 1165 2099 summo
1199 2052 1375 2100 ternm
1413 2047 1721 2102 irradiante
1752 2048 1937 2102 Leone

532 2135 867 2205 Splendeat,
928 2151 1044 2200 ore,
1101 2150 1297 2201 manu,
1358 2136 1565 2190 Christi
1625 2138 1725 2207 qui
1787 2137 1940 2207 pavit

1749 2223 1935 2298 [ovile.

602 2312 793 2367 Natale
842 2314 1019 2366 sancti
1065 2313 1254 2366 Leonis
1300 2328 1475 2381 papa.
1532 2315 1594 2367 In
1659 2315 1937 2367 Maurita-

672 2402 767 2454 nia
832 2402 1013 2454 natale
1073 2404 1323 2467 Maan’mi,
1391 2403 1592 2455 Hilari.
1652 2403 1723 2455 In
1782 2404 1936 2458 Nico-

676 2488 870 2553 media,
920 2491 1109 2543 natale
1139 2491 1405 2557 Eustorgi
1428 2489 1752 2558 presbyteri.

434 2581 495 2631 t2
532 2576 714 2631 Julius
744 2576 975 2630 antistes
1005 2576 1188 2646 pridie
1223 2579 1483 2631 Romana
1512 2578 1708 2632 revisit

536 2665 759 2731 Maenia,
811 2666 1090 2719 catholico
1139 2668 1324 2719 clarus
1370 2683 1473 2737 pro
1520 2667 1786 2738 dogmate
1837 2684 1940 2737 pa-

1781 2754 1936 2828 [stor.

601 2843 673 2895 In
740 2843 959 2908 Africa,
1030 2842 1212 2895 natale
1276 2848 1586 2898 sanctorum
1655 2845 1938 2914 Cypriani,

670 2934 887 2985 Donati.
942 2930 1012 2985 In
1070 2933 1314 2998 Pavingo
1385 2934 1623 2999 civitate,
1683 2934 1941 2989 Constan-

673 3022 778 3073 tini
805 3020 1054 3088 episcopi.

435 3107 497 3163 13
540 3106 734 3160 Idibus
800 3106 1148 3176 Ermingilde
1198 3111 1437 3177 patrem,
1488 3123 1585 3161 rex
1633 3109 1803 3175 alme,
1851 3108 1938 3161 fu-

1694 3196 1942 3270 [rentem

541 3282 842 3347 Persentis,
876 3298 1075 3337 verum
1124 3283 1375 3337 referens
1407 3284 1475 3338 de
1524 3290 1701 3338 morte
1736 3285 1942 3339 trium-

1720 3373 1938 3443 [phum

606 3462 673 3516 In
722 3458 1108 3526 Chalcedonia,
1160 3465 1359 3515 sancte
1412 3462 1724 3530 Euphemiae
1762 3464 1945 3533 virgi-

677 3551 782 3603 nis.
824 3549 1098 3616 Pergamo
1129 3551 1297 3619 Asiae,
1356 3551 1644 3619 Polycarpi
1687 3552 1940 3620 episcopi.

437 3642 499 3692 14
536 3637 743 3693 Octava
797 3641 852 3689 et
900 3636 1121 3691 decima
1173 3638 1342 3692 Maias
1383 3644 1690 3709 superante
1735 3640 1946 3694 Kalen-

1827 3723 1947 3797 [das

539 3811 870 3865 Valerianus
927 3815 1079 3879 ovat,
1138 3813 1426 3884 fraterque
1491 3813 1790 3868 Tiburcius
1854 3823 1879 3848 ι
1930 3830 1942 3867 :

1774 3901 1949 3974 [ipsos

540 3990 810 4043 Maximus
858 3990 1039 4044 eﬂ'uso
1090 3990 1400 4045 comitatur
1441 3991 1721 4061 sanguine
1762 3993 1944 4046 miles.

439 4081 500 4131 15
542 4078 801 4147 Septima
873 4078 1271 4148 Olympiadam
1338 4078 1572 4132 decimae
1646 4079 1951 4148 conjuncta

1702 4165 1947 4237 [beatam

542 4254 837 4319 Monstrat,
880 4269 1123 4325 eamque
1170 4253 1340 4307 simul
1389 4253 1645 4308 defendit
1675 4255 1951 4309 Maximus

1764 4344 1944 4411 [altera
1987 4347 2029 4400 Ι)

611 4432 679 4486 In
728 4432 1114 4499 Mesopotamia
1160 4431 1442 4495 Archelai,
1489 4432 1772 4499 Cypriani,
1817 4434 1946 4486 Dio-

681 4522 833 4588 genis
903 4520 1140 4586 diaconi,
1210 4535 1329 4573 cum
1394 4520 1600 4574 duobus
1652 4522 1945 4586 fratribus.

441 4612 501 4663 16
540 4608 711 4663 Sexta
765 4613 821 4662 et
873 4609 1020 4662 dena
1082 4608 1316 4663 Chariso
1371 4612 1414 4675 b,
1477 4609 1800 4679 Calistoque
1854 4626 1947 4663 re-

1719 4696 1741 4770 [
1745 4697 1946 4767 fulget.

540 4787 694 4852 Quos
725 4802 882 4841 mare
912 4790 1145 4856 septena
1195 4800 1411 4838 mersos
1455 4801 1584 4838 cum
1618 4785 1785 4854 plebe
1814 4785 1946 4839 bea-

1827 4874 1946 4947 [vit.

611 4966 683 5018 In
714 4964 929 5018 Achaia
977 4961 1253 5023 Corinthi,
1303 4963 1571 5029 Crytiani.
1614 4964 1676 5016 In
1724 4963 1949 5016 Mauri-

684 5055 839 5107 tania
867 5053 1105 5117 Basiliae,
1134 5052 1387 5105 Faustini
1411 5056 1461 5104 et
1490 5053 1733 5105 Luciani.

327 5241 353 5266 ⁸
381 5237 679 5300 Fraterque
714 5231 1015 5285 Tiburcius.
1060 5230 1147 5285 Sic
1173 5230 1339 5285 codd.
1383 5233 1523 5301 Reg.
1553 5235 1609 5286 et
1636 5232 1756 5303 Big.
1790 5231 1952 5286 Prior

259 5302 455 5369 editio,
488 5304 793 5357 Tiburrius.

327 5376 351 5415 δ
392 5376 539 5428 Dena
577 5373 827 5427 Chariso.
863 5373 923 5425 In
971 5372 1165 5427 codice
1212 5373 1375 5439 Reg.,
1407 5375 1639 5428 Carisi:
1692 5380 1748 5426 et
1777 5373 1947 5439 infra,

258 5444 607 5513 Mappilicus.
659 5444 798 5497 Item
851 5442 950 5497 ubi
982 5444 1192 5513 legitur
1239 5451 1451 5513 martyr
1493 5460 1701 5514 quoque
1739 5452 1947 5513 sancta,

259 5521 455 5568 monet
482 5514 757 5569 Acherius
783 5530 842 5567 se
869 5515 928 5567 in
959 5530 1074 5567 uno
1105 5516 1294 5569 codice
1325 5517 1604 5584 reperisse
1635 5522 1824 5569 mater.

330 5594 351 5620 ε
379 5585 647 5656 Festaque
683 5586 918 5654 Synesii.
968 5586 1068 5640 Hic
1096 5601 1298 5640 versus
1345 5586 1505 5640 abest
1536 5602 1567 5639 a
1611 5585 1770 5640 codd.
1806 5585 1947 5656 Reg.

1324 327 1574 380 WANDA
1586 327 1839 382 LBERTI
1878 323 2301 383 PRUMIENSIS
2341 322 2646 379 MONACHI

1164 458 1449 523 Timothei,
1524 461 1789 527 DiOgenis.
1872 461 1935 514 ln
1973 462 2016 515 A
2045 458 2172 511 Dies
2216 458 2277 509 17
2329 454 2675 525 Mappalicus
2724 453 2925 525 quinta
2963 453 3187 508 decima
3234 454 3724 523 Hermogenesqne

3412 541 3724 613 [Petrusque

2330 632 2641 694 Collucent,
2724 631 2951 697 merito,
3032 631 3263 697 virtute,
3331 637 3391 684 et
3464 633 3723 701 sanguine
3812 631 3813 711 ξ

3568 718 3723 792 [clari

2399 830 2461 882 In
2505 828 2795 881 Antiochia
2839 828 3022 880 natale
3066 831 3379 880 sanctorum
3423 828 3575 880 Petri
3617 826 3727 879 dia-

2472 918 2611 981 coni,
2643 920 2693 969 et
2730 916 3071 981 Hermogeni.

2229 1009 2290 1060 18
2334 1006 2420 1058 Bis
2477 1011 2715 1074 septena
2782 1003 3165 1071 Eleutherius,
3234 1007 3458 1074 martyr
3513 1020 3727 1074 quoque

3536 1091 3726 1163 [sancta

2329 1180 2539 1234 Anthia
2589 1180 2949 1251 praecellunt,
3002 1179 3177 1233 vitam
3210 1179 3514 1232 moriendo
3542 1181 3725 1233 secuti.

2230 1275 2290 1326 19
2329 1272 2485 1337 Gaio,
2534 1269 2877 1335 Aristonico,
2914 1268 3083 1334 Rufo,
3135 1269 3521 1335 Hermogene,
3575 1273 3728 1339 atque

3532 1358 3727 1426 [Galate

2330 1448 2520 1503 Tertia
2576 1463 2705 1501 cum
2766 1446 2988 1500 decima
3046 1446 3315 1516 Expedita
3374 1451 3434 1498 et
3493 1452 3727 1514 martyre

3524 1534 3724 1605 [fulget

2402 1643 2475 1695 In
2534 1639 2782 1695 Laubace
2844 1642 3167 1694 monasterio
3236 1638 3505 1708 depositio
3570 1643 3730 1694 sancti

2478 1731 2742 1791 Ursmari,
2775 1731 3011 1798 episcopi
3039 1733 3090 1781 et
3132 1728 3477 1791 confessoris.

2226 1818 2295 1872 20
2337 1818 2713 1882 Marcellinus,
2774 1817 3111 1883 Domninus,
3191 1817 3521 1871 Vincentius
3584 1833 3727 1887 usque

2333 1906 2573 1961 Nomine
2622 1906 2909 1959 bissenam
2958 1905 3203 1971 radiant,
3261 1906 3543 1976 festoque,
3604 1908 3729 1959 tide-

3592 1993 3728 2065 lane,

2967 2092 2987 2117 ε
3047 2082 3409 2137 celebrantur
3479 2085 3729 2153 martyris

3586 2170 3726 2244 [almi

2334 2260 2625 2315 Pontificis
2658 2260 2901 2326 tumulo,
2936 2258 3218 2327 doctrina,
3264 2264 3322 2313 et
3350 2264 3535 2313 morte
3568 2260 3723 2313 beati.

2333 2084 2609 2153 Festaque
2669 2082 2893 2153 Synesii

2402 2369 2597 2432 Romae,
2654 2369 2889 2423 Victoris
2945 2368 3200 2435 episcopi.
3263 2365 3335 2420 In
3392 2368 3726 2421 Antisiodoro

2475 2458 2709 2521 civitate,
2769 2456 3033 2523 depositio
3088 2457 3268 2509 sancti
3324 2457 3570 2520 Martini,
3624 2458 3725 2523 epi-

2473 2547 2623 2613 scopi
2648 2548 2697 2598 et
2724 2547 3063 2610 confessoris.

2188 2635 2275 2685 21.
2334 2632 2642 2686 Undecima
2713 2633 2884 2687 Gaius
2950 2632 3163 2702 pariter
3234 2632 3579 2702 Simeonque
3638 2647 3725 2683 co-

3502 2718 3719 2792 [luntur.

2404 2826 2469 2880 In
2505 2827 2798 2880 Terracina
2837 2826 3178 2894 Campaniae,
3215 2827 3406 2894 passio
3436 2827 3607 2877 sancti
3633 2825 3723 2878 Ca-

2473 2918 2615 2969 sarii
2647 2915 2885 2968 diaconi.
2924 2914 3001 2967 Et
3031 2913 3186 2979 alibi,
3226 2913 3487 2982 depositio
3517 2915 3720 2981 Aprun-

2473 3005 2583 3057 culi
2606 3005 2863 3072 episcopi.

2230 3093 2297 3144 2‘).
2336 3091 2505 3144 Terni
2551 3091 2866 3163 presbyteri
2908 3090 3210 3156 decimam,
3256 3094 3531 3160 ternaque
3572 3103 3719 3141 coro-

3580 3174 3721 3249 [nant

2339 3266 2552 3335 Palma,
2604 3266 3054 3337 Parmeniusque
3092 3267 3139 3333 ἀ,
3187 3264 3499 3329 Elimenes,
3544 3264 3718 3332 Cryso-

2722 3414 2725 3415 ν
3441 3354 3714 3424 [telusque.

2336 3445 2449 3498 Hac
2495 3458 2725 3514 quoque
2776 3443 2969 3497 divino
3002 3445 3312 3514 patuerunt
3344 3442 3566 3512 prodita
3590 3447 3719 3493 nutu

2336 3533 2618 3603 Corpora,
2685 3532 2959 3602 martyrio
3045 3530 3350 3585 Ecclesiam
3448 3527 3720 3584 lustrantia

3552 3616 3718 3691 [trino,

2338 3709 2612 3781 Dionysii,
2648 3709 2882 3775 Rustici,
2917 3707 3340 3778 Eleutheriique
3374 3706 3550 3761 beati.

2412 3820 2483 3871 In
2513 3819 2733 3883 Africa,
2781 3820 3003 3869 civitate
3033 3816 3316 3884 Gerapoli,
3362 3815 3547 3867 natale
3569 3811 3724 3867 sancti

2481 3907 2730 3974 Philippi
2782 3906 3032 3973 apostoli.
3112 3905 3185 3957 In
3240 3904 3476 3958 Senonas
3531 3902 3725 3954 civitate

2482 3992 2745 4061 depositio
2785 3992 2928 4045 beati
2964 3992 3145 4056 Leoni,
3195 3992 3432 4058 episcopi
3471 3995 3522 4043 et
3550 3988 3727 4053 con/es-

2483 4083 2652 4145 soris;
2681 4085 2731 4134 et
2760 4083 2810 4133 Α
2821 4083 3009 4146 nania,
3040 4080 3271 4140 Azaria.
3304 4083 3355 4132 et
3385 4078 3599 4131 Misacl.

2233 4172 2303 4224 23
2344 4169 2705 4240 Felicemque
2737 4185 2960 4222 sacrum
2989 4168 3221 4238 gemino
3251 4167 3603 4237 dignumque
3624 4160 3725 4215 mi-

3529 4254 3722 4327 [nistro.

2344 4347 2507 4400 Nona
2574 4346 2751 4412 decet,
2814 4345 3322 4414 Fortunatumque,
3385 4347 3444 4397 et
3496 4340 3724 4396 Achillea

3475 4432 3720 4504 [junctos.

2340 4525 2454 4578 Hac
2498 4524 2671 4579 etiam
2732 4523 2943 4577 invicto
2989 4523 3268 4576 mundum
3320 4521 3422 4593 qui
3468 4520 3722 4589 sanguine

3499 4606 3720 4680 [temnis,

2340 4699 2569 4754 Inﬁnita
2597 4699 2771 4753 refers
2801 4698 3008 4767 Georgi
3037 4702 3230 4751 sancte
3255 4701 3497 4767 trOpaea.

2409 4790 2472 4842 In
2518 4789 2772 4842 Valentia
2818 4789 3057 4851 civitate,
3107 4784 3296 4840 natale
3336 4786 3515 4838 sancti
3556 4782 3722 4837 Felicis

2480 4876 2805 4945 presbyteri,
2836 4880 2886 4928 et
2914 4875 3144 4930 Achillei
3170 4873 3409 4927 diaconi.

2233 4964 2304 5018 24
2342 4964 2551 5034 Martyr
2609 4962 2932 5018 Alexander
2982 4961 3199 5014 triceno
3258 4964 3511 5030 martyre
3583 4958 3722 5012 laetus

2339 5053 2421 5108 Ac
2449 5057 2635 5117 terno,
2677 5056 2874 5106 octava
2902 5050 3165 5121 Lugduni
3196 5050 3411 5103 mmnia
3443 5048 3631 5102 sancit.

2059 5230 2259 5313 etB-ig.
2283 5249 2297 5297 ;
2329 5245 2574 5301 sequens
2600 5246 2731 5284 vero
2758 5228 2817 5283 in
2846 5229 3050 5284 iisdem
3083 5229 3162 5282 ita
3191 5227 3398 5297 incipit
3434 5242 3447 5284 :
3476 5228 3722 5294 Pontiﬁces

2082 5318 2101 5353 ι
2226 5340 2239 5354 .

2059 5301 2371 5426 τιέιὲαιηια
2425 5373 2867 5440 Parmeniusque.
2921 5372 3080 5426 Hunc
3126 5385 3353 5423 versum
3402 5375 3460 5423 et
3504 5380 3719 5438 sequen-

2058 5447 2193 5508 tem,
2229 5442 2334 5495 etsi
2366 5442 2571 5513 desunt
2594 5443 2658 5495 in
2680 5444 2840 5497 codd.
2866 5444 3010 5513 Reg.
3051 5445 3108 5494 et
3141 5441 3284 5511 Big.,
3320 5440 3529 5495 servari
3558 5445 3719 5493 tamen

2057 5517 2321 5585 oportere
2353 5512 2534 5567 visum
2566 5518 2669 5568 est.

3642 326 3809 375 596?
