3846 6244
55 359 163 411 3397
1517 353 2113 410 MARTYROLOGIUM
2134 393 2142 404 .
3487 350 3590 402 598

434 483 499 535 In
546 479 920 540 Alexandria,
982 478 1164 532 natale
1202 481 1511 531 sanctorum
1562 478 1777 531 Coronm
1817 479 1863 529 Α
2247 476 2310 528 In
2355 475 2613 528 Arminio
2655 478 2872 528 civitate
2932 474 3116 527 natale
3176 475 3492 540 Ermogenis
3540 477 3590 526 et

512 572 766 636 virginis,
809 569 1058 627 Victoris,
1103 569 1293 620 Zoticae
1322 570 1373 618 et
1406 567 1674 626 Faustini,
2318 562 2592 617 Germani.
2627 563 2905 617 Dedicatio
2937 566 3114 616 sancti
3144 564 3309 616 Petri.

61 659 194 710 Dies
251 660 325 714 ‘25
367 659 492 711 Mox
540 656 871 725 evangelica
925 656 1142 708 Marcus
1190 659 1352 707 tonat
1418 669 1515 706 ore
1560 654 1778 716 beatus,
1891 671 2013 724 Dies
2089 672 2118 724 3
2161 669 2372 724 ριιωδυι
2424 669 2742 722 Alexander
2787 669 2990 740 quinas
3039 672 3096 722 et
3148 667 3434 732 Ενρηιίυε,
3490 683 3582 720 or-

370 746 602 817 Optima
628 760 741 814 quo
778 744 930 815 capit
978 743 1252 796 eximium
1301 741 1566 796 redimita
1597 747 1782 796 morte

1491 831 1777 901 [nitorem.

373 924 672 992 (Extrema
701 938 765 975 ac
808 921 1039 976 Paschaa
1091 918 1382 974 celebrant
1427 935 1529 972 sua
1572 919 1784 989 gaudia

1504 1007 1732 1079 [festum
1743 1010 1781 1077 .)

443 1104 506 1156 In
557 1103 752 1156 litania
788 1100 1015 1167 majore.
1062 1100 1131 1151 Et
1188 1102 1246 1150 in
1301 1097 1548 1150 Laubace
1589 1112 1779 1149 mona-

512 1196 696 1259 sterio,
737 1195 915 1244 sancti
942 1191 1227 1243 Erminoni
1257 1189 1510 1256 episcopi.

255 1284 327 1334 ‘26
381 1281 664 1351 Sextaque
704 1277 993 1350 pontiﬁcis
1030 1276 1227 1329 recolit
1257 1275 1573 1328 certamina
1613 1273 1775 1339 Cleti,

371 1368 715 1438 Ricarioque
748 1368 892 1420 nitet
919 1367 1081 1419 victae
1103 1366 1319 1417 cultore
1346 1365 1546 1417 beatae.

439 1459 503 1510 In
539 1459 754 1523 Africa,
785 1458 1070 1519 Honorati,
1108 1455 1287 1517 Pauli,
1318 1454 1527 1505 Felicis.

257 1549 325 1598 '27
370 1545 578 1609 Quinta
658 1545 1020 1598 Anastasium
1103 1558 1308 1612 papam
1377 1540 1773 1604 celebramus;

1571 1628 1774 1698 [eidem

365 1723 630 1775 Antimus
661 1722 897 1775 antistes
930 1720 1104 1789 digna
1135 1719 1341 1772 virtute
1373 1718 1637 1771 cohaeret.

432 1811 496 1863 In
572 1815 788 1863 civitate
859 1811 1026 1862 Tarso
1088 1807 1302 1869 C-iticize,
1359 1807 1543 1858 natale
1599 1809 1777 1859 sancti

510 1899 740 1953 Castori.
804 1899 868 1950 In
934 1895 1264 1959 Nicomedia,
1341 1893 1604 1961 Stephani
1667 1898 1778 1962 epi-

506 1991 674 2056 scopi,
706 1992 757 2040 et
789 1988 997 2040 Antoni
1022 1984 1347 2053 presbyteri.

251 2077 320 2128 28
363 2076 689 2146 Quartaque
774 2074 1011 2127 Vitalem
1085 2072 1295 2126 Christi
1367 2087 1471 2142 pro
1547 2069 1777 2123 nomine

1540 2157 1776 2230 [cassum

371 2252 814 2311 Commemorat,
850 2249 1024 2302 vitam
1071 2248 1281 2301 meruit
1315 2247 1414 2318 qui
1449 2253 1634 2300 morte
1669 2263 1776 2316 pe-

1486 2335 1772 2408 [rennem.

431 2430 495 2481 In.
543 2430 845 2487 Pannonia,
913 2427 1110 2479 Eusebi
1180 2428 1434 2494 episcopi,
1498 2425 1562 2477 In
1623 2425 1774 2478 Bitu-

504 2519 640 2576 rica,
674 2517 849 2568 sancti
883 2515 1081 2574 Eutici,
1117 2517 1168 2565 et
1198 2516 1374 2566 sancti
1410 2513 1628 2566 Vitalis.

256 2607 322 2658 29
362 2604 550 2657 Tertia
581 2603 875 2673 pontiﬁces
905 2618 1022 2667 ara,
1058 2601 1389 2670 meritisque
1421 2601 1632 2654 dicatos

364 2692 673 2762 Agapium,
721 2691 1047 2760 pariterque
1097 2689 1484 2743 Secundinum
1531 2703 1772 2740 venera-

1640 2775 1768 2848 [tur.

433 2873 503 2923 Et
549 2874 725 2924 sancti
781 2869 1034 2923 Germani
1096 2871 1348 2936 episcopi.
1411 2867 1476 2919 1n
1524 2868 1772 2922 Nicome-

502 2960 616 3018 dia,
649 2957 955 3018 Prudentii,
994 2958 1286 3015 Martialis,
1325 2954 1611 3008 Theodore
1651 2957 1768 3006 vir-

501 3050 666 3114 ginis.

255 3138 320 3189 30
359 3133 612 3204 Martyrii
648 3134 888 3188 Jacobus
930 3132 1181 3186 similem
1233 3136 1290 3184 et
1339 3131 1620 3184 Marianas
1658 3129 1770 3183 ho-

1546 3221 1769 3290 [norem

355 3312 550 3367 Sortiti
582 3311 787 3382 pridie,
816 3311 990 3364 tinem
1026 3315 1314 3362 metantur
1351 3308 1552 3377 Aprili.

430 3403 626 3461 Romae,
665 3400 928 3468 depositio
982 3399 1199 3463 Quirini
1245 3401 1500 3466 episcopi,
1540 3398 1770 3451 Clemen-

499 3493 588 3554 tis,
625 3490 854 3543 Luciani
880 3491 930 3541 et
960 3489 1269 3542 Saturnini.

801 3637 1036 3690 MAIUS.

359 3759 500 3814 Hinc
548 3759 758 3814 Maium
803 3759 1000 3813 aestivo
1047 3758 1324 3829 primum,
1375 3758 1479 3812 sub
1527 3758 1643 3812 sole
1675 3774 1766 3811 ca-

1503 3845 1763 3919 [Ientem,

355 3941 492 4005 Qum
523 3939 826 4010 longisque
865 3938 1010 3992 ferat
1050 3951 1362 4008 promenus
1408 3942 1537 3990 vota
1565 3936 1766 3991 diebus

95 4031 209 4083 Dies
292 4033 310 4083 1
354 4029 524 4082 Maias
573 4028 762 4098 prima
809 4031 991 4080 sacrat
1045 4025 1255 4082 Christi
1325 4025 1592 4079 Doctrina
1655 4026 1767 4078 Ka-

1548 4114 1742 4168 lendas

1548 4114 1742 4168 lendas

357 4205 552 4258 Frater
600 4207 656 4256 et
709 4202 800 4257 his
848 4201 1076 4257 Domini
1133 4202 1374 4257 Iacobus
1434 4113 1628 4269 micEat,
1673 4155 1764 4256 at:

1261 4291 1396 4361 [que
1424 4290 1720 4360 Philippus
1745 4307 1757 4344 :
1805 4323 1845 4376 Β

356 4378 784 4449 Hieremiasque
831 4379 1001 4432 simul
1043 4382 1233 4432 vatum
1285 4378 1606 4432 celebratur
1637 4377 1760 4448 opi-

1599 4482 1724 4519 mus
1749 4482 1761 4520 Σ

1578 4465 1761 4537 [mus:

359 4558 592 4627 Bexque
670 4555 1071 4625 Sigismundus
1141 4555 1264 4609 fuso
1333 4572 1436 4626 pro
1489 4554 1766 4625 sanguine

1519 4645 1762 4715 fregnat.

357 4735 772 4804 Androcusque
825 4733 918 4788 die
951 4743 976 4768 ι
1034 4739 1250 4804 martyr
1307 4738 1614 4788 veneratur
1664 4749 1764 4786 eo-

1612 4822 1740 4876 dem

356 4911 526 4984 Alpia
577 4927 750 4982 quem
816 4926 1090 4981 magnum
1157 4911 1446 4966 Gallorum
1498 4820 1768 4982 gedgibrilis’

1584 5005 1765 5054 effert.

1584 5016 1612 5053 e
1694 5005 1765 5054 rt.

290 5093 322 5143 2
367 5089 546 5145 Sextis
582 5087 738 5142 hunc
785 5087 956 5142 Nonis
1011 5087 1285 5142 Athanasi
1335 4997 1769 5159 magne[rg:ul-

1687 5193 1768 5239 es,

1687 5193 1766 5239 es,

358 5266 524 5322 Arria
569 5281 683 5336 quo
730 5264 988 5335 primum
1036 5265 1206 5336 periit
1252 5265 1464 5320 victore
1511 5175 1766 5320 colulgra.

172 5399 191 5462 ε
230 5392 619 5458 Androcusque
666 5391 770 5445 die.
818 5392 978 5446 Hunc
1023 5406 1248 5445 versum
1295 5396 1350 5445 et
1409 5396 1766 5462 sequentem,

117 5461 274 5528 quiin
323 5463 566 5532 vulgatis
596 5463 851 5527 deerant,
900 5468 956 5516 et
1001 5462 1060 5516 in
1110 5463 1300 5517 codice
1330 5461 1507 5533 Regio
1541 5463 1765 5528 desunt,

115 5534 390 5599 ascriptum
423 5551 451 5587 e
481 5533 678 5587 codice
710 5533 892 5600 Bigot.

173 5605 193 5645 ιι
225 5605 423 5659 Venilia
480 5608 727 5674 reperta.
777 5605 858 5658 Ita
911 5603 972 5656 in
1030 5603 1191 5658 codd.
1245 5604 1384 5674 Reg.
1439 5609 1494 5658 et
1535 5603 1681 5675 Big.,
1715 5608 1773 5659 et

3400 755 3582 826 luant,

2172 844 2611 916 Theodolusque
2646 844 2745 898 Dei
2777 844 2993 914 pariter
3023 860 3125 914 pro
3154 844 3385 898 nomine
3415 844 3580 897 cessi:

2176 935 2272 988 His
2343 951 2572 1006 quoque
2623 934 2772 988 celsa
2846 933 3029 986 crucis
3097 933 3322 987 radiant
3376 932 3584 985 vexilla

3236 1021 3502 1094 jrepertaa
3533 1023 3577 1073 δ.

2240 1115 2311 1166 Et
2358 1117 2534 1166 sancti
2576 1113 2878 1172 Juvenalis,
2926 1111 3254 1172 Alexandri,
3301 1113 3495 1164 Eventi
3533 1113 3582 1162 et

2317 1201 2588 1254 Theodoti.

2099 1291 2133 1344 4
2179 1290 2456 1359 Sylvauus
2523 1294 2775 1359 quartas,
2825 1287 3076 1342 Antonia
3133 1303 3262 1341 cum
3317 1285 3580 1341 Floriano

2174 1380 2450 1446 Perpetua
2485 1378 2722 1447 cingunt
2758 1376 2972 1430 meritis
3001 1376 3211 1429 virtute
3243 1375 3452 1429 decori.

2241 1485 2305 1535 ln
2356 1483 2553 1549 Africa
2606 1484 2788 1535 natale
2853 1483 3061 1540 Felicis,
3132 1481 3354 1534 Urbani.
3407 1482 3473 1533 Et
3525 1485 3581 1533 in

2314 1572 2574 1633 Caesarea,
2610 1571 2794 1624 natale
2820 1574 2996 1623 sancti
3023 1570 3255 1624 Silvani.

2102 1663 2132 1712 5
2173 1659 2521 1713 Stelliferum
2617 1659 2796 1712 ternis
2889 1657 3144 1712 Christus
3229 1657 3582 1711 transcendit

3222 1744 3574 1817 [Olympumz

2170 1835 2501 1905 Hilarioque
2531 1835 2726 1888 Arelas
2756 1833 2970 1904 pollet;
2999 1834 3218 1888 Vienna
3248 1834 3457 1887 Niceto.

2096 1927 2127 1977 6
2169 1925 2508 1978 Praacelsum
2549 1923 2735 1994 pridie
2775 1921 3066 1976 celebrant
3111 1924 3372 1976 Romana
3413 1923 3580 1976 Joan-

3425 2009 3576 2083 [nem

2165 2099 2403 2170 Templa
2453 2100 2572 2166 Dei,
2623 2099 2722 2170 qui
2760 2099 2930 2169 pleno
2983 2097 3171 2152 hausit
3221 2099 3289 2152 de
3351 2103 3578 2169 pectore

3293 2186 3548 2257 [verbum
3565 2228 3575 2238 .

2095 2283 2124 2332 7
2168 2278 2342 2331 Morte
2373 2276 2465 2346 pia
2501 2277 2690 2329 Nonas
2713 2275 3000 2330 Juvenalis
3041 2285 3268 2328 sanctus
3303 2275 3570 2328 honorat.

2236 2382 2648 2449 Augustiduno,
2701 2381 2963 2450 depositio
3027 2381 3169 2434 beati
3206 2381 3415 2434 Placidi
3450 2396 3578 2448 pre-

2308 2472 2529 2538 sbyteri.

2097 2563 2128 2614 8
2171 2559 2366 2613 Idibus
2397 2558 2619 2612 octonis
2650 2557 2954 2612 Mediolani
2988 2556 3127 2611 urbe
3161 2561 3420 2610 coruscat

2166 2649 2375 2718 Martyr
2404 2647 2695 2717 praecipuo
2735 2646 3091 2700 venerandus
3129 2645 3324 2702 Victor
3357 2661 3572 2709 amore,

2235 2757 2306 2808 Et
2337 2755 2519 2807 natale
2549 2752 2812 2821 Stephani
2844 2755 2893 2804 et
2923 2753 3123 2804 Eutici.

2095 2847 2126 2896 9
2165 2844 2273 2896 Ter
2342 2847 2572 2895 centum
2633 2841 2858 2893 radiant
2905 2839 3156 2909 septenis
3219 2838 3414 2892 Idibus
3461 2854 3576 2892 una

2164 2930 2429 3000 Martyrio
2478 2929 2770 3000 deniquec
2811 2927 2983 2981 simul
3028 2928 3332 2981 decorante
3379 2926 3568 2982 beato.

2163 3019 2423 3086 (Torrida
2469 3025 2708 3089 tumque
2761 3018 2922 3070 novis
2980 3016 3277 3086 consurgit
3313 3015 3574 3086 frugibus

3369 3102 3571 3176 laetas)

2232 3199 2427 3256 Romae,
2500 3199 2591 3249 via
2642 3196 2863 3255 Latina,
2945 3196 3129 3248 natale
3193 3197 3369 3248 sancti
3420 3195 3572 3247 Beati

2303 3286 2646 3351 confessoris.

2057 3378 2121 3428 10
2158 3373 2320 3428 Senis
2384 3373 2703 3428 Gordianus
2765 3375 2821 3424 et
2879 3371 3215 3441 Epimachus
3276 3370 3348 3424 ob
3394 3386 3568 3424 unam

2162 3463 2472 3516 Caeduntur
2507 3460 2714 3516 Christi
2749 3461 2962 3531 pariter
2991 3459 3334 3530 laudemque
3364 3460 3569 3513 ﬁdem-

3458 3564 3563 3601 ue:

2161 3639 2269 3692 Has
2309 3653 2538 3707 quoque
2577 3635 2684 3689 Job
2740 3633 2996 3705 patiendi
3046 3633 3311 3704 exemplo
3341 3546 3568 3687 “ﬁt;

3275 3719 3562 3792 [honorat

2090 3818 2144 3869 lt
2192 3811 2404 3877 Quinas
2433 3810 2643 3864 eximio
2690 3810 2927 3864 antistes
2968 3809 3272 3879 splendore
3317 3809 3565 3863 Mamer-

3453 3895 3566 3965 [tus

2158 3986 2420 4058 Insignit,
2475 3986 2728 4039 solemne
2785 3987 2898 4039 Deo
2963 3987 3061 4055 qui
3109 3985 3256 4038 ferre
3327 3983 3566 4038 litamen

2156 4076 2367 4147 Jejuuii
2399 4074 2649 4129 instituit
2674 4074 2852 4128 ternis
2883 4073 2986 4128 sub
3021 4074 3146 4128 luce
3177 4073 3312 4128 diei.

2416 4185 2487 4236 Et
2519 4184 2746 4236 Martini
2778 4186 3032 4252 episcopi.

2094 4297 2156 4347 l2
2196 4293 2365 4362 Virgo
2394 4296 2522 4346 tuos
2552 4291 2792 4346 colimus
2829 4290 3066 4346 comites
3100 4289 3389 4345 Domitilla
3418 4306 3565 4362 qua-

3346 4378 3560 4450 [ternis,

2160 4472 2360 4534 Nerea,
2411 4469 2794 4538 Pancratium,
2853 4485 2981 4523 cum
3033 4469 3162 4539 quis
3214 4472 3270 4522 et
3314 4467 3568 4522 Achillea

3260 4555 3564 4628 [sanctum,

2161 4648 2386 4702 Primus
2434 4647 2746 4718 apostolico
2789 4645 2984 4700 docuit
3025 4645 3309 4716 tinxitque
3349 4645 3567 4697 lavacro

2160 4737 2314 4801 Quos
2357 4738 2576 4802 Petrus,
2627 4734 2862 4804 egregia
2913 4734 3127 4803 Rome,
3175 4749 3304 4786 cum
3337 4732 3568 4802 Virgine

3307 4821 3565 4893 [junctos.

2099 4918 2156 4969 l3
2197 4912 2515 4968 Servatium
2546 4911 2724 4964 ternis
2762 4924 3106 4964 veneramur
3155 4909 3215 4963 in
3248 4910 3441 4963 Idibus
3488 4911 3573 4963 al-

3360 4996 3563 5068 [mum.

2237 5092 2306 5143 Et
2353 5089 2621 5143 dedicatio
2672 5088 2901 5140 ecclesia:
2944 5087 3111 5139 beata:
3149 5088 3355 5139 Maria.
3401 5087 3472 5137 Et
3516 5087 3570 5136 in

2310 5177 2576 5245 Trajecto,
2623 5175 2888 5243 depositio
2935 5177 3110 5228 sancti
3159 5174 3393 5229 Servatii
3449 5175 3572 5240 epi-

2303 5280 2469 5333 scopi.

1879 5389 2113 5460 quidem
2139 5387 2291 5440 haud
2316 5387 2488 5458 paulo
2513 5386 2716 5441 melius
2739 5401 2914 5457 quam
2937 5391 2999 5442 ut
3023 5386 3081 5440 in
3112 5384 3294 5457 priori
3321 5385 3571 5440 editione

1880 5465 2270 5597 peieﬁlifrtyrio
2304 5531 2556 5609 denique.
2601 5528 2707 5609 Hic.
2743 5545 2939 5609 versus
2983 5544 3020 5609 εί
3063 5529 3256 5585 codice
3305 5529 3442 5598 Reg.
3471 5528 3571 5581 ab.

1883 5608 1986 5668 est,
2019 5616 2122 5654 nec
2151 5615 2289 5654 sane
2315 5606 2400 5656 est
2431 5600 2786 5655 necessarius
2814 5599 3148 5656 admodum.
