3846 6244
15 851 82 890 ES

1451 359 2068 415 MARTYROLOGIUM.
3406 359 3510 413 602

289 489 604 542 Aureliana
678 504 849 542 suum
907 488 1103 558 plebes
1159 489 1473 559 recolitque
1528 489 1706 543 Lifar-
1745 495 1790 544 A

1517 577 1701 651 [dum.

363 665 426 717 In
486 665 684 731 Africa
739 665 974 730 Quirini,
1037 666 1186 732 Cagi,
1252 669 1472 726 Donati,
1530 668 1707 721 Rom

443 755 639 807 Marce
659 759 710 806 et
741 756 1048 808 Saturnini.

191 840 233 893 4
286 840 500 912 Martyr
558 847 614 894 et
661 842 897 895 antistes
942 842 1125 912 pridie
1173 859 1330 896 sacra
1386 847 1516 896 vota
1568 842 1704 907 Qui-

1526 929 1706 996 [rinus

290 1018 698 1084 Accumulans,
733 1017 967 1087 proprio
999 1018 1288 1072 Christum
1318 1018 1386 1071 de
1425 1018 1705 1086 sanguine

1475 1107 1701 1176 [placaL

365 1196 560 1256 Roma,
592 1197 775 1248 natale
815 1201 1126 1249 sanctorum
1171 1198 1525 1266 Empergenti,
1575 1196 1704 1249 Phi-

437 1285 594 1352 lippi.

210 1376 248 1426 5
295 1373 472 1426 Nonis
501 1373 767 1426 anstistes
798 1373 978 1443 fulget
1010 1373 1347 1441 Bonifacius,
1383 1373 1582 1445 Anglis

289 1461 506 1523 Editus,
571 1463 642 1515 ad
714 1462 1000 1517 Christum
1079 1461 1286 1517 Oceani
1357 1462 1455 1532 qui
1534 1461 1707 1516 traxit

1395 1550 1701 1622 [alumnos.

289 1637 594 1691 Frisonum
628 1655 775 1708 puro
808 1638 1154 1691 submittens
1186 1638 1332 1692 colla
1356 1639 1565 1692 lavaro.

364 1727 426 1778 In
458 1728 692 1795 Egypto
722 1728 1008 1780 Marc-iani.

207 1817 242 1868 6
287 1813 537 1869 Octonas
572 1815 703 1868 ldus
736 1814 971 1868 Ce’ratus
1003 1814 1302 1886 episcopus
1336 1820 1521 1881 ornat,

368 1904 575 1958 Urbem
631 1904 731 1975 qui
777 1904 940 1958 fulcit
993 1905 1261 1960 Gratiano
1307 1905 1565 1975 principe
1615 1903 1702 1958 di-

1505 1992 1701 2065 [ctam.

362 2081 640 2137 Nividuno
687 2087 904 2136 civitate
943 2084 1191 2143 Amanti,
1239 2084 1392 2137 Luci.
1451 2085 1519 2136 Et
1568 2083 1702 2152 depo

432 2175 559 2224 sitio
595 2171 736 2223 beati
769 2171 964 2226 Claudi
991 2176 1249 2240 episcopi.

203 2261 237 2309 7
285 2258 501 2311 Paulus
532 2263 797 2328 septenas
822 2261 1033 2329 praesul
1058 2265 1211 2326 tuus,
1237 2260 1348 2313 alta
1379 2259 1628 2330 Byzanti.

208 2345 242 2396 8
287 2343 606 2413 Progenies
669 2343 1056 2415 meritumque
1105 2344 1265 2414 pium
1325 2362 1470 2416 quos
1513 2345 1707 2414 junxit

1491 2451 1546 2487 Θῐ
1586 2451 1678 2487 3P8

290 2519 599 2574 Gildardus
631 2536 796 2574 senas
831 2521 1161 2592 pariterque
1197 2434 1706 2576 Μεάετάιιὲθῖλεῗάἓί

1556 2617 1701 2665 rant.

1556 2617 1701 2665 rant.

363 2697 426 2749 In
490 2696 733 2751 Caesarea
796 2697 1168 2766 Cappadocia,
1217 2700 1448 2753 Luciani
1504 2609 1707 2768 "[iarty-

433 2802 530 2839 nm.

213 2875 246 2925 9
288 2872 505 2936 Quinas
547 2874 771 2928 Primus
803 2875 992 2942 habet,
1021 2876 1222 2946 juncto
1253 2876 1362 2930 sibi
1398 2876 1700 2931 Feliciano.

358 2964 550 3016 Passio
579 2967 754 3016 sancti
791 2966 1037 3019 Vincenti
1064 2969 1347 3032 martyris.

183 3052 249 3102 10
291 3050 522 3114 Quarti?
563 3051 828 3120 Basilide,
862 3059 916 3106 et
966 3053 1054 3106 bis
1110 3054 1255 3107 deno
1287 3058 1534 3123 martyre
1582 3070 1702 3106 ver-

1521 3144 1698 3213 [nant

364 3229 428 3280 In
501 3230 831 3290 Nicomedia,
913 3232 1098 3285 natale
1159 3235 1335 3285 sancti
1409 3232 1699 3286 Zachariw.

429 3316 495 3368 In
537 3316 890 3371 Antisiodoro
940 3317 1203 3386 depositio
1243 3322 1419 3371 sancti
1481 3318 1706 3372 Censuri

432 3407 688 3473 episcopi.

181 3495 239 3545 11
293 3492 582 3546 Barnabas
611 3499 802 3547 ternas
844 3501 1084 3549 exornat
1116 3496 1410 3566 apostolus
1444 3495 1610 3550 Idus.-

352 3583 552 3641 Rom,
587 3584 771 3636 natale
793 3588 1106 3637 sanctorum
1127 3585 1475 3639 Restituti....

430 3671 502 3721 Et
533 3669 669 3723 alibi
699 3671 933 3725 Nabaris
967 3677 1019 3725 et
1038 3674 1247 3726 Felicis.

182 3760 249 3811 l2
289 3757 533 3828 Cyrinus
591 3758 774 3829 pridie
832 3759 1086 3831 etfulget,
1149 3762 1441 3832 Nazarque
1487 3762 1700 3816 Nabar-

1517 3847 1648 3921 [que
1683 3866 1696 3904 :

286 3933 386 3988 His
431 3939 488 3988 et
537 3935 836 3989 Basilidem
881 3946 904 3972 °
950 3936 1091 3990 festo
1147 3937 1430 3991 sociemus
1477 3940 1699 3993 eodem.

185 4025 248 4077 t3
292 4022 424 4077 Idus
456 4023 706 4077 illustrat
729 4025 977 4079 Felicula
1007 4026 1168 4097 virgo
1199 4021 1420 4092 cruore,

291 4113 398 4165 Lac
429 4112 741 4167 Petronilla
768 4114 896 4180 tibi,
931 4115 1171 4169 verbum
1199 4132 1371 4186 quam
1393 4117 1605 4187 junxit,
1647 4122 1704 4171 et

1520 4203 1697 4276 [astas

356 4289 422 4341 In
483 4290 702 4355 Africa,
778 4291 1030 4354 Luciani,
1085 4293 1391 4354 Fortunati,
1452 4294 1698 4348 Crescen-

429 4381 587 4430 tiani.
1090 4396 1094 4400 ε

177 4465 243 4518 14
284 4465 495 4519 Octavo
548 4466 683 4518 Julii
731 4470 790 4519 et
822 4467 971 4520 deuo
1019 4475 1148 4521 ante
1208 4469 1444 4523 exordia
1489 4471 1702 4523 mensis

287 4554 451 4607 Vates
509 4554 728 4608 Eliseus
781 4555 952 4609 simul
1003 4556 1328 4628 Abdiasque
1376 4559 1697 4628 refulgent:

282 4643 383 4695 Hic
413 4659 645 4714 quoque
678 4644 896 4698 Valerio
931 4650 988 4698 et
1015 4645 1222 4700 Ruﬁno
1269 4652 1518 4716 martyre
1554 4663 1699 4717 gau-

1582 4737 1696 4791 det.

1582 4737 1696 4791 det.

353 4820 675 4874 Aurel-lanis
706 4825 944 4888 civitate,
975 4822 1238 4892 depositio
1279 4828 1456 4878 sancti
1489 4736 1700 4878 Arg-iani

425 4913 680 4978 episcopi.
749 4911 816 4963 Et
871 4911 1039 4964 Elisei
1081 4911 1380 4981 prophetae,
1435 4917 1486 4965 et
1553 4915 1695 4967 Feli-

424 4999 578 5052 calas.

180 5089 242 5140 t5
281 5086 533 5156 Septeno
562 5086 711 5141 deno
741 5089 898 5142 Vitus
923 5104 1053 5142 cum
1086 5088 1305 5160 virgine
1332 5089 1487 5143 clara

86 5292 105 5319 ι
139 5282 244 5338 His
285 5288 355 5358 _et_
385 5283 711 5358 Basilidem.
769 5287 829 5339 In
859 5285 1050 5340 codice
1081 5288 1240 5358 Reg,
1279 5290 1373 5342 His
1401 5292 1452 5342 et
1489 5291 1694 5344 Basili-

38 5347 132 5424 (ξένηἲ
165 5371 222 5406 ac
253 5355 298 5406 si
331 5355 566 5408 femine
596 5356 689 5408 hic
723 5357 940 5410 mentio
972 5358 1094 5424 ﬁat,
1132 5347 1236 5411 cui
1261 5375 1471 5412 nomen
1520 5359 1695 5413 fuerit

39 5416 456 5502 Basilide._l_nfra
477 5428 851 5502 quanijunqiit
888 5416 1218 5502 scripsimus
1249 5445 1314 5483 ex
1359 5431 1562 5484 eodem
1595 5447 1693 5484 co-
1802 5416 2065 5502 etBigot.
2104 5432 2168 5485 lu
2214 5431 2390 5501 priori
2442 5416 2712 5494 editione,
2764 5431 3046 5485 Lucena...
3108 5430 3356 5499 Scampio
3401 5416 3497 5483 ‘bis

41 5488 132 5567 dice
155 5502 204 5547 et
232 5512 262 5547 e
287 5488 502 5565 Bigot.,
529 5497 626 5549 ubi
652 5488 948 5567 legebatur
973 5488 1286 5566 conjunccit.

92 5564 110 5601 δ
140 5564 374 5634 Hocque
418 5564 730 5622 Modestusf
782 5569 879 5623 Hic
953 5564 1149 5624 versus
1219 5587 1325 5624 nec
1383 5571 1441 5626 in
1499 5571 1690 5626 codice

41 5627 182 5701 Regio
206 5627 412 5703 exstat,
444 5653 548 5691 nec
579 5638 638 5692 in
672 5639 857 5710 Bigot.

2107 492 2424 562 Margarita,
2458 491 2718 563 martyrii
2739 492 3040 561 splendore
3062 491 3304 545 nitescit.

2104 582 2333 652 Hocque
2373 582 2650 635 Modestus
2693 584 2736 647 b,
2769 586 2826 634 et
2868 581 3018 634 alma
3055 581 3192 634 nitet
3235 581 3508 635 Crescen-

3200 669 3300 739 [tia
3326 669 3505 740 virgo.

2170 761 2233 813 In
2290 761 2478 814 Sicilia
2537 761 2738 818 natale,
2803 763 3113 812 sanctorum
3164 759 3393 812 Modesti
3458 763 3510 812 et

2241 850 2525 902 Crescenti.

1817 939 1937 991 Dies
2016 939 2078 990 16
2118 937 2412 990 Sedecimo
2467 935 2718 1006 Cyricus,
2782 935 2959 989 lulita
3028 950 3159 987 cum
3232 934 3507 1004 genitrice

2096 1026 2367 1080 Clarescit
2395 1041 2529 1078 vera
2569 1023 2778 1079 Christi
2811 1025 3020 1093 pietate
3049 1024 3292 1093 ﬁdeque.

2175 1117 2246 1168 Et
2318 1115 2553 1168 aliorum
2635 1119 2945 1167 sanctor-um
2985 1113 3509 1179 quadringentorum

2239 1207 2565 1269 martyrum.

1987 1290 2052 1343 17
2095 1289 2502 1354 Quindecimus
2549 1295 2769 1360 septem
2819 1289 3359 1359 quinquagenisque
3401 1289 3508 1342 du-

3332 1377 3509 1432 centis

3332 1377 3507 1432 centis

2095 1467 2436 1537 Martyribus
2487 1467 2798 1536 jocuudam
2853 1466 3028 1520 mittit
3095 1467 3161 1520 ad
3209 1376 3361 1519 astria
3413 1482 3507 1520 co-

3254 1552 3504 1624 [ronam.

2101 1642 2388 1710 (Ardentis
2431 1648 2695 1712 penetrat
2751 1659 2980 1713 quoque
3029 1643 3275 1696 Phoebus
3321 1641 3510 1696 sidera

3237 1731 3505 1801 [Cancri.)

2166 1821 2320 1875 Aviti
2349 1822 2673 1890 presbyteri.

1997 1913 2059 1964 l8
2099 1911 2374 1974 Quartum
2425 1927 2555 1964 cum
2593 1911 2742 1964 deno
2796 1909 3045 1979 pretioso
3086 1909 3366 1980 sanguine
3395 1909 3504 1963 fra-

3373 1998 3509 2068 [tres

2102 2085 2494 2141 Marcellianus
2536 2085 2751 2156 pariter
2781 2087 3114 2157 Marcusque
3163 2091 3458 2140 sacrarunt
3492 2102 3506 2140 :

2174 2177 2332 2229 Hunc
2393 2192 2620 2245 quoque
2677 2175 2912 2230 Balbina
2959 2176 3163 2228 lustrat
3210 2175 3509 2228 meritum-

3038 2264 3170 2334 [que
3199 2263 3505 2334 decusque.

1999 2356 2062 2407 19
2105 2353 2402 2406 Gervasius
2464 2358 2551 2406 ter
2609 2352 2820 2406 denum
2882 2351 3285 2422 Protasiusque
3347 2367 3508 2405 coro-

3323 2441 3507 2510 [nant.

1991 2532 2059 2584 2O
2099 2530 2415 2602 Vitalisque
2456 2534 2621 2600 pater
2648 2536 2806 2584 natos
2836 2529 3095 2601 sequitur
3141 2529 3432 2583 duodeno.
3542 2595 3543 2598 η

2097 2620 2326 2684 (Centro
2382 2618 2476 2673 hic
2531 2619 2838 2672 solstitium
2918 2619 3104 2672 medio
3164 2633 3508 2687 summoque

3177 2708 3503 2777 [corruscat.

2098 2797 2238 2850 Tum
2313 2795 2498 2850 Caesar
2573 2795 2871 2858 Ludovice,
2935 2801 3171 2849 cruento
3248 2799 3509 2864 tempore

3273 2883 3505 2954 [functe,

2098 2976 2159 3028 In
2193 2974 2384 3045 plures
2432 2978 2625 3044 partes
2654 2989 2880 3026 cessura
2918 2978 3136 3043 sceptra
3183 2972 3508 3043 relinquis.)

1991 3065 2050 3116 2t
2096 3064 2304 3132 Martyr
2349 3063 2704 3132 Ruliuusque
2753 3062 2982 3116 undeno
3026 3067 3084 3116 et
3130 3061 3332 3116 Marcia
3379 3063 3508 3131 pol-

3343 3150 3504 3219 [lent.

1987 3244 2058 3294 22
2094 3239 2349 3293 Albanus
2384 3239 2603 3293 decimo
2655 3239 2909 3292 defendit
2955 3238 3122 3292 laude
3159 3237 3459 3292 Britannos
3491 3255 3503 3292 :

2097 3329 2487 3398 Paulinusque
2535 3329 2730 3382 Nolam
2782 3327 3003 3381 meritis
3046 3333 3102 3380 et
3136 3326 3371 3380 nomine
3421 3328 3509 3379 lu-

3326 3415 3504 3484 [strat.

2169 3508 2240 3559 Et
2264 3509 2550 3572 octinginti
2577 3510 2930 3574 septuaginta
2971 3520 3156 3558 novem
3214 3508 3502 3570 martyres.

1988 3597 2055 3648 23
2095 3593 2412 3662 Anglorum
2440 3609 2593 3646 nono
2616 3593 2875 3646 Ediltrud
2909 3593 2976 3646 de
2999 3593 3258 3662 germine
3304 3593 3502 3659 fulget.

1988 3684 2058 3735 24
2096 3681 2305 3736 Octavo
2337 3688 2502 3734 natus
2529 3682 2736 3734 colitur
2767 3680 3014 3749 Baptista
3043 3682 3311 3734 Joannes.

1988 3772 2055 3822 25
2092 3769 2334 3838 Septeno
2390 3769 2628 3822 Romam
2687 3768 2888 3820 Luceia
2938 3777 2957 3800 ε
3016 3773 3254 3820 exornat
3309 3781 3504 3819 amore

2095 3857 2298 3911 Sancta
2334 3857 2448 3927 pio,
2494 3856 2579 3909 bis
2610 3855 2757 3909 deno
2786 3861 2842 3908 et
2874 3855 3009 3909 bino
3043 3860 3291 3925 martyre
3322 3855 3453 3908 lmta
3487 3870 3501 3906 :

2093 3947 2208 4000 Rex
2255 3946 2466 4015 quibus
2511 3944 2709 3998 Aceias
2765 3944 2917 3998 socio
2965 3945 3205 3998 collucet
3261 3944 3500 3997 honore.

2163 4037 2235 4087 Et
2258 4035 2443 4087 natale
2466 4037 2640 4087 sancti
2669 4033 2912 4087 Amandi
2932 4034 3272 4099 confessoris.

1987 4126 2056 4177 26
2107 4123 2339 4178 Sextum
2393 4132 2610 4194 martyr
2660 4122 2832 4176 habet
2876 4122 3086 4177 Paulus
3123 4120 3293 4174 simul
3333 4123 3504 4190 atque

3216 4211 3502 4280 [Joannes,

2093 4301 2384 4369 Germine,
2431 4316 2648 4362 amore,
2679 4300 2814 4362 tide,
2855 4299 3085 4367 virtute,
3134 4303 3191 4354 et
3223 4298 3504 4368 sanguine

3231 4387 3455 4457 [fratres
3489 4404 3500 4438 :

2096 4479 2238 4530 Cum
2274 4478 2482 4548 quibus
2507 4483 2750 4549 augusto
2772 4477 2958 4531 radiat
2981 4476 3312 4530 Constantia
3332 4479 3501 4529 serto.

2169 4567 2550 4621 Thessalonica
2615 4571 2851 4625 civitate,
2904 4567 3083 4618 Luciz
3139 4569 3388 4632 virginis,
3454 4568 3506 4616 et

2234 4655 2443 4708 Avietz
2475 4659 2637 4722 regis.
2687 4656 2755 4706 Et
2791 4656 2966 4706 sancti
3005 4654 3178 4707 Saleii
3220 4656 3499 4719 martyris.

1985 4745 2052 4796 27
2095 4744 2427 4812 Hesperiam
2449 4743 2648 4813 quinto
2680 4741 2915 4795 antistes
2946 4747 3276 4811 martyrque
3302 4741 3503 4794 Zoelus

2092 4831 2434 4902 Martyribus
2481 4830 2736 4884 cumulat
2773 4829 3008 4898 junctus
3063 4828 3339 4897 denisque
3395 4844 3501 4882 no-

3213 4916 3496 4986 [vemque.

2164 5010 2226 5063 In
2273 5008 2519 5075 Spaniis,
2571 5007 2885 5072 Criscentis,
2919 5005 3148 5068 Juliani,
3217 5003 3499 5059 Clementis

2228 5101 2278 5148 et
2301 5095 2623 5150 Marcellini.

1870 5303 1893 5328 ε
1931 5294 2154 5346 Romam
2231 5291 2448 5343 Luccia.
2525 5291 2686 5344 Hunc
2756 5303 2985 5341 versum
3055 5303 3120 5341 ac
3189 5289 3498 5358 sequentes

1803 5363 1946 5418 duos
1976 5361 2054 5414 ita
2084 5361 2370 5415 edidimus
2403 5366 2466 5413 ut
2487 5359 2758 5429 descripti
2791 5365 2925 5413 sunt
2981 5360 3040 5413 in
3099 5358 3264 5412 codd.
3317 5358 3496 5429 Regio

1803 5505 2002 5558 dena...
2033 5502 2098 5555 de
2123 5503 2320 5570 quibus
2344 5504 2563 5556 Accias.
