3846 6244
1425 363 2044 422 MARTYROLOGIUM.
3370 373 3472 426 606

227 481 551 541 Scillitana
603 489 772 546 simul
804 504 826 528 ³
876 494 1048 565 capiti
1078 512 1221 566 quos
1259 498 1444 567 patria
1490 498 1664 552 misit.
1704 501 1752 552 A

329 579 660 643 Mediolano,
730 585 915 636 natale
964 590 1140 639 sancti
1193 589 1451 642 Marcelli.
1504 591 1670 642 Anti-

399 667 635 728 siodoro,
692 670 954 737 depositio
1009 672 1153 725 beati
1216 674 1498 733 Theodosii
1555 677 1668 745 epi-

397 772 565 826 scopi.

17 853 24 882 :
83 840 159 890 l8
236 839 702 904 Quindecimam
752 848 999 918 genitrix
1041 856 1277 922 septena
1310 855 1469 924 prole
1516 855 1666 909 dica-

1544 943 1667 1014 [vit,

236 1018 649 1090 Symphorosa
679 1023 776 1092 pio
807 1025 1022 1095 pariter
1049 1043 1179 1082 cum
1216 1030 1474 1100 germine
1502 1047 1666 1084 caesa.

231 1106 558 1172 (Fervidus
598 1111 851 1165 ardentis
904 1115 1045 1184 petit
1075 1116 1182 1170 hac
1231 1118 1312 1171 sol
1345 1118 1508 1189 signa
1551 1120 1668 1172 leo-

1538 1206 1668 1275 nis.)

1508 1205 1666 1278 [nis.)

107 1284 179 1333 19
226 1283 530 1338 Arsenius
563 1291 826 1358 quartam
860 1289 1182 1362 denamque
1212 1295 1450 1348 eremita
1488 1310 1666 1348 venu-

1516 1384 1665 1454 [stat.

327 1462 396 1515 In
455 1464 678 1532 Spaniis
732 1468 916 1520 natale
972 1474 1148 1522 sancti
1196 1471 1360 1524 Justi.
1410 1471 1670 1537 Lugduni

399 1549 539 1604 Gall.
576 1554 760 1606 natale
788 1558 965 1608 saucti
991 1557 1199 1610 Rustici
1223 1558 1548 1625 presbyteri.

395 1644 618 1694 ternam
677 1641 884 1696 denam
941 1647 968 1686 ι)
1033 1645 1377 1700 Philibertus
1443 1651 1669 1699 sanctus

1377 1733 1662 1804 [adornat.

102 1637 316 1691 20Et

323 1816 398 1867 Et
429 1818 614 1870 natale
640 1819 806 1880 Petri,
830 1819 1121 1873 Amabilis.

105 1904 177 1954 2t
237 1903 532 1957 Praxedis
585 1905 849 1959 duodena
902 1907 1136 1979 effulget
1185 1908 1442 1979 virginis,
1499 1914 1668 1980 atque

235 1991 561 2060 Propheta;
623 1993 874 2047 Danielis
929 1997 1190 2062 nomine,
1232 1997 1367 2062 tine,
1419 1997 1663 2067 ﬁdeque.

113 2086 189 2136 '22
239 2084 634 2139 Undecimam
692 2087 913 2142 Christo
959 2089 1090 2142 felix
1142 2089 1450 2144 miserante
1498 2089 1668 2144 Maria

240 2171 456 2240 Ornat,
490 2181 729 2245 septeno
767 2177 951 2230 caruit
982 2194 1109 2248 quae
1148 2177 1432 2247 daemone,
1464 2192 1666 2249 quam-

235 2347 510 2420 Mugdala
539 2351 905 2420 progenitam
937 2352 1126 2422 signat
1158 2353 1500 2424 cognomine
1529 2265 1667 2408 [Erl]:

1539 2443 1630 2514 [go
1643 2485 1657 2498 .

244 2525 629 2596 Vandregisle
661 2526 762 2580 tibi
790 2527 895 2581 hac
943 2529 1352 2584 monachorum
1400 2537 1530 2585 vota
1576 2549 1667 2586 re-

1380 2617 1662 2690 [currunt.

325 2703 397 2754 Et
419 2704 605 2756 natale
632 2708 834 2757 sanctae
871 2707 1060 2760 Mariae
1086 2707 1441 2774 Magdalenen.

127 2792 199 2843 23
247 2789 398 2843 Hinc
429 2789 712 2844 decimam
745 2793 1052 2861 praeclarus
1089 2795 1435 2863 Apollinaris
1489 2794 1663 2848 hono-

1533 2885 1550 2954 [
1557 2888 1662 2938 rat.

321 2969 522 3029 Rome,
573 2971 665 3022 via
717 2970 1024 3033 Tiburtina,
1075 2974 1256 3025 natale
1302 2977 1477 3027 sancti
1532 2976 1665 3028 Vin-

397 3058 578 3108 centii.
632 3059 736 3111 Via
772 3059 970 3120 Acuta,
1024 3060 1206 3112 natale
1248 3064 1423 3114 sancti
1455 3063 1662 3114 Pri-mi-
1705 3091 1745 3143 ρ

396 3148 513 3198 tivi.

135 3233 204 3286 2i
247 3233 383 3286 Mox
432 3247 649 3286 nonam
715 3232 1016 3302 Christina,
1067 3235 1293 3305 Aquila,
1369 3240 1426 3289 et
1473 3236 1667 3291 Niceta

1323 3325 1660 3394 [sacrarunt.

317 3409 385 3460 In
437 3409 703 3462 Armenia
753 3413 988 3470 civitate,
1039 3412 1222 3465 natale
1269 3417 1444 3466 sancti
1499 3415 1666 3467 Victo-

397 3511 473 3549 ris
482 3537 494 3547 .

136 3583 202 3634 25
244 3582 522 3637 Octavam
555 3584 795 3638 Jacobus
824 3584 1079 3640 Zebedaii
1109 3585 1258 3640 ﬁlius
1290 3593 1475 3654 ornat,

244 3671 479 3725 Primus
535 3672 915 3741 apostolicum
972 3689 1104 3727 vero
1151 3690 1256 3744 pro
1305 3676 1457 3746 Rege
1495 3693 1659 3730 cruo-

1540 3781 1662 3820 rem

239 3848 355 3912 Qui
405 3847 598 3902 dedit:
650 3849 804 3902 hunc
853 3848 1115 3915 Cucufas,
1167 3763 1661 3924 Christoforugﬁfd

1299 3940 1657 4011 [sequuntur.

139 4024 204 4076 26
240 4022 568 4092 Septimum
646 4023 928 4078 Adrianus
1007 4030 1182 4093 tenet,
1285 4025 1661 4098 IEmiliusque

1458 4117 1627 4187 [beati
1647 4139 1662 4187 ;

244 4202 571 4257 Marcianus
618 4217 749 4256 cum
806 4202 935 4274 quis
982 4203 1170 4259 simile
1213 4204 1421 4260 virtute
1464 4208 1663 4262 trium-

319 4377 384 4430 ln
442 4376 716 4430 Laudacie
756 4379 918 4444 frige,
969 4379 1154 4432 natale
1199 4293 1666 4437 sanctorudiphji:

393 4465 550 4524 liani,
579 4465 788 4525 Felicis,
825 4467 1052 4519 Maximi
1073 4471 1122 4519 et
1151 4467 1458 4522 Saturnini.

143 4555 204 4607 27
247 4553 554 4624 Presbyter
622 4553 959 4608 Hermolaus
1034 4563 1055 4589 °
1110 4560 1264 4610 sexta
1331 4563 1660 4630 martyrque

1362 4653 1657 4722 [coruscat.

317 4736 382 4789 In
430 4736 614 4804 Syria,
657 4741 956 4805 assumptio
1001 4742 1177 4791 sancti
1238 4739 1500 4795 Simeonis
1545 4759 1658 4797 mo-

390 4824 571 4879 nachi.
635 4827 706 4877 Et
759 4825 1023 4894 depositio
1079 4829 1256 4880 sancti
1317 4830 1490 4882 Eteri
1545 4835 1656 4899 epi-

387 4927 556 4965 SCODl.

387 4929 476 4965 sco
519 4929 556 4965 ι.

145 4999 204 5052 28
242 4929 521 5064 Quinta:
601 4999 874 5053 Nazarius
932 5016 1062 5054 cum
1138 5001 1298 5056 Celso
1357 5004 1655 5072 possidet:

1374 5091 1660 5160 [hancque

238 5173 556 5227 Pantaleon
609 5177 826 5245 martyr
875 5175 1108 5247 proprio
1165 5176 1274 5231 sibi
1321 5177 1500 5232 sancit
1549 5178 1658 5232 ho-

1436 5265 1600 5335 [nore
1638 5283 1651 5321 :

70 5401 404 5476 fScillitana
445 5404 643 5476 simul.
705 5402 802 5458 Six
861 5403 1036 5458 codex
1095 5405 1258 5476 Reg,
1326 5407 1654 5472 emendate;

26 5477 140 5544 prior
158 5474 321 5526 editio
352 5474 656 5534 Sullitana,
690 5479 976 5544 corrupte.

74 5538 161 5615 bl?!
203 5550 415 5598 ter-nam
461 5544 676 5598 denum.
713 5545 779 5598 In
811 5538 935 5615 ejus
978 5561 1172 5600 versus
1202 5547 1392 5602 locum
1426 5547 1516 5601 hic
1559 5549 1656 5602 de~

26 5617 208 5679 scriptus
236 5620 322 5670 est
349 5615 412 5669 in
438 5615 631 5669 codice
661 5616 803 5686 Reg.
843 5632 857 5670 :

2067 499 2354 569 Insignem
2387 502 2607 556 meritis
2641 501 2788 556 Petri
2822 502 3095 574 Paulique
3121 502 3302 557 beatis

2065 589 2277 642 Praesul
2323 590 2610 644 Romanus
2656 591 2974 661 Stephanus
3021 597 3140 645 tum
3179 598 3470 648 consecrat

3263 681 3464 751 [aram,

2060 764 2294 834 Templa
2328 782 2456 835 qum
2487 766 2737 836 Dionysii
2771 773 3058 835 gemmata
3093 769 3359 838 refulget,

2060 853 2250 924 Signis
2299 855 2560 923 martyrii
2593 856 2870 922 monitus,
2915 856 3163 927 visisque
3214 858 3464 927 ﬁdeque.

1777 943 1901 994 Dies
1940 944 2008 994 29
2063 943 2233 1008 Felix,
2293 943 2638 1014 Simplicius,
2675 944 2974 998 Faustinus
3025 949 3082 997 et
3135 946 3285 998 alma
3336 946 3469 998 Bea-

3316 1034 3468 1106 [trix,

2063 1121 2420 1192 Tricassique
2482 1123 2674 1194 Lupus
2743 1127 3006 1193 quartam
3085 1122 3470 1176 communiter

3219 1211 3466 1280 [aurant.

2133 1300 2310 1354 Romae
2339 1304 2430 1352 via
2462 1301 2725 1354 Puerinse
2767 1301 2951 1353 natale
2980 1302 3292 1352 sanctorum
3334 1299 3470 1354 Sim-

2194 1390 2371 1456 plicii,
2431 1391 2682 1442 Faustini
2737 1394 2786 1441 et
2834 1391 3112 1442 Beatricis.
3170 1390 3239 1441 Et
3286 1388 3470 1441 natale

2200 1480 2376 1529 sancti
2400 1478 2610 1530 Felicis.

1955 1565 2022 1617 30
2059 1562 2279 1626 Abdon,
2329 1571 2386 1618 et
2415 1565 2663 1619 Sennem
2707 1565 2969 1635 designat
3011 1564 3179 1618 tertia
3220 1568 3465 1630 sanctos,

2062 1651 2243 1722 Regni
2285 1669 2429 1722 quos
2463 1654 2661 1708 Romae
2691 1654 2894 1707 tribuit
2923 1654 2992 1708 de
3025 1653 3286 1724 germine
3325 1655 3468 1707 Per-

3345 1739 3463 1810 [sis.

1955 1829 2015 1880 3i
2064 1828 2315 1898 Martyrii
2346 1829 2530 1899 pridie
2567 1831 2801 1885 Fabium
2830 1832 2922 1901 pia
2953 1831 3136 1900 gloria
3163 1829 3322 1883 texit.

2059 1917 2242 1971 Julius
2286 1917 2407 1972 haec
2439 1920 2567 1975 orbi
2599 1921 2874 1974 excedens
2906 1918 3187 1973 solemnia
3233 1915 3462 1987 linquit.

2130 2007 2192 2060 In
2246 2008 2444 2072 Africa
2489 2010 2723 2068 civitate,
2775 2010 3010 2062 natalem
3039 2009 3348 2061 sancto-rum
3379 2004 3470 2058 Se-

2202 2095 2387 2154 cundi,
2449 2099 2716 2162 Dionysii.
2775 2095 3146 2156 Antisiodoro,
3200 2094 3466 2162 depositio

2203 2184 2457 2239 Germani
2483 2187 2736 2253 episcopi.

2425 2368 2804 2423 AUGUSTUS.

2058 2543 2351 2610 Augustus
2396 2539 2628 2593 demum
2658 2538 2832 2608 pleno
2861 2538 2980 2608 jam
3021 2537 3168 2591 farre
3203 2536 3464 2601 refertus,

2058 2627 2195 2691 Quis
2225 2643 2370 2680 nova
2400 2641 2558 2680 sacra
2596 2628 2760 2694 ferat,
2803 2629 3189 2679 monstremus
3216 2622 3468 2676 carmine

3197 2709 3462 2782 [sanctos.

1775 2810 1901 2861 Dies
1985 2809 2000 2858 ι
2059 2805 2210 2868 Quos
2257 2805 2410 2858 ferus
2454 2803 2512 2856 in
2547 2807 2788 2856 mortem
2830 2800 3137 2856 Antiochus
3174 2815 3303 2852 cum
3345 2815 3465 2852 ma-

3085 2888 3191 2958 [tre
3213 2887 3462 2956 subegit,

2058 2978 2310 3031 Venturo
2354 2993 2608 3048 sanguen
2654 2976 2752 3048 qui
2804 2975 3024 3029 Christo
3072 2978 3272 3043 sponte
3313 2971 3464 3025 dica-

3287 3060 3461 3130 [runt,

2060 3157 2344 3224 Augustas
2378 3152 2628 3206 retinent
2657 3150 2962 3206 Machabaei
2999 3150 3128 3220 jure
3161 3148 3462 3206 Kalendas.

2057 3244 2290 3295 Carcere
2322 3241 2500 3295 Roma
2567 3240 2798 3291 Petrum
2845 3237 3093 3290 celebrat
3153 3235 3464 3305 vinclisque

3095 3323 3416 3394 [reductum
3446 3337 3459 3376 :

2060 3416 2480 3487 Eusebiumque
2532 3431 2700 3468 suum
2753 3413 2984 3467 Vercelli
3032 3411 3139 3466 rite
3198 3412 3462 3480 frequen-

3291 3497 3454 3566 [tant.

2126 3594 2189 3646 In
2245 3593 2515 3646 Bituricus
2568 3594 2803 3650 civitate,
2859 3590 3000 3641 beati
3048 3587 3294 3640 Archo-di
3345 3589 3458 3653 epi-

2198 3696 2365 3748 scopi.

1983 3773 2016 3823 2
2054 3770 2348 3823 Nonarum
2403 3765 2722 3836 Stephanus
2795 3769 3120 3834 martyrque
3179 3768 3237 3816 et
3313 3777 3462 3831 papa

3243 3850 3462 3921 [beatus

2055 3945 2266 4010 Quarto
2299 3944 2511 3998 festivae
2537 3942 2737 3996 tribuit
2765 3941 2861 4012 pia
2893 3941 3103 4011 gaudia
3129 3940 3340 3994 Romae.

1984 4037 2014 4089 3
2053 4036 2235 4089 Terno
2290 4050 2421 4088 mox
2472 4031 2679 4086 colitur
2728 4028 3001 4100 Stephani
3058 4029 3313 4082 solemne
3369 4041 3462 4080 re-

3267 4113 3457 4184 [per-ti,

2057 4209 2281 4264 Primus
2333 4209 2434 4281 qui
2488 4212 2728 4262 mortem
2777 4205 2984 4262 Christi
3033 4210 3118 4260 est
3164 4203 3461 4259 moriendo

3165 4294 3412 4365 [secutus
3446 4305 3457 4344 :

2060 4384 2354 4450 Gamaliel,
2425 4384 2782 4448 Nicodamus,
2839 4382 3067 4438 Abidon
3133 4382 3462 4452 pariterque

2054 4473 2302 4540 Inventi,
2338 4478 2470 4527 voto
2499 4473 2720 4543 fulgent
2746 4477 2802 4526 et
2828 4471 2994 4526 laude
3019 4469 3280 4541 perenni.

1982 4563 2016 4618 4
2053 4563 2305 4617 Justinus
2363 4563 2547 4633 pridie
2594 4560 2829 4632 proprio
2879 4561 3198 4614 celebratur
3241 4558 3460 4612 honore

2054 4653 2378 4722 Presbyter,
2415 4651 2747 4705 innumeros
2782 4654 3102 4702 sanctorum
3135 4646 3289 4700 ccede
3329 4660 3461 4716 per-

3212 4733 3461 4802 [emptos

2053 4827 2280 4882 Crudeli
2313 4825 2619 4896 exquirens
2650 4823 2886 4877 tumulis
2916 4821 3013 4891 qui
3039 4819 3455 4874 condecoravit.

2121 4915 2397 4968 Dedicatio
2421 4917 2596 4966 sancti
2623 4913 2848 4964 Joannis
2876 4908 3234 4974 evangelista.

1981 5004 2012 5054 5
2052 5001 2241 5054 Nonas
2279 5001 2576 5065 Casianus,
2611 4997 2928 5060 Memmius,
2965 5003 3136 5066 atque
3185 4996 3459 5050 Osvaldus

2051 5088 2165 5142 Rex
2217 5089 2344 5158 pius
2411 5087 2749 5156 Anglorum,
2813 5083 3016 5138 merito
3091 5083 3303 5136 virtute
3367 5099 3458 5138 re-

3187 5172 3453 5242 [tentant.

2119 5267 2183 5318 In
2245 5268 2461 5318 civitate
2529 5261 2938 5328 Augustiduno,
2998 5265 3186 5328 passio
3257 5269 3459 5318 sanetae

1829 5404 2055 5454 Sabinus
2085 5408 2295 5453 ternum
2322 5403 2623 5464 denumque
2647 5401 2776 5464 petit
2797 5400 3080 5460 Lucianus,

1767 5491 1936 5547 quem
1970 5475 2199 5545 quidem
2229 5473 2660 5547 supposititium
2683 5488 2803 5525 esse
2835 5471 3058 5540 opinor.

1835 5555 1856 5579 ο
1903 5541 2190 5614 Presbyter
2238 5541 2578 5598 Hermolaus.
2635 5543 2698 5595 In
2752 5547 2998 5612 utroque
3052 5541 3270 5609 codice,
3330 5547 3461 5600 Her-

1765 5617 1993 5671 metuas.
