3846 6244
357 254 457 306 607

1437 253 1946 308 WANDALBERTI
1987 251 2417 308 PRUMIENSIS
2455 252 2770 308 MONACHI

780 391 972 459 Aﬂ'rz.
1021 393 1090 443 Et
1139 395 1315 444 sancti
1366 391 1616 446 Cassiani
1663 395 1915 459 episcopi.
1973 393 2045 444 Et
2079 389 2126 442 A

783 479 1052 533 dedicatio
1083 483 1282 533 sancta:
1308 481 1516 536 Maria.

355 573 480 624 Dies
553 571 584 623 6
643 568 839 624 Idibus
886 570 1103 623 octonis
1153 575 1394 623 mortem
1427 586 1662 640 passura
1707 585 2047 640 crucemquc

645 657 858 712 Christi
913 661 1107 712 sancta
1159 675 1291 712 caro
1344 659 1652 712 aatheream
1709 659 1865 713 dedit
1917 663 2048 712 ante

631 813 642 822 _
1734 746 2002 816 [figuram
2032 763 2044 800 :

641 832 856 886 Prassul
891 836 946 885 et
976 832 1063 886 his
1110 833 1296 888 Sixtus
1325 835 1522 888 Romae
1589 840 1917 905 martyrque
1965 849 2050 888 co-

1789 922 2044 993 ﬂendus;

2511 393 2576 444 In
2631 392 2995 453 Alexandria,
3044 393 3231 445 natale
3283 395 3640 445 sanctorum
3681 393 3788 448 (rei

2585 483 2636 532 et
2665 480 2912 546 Agnatii.

2157 567 2282 619 Dies
2325 569 2384 620 t7
2442 567 2684 636 Martyre
2721 567 3006 620 sedecima
3031 567 3268 638 effulget
3317 567 3664 622 Mammete
3701 566 3788 646 beat

2511 674 2584 724 Et
2609 677 2798 726 octava
2828 673 2883 727 S.
2917 674 3202 727 Laurentii
3233 675 3564 738 Martyris.

2340 761 2404 814 18
2445 759 2721 829 Agapitus
2747 760 3007 830 quintam
3037 760 3318 814 decimam
3342 757 3696 814 certamine
3717 773 3788 816 sas

2442 847 2709 916 (Erigone
2741 848 2832 901 hic
2865 849 3074 902 Phoebo
3104 849 3280 901 sociat
3307 865 3430 900 sua
3463 847 3668 900 sidera
3697 847 3788 916 vra

2345 939 2403 988 19
2444 936 2680 1005 Magnus
2753 939 2809 988 et
2863 935 3116 989 Andreas
3171 941 3390 1006 quarta
3455 936 3728 1004 denaque
3769 955 3788 988 α

639 1009 810 1062 Juxta
856 1012 912 1061 et
959 1009 1360 1075 Felicissimus,
1410 1010 1800 1081 Agapitusqne
1843 1010 2047 1064 trium-
3625 1023 3788 1090 [tuseu

1822 1099 2044 1168 [Phant-
2440 1109 2664 1178 Septem
2701 1110 3013 1179 nonaginta
3055 1114 3112 1163 et
3155 1109 3490 1180 quingenti
3549 1111 3788 1164 comitant

641 1184 760 1254 [His
799 1200 1030 1257 quoque
1073 1193 1430 1257 consurgunt
1472 1187 1737 1242 autumni
1785 1192 2049 1255 tempora
2441 1197 2594 1260 Quos
2639 1197 2854 1266 pariter
2911 1199 3138 1252 sancti:
3189 1199 3360 1252 simul
3423 1199 3550 1250 hos
3599 1197 3684 1250 his
3729 1197 3788 1252 mil

1850 1273 2046 1343 [laeta]
3519 1285 3788 1355 [sequuntu

714 1381 780 1431 Et
805 1382 986 1432 natale
1017 1386 1192 1434 sancti
1223 1382 1487 1435 Androsii
1507 1385 1785 1449 martyris.

571 1469 600 1519 7
641 1465 915 1535 Septenas
955 1469 1172 1538 pariter
1217 1471 1469 1523 Donatus
1509 1476 1562 1522 et
1603 1470 1734 1522 Afra
1785 1469 2043 1522 bearunt.

2513 1386 2582 1437 Et
2621 1389 2797 1438 sancti
2833 1387 3017 1452 Magni
3055 1389 3338 1452 martyris.
3395 1385 3716 1452 Apparitia
3755 1399 3787 1433 si

2585 1477 2681 1526 οἰκ
2743 1478 2937 1527 crucis.
3008 1475 3078 1525 Et
3139 1475 3322 1526 natale
3391 1473 3711 1542 Alpinium
3747 1489 3788 1520 κεπτ

713 1573 778 1626 In
828 1575 1042 1634 Tuscia,
1109 1579 1328 1628 civitate
1375 1575 1592 1636 Arecia,
1641 1576 1827 1630 natale
1874 1575 2049 1628 sancti
2582 1563 2833 1628 Γεδεονίει

785 1666 984 1717 Donati
1041 1669 1294 1733 episcopi.
1339 1667 1411 1718 Et
1455 1667 1639 1719 natale
1689 1666 1864 1719 sancti
1912 1666 2049 1718 Fau-
2092 1686 2129 1739 Β
2339 1660 2407 1712 20
2447 1659 2510 1713 Et
2552 1664 2777 1712 ternam
2822 1659 3028 1714 denam
3054 1669 3076 1695 ο
3133 1659 3460 1714 Filibertus
3511 1661 3732 1711 sanctas
3767 1673 3788 1710 ε

790 1755 939 1804 stini.
3681 1745 3788 1814 fora:

574 1858 605 1908 8
645 1853 968 1909 Ethereum
1023 1857 1174 1910 senis
1224 1863 1490 1928 penetrat
1549 1856 1813 1929 Cyriacus
1878 1857 2051 1911 hono-

2443 1836 2630 1890 Tertia
2661 1840 2790 1906 post
2815 1837 3021 1892 denam
3048 1838 3313 1894 Samuele
3334 1837 3626 1900 excellet,
3657 1834 3719 1888 ab
3739 1834 3788 1904 ipa

1885 1945 2047 2014 [mm-
2445 1924 2626 1988 Quem
2651 1925 2893 1979 Domino
2917 1925 3078 1979 cunis
3104 1925 3346 1994 genitrix
3371 1925 3606 1978 devota
3627 1924 3788 1974 sacrari

2519 2033 2582 2083 In
2629 2031 2991 2092 Alexandria,
3043 2033 3228 2084 natale
3264 2035 3454 2084 sancti
3503 2027 3788 2083 Dioscorti

2589 2123 2648 2171 in
2695 2121 2949 2173 Toronico
2997 2123 3194 2180 castro,
3233 2123 3416 2172 sancti
3467 2119 3704 2171 Maximi”
3743 2131 3788 2158 ι-ει

2589 2209 2812 2273 fesso-ris
2824 2249 2834 2259 .

2341 2297 2400 2348 21
2449 2295 2708 2365 Martyris
2777 2295 2911 2348 hinc
2983 2295 3246 2348 duodena
3309 2293 3538 2348 Privati
3599 2291 3788 2361 sanguit

3637 2381 3788 2434 [γει-ηε

719 2051 788 2102 Et
815 2054 874 2104 in
902 2053 1215 2107 Nicomedia
1244 2053 1428 2106 natale
1453 2055 1782 2111 sanctorum,
1817 2049 2046 2108 Juliani,

789 2141 1008 2194 Nazari.

574 2245 604 2294 9
645 2243 938 2297 Romanus
981 2245 1173 2316 quinis
1207 2251 1440 2318 martyr,
1476 2245 1754 2315 milesque
1784 2240 2048 2311 refulget.

717 2349 778 2400 In
800 2349 1022 2416 jejunia
1050 2357 1224 2405 sancti
1261 2355 1566 2406 Laurentii.
1599 2353 1777 2404 Romae
1805 2353 1864 2400 in
1898 2349 2049 2400 cimi-

788 2444 939 2500 terio,
1001 2441 1262 2510 depositio
1315 2444 1490 2494 sancti
1544 2442 1756 2494 Dionisi
1801 2437 2052 2505 episcopi.

1054 2481 1756 2548 r31:,"‘:;ﬁjf_'__:j""'"
1802 2481 2052 2505 “’¹””“¹’”
2517 2481 2580 2532 In
2647 2481 2890 2534 Lucania
2947 2483 3230 2548 provincia
3303 2481 3502 2533 natale
3567 2483 3788 2532 sanet-ira

793 2529 860 2580 Et
888 2533 1062 2581 sancti
1094 2531 1320 2583 Martini
1346 2531 1642 2582 Brivensis.

2596 2567 2894 2630 Valentini,
2925 2569 3132 2630 Leonti,

545 2635 610 2686 10
647 2632 873 2733 puertis
904 2634 1172 2732 Laurenti
1219 2634 1424 2688 merito
1457 2632 1803 2731 splendescis
1832 2637 2052 2731 optino,
2342 2662 2411 2716 22
2453 2661 2821 2716 undecimam
2875 2663 3067 2716 Romae
3125 2663 3467 2717 Timotheus
3525 2677 3716 2733 passus
3753 2663 3788 2710 hs

645 2721 844 2789 Ignem
889 2723 985 2792 qui
1018 2739 1217 2792 passus
1245 2728 1520 2776 tortorem
1553 2722 1732 2776 vincis
1763 2721 2052 2790 iniquum,

3637 2749 3646 2794 l
3659 2755 3784 2800 norat

716 2829 786 2879 Et
841 2831 898 2880 in
953 2833 1042 2882 via
1093 2830 1282 2899 Appia
1321 2831 1639 2883 Felicissimi
1683 2833 1734 2882 et
1774 2829 2050 2882 Januarii.
2450 2839 2846 2909 Eduatumque
2877 2855 3043 2892 suum
3095 2839 3344 2894 celebrat
3387 2840 3559 2910 plebs
3589 2807 3788 2908 si-mphd

543 2917 596 2966 11
645 2913 843 2968 Ternis
891 2916 1110 2987 ﬂosque
1164 2919 1446 2987 decusque
1498 2915 1660 2987 pium
1703 2915 1850 2985 petis
1902 2919 2054 2967 astra
2101 2982 2133 2994 Α
3596 2924 3788 2994 [rianum

1765 3001 2052 3073 ['I‘yburti;
2095 2982 2135 3038 Ο

647 3091 756 3144 Has
805 3097 860 3146 et
908 3093 1181 3147 Gauricus
1223 3092 1512 3147 confessor
1557 3091 1814 3162 possidet
1849 3091 2055 3155 almus,

649 3177 912 3232 Rusticus
963 3196 1027 3232 ac
1079 3189 1104 3214 ι

2451 3015 2623 3069 Mater
2638 3031 2810 3084 quem
2832 3015 3052 3070 Christo
3085 3015 3300 3085 pariter
3326 3015 3616 3068 moritura
3635 3009 3788 3066 dicant

2341 3105 2409 3156 23
2451 3101 2652 3157 Lucius
2719 3108 2774 3154 et
2833 3103 3174 3156 Ptolomasus
3229 3102 3441 3156 denam
3503 3100 3702 3154 virtute
3745 3111 3788 3146 cc

1159 3181 1381 3234 Firmus
1439 3181 1723 3233 Veronam
1779 3177 2055 3249 sanguine
3599 3189 3776 3258 [coram

1769 3267 2051 3336 [lustrant-
2449 3279 2742 3334 Ornantur
2786 3278 3022 3332 Rhemis
3075 3277 3430 3344 Timotheus,
3491 3273 3788 3347 Apollinaris

545 3355 608 3406 t2
649 3354 898 3426 Martyrii
928 3357 1177 3428 palmam
1214 3356 1396 3428 pridie
1430 3358 1586 3429 capis
1633 3359 1813 3428 Euple
1849 3371 2055 3442 peren-
3695 3363 3788 3430 :qu-c

1853 3444 2054 3514 [Hemi
2343 3456 2412 3509 24
2453 3454 2906 3508 Βετῑὴοιοωωιιε
2955 3469 3169 3508 nonam
3223 3459 3468 3509 exornat
3535 3452 3788 3515 retinetqua

647 3532 1015 3604 Andreloque
1085 3551 1221 3587 suus
1280 3536 1304 3577 b
1371 3535 1581 3604 gaudet
1639 3539 1775 3588 tunc
1843 3537 2058 3601 martyr
3619 3539 3788 3608 [beatus

1814 3622 2051 3699 [Gallusg

2451 3629 2615 3684 India
2643 3645 2756 3698 quo
2787 3629 3017 3683 doctore
3045 3630 3144 3684 Dei
3171 3629 3438 3699 cognovit
3468 3630 3742 3682 honorem.

649 3707 836 3762 Edidit
885 3709 1038 3764 hunc
1097 3712 1362 3783 Smyrna,
1411 3711 1675 3766 Rhodani
1722 3710 1819 3764 sed
1867 3695 2059 3762 ὶῖῖῐοτᾶ
2453 3695 2705 3772 Herculis
2749 3723 2805 3770 et
2836 3717 3036 3770 Bacchi
3063 3695 3280 3770 insanis
3319 3719 3414 3770 vix
3449 3721 3612 3770 eruta
3656 3710 3787 3766 sacris

1785 3799 2053 3868 [servant
2449 3807 2610 3860 Nunc
2635 3805 2798 3858 illum
2827 3805 2979 3858 fama
3000 3811 3084 3859 est
3114 3807 3268 3858 varia
3289 3821 3394 3875 pro
3417 3810 3572 3860 sorte
3591 3795 3788 3871 sepulcri

715 3907 893 3960 Romae
925 3909 1107 3960 natale
1147 3909 1455 3962 sanctorum
1485 3906 1730 3962 Grisanti
1759 3909 1809 3958 et
1855 3907 2054 3960 Duriae.
2449 3894 2686 3947 Ᾰτῖυὶίεω
2719 3893 2982 3963 Liparen,
3009 3893 3316 3948 Beneventi
3337 3899 3394 3947 et
3411 3895 3622 3964 ῐθωριε
3641 3898 3788 3943 “ne”

547 3993 609 4044 13
653 3991 845 4044 Idibus
925 3994 1297 4064 Hippolytum
1366 3994 1634 4047 comitem
1720 3993 2060 4048 Laurentius
2446 3983 2590 4036 Tum
2647 3997 2877 4052 quoque
2937 3982 3176 4037 Genesio
3227 3983 3559 4052 resplendet
3611 3983 3788 4136 garum

1871 4082 2058 4136 [astris
3677 4079 3774 4116 0"“

1894 4082 2058 4135 astris
3615 4079 3774 4135 [κοίτη

1894 4082 2051 4135 astris

649 4169 756 4220 Pro
785 4167 1007 4221 Christo
1040 4169 1206 4238 parili
1231 4169 1434 4238 recipit
1464 4169 1775 4223 certamine
1802 4082 2051 4240 pa[ssum.

3635 4082 3774 4120 110m:

2449 4157 2794 4211 Audoenum
2837 4161 3078 4228 tumque
3127 4155 3290 4226 pium
3323 4082 3702 4224 Rothomaigm
3731 4149 3788 4201 hu

651 4255 926 4324 Reginam
975 4258 1212 4325 meritis,
1244 4259 1448 4313 virtute
1493 4259 1720 4330 ﬁdeque
1759 4260 2051 4316 colendam

3639 4241 3787 4310 [norat

649 4344 840 4398 Tellus
873 4351 998 4398 tum
1026 4362 1303 4400 venerans
1327 4347 1738 4418 Radegundam
1771 4350 2057 4418 Aquitana
2521 4349 2592 4400 Et
2649 4351 2826 4400 sancti
2873 4347 3106 4400 Genesii.
3141 4348 3214 4398 Et
3259 4349 3438 4400 sancti
3475 4343 3692 4414 Apptati
3713 4351 3787 4406 prs

1689 4436 2052 4505 [frequentat.
2589 4436 2812 4503 sbyteri.
3770 4507 3777 4516 ι

547 4523 610 4576 ti
651 4523 787 4586 Quae
827 4521 1048 4576 decima
1093 4527 1149 4576 et
1195 4538 1349 4576 nona
1391 4527 1478 4577 est
1525 4523 1885 4594 Septembres
1927 4529 2058 4578 ante
2341 4527 2410 4578 25
2451 4525 2658 4579 Octava
2683 4523 2816 4576 hinc
2835 4521 3030 4575 Arelas
3055 4521 3306 4574 celebrat
3323 4521 3606 4578 te,sancte
3629 4516 3788 4568 Genesi.

1751 4611 2057 4682 [Kalendas
2519 4622 2586 4674 In
2615 4622 2842 4689 Spania,
2885 4619 3070 4674 natale
3107 4623 3420 4672 sanctorum
3456 4619 3595 4671 Justi
3636 4617 3674 4665 et
3711 4611 3788 4662 Pol-s-

651 4697 956 4754 Eusebium
981 4699 1178 4753 Romae
1210 4698 1390 4752 sancit
1415 4698 1778 4770 celebratque
1809 4699 2056 4753 beatam.
2597 4711 2750 4760 toris.

725 4809 791 4860 In
819 4807 1036 4872 Africa,
1073 4805 1258 4858 natale
1278 4809 1454 4859 sancti
1482 4807 1738 4860 Demetri.
2345 4801 2414 4852 26
2453 4796 2718 4867 Martyrio
2775 4799 3074 4865 septenam
3139 4794 3395 4848 Irenmus
3451 4797 3508 4846 et
3569 4783 3788 4846 Abundius

553 4898 614 4950 l5
655 4895 860 4949 Octava
889 4899 947 4946 et
981 4892 1202 4946 decima
1235 4892 1436 4946 mundi
1465 4893 1562 4947 lux
1605 4891 1830 4963 ﬂosque
1859 4892 2053 4958 Maria,
3603 4875 3788 4948 [ornant

651 4983 922 5052 Angelico
953 4981 1222 5036 comitata
1249 4983 1424 5036 choro
1455 4983 1598 5052 petit
1626 4983 1841 5036 aethera
1869 4982 2058 5052 Virgo.
2527 4983 2724 5042 Rome,
2769 4984 2829 5033 in
2868 4980 3179 5040 coemete-rio,
3219 4980 3405 5032 natale
3433 4981 3705 5032 sanctorum
3727 4967 3788 5019 Βίιι

554 5077 616 5126 16
657 5071 960 5141 Septeuam
1049 5069 1372 5140 denamque
1445 5077 1604 5125 tenes
1678 5071 1915 5124 Arnulfe
1981 5085 2064 5123 sa-

1818 5159 2059 5229 [cerdos.

2597 5071 2735 5124 sillae
2757 5073 2810 5122 et
2839 5069 3088 5122 Mamimi.
3123 5066 3374 5130 Quintini
3397 5067 3659 5134 martyris.

2351 5167 2420 5217 27
2461 5162 2604 5217 Rufe
2636 5168 2762 5214 tuos
2784 5162 3040 5214 recolens
3067 5158 3319 5212 ostendit
3337 5165 3498 5212 sexta
3523 5149 3784 5222 triumpho-‘-

440 5313 464 5338 ⁸
494 5306 750 5358 Rusticus
813 5319 894 5357 ac.
951 5303 1112 5358 Hunc
1151 5321 1376 5358 versum
1429 5304 1754 5359 addidimus
1784 5323 1814 5359 e
1871 5305 2065 5360 codice
2175 5307 2364 5360 codice
2395 5305 2596 5374 Regio,
2643 5308 2698 5355 et
2728 5301 2867 5374 quin
2898 5299 3243 5354 recentiores
3271 5299 3406 5374 sint,
3437 5298 3590 5352 haud
3615 5291 3787 5350 multum

372 5372 554 5436 Βίκοῐ.
2175 5377 2372 5433 dubito
2407 5393 2420 5428 :
2453 5371 2588 5427 sane
2609 5371 3078 5444 Wandalbertum
3113 5386 3230 5423 non
3260 5371 3518 5444 sapiunt.

441 5449 466 5488 δ
497 5445 847 5510 Andreloque
886 5460 1038 5500 suus.
1075 5447 1234 5498 Hunc
1263 5447 1435 5500 etiam
1463 5461 1690 5500 versum
1719 5462 1783 5498 ac
1813 5461 2066 5516 sequen—
2247 5457 2268 5482 °
2299 5449 2366 5501 Et
2413 5451 2624 5500 ternum
2675 5445 2885 5498 denam.
2933 5443 3282 5516 Hieromus.
3307 5437 3408 5511 qui
3449 5441 3508 5494 in
3541 5437 3680 5494 editis
3714 5437 3782 5480 non

373 5519 489 5569 tem
540 5517 602 5570 Η.
655 5517 713 5568 Ρ.
768 5518 1012 5569 Martem:
1043 5518 1338 5585 exscripsit
1385 5535 1414 5568 e
1445 5517 1638 5569 codice
1687 5518 1869 5585 Bigot.
1893 5512 2069 5570 ‘Uter-
2178 5523 2380 5584 exstat,
2414 5516 2726 5586 exscriptus
2753 5519 2837 5568 est
2869 5531 2898 5566 e
2927 5513 3116 5567 codice
3148 5512 3350 5582 Regio.

376 5601 487 5654 que
539 5603 668 5640 cum
721 5585 780 5640 in
829 5586 996 5641 editis
1040 5603 1152 5642 non
1207 5593 1408 5656 exstat,
1441 5593 1563 5642 tum
1611 5587 1784 5640 etiam
1833 5588 1995 5642 abest
2039 5605 2070 5639 a
