3846 6244
1430 304 1468 357 Μ
1483 304 2044 361 ARTYBOLOGIUM.

323 433 388 483 In
441 432 761 501 Campania,
808 431 1013 502 Capua,
1063 436 1248 487 natale
1293 438 1470 488 sancti
1520 436 1661 504 Ruﬁ.
1703 438 1750 491 A

398 522 466 573 In
523 521 748 581 Galliis,
811 526 1028 576 civitate
1081 524 1334 583 Arelate,
1403 526 1666 592 depositio

399 615 580 663 sancti
611 610 829 664 Caesarii
859 616 1114 680 episcopi.

19 709 23 738 ς
69 695 156 746 28
228 697 511 750 Hermen
547 699 748 768 quinta
776 699 979 769 probat
1014 699 1165 753 felici
1198 706 1383 754 morte
1416 702 1669 755 beatum.

230 785 523 840 Ecclesiae
555 788 768 854 lumen,
803 789 1030 858 populis
1063 805 1219 843 sacra
1240 806 1440 843 norma
1465 779 1669 856 ﬁdelis,

227 876 446 928 Africa
481 892 594 946 quo
625 882 872 945 pastore,
909 877 1064 931 orbis
1091 877 1320 932 doctore
1355 885 1632 944 coruscat,

231 964 582 1033 Augustine
613 966 801 1033 Pater,
832 965 974 1018 festo
1009 965 1314 1020 celebraris
1347 967 1580 1033 eodem;

231 1055 448 1106 Aurea
479 1069 653 1123 quem
684 1059 913 1107 servant
953 1055 1109 1108 Italis
1148 1072 1300 1110 nunc
1341 1057 1558 1127 templa
1587 1072 1672 1111 se-

1401 1145 1671 1215 [pultum.

237 1229 564 1283 Sanctonis
589 1231 700 1283 alta
730 1229 819 1284 sui
849 1231 1072 1285 Vibiani
1092 1232 1198 1286 hac
1228 1233 1409 1303 fulget
1434 1235 1672 1287 honore.

241 1319 411 1372 Urbs
472 1319 924 1373 Alemannoram
981 1329 1007 1354 ⁸
1075 1322 1275 1376 recolit
1347 1323 1680 1376 Constantia

1401 1412 1679 1480 [sanctum

246 1496 385 1549 Hac
431 1513 660 1567 quoque
708 1497 1006 1568 Pelagium
1065 1497 1190 1552 fuso
1246 1515 1352 1568 pro
1401 1500 1680 1570 sanguine

1417 1588 1678 1660 [clarum

338 1694 416 1745 Et
471 1695 651 1747 natale
707 1699 883 1747 sancti
937 1695 1241 1762 Augustini
1306 1699 1559 1764 episcogii.
1619 1696 1680 1748 In

418 1783 637 1848 Africa,
692 1784 963 1837 Faustini.
1019 1785 1210 1843 Romae,
1271 1785 1455 1836 natale
1507 1788 1683 1837 sancti

414 1872 592 1923 Ermis
645 1875 927 1938 martyris.
987 1872 1212 1938 Averni,
1269 1873 1480 1925 Juliani
1533 1888 1682 1925 mar-

418 1962 572 2025 tyris.

255 2048 468 2100 Pramo
497 2049 614 2113 Dei,
645 2048 812 2101 Verbi
839 2064 947 2101 vox
979 2054 1036 2101 et
1068 2049 1315 2118 baptista
1343 2051 1611 2116 Joannes,

127 2136 206 2187 ‘29
253 2136 453 2199 Quem
479 2135 648 2189 eﬁ'era
671 2136 902 2190 saltanti
923 2136 1426 2207 tribucruntjussa
1445 2140 1682 2208 puellae;

261 2225 523 2294 lnsignit
551 2231 814 2294 quartam
847 2225 1184 2278 meritorum
1218 2226 1386 2280 laude
1421 2227 1684 2296 perenni.

259 2311 448 2382 Virgo
488 2312 696 2366 Sabina
744 2312 914 2366 simul
960 2313 1149 2367 Romae
1201 2330 1301 2367 sua
1346 2315 1559 2385 templa
1606 2332 1690 2369 re-

1509 2402 1685 2475 [visit.

142 2489 218 2540 30
261 2488 467 2541 Tertia
498 2488 696 2541 Felicis
726 2489 868 2543 nitet
904 2490 1257 2561 Adauctique
1285 2493 1309 2534 b
1339 2507 1560 2545 cruore.

264 2577 552 2630 Paulinus
585 2577 767 2646 pridie
809 2579 1182 2632 Treverorum
1220 2581 1432 2632 mmnia
1467 2582 1687 2645 lustrat,

269 2665 493 2717 Exsilio
525 2665 759 2718 antistes
789 2682 920 2720 vero
952 2684 1055 2738 pro
1087 2669 1355 2736 dogmate
1385 2671 1586 2722 clarus.

347 2773 421 2823 Et
451 2772 714 2840 depositio
741 2778 916 2826 sancti
947 2775 1110 2827 Eladi
1140 2778 1394 2843 episcopi.

266 2878 522 2948 Augusti
551 2878 640 2932 bis
669 2878 900 2933 demum
923 2880 1268 2935 clauduntur
1293 2880 1490 2934 limina
1511 2881 1686 2934 festis.

629 3021 1055 3076 SEPTEMBER.

273 3146 401 3200 Miti
433 3145 768 3216 September
796 3153 1152 3218 praegustatis
1183 3147 1387 3217 pocula
1416 3147 1652 3209 Baccho,

271 3235 433 3299 Quos
471 3235 584 3289 aris
615 3237 942 3290 venerando
981 3238 1131 3290 colat
1172 3241 1570 3307 memoratque
1601 3253 1694 3290 ca-

1443 3324 1688 3393 [nemus.

271 3410 586 3465 Pontiﬁces
619 3411 852 3466 Rhemis
886 3412 1102 3482 insigni
1136 3413 1369 3467 nomine
1401 3413 1624 3484 fulgent

271 3500 490 3566 Sixtus,
525 3500 786 3566 Sinicius,
820 3502 1066 3569 meritis,
1099 3501 1326 3572 vitaque
1361 3502 1656 3556 Nivardus.

280 3588 510 3658 Legifer
561 3589 848 3643 haeredem
897 3590 1118 3660 proprii
1166 3606 1337 3660 quem
1387 3590 1557 3660 liquit
1601 3591 1700 3644 ho-

1469 3677 1646 3748 [noris
1679 3698 1693 3733 :

280 3765 631 3819 Promissam
689 3766 902 3836 populo
961 3769 1172 3820 terram
1227 3765 1326 3836 qui
1388 3767 1531 3820 forte
1596 3783 1700 3836 per

1499 3853 1696 3925 [astra,

282 3945 392 3997 Per
416 3943 561 4007 loca,
587 3958 690 4012 per
710 3943 888 3996 celsos
911 3948 1130 3996 montes
1153 3942 1411 3997 distinxit
1431 3947 1488 3996 et
1509 3943 1699 4012 urbes,

280 4031 651 4102 Septembres
715 4032 886 4084 losue
955 4034 1111 4084 tenet
1178 4031 1518 4102 orditurque
1585 4033 1702 4085 Ka-

1459 4119 1698 4188 [lendas.

279 4207 513 4262 Priscus
567 4213 622 4261 et
669 4207 771 4262 bas
821 4210 1038 4278 martyr
1085 4207 1377 4262 trabeatus
1420 4207 1702 4278 sanguine

19 3413 109 3462 "lies
190 3414 207 3463 l

1452 4297 1697 4367 [lustrat.
1740 4338 1784 4391 Β

281 4385 502 4439 Ρτεεειιι
538 4388 594 4438 et
621 4383 712 4438 his
746 4383 1038 4439 Senonum
1073 4384 1264 4455 Lupus
1292 4385 1413 4440 aede
1442 4391 1702 4440 coruscat

1467 4473 1535 4528 ab
1568 4475 1700 4528 alta.

1467 4474 1535 4528 ab
1568 4475 1630 4528 all

287 4563 398 4616 Has
430 4567 491 4616 et
522 4562 754 4616 Verenae
781 4570 802 4595 ο
830 4560 1071 4615 rutilant
1097 4562 1373 4616 solemnia
1400 4474 1630 4618 eductae.

358 4669 422 4721 In
473 4668 798 4737 Campania,
845 4669 1031 4722 natale
1068 4673 1244 4722 sancti
1291 4671 1463 4724 Prisci
1494 4675 1705 4737 marty-

429 4759 531 4809 ris.
579 4758 650 4809 Et
701 4757 852 4818 alibi,
896 4757 1080 4810 natale
1119 4761 1426 4811 sancto-run:
1475 4759 1702 4819 Sisinni,

430 4849 483 4898 et
523 4847 758 4900 Victoris
788 4847 1043 4914 episcOpi.

212 4955 246 5006 2
286 4952 534 5016 Quartas
566 4951 703 5006 hinc
743 4952 933 5006 Nonas
981 4951 1322 5022 Lugdunum
1367 4954 1562 5008 Justus
1602 4953 1710 5008 ho-

1494 5043 1704 5111 [norat.

95 5220 271 5294 {Urbs
297 5221 758 5294 Alemannorupi.
796 5219 895 5274 Hic
921 5237 1117 5274 versus
1149 5226 1206 5275 et
1236 5238 1480 5294 sequens
1509 5239 1614 5277 nec
1647 5222 1708 5276 in

49 5285 198 5344 codice
227 5292 410 5362 Regio
437 5307 544 5344 nec
575 5291 636 5344 in
667 5291 854 5361 Bigot.
892 5296 1134 5346 exstant.

97 5365 117 5406 ι’
141 5370 475 5436 Adautique.
517 5372 580 5424 ln
615 5375 861 5441 utroque
890 5371 1107 5437 codice,
1133 5371 1498 5437 Audactique.

99 5452 119 5520 ἶ
137 5449 234 5503 Has
261 5456 314 5504 et
347 5453 588 5505 Verene.
623 5450 724 5505 Hic
753 5467 948 5504 versus
978 5451 1138 5504 abest
1166 5466 1199 5502 a
1227 5451 1422 5506 codice
1451 5452 1634 5520 Bigot.

98 5512 121 5592 ᾖ
158 5521 296 5575 Tunc
341 5527 507 5576 etiam
561 5521 803 5592 Cabilon.
847 5522 914 5575 In
960 5521 1156 5592 codice
1200 5521 1400 5592 Regio,
1451 5512 1704 5580 Ca‘balon,

53 5585 141 5638 scil.
164 5593 292 5646 urbs
323 5609 497 5664 quam
530 5591 746 5647 Gallice
769 5607 1039 5646 vocamus
1069 5585 1370 5648 Cavailldn.

1724 1743 1762 1796 Β

1729 3039 1771 3092 C

3370 309 3475 360 6i0

2137 436 2200 488 In
2257 434 2566 490 Nicomedia
2622 435 2805 488 natale
2857 439 3166 490 sanctorum
3220 440 3464 500 Zenonis,

2205 522 2465 590 G-urgoni,
2506 523 2808 577 Theodoraz.

1779 616 1904 667 Dies
1977 616 2007 666 3
2059 611 2255 665 Ternis
2279 613 2562 665 Antonine
2586 627 2728 680 puer
2750 617 3080 682 martyrque
3105 613 3424 684 triumphas
3451 633 3463 670 :

2061 702 2217 754 Tunc
2249 707 2304 752 et
2333 701 2586 754 Aristeus
2615 701 2854 753 antistes
2889 702 2956 754 de
2989 708 3170 755 morte
3205 703 3426 758 beatur.

1993 789 2026 841 4
2068 789 2229 859 Legis
2261 787 2469 842 divinae
2501 788 2646 841 lator
2675 793 2986 858 susceptor,
3020 797 3076 842 et
3108 799 3324 859 auctor,

2067 877 2385 948 Colloquio,
2422 876 2660 946 visuque
2694 876 2792 929 Dei
2825 876 3056 945 dignate
3089 880 3396 948 frequenti,

2069 965 2343 1020 Praecelso
2370 964 2552 1036 pridie
2583 965 2887 1018 tumularis
2915 971 3109 1020 monte
3143 969 3376 1038 Moyses,

2070 1055 2224 1107 Nulli
2254 1061 2379 1124 post
2409 1054 2568 1107 licuit
2594 1055 2756 1123 cujus
2779 1070 3118 1123 cognoscere
3149 1057 3399 1112 bustum.

2065 1143 2224 1196 Tunc
2285 1141 2454 1196 etiam
2517 1142 2754 1196 Cabilon
2808 1143 2834 1184 d
2890 1143 3134 1197 Marcelli
3195 1146 3476 1216 sanguine

3238 1235 3475 1304 [vernat.

2141 1321 2212 1371 Et
2242 1320 2425 1372 natale
2454 1320 2643 1372 Aresti
2677 1324 2930 1388 episcopi.

2003 1411 2032 1460 5
2073 1406 2249 1460 Nonis
2281 1408 2578 1461 Ferreolus
2608 1424 2738 1461 cum
2771 1408 3116 1463 Ferrucione
3148 1411 3421 1483 refulget;

2078 1497 2328 1550 Donatus
2403 1497 2650 1567 Capuam
2687 1538 2700 1562 ,
2773 1498 3101 1569 pariterque
3172 1502 3481 1554 Arcontius

3226 1588 3478 1657 fornant.

2149 1676 2210 1728 In
2255 1676 2413 1728 Porto
2460 1676 2698 1727 Romano
2745 1677 2928 1728 natale
2969 1681 3280 1729 sanctorum
3334 1680 3476 1730 Tau-

2222 1767 2349 1822 rini,
2386 1763 2641 1816 Aristosi.

2004 1855 2035 1905 6
2076 1853 2238 1905 Vates
2269 1851 2562 1905 Zacharias
2593 1859 2824 1905 octonas
2849 1853 3069 1907 obtinet
3099 1855 3252 1908 Idus.

2147 1942 2323 1994 Romae
2378 1945 2469 1993 via
2527 1941 2810 1994 Saluta-ria
2867 1945 3049 1996 natale
3095 1947 3270 1997 sancti
3319 1945 3482 1998 Eleu-

2221 2029 2379 2081 therii
2406 2033 2658 2097 episcopi.

2006 2123 2036 2171 7
2076 2117 2324 2171 Antistes
2355 2125 2617 2186 septenas
2648 2123 2829 2172 servat
2862 2121 3138 2188 Evortius,
3173 2128 3342 2192 atque

2079 2205 2276 2275 Reguli
2308 2205 2551 2274 insignis
2584 2206 2924 2259 Clodoaldus
2957 2207 3132 2277 stirpe
3163 2210 3446 2264 sacerdos.

2150 2295 2218 2346 Et
2265 2293 2449 2346 natale
2493 2298 2691 2346 sancta
2731 2295 2948 2361 Regina:
2995 2301 3274 2364 martyris,
3326 2297 3486 2365 cujus

2219 2385 2369 2447 gesta.
2400 2380 2688 2433 habentur.

2009 2473 2040 2522 8
2079 2468 2200 2532 Qua
2243 2470 2391 2522 Deus
2435 2469 2746 2522 humanam
2793 2470 3042 2541 suscepit
3092 2471 3319 2541 Virgine
3373 2471 3486 2526 for-

3311 2561 3488 2631 [mam

2081 2648 2332 2700 illustrat
2361 2663 2524 2699 senas
2555 2651 2713 2699 ortus
2741 2646 2811 2700 de
2843 2647 2968 2701 luce
3000 2648 3192 2702 Maria.

2083 2737 2291 2804 Martyr
2332 2740 2386 2788 et
2426 2735 2708 2788 Adrianus
2753 2735 2993 2789 Romam
3043 2744 3162 2790 tum
3209 2738 3489 2808 sanguine

3273 2827 3486 2896 [comit.

2012 2914 2044 2964 9
2083 2912 2403 2981 Gorgonius
2432 2912 2634 2982 quinas
2673 2912 2826 2965 fama
2856 2912 3191 2984 meritisque
3221 2919 3489 2981 retentat,

2083 3001 2281 3054 Romae
2311 3016 2481 3070 quem
2510 3016 2743 3070 passum
2774 3006 2797 3032 °
2841 3017 3120 3055 venerans
3169 3018 3324 3056 nunc
3369 3003 3491 3057 Gal-

3151 3091 3249 3162 [lia
3285 3093 3488 3162 poscit.

1981 3179 2045 3231 10
2083 3177 2376 3231 Sosthines
2442 3183 2499 3232 et
2555 3178 2741 3232 Victor
2797 3179 3016 3250 quartis
3073 3186 3491 3246 memorantur,

3213 3268 3494 3338 [eamdem

2085 3354 2293 3409 Christi
2329 3371 2433 3424 pro
2472 3371 2652 3426 regno
2691 3355 2875 3409 sortiti
2910 3360 2966 3409 et
2999 3358 3166 3410 laude
3199 3374 3491 3411 coronam.

2156 3444 2351 3504 Roma,
2410 3443 2673 3510 depositio
2729 3444 2870 3497 beati
2920 3446 3124 3498 Hilarii
3163 3461 3344 3514 papae,
3394 3463 3498 3515 per

2227 3549 2384 3598 quem
2430 3535 2700 3587 Victorius
2731 3535 2976 3587 ordinem
3008 3535 3320 3603 paschalem
3354 3552 3496 3590 com-

2223 3624 2429 3688 posuit.

1987 3713 2040 3763 Η
2089 3710 2293 3762 Protus
2341 3714 2397 3762 et
2443 3709 2579 3762 hinc
2620 3714 2812 3764 ternas
2853 3710 3143 3782 fraterque
3192 3712 3496 3782 Hyacintus

3173 3797 3495 3870 [honorant,

2089 3885 2199 3949 Qui
2247 3885 2562 3954 Eugeniam
2617 3886 2828 3956 pariter
2877 3886 3062 3956 legem
3112 3887 3356 3941 docuere
3409 3905 3494 3941 sa-

3235 3976 3495 4048 [cratam.

2093 4064 2202 4117 Has
2235 4063 2404 4117 simul
2438 4069 2495 4118 et
2535 4062 2553 4097 τ
2601 4063 2754 4118 Felix
2797 4079 2928 4118 cum
2979 4065 3128 4118 felici
3178 4070 3358 4118 morte
3407 4064 3500 4119 di-

3313 4151 3500 4221 [cavit,

2096 4238 2364 4309 Martyrio
2397 4239 2631 4309 Regula:
2662 4244 2856 4293 sancto
2887 4243 3215 4311 pariterque
3247 4240 3447 4295 beata».

1995 4330 2060 4382 12
2101 4328 2309 4399 Martyr
2346 4343 2476 4382 mox
2513 4327 2700 4398 pridie
2741 4329 2954 4383 celsum
2985 4331 3129 4400 petit
3155 4331 3369 4383 aethera
3400 4329 3502 4401 Sy-

3301 4418 3421 4488 [rus
3452 4431 3500 4473 ε.

2164 4506 2434 4573 Lugduno
2486 4511 2720 4567 civitate,
2782 4506 3044 4575 depositio
3103 4507 3245 4560 beati
3310 4507 3504 4561 Sacer-

2240 4595 2380 4648 dotis
2413 4599 2667 4663 (piscopi.

1995 4685 2059 4736 l3
2100 4682 2291 4737 Idibus
2353 4683 2498 4737 abba
2561 4683 2705 4735 nitet
2767 4682 2974 4736 merito
3022 4688 3094 4735 'et
3156 4682 3502 4751 cognomine

3220 4771 3498 4839 [Amatus.

2168 4859 2482 4925 Andegavis
2526 4861 2760 4917 civitate,
2813 4857 3074 4924 depositio
3126 4861 3301 4909 sancti
3348 4859 3504 4911 Mau-

2238 4947 2452 4999 rilionis
2491 4948 2746 5014 episcopi.
2791 4945 2852 4996 In
2895 4944 3260 5005 Alemandria,
3306 4946 3504 5000 Natale

2239 5035 2414 5086 sancti
2445 5031 2706 5086 Theodori
2734 5035 2989 5099 episcopi.

1886 5221 1908 5246 °
1939 5213 2114 5266 Romae
2146 5225 2301 5274 quem
2327 5225 2573 5277 passum.
2615 5206 2888 5262 Acherius
2937 5215 3132 5264 monet
3174 5210 3328 5265 hunc
3379 5227 3503 5266 ver-

1817 5297 1942 5334 sum
1975 5282 2053 5334 ita
2084 5281 2256 5332 etiam
2289 5295 2411 5332 esse
2441 5278 2790 5347 descriptum
2827 5295 2839 5331 :

1941 5369 2118 5416 Romae
2145 5379 2296 5426 quem
2323 5379 2534 5427 passum
2562 5377 2704 5411 nunc
2730 5364 2893 5414 Gallia
2926 5367 3094 5428 poscit
3122 5367 3368 5417 adorans.

1889 5447 1906 5482 τ
1934 5450 2046 5501 Has
2074 5445 2254 5518 simul,
2275 5451 2391 5518 etc.
2428 5445 2525 5518 Hic
2560 5460 2753 5518 versus
2783 5445 2942 5518 deest
2973 5448 3031 5500 in
3079 5448 3272 5502 codice
3321 5447 3502 5518 Bigot.

1816 5517 2068 5588 Sequens
2101 5517 2158 5567 in
2185 5515 2387 5588 epdem
2418 5523 2475 5588 et
2499 5515 2559 5566 in
2589 5513 2777 5588 codice
2809 5516 3005 5588 Regio.

1889 5583 1925 5642 ἱ
1947 5586 2168 5641 Ethera
2196 5584 2391 5650 Syrus.
2422 5585 2488 5638 In
2519 5583 2710 5637 codice
2743 5583 2946 5655 Regio,
2979 5588 3162 5643 Sinus.
