3846 6244
3811 78 3819 122 l

285 239 342 287 6|
361 237 378 286 1
1369 221 1877 278 WANDALBERTI
1921 219 2337 276 PRUMlENSlS
2379 221 2684 278 MONACHI
3747 127 3825 325 rei

290 365 414 416 Dies
459 361 521 414 14
573 359 786 414 Octono
829 361 885 410 et
932 355 1154 410 decimo
1195 352 1541 408 Octimbrem
1575 352 1858 406 vocitante
1892 350 1979 404 fu-
2021 355 2066 405 A

1744 441 1982 510 [turum,

2381 352 2566 406 Effuso
2604 357 2850 407 mortem
2893 355 3109 424 pariter
3146 372 3276 427 quae
3313 355 3648 428 sanguine
3693 359 3823 424 vis;

2449 443 2520 495 Et
2568 447 2878 496 sanctorum
2931 444 3262 500 Thebeorum
3309 448 3608 500 Mauritii
3667 451 3722 496 et
3765 429 3829 553 δή

2520 536 2724 586 ciorum
2764 549 2882 600 ejus
2919 551 3140 588 numero
3171 551 3270 589 sem
3299 537 3566 589 millium
3617 549 3824 587 seres-a-

2522 625 2698 674 to-rum
2724 626 3012 689 sexaginta
3039 639 3152 678 sem.
3825 605 3827 608 Ι

2384 709 2779 763 Emmeramus
2831 712 2857 752 ί)
2916 727 3046 765 cum
3105 713 3254 766 300ίο
3323 712 3696 767 comitatur

3661 801 3824 870 inore,

2380 884 2558 948 Quem
2591 901 2734 957 gens
2761 887 3004 959 insignis
3037 889 3328 943 Britannia
3355 905 3508 944 voce
3553 893 3824 959 reposcit

2097 975 2221 1026 Dies
2259 975 2325 1028 23
2378 975 2602 1028 Nonum
2627 976 2791 1030 Tecla
2823 981 2976 1032 tenet
3005 993 3170 1032 roseo
3201 979 3440 1049 perfusa
3473 994 3760 1043 cruore;

2384 1060 2756 1133 Liberiusqne
2797 1063 2947 1118 dicat
2993 1065 3314 1120 Romanam
3355 1083 3530 1138 papa
3591 1081 3716 1136 per
3753 1081 3832 1118 ur-

577 536 830 591 Exaltata
861 533 1040 588 crucis
1069 532 1290 602 fulgent
1318 530 1519 585 vexilla
1551 530 1760 594 relatae,

575 624 805 680 Perside
839 623 910 677 ab
939 623 1184 692 indigna
1222 621 1404 674 victor
1455 635 1628 690 quam
1677 618 1824 671 vexit
1874 617 1982 670 He-

1700 705 1938 774 [racleus
1970 722 1983 758 :

576 801 987 872 Corneliusque
1016 815 1180 854 suam
1215 799 1424 852 virtute
1458 801 1514 850 et
1553 793 1832 864 sanguine
1867 794 1986 846 llu-

1811 882 1986 952 [manu

577 979 826 1035 Antistes
857 977 1046 1041 fulcit;
1078 975 1362 1046 Cypriano
1396 973 1523 1027 laeta
1552 977 1812 1026 coruscat

579 1067 860 1138 Carthago
896 1065 1111 1135 insigni
1147 1066 1378 1118 doctore
1416 1067 1473 1115 et
1503 1066 1772 1130 martyre,
1805 1063 1988 1112 totum

580 1157 838 1210 Ecclesia:
902 1154 1158 1208 scribunt
1222 1151 1384 1221 cujus
1451 1165 1608 1202 sacra
1671 1149 1818 1203 dicta
1887 1163 1990 1218 per
3695 1154 3843 1224 [ml

1717 1236 1935 1306 [orbem
1973 1251 1986 1291 :
2385 1238 2577 1294 Levita
2607 1245 2662 1294 et
2703 1241 2898 1296 Socius
2929 1242 3133 1298 merito
3163 1243 3536 1314 splendescit
3591 1225 3843 1297 honore.

577 1333 842 1388 Praesulis
919 1331 1012 1386 hic
1075 1330 1248 1385 etiam
1319 1327 1591 1382 meritum
1668 1325 1991 1379 celebratur
2457 1330 2624 1383 Tecla?
2679 1334 2911 1398 virginis
2971 1335 3022 1384 et
3075 1333 3334 1386 Januarii
3399 1337 3724 1402 episcopi,
3791 1339 3843 1386 et.

1748 1413 1986 1486 [Eparci
2525 1418 2668 1473 Socii
2697 1419 2932 1474 diaconi.

477 1516 541 1566 15
579 1511 890 1582 Septenum
985 1509 1198 1563 denum
1283 1504 1614 1560 Nicomedes
1693 1505 1993 1574 presbyter
2277 1507 2346 1559 24
2386 1507 2658 1561 Octavum
2684 1509 2865 1562 sterili
2895 1515 3204 1580 conceptus
3231 1517 3430 1564 ventre
3461 1512 3768 1574 Joannes,

1782 1593 1987 1662 [ornat,
2032 1655 2072 1670 ἢ
2386 1595 2830 1667 Andochiusque
2870 1603 3053 1652 sacrat
3095 1603 3426 1670 martyrqoe
3477 1605 3548 1653 et
3599 1601 3826 1669 presby-

582 1691 774 1761 Virgo,
821 1693 973 1754 tuus,
1020 1685 1350 1749 Petronilla,
1401 1700 1612 1751 comes,
1663 1655 1993 1753 marty'rque
2032 1655 2074 1710 Β
2735 1655 2752 1667 ⁸
3243 1655 3265 1670 υ
3329 1655 3348 1670 ⁸
3440 1655 3826 1758 [ter-almus;

1749 1772 1988 1841 [beatus
2387 1772 2566 1836 Quem
2637 1774 2844 1845 Tyrsus
2921 1777 3190 1848 Felixque
3257 1777 3384 1847 pari
3451 1777 3826 1830 comitantur

585 1867 889 1922 Pontiﬁces
921 1881 1038 1930 ara,
1068 1863 1304 1926 meritis,
1339 1863 1570 1932 vitaque
1596 1861 1818 1914 colendi

585 1957 860 2010 Carnutes
890 1952 1186 2018 Leobinus,
1211 1955 1362 2022 Aper
1387 1951 1711 2020 Leucosque
1737 1953 1990 2003 tuentur.

659 2047 727 2097 Et
759 2043 1020 2112 depositio
1069 2041 1262 2094 Albini
1299 2042 1534 2109 episcopi
1581 2043 1631 2091 et
1675 2041 1852 2092 sancti
1897 2039 1994 2092 Ni-

725 2132 977 2186 comedis.

482 2225 546 2276 l6
585 2221 726 2275 Hinc
752 2225 906 2274 sexto
935 2220 1083 2274 deuo
1113 2217 1386 2272 Martinus
1411 2233 1560 2287 papa
1591 2215 1813 2270 beatur.

586 2309 1021 2379 Eufemiamque
1115 2307 1211 2377 pio
1310 2311 1564 2360 sanctam
1661 2317 2000 2358 veneramur

1757 2393 1996 2463 [amore.

590 2486 793 2540 Lucius
823 2485 933 2539 hoc
963 2483 1132 2538 simul
1166 2483 1405 2538 excellet
1433 2498 1561 2536 cum
1588 2482 1954 2546 Ceminiano;

591 2573 945 2628 Coudecorat
973 2571 1189 2642 pariter
1216 2587 1410 2642 passos
1442 2585 1588 2640 quos
1621 2570 1814 2622 laurea
1843 2566 2000 2622 Chri-

1884 2655 1997 2726 [sti.

661 2753 730 2804 Et
759 2752 942 2805 natale
971 2755 1280 2804 sanctorum
1309 2750 1487 2802 Luciaz
1519 2751 1568 2800 et
1599 2745 1924 2800 Geminium".

3587 1866 3826 1935 [amore

2280 1951 2348 2002 25
2388 1949 2633 2019 Septeno
2671 1952 2860 2022 Lupus
2890 1953 3122 2007 antistes
3152 1953 3434 2024 Lngduna
3465 1953 3698 2007 revisit

2391 2037 2612 2105 Maenia,
2647 2039 2864 2093 devotae
2891 2045 3083 2110 pastor
3110 2041 3514 2095 memorabilis
3553 2041 3730 2094 urbi.

2389 2127 2676 2182 Ambiana
2706 2128 2882 2181 micat
2913 2128 3164 2182 Firmino
3197 2134 3450 2199 martyre
3477 2129 3726 2199 plebes.

2461 2216 2527 2269 In
2573 2215 2730 2278 Asia,
2773 2220 2948 2270 sancti
2983 2218 3244 2286 Euca-rpi.
3291 2219 3362 2270 Et
3389 2218 3560 2278 alibi,
3611 2217 3816 2286 deposi-

2535 2309 2607 2358 tio
2639 2308 2814 2358 sancti
2847 2306 3038 2358 Marci.

2286 2395 2352 2447 26
2392 2393 2559 2448 Sexto
2591 2398 2811 2463 martyr
2839 2399 2972 2448 ovat
3001 2393 3340 2464 Cyprianus,
3375 2394 3544 2466 virgo
3583 2394 3760 2449 beata

2391 2481 2568 2544 Quem
2609 2481 2834 2536 Iustina
2865 2480 2966 2536 Dei
2992 2481 3126 2536 fecit
3154 2497 3502 2552 cognoscere
3541 2495 3810 2552 regnum.

2391 2569 2622 2624 Artibus
2655 2570 2871 2624 insanis
2903 2570 3134 2624 tandem
3161 2570 3434 2641 feriisque
3461 2571 3716 2624 relictis.

2461 2659 2532 2711 Et
2559 2657 2820 2726 depositio
2851 2663 3026 2712 sancti
3055 2660 3278 2712 Eusebii
3305 2663 3578 2729 episcopi.

2287 2748 2353 2800 27
2392 2745 2602 2810 Quinto
2669 2763 2798 2801 cum
2866 2748 3036 2802 fratre
3101 2749 3337 2802 excellet
3401 2748 3654 2802 Cosmas
3721 2748 3804 2800 Da-

489 2841 550 2892 l'7
594 2837 929 2892 Lambertus
955 2838 1222 2906 quintum
1249 2836 1462 2890 denum
1494 2835 1700 2888 virtute
1733 2838 1996 2900 coronat;
3541 2835 3802 2906 [miano:

597 2926 786 2980 Factio
845 2941 1020 2996 quem
1077 2941 1290 2980 cassum
1345 2939 1571 2995 semper
1623 2922 2002 2978 tremebunda
2043 2953 2084 3007 ο
2395 2923 2660 2978 Antimus
2720 2923 2820 2977 hos
2874 2923 3172 2995 sequitur,
3229 2923 3536 2989 Leontius,
3603 2925 3802 2993 Eupre-

1709 3009 2000 3082 [pavescit.
3541 3009 3802 3083 [piusque

664 3105 736 3156 Et
765 3107 940 3156 sancti
967 3103 1188 3156 Paulini
1216 3104 1472 3170 episcopi.
2394 3099 2667 3164 Quinum,
2718 3099 2937 3156 Christe
2976 3109 3015 3166 θ,
3063 3099 3168 3154 tibi
3213 3105 3430 3155 sertum
3477 3101 3580 3172 qui
3631 3106 3796 3153 morte

492 3193 556 3245 18
595 3189 725 3256 Ore,
775 3190 889 3244 ﬁde
945 3189 1201 3254 antistes,
1259 3189 1555 3258 signisque
1613 3191 1670 3241 et
1724 3185 2004 3257 sanguine
3503 3191 3796 3260 [dicarunt

1766 3273 2008 3348 [martyr
2467 3281 2538 3332 Et
2563 3282 2739 3332 sancti
2769 3279 3068 3332 Eleutheri.

596 3365 916 3424 Methodius
951 3369 1222 3439 quartum
1255 3365 1469 3420 denum
1499 3364 1874 3419 celebrandas
1901 3364 2007 3418 ho-
2289 3368 2358 3421 28
2401 3367 2635 3421 Faustus
2675 3365 2723 3433 ἀ,
2770 3367 3042 3422 Martialis
3085 3371 3352 3438 quartum
3406 3371 3465 3421 et
3508 3365 3796 3422 Ianuarius

1795 3452 2004 3522 [norat.
3585 3455 3796 3525 [ornant

597 3545 909 3614 Equatura
941 3543 1092 3597 diem
1125 3541 1357 3595 solitum
1395 3557 1525 3595 mox
1555 3541 1701 3595 libra
1735 3542 2004 3596 cohaeret.

666 3634 732 3687 In
759 3632 1123 3693 Alexandria,
1157 3631 1342 3686 natale
1371 3631 1548 3684 sancti
1579 3629 1876 3699 Trophimi.

493 3725 555 3778 l9
594 3723 832 3778 Virtutis
891 3723 1181 3794 specimen
1241 3721 1518 3792 patiendi,
1571 3723 1628 3774 et
1673 3720 1860 3773 forma
1911 3719 2007 3772 de-

2402 3542 2655 3614 Martyrii
2682 3543 2879 3598 trabea
2910 3543 3080 3597 simul
3107 3546 3163 3596 et
3194 3544 3508 3598 certamine
3539 3543 3698 3597 clari.

2295 3633 2362 3685 29
2401 3633 2666 3686 ᾹΞιιιθτθθ,
2720 3632 2932 3687 virtute
2984 3637 3208 3703 potens,
3273 3632 3664 3702 princepsque
3715 3643 3794 3680 su-

3599 3719 3794 3790 [perna

1773 3807 2008 3878 [cusque
2400 3809 2610 3864 Militiae
2637 3809 2870 3864 Michael
2905 3813 3069 3864 terno
3100 3809 3208 3862 sibi
3238 3809 3456 3880 templa
3483 3807 3736 3863 sacravit.

597 3899 852 3971 Martyrii
895 3899 1231 3955 Eustachius
1278 3903 1444 3953 terno
1494 3898 1762 3969 denaque
1801 3895 2008 3949 trium-
2470 3901 2744 3967 Depositio
2776 3902 2950 3952 sancti
2981 3899 3168 3952 Saloni
3200 3902 3458 3966 episcopi.

1827 3985 2006 4055 [phat.
2297 3988 2364 4039 30
2404 3987 2691 4058 Interpres
2735 3987 2880 4056 legis
2921 3987 3242 4056 veterisque
3285 4002 3572 4056 novaeque
3621 3981 3794 4056 proba-

672 4077 734 4130 In
783 4075 996 4136 Galliis,
1049 4079 1267 4128 civitate
1324 4077 1552 4134 Vienna,
1604 4075 1787 4126 natale
1835 4076 2012 4126 sancti

3679 4073 3788 4142 [tus,

743 4166 943 4258 Ferioli
969 4166 1311 4258 ina-rtyris._
1425 4253 1433 4258 Δ
1566 4254 1574 4258 _
1741 4249 1778 4258 _
1819 4248 1852 4258 η
1929 4249 1938 4258 Ι
2053 4205 2096 4258 D
2409 4164 2719 4218 lnstructor
2761 4163 3060 4231 doctrinae,
3091 4163 3326 4218 haeresis
3369 4165 3670 4258 damnator
3703 4159 3792 4213 ini-

495 4255 564 4306 20
602 4253 886 4323 Virgoque
929 4251 1220 4306 bissenum
1273 4251 1478 4304 Fausta
1528 4254 1698 4320 atque
1740 4248 2012 4302 Evilasius
2053 4248 2093 4258 "
3643 4251 3786 4320 [quau

1761 4337 2010 4407 laruaut.
2409 4341 2786 4412 Hieronymus
2859 4341 3050 4412 pridie
3125 4339 3524 4412 Septembrem
3607 4334 3792 4394 claudit

607 4429 794 4500 (Libra
849 4443 1016 4498 pares
1059 4435 1084 4461 ³
1138 4426 1280 4481 lucis
1335 4425 1634 4497 somnique
1691 4425 1785 4479 hic
1842 4426 2016 4480 efﬁcit
2837 4479 2840 4482 .
3510 4429 3786 4500 [ovantem

1777 4514 2014 4586 [horasJ

673 4609 746 4660 Et
774 4607 968 4674 vigilia
999 4603 1242 4658 Matthzei
1272 4604 1524 4672 apostoli.
2799 4623 3138 4680 OCTOBER.

498 4698 558 4750 2i
609 4695 868 4750 Deseruit
897 4693 1122 4750 Christo
1163 4692 1363 4746 mundi
1409 4693 1508 4762 qui
1551 4693 1708 4746 lucra
1755 4697 2013 4760 vocante,

605 4783 986 4839 Undecimum
1043 4781 1338 4836 Matthteus
1394 4781 1721 4852 evangelica
1773 4797 1869 4835 ore
1903 4791 2017 4835 "sa—

2409 4785 2712 4856 Spumanti
2753 4789 2943 4839 musto
2983 4783 3286 4856 pomisque
3337 4781 3630 4838 Octimber
3667 4792 3787 4834 onu—

1819 4870 2014 4924 cravit.
3653 4870 3670 4928 i
3672 4873 3780 4928 stus,

1819 4870 2014 4924 cravit.
3672 4873 3780 4928 stus,

675 4964 864 5016 Passio
895 4964 1070 5015 sancti
1101 4959 1344 5014 Matthxi
1373 4961 1623 5029 apostoli.
1796 4871 1814 4941 [
2411 4961 2547 5027 Quis
2577 4966 2804 5034 pateras
2842 4961 3208 5032 calathosque
3257 4959 3404 5014 ferat
3449 4869 3670 5013 ωηιξωὲ
3693 4969 3784 5010 me-

501 5051 570 5104 22
609 5048 912 5105 Mauricius
941 5048 1154 5102 denum
1187 5049 1340 5102 socia
1367 5048 1595 5119 legione
1623 5051 1874 5102 coronat.
3481 5045 3780 5119 [mor-emus.

397 5197 423 5224 ι
458 5191 867 5271 _Librampares.
923 5192 1080 5246 Hunc
1126 5207 1352 5245 versum
1402 5191 1726 5246 addidimus
1773 5207 1802 5246 e
1853 5190 2015 5246 codd.
2199 5200 2220 5271 ἦ
2267 5189 2524 5271 Quinum,
2571 5190 2794 5271 Christe.
2840 5189 3030 5271 in
3076 5188 3267 5244 codice
3317 5189 3462 5271 Reg.
3517 5192 3576 5242 et
3619 5188 3677 5242 in
3725 5181 3786 5237 Bi-

329 5259 509 5334 Regio
541 5267 596 5313 et
627 5261 812 5328 Bigot.
910 5333 922 5334 γ
960 5332 967 5334 _
1765 5333 1768 5334 ν
2129 5267 2243 5334 got.
2256 5304 2269 5330 ,
2299 5269 2477 5328 recte;
2511 5261 3082 5334 inipriorieditione,
3114 5276 3304 5334 unum,
3340 5260 3514 5314 male.

397 5332 869 5404 litimmeramus.
908 5332 1006 5386 Hic
1061 5350 1254 5388 versus
1313 5339 1369 5388 et
1426 5349 1669 5404 sequens
1726 5333 1935 5387 absunt
1989 5348 2023 5386 a
2133 5329 2160 5334 ⁷
2199 5331 2226 5368 ιι
2258 5329 2520 5386 Faustus.
2569 5329 2868 5404 lnicodice
2917 5333 3118 5402 Regio,
3169 5333 3441 5404 faustum,
3495 5329 3570 5404 sit
3615 5333 3674 5382 ut
3709 5336 3780 5377 v0!

327 5401 489 5472 codd.
523 5401 700 5472 Regio
729 5409 784 5456 et
815 5403 998 5472 Bigot.
1033 5405 1187 5459 Infra
1215 5405 1316 5460 ubi
1339 5401 1713 5470 Liberiusque,
1747 5405 1807 5458 in
1829 5403 2021 5459 codice
2127 5404 2228 5458 illa
2273 5404 2552 5457 referatur
2589 5403 2661 5457 ad
2701 5418 2894 5456 vocem
2929 5406 3207 5467 quartum,
3243 5401 3460 5454 scilicet
3487 5401 3660 5466 diem,
3687 5409 3779 5468 qua!

329 5471 472 5542 Reg.
507 5471 736 5542 legitur,
779 5471 1154 5540 Vibcriusque.
2129 5475 2409 5546 sequitur,
2439 5479 2609 5544 atque
2636 5473 2806 5527 unius
2835 5473 3014 5527 sancti
3041 5487 3254 5526 nomen
3284 5472 3662 5525 oblitteretur.
