3846 6244
8 294 29 338 3
1427 291 1472 344 Μ
1483 287 2041 344 ARTYROLOGIUM.

7 436 56 475 es
148 425 170 476 1
250 425 510 477 Francos
529 422 628 494 qui
647 422 869 493 primus
891 422 1084 476 docuit
1105 422 1439 494 domuitque
1459 423 1673 479 feroces
1710 427 1757 478 Α

250 511 583 583 Remigius,
653 510 889 582 proprio
950 511 1300 565 Octimbrem
1367 514 1680 583 praesiguat

1413 601 1676 672 [honorez

254 689 704 760 Germanusque
775 688 947 743 simul
1003 689 1263 744 doctrina
1327 690 1568 760 insignis
1625 695 1684 743 et

1531 783 1654 831 actu

961 815 964 818 -
1531 783 1654 831 actu

255 864 417 918 Tum
473 863 772 936 propriam
835 863 1024 919 munit
1081 864 1302 919 meritis
1352 776 1681 919 Antis[iodo:

1341 957 1573 1023 [rum‘g

257 1040 381 1106 Qui
414 1041 636 1096 Oceano
675 1042 811 1098 ﬁdei
851 1042 1101 1113 refugas,
1151 1047 1206 1096 et
1232 1043 1440 1114 dogma
1481 1043 1683 1097 nefan-

1515 1129 1685 1203 [dum

257 1219 567 1290 Reppulit,
600 1224 656 1273 et
685 1221 865 1290 signis
893 1225 948 1276 te
991 1220 1148 1275 Picta
1193 1220 1487 1275 Britannia
1526 1220 1682 1274 texit.

263 1308 388 1361 Hos
426 1309 637 1362 virtute
689 1310 835 1363 Bavo
885 1314 942 1364 et
988 1315 1181 1362 sancto
1233 1310 1544 1364 comitatur
1589 1309 1689 1363 ho-

1505 1395 1685 1469 [uore.

342 1488 419 1540 Et
447 1491 623 1540 sancti
655 1485 896 1540 Vedasti.

174 1571 216 1625 2
257 1573 396 1627 Mox
435 1580 659 1628 sextum
722 1576 1006 1628 Nouatum
1064 1573 1450 1643 Leodegarius
1499 1578 1686 1640 ornat,

266 1662 572 1716 Seditione
602 1667 806 1733 potens
836 1678 1007 1733 quem
1040 1663 1151 1716 dux
1193 1664 1557 1733 populusque
1591 1680 1688 1734 pe-

1471 1724 1686 1823 tremit.
1730 1724 1770 1777 Β

347 1840 413 1892 In
478 1839 692 1900 Galliis,
759 1843 977 1892 civitate
1039 1839 1444 1903 Atraventinse,
1505 1844 1692 1908 passio

430 1933 605 1981 sancti
633 1928 951 1995 Leodegarii
981 1932 1263 1995 martyris.

183 2018 220 2069 3
267 2017 516 2070 Euvaldi
564 2016 810 2082 meritis,
862 2021 1081 2086 gentes,
1133 2022 1189 2070 et
1228 2016 1593 2086 cognomine,
1639 2020 1696 2070 et

1551 2103 1691 2176 [ara,

270 2192 667 2264 Doctrinaque
713 2209 900 2263 pares,
949 2193 1215 2264 quintum
1247 2193 1354 2248 sibi
1386 2199 1569 2248 morte
1603 2195 1696 2248 di-

1453 2280 1692 2353 [carunt.

357 2370 432 2422 Et
487 2371 671 2423 natale
740 2374 1049 2424 sanctorum
1137 2371 1377 2433 Eusebii,
1447 2374 1605 2426 Ponti
1647 2377 1698 2424 et

428 2459 640 2512 Leonis.

198 2546 234 2600 4
281 2547 530 2613 Marcus,
583 2546 1010 2618 Marcianusque
1050 2563 1153 2601 suo
1187 2547 1430 2617 implent
1459 2563 1697 2602 munere

1383 2633 1696 2706 [quartum,

277 2721 579 2789 Germine,
623 2722 922 2792 martyrio,
971 2726 1196 2788 natura,
1237 2727 1294 2776 et
1339 2723 1541 2777 funere
1581 2723 1696 2777 fra-

1543 2811 1694 2882 [tres.

203 2902 234 2952 5
276 2900 500 2952 Ternas
531 2904 653 2953 tum
681 2900 868 2953 Nonas
899 2900 1245 2970 Apollinaris
1274 2901 1522 2955 honorat

275 2988 519 3055 Praesul,
573 2989 792 3060 templa
853 2990 1138 3060 frequens
1195 2991 1358 3061 cujus
1429 2991 1695 3044 Ravenna
1733 3000 1774 3055 ρ

1419 3077 1692 3150 [coronat.

351 3167 418 3219 In
467 3168 703 3235 Egypto
755 3168 938 3220 natale
993 3172 1305 3221 sanctorum
1363 3170 1511 3221 Forti
1577 3169 1694 3222 dia-

425 3256 565 3313 coni,
600 3257 650 3306 et
679 3254 955 3308 Flavianas
982 3258 1232 3321 virginis.

204 3342 235 3392 6
277 3340 458 3411 Virgo
490 3341 654 3395 Fides
685 3341 871 3412 pridie
909 3341 1046 3396 hinc
1093 3342 1244 3396 felici
1273 3347 1454 3397 morte
1489 3343 1696 3397 trium-

1514 3430 1694 3502 [phat.

355 3517 421 3570 In
467 3517 667 3582 Africa
732 3519 970 3586 Rogatze,
1023 3519 1355 3580 Satur-nime,
1423 3521 1692 3583 Faustini,

431 3610 482 3658 et
507 3609 684 3659 sancti
715 3607 958 3676 Pardulﬁ
987 3609 1329 3674 confessoris.

209 3696 239 3744 7
282 3691 594 3745 Pontiﬁces
641 3693 828 3746 Nonas
882 3693 1187 3763 Liuusque,
1238 3693 1566 3764 Marcusque
1600 3710 1696 3748 re-

1457 3779 1699 3853 [tentant

358 3870 555 3924 Natale
621 3874 931 3923 sancto-rum
980 3871 1223 3924 Marcelli
1283 3875 1334 3923 et
1374 3871 1597 3939 Apulei,
1647 3875 1697 3924 et

426 3959 614 4010 natale
638 3963 813 4011 sancti
846 3961 1016 4012 Marci
1047 3964 1304 4027 episcopi.

209 4047 240 4098 8
281 4045 502 4099 Octono
533 4051 665 4100 ante
699 4047 828 4100 ldus
861 4047 1109 4101 Demetri
1131 4053 1322 4100 sancte
1347 4046 1552 4114 bearis,

281 4134 532 4188 Nomine
585 4151 690 4204 pro
757 4135 964 4189 Christi
1035 4140 1281 4189 tortores
1338 4150 1538 4204 passus
1585 4135 1694 4190 ini-

1508 4221 1694 4294 [quos.

212 4311 243 4362 9
283 4309 626 4380 Exemplum
657 4310 814 4376 ﬁdei,
848 4310 1087 4380 parendi
1123 4315 1178 4365 et
1203 4326 1403 4365 norma
1430 4311 1695 4379 salubris,
1737 4299 1780 4352 Ῐ)

285 4399 503 4453 Excelsi
560 4398 744 4453 Patris
798 4399 1052 4468 primum
1105 4399 1446 4469 cognomine
1490 4399 1696 4469 dictus,

282 4487 566 4541 Gentibus
596 4486 730 4541 inde
777 4487 943 4541 Pater
986 4487 1199 4542 caelesti
1249 4493 1402 4542 sorte
1442 4492 1694 4554 vocatus,

281 4573 561 4644 Septenas
615 4573 902 4628 Abraham
967 4573 1148 4628 sancit
1189 4574 1513 4646 retinetque
1561 4575 1695 4630 bea-

1584 4669 1692 4720 tus.

1584 4669 1692 4720 tus.

279 4749 380 4804 His
410 4765 645 4822 quoque
677 4749 950 4822 martyrio
989 4750 1202 4822 insigni
1233 4735 1500 4822 tri'noque
1537 4664 1698 4806 ἑοῖ-ιι-

1517 4840 1699 4910 [scant

88 4959 688 5035 'Antisiodorumsﬂic
728 4979 962 5017 monere
1005 4962 1169 5034 juvat
1195 4963 1252 5017 iu
1281 4963 1473 5018 codice
1519 4965 1695 5035 Regio

36 5041 276 5100 nusquam
311 5051 434 5087 non
463 5034 632 5087 scribi
660 5034 1100 5088 Autisioderum.

90 5100 297 5178 l{Paulo
345 5109 688 5178 instituente.
739 5106 1188 5178 Hic__vulgarem
1234 5105 1564 5178 opinionem
1613 5121 1693 5160 se-

41 5175 197 5236 quitur
234 5175 690 5241 Wandalbertus;
752 5175 966 5228 scilicet
1033 5177 1285 5245 primum
1347 5177 1695 5230 Parisiorum

41 5245 319 5318 apostolum
354 5245 853 5318 _ha_i_id_diversum
905 5246 1077 5318 fuisse
1125 5247 1196 5299 ab
1249 5247 1351 5318 illo
1401 5246 1692 5318 Dionysio,

45 5310 168 5376 cujus
195 5316 406 5370 mentio
437 5316 504 5370 ﬁt
535 5315 593 5368 iu
622 5315 774 5386 Actis
811 5317 1224 5386 apostolorum.
1259 5317 1438 5380 Quam
1472 5310 1697 5386 opinio;

45 5393 145 5459 utin
187 5401 308 5440 cum
360 5402 428 5440 ex
468 5387 695 5459 animis
722 5385 1023 5459 hominum
1071 5389 1313 5459 evellere
1352 5385 1695 5440 conarentur

45 5457 125 5527 Viri
187 5465 376 5511 nostra
442 5462 608 5509 artata
666 5457 995 5519 doctissimi,
1049 5457 1383 5527 Dionysium
1432 5464 1690 5527 nostrum

49 5525 313 5582 statuerent
337 5529 509 5581 Decio
541 5527 878 5597 imperatori
907 5525 1258 5582 coaetaneum
1293 5528 1486 5582 fuisse.
1519 5526 1694 5597 Atqui

3381 290 3488 342 614

2068 422 2276 478 Orbcm
2321 423 2532 494 templa
2584 439 2686 478 suo
2724 423 3026 478 lustrantia
3070 425 3289 480 lumine
3334 442 3473 479 cuu-

3305 516 3482 584 [ctum

2075 600 2404 670 Dionysius,
2462 601 2712 655 aathereo
2763 603 2860 672 qui
2909 602 3171 672 splendet
3234 603 3480 656 honore:

2075 690 2257 745 Gallia
2297 689 2612 754 doctorem,
2668 691 2840 743 Paulo
2883 690 3222 744 institueute
3257 692 3301 754 ὓ,
3348 690 3483 743 bea-

3335 776 3484 849 [tum

2073 867 2252 932 Quem
2288 867 2518 932 meruit,
2543 865 2774 937 gemino
2796 871 3084 937 comptum
3103 867 3484 937 junctumque

3176 955 3482 1024 [ministro.

2077 1043 2478 1115 Domninoque
2528 1043 2651 1097 Itali
2692 1043 2844 1097 claro
2894 1058 3024 1096 cum
3079 1047 3327 1112 martyre
3376 1042 3485 1095 ful-

3303 1128 3485 1202 [geut.

1794 1223 1920 1275 Dies
1997 1223 2062 1274 10
2099 1219 2527 1290 Senasjustitiae
2568 1217 2748 1272 titulis
2800 1220 2902 1272 Lot
2940 1223 3168 1271 sanctus
3226 1217 3486 1272 adornat.

2113 1309 2339 1363 Cassius
2391 1313 2446 1362 et
2489 1310 2732 1374 Gereon,
2785 1308 2992 1370 Victor,
3047 1307 3365 1361 Florentius
3404 1309 3488 1360 at-

3334 1394 3488 1465 ique,

2080 1486 2333 1556 Martyrii
2359 1485 2594 1538 comites
2623 1483 2785 1554 plebs
2814 1489 2934 1537 tum
2958 1488 3265 1554 conjuncta
3286 1483 3489 1537 trium-

3299 1573 3481 1642 [phat.

2156 1681 2218 1731 In.
2246 1680 2465 1745 Africa,
2515 1678 2754 1739 Eusebii,
2806 1679 3044 1736 Heracli,
3085 1683 3132 1730 et
3181 1678 3335 1734 alibi.
3391 1678 3492 1731 Se-

2224 1771 2361 1828 reni,
2407 1771 2456 1819 et
2501 1767 2786 1826 Crescenti,
2835 1770 2884 1819 et
2932 1767 3219 1820 translatio
3253 1769 3494 1834 corporis

2229 1856 2526 1908 beatissimi
2558 1856 2851 1908 Martialis.

1983 1945 2036 1996 ll
2085 1941 2300 2006 Quiuas
2348 1959 2472 1996 mox
2513 1943 2775 2009 Taracus,
2830 1942 3068 2006 Probus,
3110 1941 3495 1996 Andronicus-

3038 2028 3166 2100 [que
3197 2035 3492 2098 coronant,

2088 2119 2344 2186 Virtutis,
2389 2119 2705 2189 mortisque
2757 2134 2923 2188 pares
2965 2133 3109 2188 quos
3147 2118 3331 2187 gloria
3364 2118 3495 2172 red-

3368 2204 3490 2277 [dit

2128 2315 2192 2367 In
2242 2315 2452 2367 Acc-rno
2504 2314 2721 2374 Siciliae,
2767 2313 2950 2366 natale
2993 2317 3301 2365 sanctorum
3348 2313 3493 2364 Fau-

2230 2407 2319 2463 sti,
2347 2404 2622 2455 Januarii.

1984 2495 2046 2545 l'2
2087 2490 2219 2544 ldus
2257 2496 2373 2542 tam
2406 2495 2636 2559 quartas
2670 2488 2888 2542 meritis
2920 2488 3164 2542 Edistius
3193 2492 3386 2560 auget,

2087 2579 2232 2634 Urbs
2291 2580 2559 2632 Ravenna
2615 2594 2717 2630 suo
2788 2577 2993 2631 celebri
3071 2595 3183 2649 quo
3245 2583 3496 2648 martyre

3299 2664 3496 2737 [pollet

2158 2774 2222 2826 In
2282 2773 2578 2840 Campania
2643 2776 2878 2832 civitate,
2947 2773 3131 2826 natale
3185 2776 3496 2826 sanctorum

2230 2863 2518 2914 Fortunati
2550 2865 2599 2914 et
2629 2863 2912 2921 Prisciani,

1985 2953 2048 3004 l3
2087 2951 2298 3004 Ternas
2345 2950 2657 3012 Marcellus,
2723 2951 2979 3015 Faustus,
3036 2948 3338 3003 Januarius
3387 2948 3496 3002 im-
3553 2956 3557 2960 ’

3298 3036 3494 3108 [plent.

2085 3128 2228 3182 Tum
2268 3142 2496 3198 quoque
2541 3128 2704 3180 Petre
2749 3126 2872 3193 tibi,
2926 3125 3270 3196 Dionysique
3320 3141 3500 3180 sacra-

3349 3212 3497 3286 [tum

2069 3303 2389 3373 -Templum
2417 3322 2432 3370 ;
2460 3307 2514 3356 et
2558 3301 2936 3373 Chrysantlio,
2989 3301 3288 3372 Dariaeque
3331 3318 3497 3356 coru-

3123 3388 3259 3462 [scat
3287 3395 3343 3443 et
3380 3406 3498 3458 ara,

2095 3478 2289 3550 Tulpia
2317 3495 2446 3533 cum
2484 3481 2655 3550 plano
2686 3495 2801 3550 quo
2827 3479 3133 3550 praeminet
3163 3494 3396 3549 aequore
3419 3494 3502 3532 ca-

3274 3566 3495 3637 [strum.

2159 3675 2223 3727 In
2266 3674 2507 3742 Spaniis,
2572 3673 2840 3734 Corduba,
2892 3675 3125 3733 civitate,
3189 3677 3500 3726 sanctorum

2229 3763 2420 3815 Fausti
2467 3765 2516 3814 et
2568 3762 2802 3815 Marciae.
2863 3761 3170 3814 Lemovicas
3231 3759 3499 3813 dedicatio

2228 3853 2403 3901 sancti
2442 3850 2763 3908 Saluatoris,
2816 3852 2866 3901 et
2907 3852 3082 3900 sancti
3128 3847 3351 3901 Geraldi
3380 3863 3500 3901 con-

2141 3945 2144 3948 ‘
2230 3939 2472 4004 fessoris.

2021 4027 2087 4081 14
2127 4025 2387 4081 Callistus
2433 4024 2617 4094 pridie
2653 4023 2888 4078 antistes
2917 4028 3247 4095 martyrque
3279 4029 3497 4095 tropaeo

2093 4114 2450 4183 Praecellens,
2482 4113 2662 4168 multo
2697 4117 2752 4167 et
2784 4113 3085 4167 comitatus
3117 4118 3364 4184 martyre
3395 4113 3501 4167 ful-

3360 4201 3493 4274 [get.

2164 4312 2361 4372 Romae,
2420 4311 2511 4362 uia
2565 4309 2818 4370 Aurelia,
2892 4312 2948 4362 in
3019 4312 3255 4365 ciuitate.
3314 4309 3498 4362 natale

2231 4403 2409 4453 sancti
2439 4399 2642 4453 Calimti
2673 4402 2929 4467 episcopi.

1985 4490 2048 4541 l5
2087 4487 2282 4542 Idibus
2327 4487 2463 4541 inde
2505 4486 2609 4540 tibi
2666 4487 2990 4540 Maurorum
3033 4485 3199 4539 turba
3245 4489 3494 4552 vocatur,

2087 4575 2404 4646 Agrippina
2451 4575 2657 4628 animis
2696 4574 2908 4643 pariter
2963 4589 3090 4642 quas
3139 4573 3270 4626 laeta
3315 4570 3496 4624 beatis

2086 4664 2343 4719 Militiam
2385 4663 2608 4717 Christo
2667 4662 2874 4714 virtute
2918 4665 2972 4712 et
3028 4666 3214 4712 morte
3265 4659 3492 4713 dicavit.

2154 4754 2219 4806 In
2250 4753 2457 4821 Capua,
2501 4754 2592 4802 uia
2631 4749 2881 4807 Aurelia,
2920 4746 3104 4800 natale
3145 4750 3321 4799 sancti
3366 4747 3494 4799 For-

2230 4842 2431 4894 tunati.

1805 4963 2138 5034 Dionysium
2169 4962 2564 5034 Areopagitam
2594 4959 2651 5012 in
2699 4956 2907 5034 Gallias
2935 4955 3488 5034 nunquam-venisse

1805 4977 2138 5034 Dionysmm
2169 4977 2564 5082 Areopagitam
2594 4977 2651 5012 1n
2699 4977 2907 5011 ualuas
2935 4977 3233 5034 numquam
3265 4977 3486 5010 venisse

1800 5036 1966 5089 facile
1995 5035 2200 5097 credo;
2234 5047 2363 5084 cum
2440 5070 2451 5081 .
2485 5029 2807 5105 Dionysius,
2855 5025 3115 5105 Corinthi
3161 5025 3486 5105 episcopus,

1800 5104 2160 5174 Areopagitae
2182 5095 2327 5174 pene
2353 5114 2585 5168 suppar,
2608 5095 2848 5174 testetur
2863 5095 3209 5174 suminis-se
3235 5097 3485 5174 primum

1800 5164 2579 5239 Athenarum'episcopum,
2641 5165 2804 5239 _ap_ud
2860 5164 3061 5217 Euseb.
3115 5166 3279 5239 _Hist.
3340 5167 3484 5239 Eccl.

1803 5245 1898 5298 lib.
1939 5260 2021 5307 ιιι,
2082 5257 2205 5310 cap.
2238 5235 2289 5293 4'.
2350 5235 3055 5310 ΞρέιΑᾳιιράμΕοτὶυιιθωβ
3113 5235 3485 5310 Pictavensis,

1800 5313 1950 5384 quod
1990 5303 2214 5384 deinde
2239 5323 2389 5384 anno
2439 5303 2893 5384 8:213;_.Galliarrum
2942 5303 3488 5384 episcopi-scrip“-

1800 5373 1951 5444 runt,
1990 5379 2318 5448 Dionysium
2362 5377 2419 5428 in
2451 5373 2655 5428 Gallias
2684 5373 3259 5448 a_Clernente,_urbis
3289 5373 3488 5430 Romae

1799 5452 2085 5521 episcopo,
2135 5444 2398 5521 'missuni
2443 5460 2585 5510 esse,
2664 5444 2783 5494 sola
2833 5444 3090 5521 Gregorii
3139 5447 3488 5521 Turonensis

1799 5512 2133 5577 auctoritate
2163 5515 2402 5571 convelli
2427 5528 2540 5568 non
2570 5528 2737 5582 posse
2780 5512 2922 5566 mihi
2955 5513 3188 5583 quidem
3234 5517 3480 5572 videtur.
