3846 6244
294 278 396 330 615
1383 271 1896 326 WANDALBERTI
1939 269 2357 326 PRUMIENSIS
2398 270 2714 326 MONACHI

293 412 418 461 Dies
495 409 556 460 16
596 406 844 474 Septeno
889 404 1153 474 denoque
1194 403 1572 458 Novembrem
1613 403 1713 472 qui
1748 402 1980 455 venien-
2022 419 2064 470 Α

1852 490 1988 561 [tem

579 582 912 652 Praesignat,
947 582 1138 636 Gallus
1185 581 1389 635 colitur
1416 580 1749 646 confessor;
1781 585 1836 632 et
1877 594 1989 631 una

579 671 671 725 Bis
702 677 933 724 centum
978 675 1035 724 et
1078 671 1264 724 decies
1313 673 1532 740 septem
1566 673 1985 734 memorantur,

1731 757 1987 826 [iniquus

579 849 731 913 Quos
762 848 924 902 furor
960 849 1033 902 ob
1065 847 1352 902 Christum
1391 846 1566 900 simili
1598 848 1865 900 mactavit
1895 857 1990 898 hu-

1802 934 1986 1003 [nore.

652 1027 715 1080 In
759 1027 976 1092 Africa,
1022 1026 1205 1078 natale
1242 1029 1551 1077 sanctorum
1592 1025 1748 1078 Nerei
1789 1029 1838 1076 et
1888 1024 1987 1077 Sa-

727 1119 958 1169 turnini.

481 1207 542 1258 17
581 1203 940 1258 Sedecimum
971 1218 1127 1256 sacer
1174 1201 1410 1255 antistes
1454 1201 1773 1254 Florentius
1803 1203 1985 1253 ornat.

655 1294 718 1345 In
760 1293 1120 1359 Mauritania,
1175 1291 1378 1350 natale,
1424 1293 1734 1343 sanctorum
1789 1290 1991 1342 Donati

723 1385 774 1433 et
801 1383 970 1434 Des...

481 1474 543 1526 18
583 1471 757 1524 Lucas
786 1475 868 1522 ter
915 1467 1158 1538 quinum
1193 1468 1336 1521 festo
1379 1467 1685 1537 ofﬁcioque
1714 1466 1987 1531 dicatum,

579 1559 873 1625 Monstrat,
903 1557 1098 1622 Paule,
1140 1562 1236 1609 tuo
1269 1555 1554 1610 Christum
1598 1569 1861 1606 sermone
1905 1554 1984 1606 lo-

1783 1643 1986 1710 [cutus.

582 1735 763 1805 Regni
807 1733 1073 1787 calcatrix
1117 1733 1281 1802 juxta
1329 1736 1386 1786 et
1426 1730 1736 1802 Triphonia
1794 1731 1986 1785 claret.
2031 1719 2070 1771 Β

582 1823 874 1893 (Scorpius
907 1821 1169 1876 autumni
1201 1821 1335 1874 hinc
1366 1820 1698 1874 moderatur
1729 1825 1990 1889 tempora

1794 1906 1987 1978 μεθίει.)

651 2002 716 2054 In
746 2001 978 2059 Oriente,
1029 1999 1316 2050 translatio
1352 2001 1593 2065 corporis
1623 2000 1798 2049 sancti
1833 1997 1992 2050 Lucae

723 2089 1083 2154 evangelista}.

479 2181 540 2231 19
585 2177 887 2231 Beronicus
917 2175 1006 2229 bis
1031 2178 1269 2244 septeno
1305 2177 1476 2243 atque
1511 2173 1742 2244 Pelagia
1772 2173 1986 2243 fulget;

578 2265 727 2330 Quos
758 2265 972 2336 pariter
1019 2261 1400 2334 quadraginta
1449 2266 1621 2332 atque
1655 2278 1859 2316 novem
1892 2278 1991 2315 co—

1659 2349 1957 2422 [mitantur
1968 2392 1982 2406 .

652 2445 715 2496 In
785 2442 1076 2496 Antiochia
1163 2441 1335 2507 Syria:
1414 2440 1599 2492 natale
1674 2445 1990 2493 sanctor-um

721 2533 970 2598 Pelagia,
1023 2535 1072 2583 et
1114 2530 1348 2582 alio-rum
1411 2528 1787 2594 quadraginta
1852 2533 1986 2582 octo.

474 2623 542 2674 20
580 2621 829 2674 Tcrnum
861 2635 989 2673 cum
1020 2619 1168 2672 deuo
1201 2617 1433 2687 Caprasi
1472 2621 1688 2687 martyr
1717 2617 1988 2670 honoras.

472 2714 533 2764 21
581 2710 880 2779 Presbyter
925 2708 1179 2761 Asterius
1234 2705 1502 2760 duodeno
1551 2705 1677 2759 luce
1733 2709 1993 2758 coruscat

583 2797 842 2868 Egregia,
885 2799 1095 2850 multos
1139 2795 1332 2850 docuit
1361 2795 1459 2865 qui
1487 2794 1714 2848 vincere
1745 2799 1990 2861 sanctos,

581 2887 844 2956 Undique
874 2885 1025 2939 bella
1054 2885 1162 2955 piis
1206 2884 1409 2938 duram
1451 2882 1781 2937 minitantia
1830 2898 1992 2936 mor-

1812 2970 1948 3042 [tem
1975 2987 1988 3024 :

583 3064 741 3116 Hunc
773 3067 824 3116 et
859 3063 1109 3116 Hilarion
1143 3061 1322 3114 eremi
1354 3061 1542 3115 bonus
1573 3061 1764 3114 accola
1793 3060 1989 3114 comit.

580 3153 738 3206 Tunc
764 3166 1072 3205 numerosa
1101 3150 1271 3204 simul
1306 3150 1494 3204 Rheni
1523 3165 1627 3220 per
1653 3149 1848 3203 littora
1887 3147 1994 3202 ful-

1824 3235 1992 3309 [gent

584 3327 806 3383 Christo
841 3326 1117 3395 virgineis
1149 3331 1338 3380 erecta
1372 3329 1587 3396 tropaea
1617 3324 1888 3395 maniplis

580 3416 916 3488 Agrippinae
948 3417 1101 3484 urbi,
1133 3431 1377 3486 quarum
1422 3415 1583 3468 furor
1613 3414 1828 3486 impius
1854 3414 1993 3468 olim

580 3505 754 3559 Millia
802 3504 1068 3558 mactavit
1112 3504 1463 3558 dnctricibus
1501 3504 1698 3558 inclita
1758 3503 1986 3558 sanctis.

504 3595 576 3649 22
616 3593 994 3648 Undecimnm
1041 3593 1183 3646 festo
1224 3592 1522 3663 Philippus
1554 3591 1856 3663 episcopus
1891 3607 1990 3644 au-

1839 3683 1953 3746 [get
1976 3697 1988 3732 :

583 3771 819 3826 Hermes
857 3771 964 3824 hoc
1010 3770 1134 3841 ipso
1165 3779 1190 3804 ⁸
1241 3769 1406 3836 nitet,
1441 3769 1830 3840 Eusebiusque
1861 3769 1993 3822 bea-

1862 3859 1989 3920 ltus.

653 3949 714 4001 In
771 3948 1002 4001 Thracia
1045 3952 1280 4009 civitate,
1338 3951 1524 4017 passio
1566 3951 1742 4000 sancti
1791 3945 1991 3999 Leode-

721 4038 854 4103 gali,
885 4042 933 4089 ct
967 4041 1142 4090 sancti
1173 4037 1415 4103 Philippi
1445 4039 1714 4103 episcom.

476 4127 543 4179 23
583 4125 872 4184 Severine,
927 4131 1057 4176 tuos
1101 4123 1320 4177 decimo
1369 4138 1529 4176 sacer
1576 4123 1708 4176 inde
1762 4123 1996 4175 colonos

584 4215 890 4282 Inspectas,
924 4211 1098 4281 primi
1132 4211 1355 4264 radians
1391 4211 1459 4264 de
1490 4210 1739 4264 culmine
1770 4209 1990 4280 templi.

655 4302 718 4353 In
753 4300 1109 4368 Trajanopoli
1133 4300 1315 4354 Severi
1339 4304 1390 4352 et
1417 4301 1636 4358 Donati,

476 4389 546 4443 24
576 4389 736 4442 Nono
769 4387 1122 4459 quadrageni
1155 4387 1430 4458 effulgent
1455 4403 1665 4457 sexque
1695 4388 1993 4457 triumpho

584 4477 797 4543 Romae,
831 4475 1035 4530 militia
1064 4480 1120 4529 et
1145 4481 1340 4529 sancto
1388 4475 1700 4529 certamine
1730 4475 1886 4528 clari.

587 4566 1012 4636 Martinumque
1066 4566 1091 4607 ι)
1149 4579 1314 4617 suum
1364 4563 1657 4618 celebrans
1721 4565 1997 4618 Vertanus

1714 4651 1799 4724 [ad
1809 4658 1994 4707 ornat.

656 4744 721 4796 In
767 4743 1079 4798 Nicomedia
1148 4745 1323 4794 sancti
1398 4742 1612 4801 Vitatis,
1699 4743 1887 4795 Felicis
1949 4746 1998 4794 et

737 4833 993 4886 Victoris.

481 4923 548 4974 25
599 4920 872 4976 Octavum
948 4918 1248 4989 Crispinus
1318 4918 1493 4973 habet
1568 4935 1699 4974 cum
1787 4917 1998 4988 Crispi-

1781 5007 2000 5075 [niano,

591 5098 874 5152 Flammas
913 5097 1014 5168 qui
1042 5096 1190 5167 passi
1219 5113 1431 5151 saevum
1453 5096 1641 5152 vicere
1667 5102 1998 5168 tyrannum.

2377 402 2780 472 Chrysautum,
2837 403 3201 473 Dariamque,
3264 418 3414 455 novo
3462 417 3642 471 quos
3696 417 3796 452 me-

3403 489 3581 561 [nere
3615 489 3798 542 Christ.

2382 581 2560 634 Roma
2588 596 2738 634 nunc
2766 584 2977 642 vectos,
3012 581 3251 633 tumulis
3304 581 3461 634 Nova
3502 578 3687 632 Cella
3729 599 3802 631 κςο

3581 663 3798 736 [nustai

2382 758 2502 821 Qua
2543 757 2729 812 Rheni
2776 758 2939 810 celsis
2987 758 3297 812 succedunt
3348 773 3613 827 aequora
3649 755 3800 808 Sili-15..

2383 847 2608 900 Hilarus
2650 846 2742 900 hic
2790 846 2962 900 etiam
3004 846 3148 900 nitet
3192 847 3386 918 amplo
3434 847 3678 916 praesul
3725 846 3802 897 ho-

3642 931 3798 1004 [θοι-ξ.

2451 1024 2650 1077 Eodem
2702 1024 2789 1076 die
2837 1025 3022 1077 natale
3072 1026 3249 1077 sancti
3294 1012 3580 1076 Frontoni
3627 1027 3804 1090 epis-saa-

2535 1116 2600 1180 pi
2629 1117 2681 1165 et
2705 1114 3048 1178 confessoris.

2097 1202 2222 1253 Dies
2295 1202 2362 1253 26
2422 1200 2722 1255 Pontiﬁces
2810 1201 2980 1268 fama,
3040 1200 3238 1271 signis,
3289 1201 3681 1272 tumulisque
3728 1219 3806 1254 co-

3632 1306 3807 1342 tusae

3632 1306 3801 1342 tum

2382 1377 2670 1448 Septimus
2700 1377 2967 1445 ostendit,
3010 1393 3144 1432 vero
3188 1377 3260 1432 de
3310 1376 3560 1432 nomine
3599 1303 3801 1429 famas-

3631 1464 3800 1536 [dum,

2382 1555 2823 1625 Vedastumque,
2899 1554 3067 1608 simul
3129 1555 3351 1610 meritis
3409 1561 3469 1609 et
3540 1561 3796 1622 tempore

3531 1645 3576 1713 [λ
3591 1653 3796 1696 unctos.

2453 1733 2516 1784 In
2565 1732 2875 1787 Nicomedia
2931 1734 3115 1786 natale
3171 1737 3486 1786 sanctorum
3550 1734 3795 1791 Lucium,

2523 1822 2807 1874 Marciani.
2887 1823 3198 1875 Translatio
3281 1826 3528 1890 corporis
3633 1828 3796 1872 sam-ts

2523 1909 2789 1962 Amandi.

2308 1999 2375 2050 27
2416 1997 2557 2050 Hinc
2615 2001 2838 2051 sextum
2890 2001 3106 2067 martyr
3159 2013 3428 2067 pugnans
3468 1997 3802 2049 Vincentius

3589 2083 3775 2156 [ornat
3789 2103 3797 2135 :

2382 2174 2665 2229 Christete
2746 2174 2855 2229 hoc
2937 2175 3172 2244 pariter,
3247 2174 3584 2245 Sabinaqne
3649 2174 3795 2242 virgo

3433 2263 3792 2335 [triumphat

2453 2356 2523 2406 Et
2567 2355 2760 2421 vigilia
2805 2355 3170 2421 apostolorum
3230 2353 3466 2408 Simonis
3521 2357 3575 2405 et
3629 2351 3788 2405 Jmiz.

2274 2445 2342 2496 28
2382 2441 2633 2496 Simonis
2660 2446 2716 2494 et
2743 2441 2904 2495 inde:
2949 2442 3242 2511 praecellet
3278 2440 3517 2511 quintus
3555 2440 3790 2494 honore.

2381 2531 2533 2594 Quos
2562 2531 2836 2600 opulenta
2868 2532 2984 2584 Deo
3015 2529 3199 2583 Persis
3220 2530 3486 2582 mittente
3514 2537 3785 2598 receptos,

2384 2619 2550 2673 Fidos
2577 2619 2851 2688 martyrio
2901 2625 2960 2672 et
2991 2619 3171 2689 signis
3201 2619 3492 2672 tumulare
3520 2623 3788 2689 patronos

2384 2707 2728 2774 Promeruit,
2765 2707 2898 2762 ﬁdei
2944 2707 3149 2760 cultrix
3207 2707 3253 2760 si
3308 2707 3519 2760 deinde
3579 2706 3780 2760 fuisset.

2385 2798 2555 2866 Virgo
2607 2797 2836 2862 animis,
2888 2801 2947 2851 et
2999 2796 3092 2850 cui
3156 2795 3357 2850 Decius
3414 2795 3567 2849 haud
3617 2794 3786 2847 editor

3610 2882 3785 2951 [esset

2384 2972 2484 3026 Hic
2514 2972 2687 3026 etiam
2717 2972 2989 3026 Matronae
3021 2972 3225 3026 colitur
3264 2988 3370 3042 per
3402 2972 3602 3025 littora
3627 2971 3777 3024 Fara.

2279 3064 2346 3117 29
2387 3061 2688 3130 Presbyter
2734 3061 2868 3115 hinc
2904 3061 3159 3115 retinens
3204 3066 3476 3132 quartum
3519 3058 3784 3113 Zenobius

3590 3148 3776 3218 [oi-nat.

2455 3241 2520 3292 In
2549 3241 2813 3300 Luciana,
2867 3241 3051 3293 natale
3089 3243 3264 3292 sancti
3313 3238 3566 3302 Quinti-ni
3611 3243 3662 3288 et
3703 3236 3781 3287 Fe-

2531 3329 2738 3381 liciani.

2281 3419 2348 3470 3O
2386 3416 2572 3469 Terno
2603 3415 2895 3469 Marcellus
2925 3414 3135 3470 Christi
3180 3414 3442 3484 galeatus
3473 3427 3690 3474 amore,

2351 3504 2679 3559 Centuriam
2736 3503 2876 3558 coelo
2931 3503 3165 3573 dignam
3210 3502 3561 3574 geminaque
3614 3514 3775 3554 sacra-

3695 3587 3774 3648 rit,

3695 3587 3774 3648 rit,

2387 3680 2726 3752 Martyribus
2770 3678 2857 3735 bis
2895 3683 3128 3734 centum
3170 3683 3227 3733 et
3269 3679 3357 3733 bis
3410 3678 3575 3733 denis
3617 3587 3781 3732 co[mi-

3609 3766 3776 3836 [tatus

2458 3860 2528 3911 Et
2589 3860 2878 3912 translatio
2949 3861 3189 3926 corporis
3266 3861 3445 3910 sancti
3514 3854 3782 3912 Saturnini

2529 3951 2785 4015 episcopi.

2318 4038 2376 4090 31
2423 4035 2764 4100 Quintinum
2796 4035 2982 4106 pridie
3009 4035 3302 4090 celebrant
3345 4051 3450 4089 sua
3483 4038 3642 4106 gesta
3668 4032 3780 4085 bea-

3643 4128 3748 4174 tum
3765 4133 3774 4179 ;

3643 4128 3774 4179 tum;

2387 4213 2496 4278 Qui
2519 4212 2733 4284 insigni
2757 4217 2816 4268 et
2842 4212 3001 4267 vario
3043 4212 3114 4267 ob
3163 4212 3456 4267 Christum
3486 4123 3775 4265 certimine

3582 4296 3770 4369 [victor,

2389 4388 2740 4444 Octimbrem
2777 4388 2970 4443 clauso
3009 4387 3306 4458 componit
3347 4387 3408 4440 in
3458 4387 3597 4442 orbe
3625 4399 3774 4440 ruen-

3666 4479 3774 4527 tem.

2531 4568 2600 4620 Et
2623 4570 2802 4620 sancti
2826 4568 3080 4621 Foilnani
3098 4569 3383 4634 martyris.
3648 4473 3661 4545 [

2765 4706 3157 4761 NOVEMBER.

2395 4832 2555 4886 Nunc
2583 4847 2824 4902 quoque
2873 4831 3003 4902 quis
3048 4830 3224 4900 longa
3269 4828 3468 4899 vigilet
3508 4829 3613 4883 sub
3646 4830 3776 4881 nocte

3439 4915 3771 4987 [Novemben

2393 5008 2546 5072 Quos
2613 5007 2869 5078 igilando
2949 5012 3118 5061 canat
3167 5021 3507 5077 promemus
3551 5004 3776 5060 carmine

3547 5095 3772 5166 [sanctos

593 5187 856 5241 Gemmas
932 5186 1192 5258 martyrii
1295 5187 1554 5258 geminas
1664 5201 2007 5241 veneramur
2112 5187 2238 5239 Dies
2313 5185 2657 5240 lCaasarius
2725 5184 2912 5254 prima
2988 5183 3254 5254 designat
3315 5183 3506 5237 fronte
3576 5184 3776 5237 Novem-

1755 5273 2001 5346 [eodem,

381 5469 648 5524 ‘He-rmes
702 5470 798 5523 hoc
843 5475 978 5539 ipso.
1037 5472 1098 5525 lu
1158 5471 1348 5526 codice
1400 5472 1539 5540 Reg.
1597 5476 1652 5524 et
1706 5471 1766 5525 in
1817 5471 2003 5540 Bigot,

310 5537 524 5592 Ermas.

3605 5270 3772 5340 [brem,

2119 5474 2211 5596 dt
2244 5474 2666 5597 .laartinumque.
2725 5472 2882 5525 Hunc
2931 5486 3157 5524 versum
3221 5467 3588 5539 ascripsimus
3635 5485 3662 5522 ρ
3731 5480 3770 5517 o-

2161 5559 2241 5596 iee
2323 5559 2472 5597 emo.

2161 5559 2241 5596 me
2277 5559 2472 5612 uegio.
