3846 6244
26 373 56 418 Τ
1428 366 2044 422 MABTYROIDGIUM.
3378 369 3481 421 6t8

265 503 488 558 Eximio
521 504 686 574 cujus
714 503 940 557 laetatur
970 503 1147 557 Roma
1181 503 1493 573 triumpho.

263 593 473 647 Mensis
508 597 564 646 et
596 592 684 646 hic
734 593 987 662 reliquos
1036 592 1260 646 stellato
1304 593 1511 645 vertice
1547 590 1678 644 vin-

1498 678 1675 751 [cens,

267 771 389 824 Uno
423 787 628 823 omnes
661 774 883 823 sanctos
922 770 1212 824 celebrans
1252 770 1548 838 conjungit
1577 769 1678 822 ho-

1492 856 1676 928 [nore,

307 948 487 1015 Regia
538 964 684 1019 quos
730 947 856 1000 οωιὶ
900 947 1114 1017 pariter
1163 946 1482 1016 retinetque
1513 946 1681 1000 fovet-

1519 1031 1676 1105 [que.

263 1123 520 1188 Quartis,
576 1123 882 1189 Victoriae,
943 1139 1098 1177 sacer
1161 1126 1488 1193 martyrque
1549 1122 1681 1174 bea-

1509 1208 1611 1281 [ris
1635 1219 1676 1262 ⁸.

25 1303 92 1352 tes
172 1302 207 1353 ‘2
256 1300 477 1354 Nonis:
529 1301 621 1354 hic
666 1301 837 1354 etiam
884 1301 1109 1370 fulgent
1153 1299 1430 1364 Julianus,
1479 1298 1681 1368 hisque

1365 1385 1680 1459 [Benignus

264 1477 594 1548 Presbyteri
669 1477 889 1548 fulgent
974 1478 1179 1531 virtute
1259 1481 1316 1529 et
1402 1475 1680 1545 sanguine

1496 1563 1675 1636 [clari.

185 1657 217 1706 3
259 1653 466 1706 Ternis
495 1655 832 1719 Germanus,
870 1654 1088 1717 Vitalis,
1122 1653 1536 1724 Caesariusque,

169 1735 172 1738 ’
260 1742 733 1812 Theophilusque
781 1743 902 1812 pari
959 1743 1244 1795 collucent
1283 1742 1500 1795 lumine
1529 1741 1676 1794 festi.

343 1840 402 1892 In
505 1840 771 1907 Trajecto,
844 1839 1107 1908 depositio

413 1928 550 1980 berti
589 1928 843 1996 episcopi.

184 2017 217 2069 4
261 2017 482 2069 Ρτωδυι
560 2016 692 2068 hinc
772 2015 954 2085 pridie
1030 2015 1324 2069 Ruthenos
1378 2015 1680 2070 Amantius

1489 2102 1681 2175 [ornat

415 2203 474 2254 In
548 2202 590 2254 Α
603 2203 764 2268 frica,
845 2203 1027 2255 natale
1096 2207 1404 2255 sanctorum
1487 2204 1677 2269 Primi,

447 2291 724 2358 Perpetua:
746 2295 796 2342 et
831 2292 1081 2344 Victoris.

190 2380 218 2429 Ξὶ
261 2377 448 2430 Nonis
499 2378 794 2430 Zacharias
845 2381 1016 2443 vates,
1071 2379 1384 2448 templique
1423 2378 1681 2432 sacerdos

263 2465 516 2538 Eminet,
551 2466 803 2519 ablatum
828 2468 850 2508 b
898 2465 1016 2518 nati
1051 2466 1148 2536 qui
1180 2482 1418 2520 munere
1460 2482 1678 2534 vocem,

262 2553 424 2607 Vatis
474 2560 530 2607 et
584 2554 837 2608 ofﬁcium
892 2555 1078 2625 prisco
1139 2554 1208 2608 de
1252 2571 1411 2625 more
1445 2555 1673 2625 recepit.

265 2645 498 2714 Hasque
531 2660 687 2698 sacer
734 2645 909 2709 Felix,
942 2621 1373 2714 monachusqtie
1408 2644 1680 2698 Eusebius

1421 2731 1676 2803 [augent

446 2823 516 2873 t
542 2825 742 2875 sancta
768 2823 954 2875 Mariae
979 2826 1028 2875 et
1051 2822 1358 2892 Secundae.)

193 2910 224 2959 6
264 2907 468 2962 Idibus
529 2909 748 2963 octonis
818 2914 1036 2979 martyr
1111 2910 1262 2963 Felix
1337 2910 1675 2963 celebratur.

303 3007 369 3058 In
417 3010 637 3060 civitate
678 3007 912 3060 Redonis
953 3005 1160 3067 Galliae,
1203 3008 1465 3075 depositio
1505 3010 1681 3060 sancti

413 3095 616 3148 Melani
687 3095 940 3163 episcopi,
1035 3099 1084 3146 et
1158 3099 1333 3148 sancti

447 3184 792 3249 confessoris.

191 3274 222 3322 7
265 3268 546 3340 Septenas
621 3275 929 3324 Amarante
1013 3271 1107 3340 pia
1193 3271 1257 3325 de
1347 3276 1532 3324 morte
1593 3288 1678 3324 sa-

1447 3357 1640 3431 [crasti
1665 3375 1676 3412 :

266 3447 380 3500 Has
409 3463 640 3518 quoque
669 3447 1077 3502 Willebrordus
1128 3447 1315 3514 habet,
1366 3463 1479 3517 quo
1525 3447 1682 3517 prin-

1317 3534 1466 3606 [cipe
1501 3534 1682 3604 plebis

269 3623 588 3677 Fresonum
635 3623 802 3676 multi
851 3623 1138 3678 Christum
1188 3639 1418 3678 sensere
1469 3639 1684 3676 vocan-

1519 3711 1679 3783 [tem.

1514 3809 1685 3862 Primi

1215 1843 1389 1891 sancti
1475 1841 1524 1890 Η
1528 1855 1680 1891 uccu-

341 3809 405 3862 In
496 3810 829 3874 Nicomedia,
910 3810 1126 3876 Rogati,
1229 3811 1430 3862 Donati

414 3903 466 3950 et
495 3899 672 3951 Juliaa.

201 3985 232 4037 8
273 3986 453 4039 Senas
504 3990 772 4039 ornantes
821 3986 952 4039 Idus
997 3984 1203 4039 merito
1254 3989 1425 4053 atque
1461 3999 1682 4049 cruore,

271 4073 492 4140 Claudi,
549 4074 786 4141 Castori,
834 4073 1116 4143 Simplici,
1173 4072 1592 4144 Symphoriane
1642 4082 1680 4140 °,

274 4163 340 4215 Et
386 4163 720 4228 Nicostrate,
783 4163 910 4233 pari
970 4161 1200 4231 fulgetis
1266 4162 1389 4215 luce
1437 4177 1681 4215 coronae.

349 4257 414 4310 In
470 4259 804 4324 Nicomedia,
845 4260 1030 4312 natale
1101 4263 1413 4312 sanctorum
1488 4259 1686 4312 Eusebi

420 4351 472 4398 et
494 4349 745 4400 Eustasii

207 4436 237 4485 9
276 4433 479 4498 Quinte
543 4451 674 4490 mox
720 4435 852 4490 Idus
909 4434 1210 4489 Theodoro
1261 4439 1511 4505 martyre
1557 4450 1686 4488 ver-

1503 4521 1684 4595 [nant.

183 4611 242 4663 l0
281 4611 510 4676 Quartis
566 4613 870 4679 Modestus,
950 4613 1258 4680 Florentia,
1315 4612 1688 4682 Tiberiusque

278 4700 450 4754 Trino
484 4701 760 4771 martyrio
791 4701 944 4755 trino
974 4717 1080 4771 pro
1112 4700 1347 4754 nomine
1374 4700 1614 4770 fulgent.

353 4799 415 4851 In
454 4797 770 4858 Antioch-ia,
844 4799 1027 4852 natale
1110 4801 1420 4851 sancto-rum
1505 4799 1692 4849 Deme-

429 4887 501 4939 tri
574 4887 827 4954 episcopi.
894 4888 1094 4948 Romae,
1174 4885 1436 4954 depositio
1518 4889 1691 4937 sancti

424 4976 620 5028 Leonis
647 4978 904 5043 episcopi.

51 5133 455 5248 b’tl'lartyrque
501 5133 698 5187 bearis.
764 5134 829 5186 In
875 5132 1069 5186 codice
1117 5131 1316 5202 Regio,
1381 5135 1695 5196 meritisque

75 5215 120 5248 θα
145 5217 217 5248 ης-

75 5206 217 5255 catus.

75 5273 331 5347 HbEminct
408 5275 670 5328 ablatam.
755 5273 844 5328 Sic
901 5273 1351 5347 emendavimus
1424 5289 1454 5324 θ
1504 5272 1695 5326 codice

55 5339 218 5410 Bigot.,
248 5361 376 5399 cum
417 5351 584 5398 antea
613 5350 876 5414 corrupte
901 5344 1204 5414 legeretur,
1238 5344 1478 5397 oblitam.

104 5419 118 5443 ‘
143 5413 541 5469 Sum-nhoriane.
571 5417 633 5469 In
665 5415 856 5469 codice
897 5415 1074 5469 Restio
1106 5426 1160 5468 et
1205 5415 1265 5467 in
1315 5415 1498 5469 Bigot.
1551 5411 1695 5469 legi-

104 5429 118 5443 ι
143 5429 541 5484 δψηρηοηαηε.
571 5429 633 5469 1n
665 5429 856 5469 conice
897 5429 1074 5485 uegio
1106 5429 1160 5468 et
1205 5430 1265 5467 1n
1316 5429 1498 5482 blgot.
1551 5429 1641 5482 leg

55 5482 127 5533 tur
152 5485 544 5554 Semproniam.
1383 5552 1392 5554 Α

105 5563 126 5604 d
159 5552 375 5610 Festivos
404 5557 660 5626 populos.
710 5555 855 5619 Quin
907 5554 1192 5626 ignoratio
1246 5552 1698 5626 vocabuliAhaud

55 5617 112 5674 ita
134 5627 362 5697 vulgaris
394 5617 589 5681 l‘oc‘um
635 5617 789 5680 hunc
834 5617 1258 5690 deforniaverit,
1314 5625 1401 5677 vix
1437 5623 1699 5678 dubitare

328 5725 622 5785 PATROL.
668 5721 892 5784 CXXI.

1409 3095 1680 3148 Leonardi
1718 3101 1758 3156 C

1714 506 1759 556 A
1787 505 1910 556 Dies
1989 504 2045 554 H
2095 504 2281 555 Menas
2312 508 2537 556 sanctus
2575 509 2702 556 ovat
2749 503 2925 555 ternis
2972 502 3178 556 virtute
3224 503 3471 573 fideque.

2074 590 2372 645 Confessor
2417 593 2642 656 merito,
2693 592 2900 658 officio,
2955 595 3011 645 et
3060 607 3322 644 sermone
3368 592 3475 645 Sa-

3229 679 3382 752 [cerd
3392 697 3476 750 os,

2073 769 2259 840 Atque
2307 767 2417 822 ﬁde
2471 769 2698 837 Martyr,
2749 768 2860 821 lato
2909 768 3156 821 famosus
3219 769 3280 821 in
3343 769 3476 822 orbe

2076 857 2369 923 Martinus,
2395 856 2559 916 votis,
2594 857 2852 925 festoque
2885 861 3116 909 vocatur
3147 857 3368 909 eodem.

2073 944 2371 1009 Exsilium,
2410 943 2656 1013 ﬂagella,
2701 944 2905 1008 minas,
2940 949 3226 997 tormenta
3258 959 3478 997 necem-

3348 1030 3477 1104 [que

2071 1121 2178 1174 Pro
2210 1121 2432 1176 Christo
2464 1137 2732 1192 perpessa
2761 1120 2928 1174 simul
2964 1120 3254 1174 Domitilla
3282 1121 3481 1173 trium-

3295 1208 3476 1278 fphat.

2146 1305 2205 1357 In
2256 1305 2449 1359 Galliis
2503 1309 2738 1366 civitate,
2791 1305 3042 1358 dormitio
3100 1309 3276 1358 sancti
3332 1307 3477 1358 Mar-

2219 1395 2320 1445 tini
2353 1397 2604 1461 episcopi.
2635 1396 2702 1445 Et
2723 1398 2897 1446 sancti
2924 1395 3148 1446 M‘ennw.

1973 1483 2034 1534 l2
2074 1480 2388 1551 Agrippina
2428 1486 2560 1534 tuus
2601 1481 2783 1551 pridie
2815 1482 3040 1535 excellit
3099 1481 3475 1536 Cunibertus:

2077 1569 2353 1624 Leonium
2400 1569 2678 1640 Sequanae
2720 1571 2976 1623 recolunt
3022 1586 3252 1641 quoque
3288 1570 3479 1623 littora

3174 1657 3475 1730 [sanctum

2143 1756 2204 1807 In
2261 1755 2505 1808 Caesarea
2573 1755 2946 1823 C(lppCLllOCiEB,
3013 1757 3194 1808 natale

2217 1859 2336 1895 rum
2370 1844 2623 1896 Germani
2650 1849 2700 1896 et:
2729 1844 2965 1896 Euseb-ii.

1971 1931 2032 1983 t3
2075 1929 2205 1982 Idus
2231 1933 2368 1982 tunc
2398 1929 2577 1982 haeres
2607 1934 2754 1992 tuus,
2791 1947 2823 1982 ο
2844 1930 3100 1992 Martine,
3137 1935 3378 1984 retentat

2074 2017 2292 2071 Bricius
2351 2018 2571 2084 exsilio,
2630 2019 2912 2088 lacrymis,
2989 2019 3280 2090 signisque
3345 2035 3477 2088 pro-

3272 2107 3478 2177 [batus.

2148 2205 2213 2256 Et
2259 2207 2316 2256 in
2371 2205 2632 2265 MalborL,
2698 2207 2984 2258 translatio
3059 2209 3296 2272 corporis
3359 2221 3482 2258 san-

2215 2295 2309 2344 ctae
2339 2292 2702 2358 Aldcgundis.

1977 2379 2036 2432 14
2077 2379 2343 2433 Octavam
2378 2380 2775 2451 decimamque
2818 2381 3156 2435 Decembres
3213 2385 3340 2435 ante
3378 2383 3480 2435 Ka-

3267 2468 3480 2540 Ueudas

3205 2557 3481 2610 Philomi-

3206 2644 3475 2716 [nusque,

2074 2732 2188 2785 Hac
2218 2732 2433 2802 pariter
2465 2733 2614 2801 passi
2644 2733 2877 2786 tortoris
2910 2734 3070 2804 jussa
3099 2733 3340 2787 cruenti.

2142 2832 2206 2884 1n
2269 2833 2530 2885 Heraclea
2596 2837 2833 2892 civitate,
2910 2834 3092 2886 natale
3167 2838 3477 2888 sanctorum

2217 2920 2549 2981 ('Ylementini,
2615 2922 2853 2975 He-racti.
2948 2922 3071 2988 Ipso
3119 2921 3232 2974 die
3285 2926 3473 2990 passio

3266 1762 3448 1810 sancto
3459 1787 3479 1794 -

2041 2555 2386 2609 Clementius
2479 2555 2672 2616 habet,
2757 2556 3114 2623 Theodotus,

2215 3011 2388 3060 sancti
2412 3010 2577 3062 Justi.

1970 3097 2030 3147 1Ξὶ
2071 3094 2317 3165 Septena
2347 3096 2650 3165 Eugenius,
2686 3099 2900 3166 martyr
2949 3095 3209 3166 denaque
3232 3097 3474 3152 nitescit.

2143 3193 2206 3244 In
2240 3193 2445 3257 Africa
2495 3195 2732 3259 civitate,
2776 3194 2959 3246 natale
3005 3199 3315 3248 sanctorum
3376 3196 3475 3250 Sa-

2220 3285 2431 3333 turnini
2455 3285 2506 3333 et
2533 3283 2787 3342 Demetri,
2817 3287 2867 3334 et
2887 3287 3062 3336 sancti
3093 3283 3329 3338 Caesarii.

1965 3367 2034 3420 16
2076 3367 2382 3421 Eucherius
2409 3373 2622 3423 sextam
2668 3385 2798 3424 cum
2844 3370 3011 3436 dena,
3058 3371 3478 3442 Gregoriusque

2071 3456 2338 3526 lmplent,
2390 3457 2654 3528 Lugduni
2693 3459 2806 3526 hic,
2839 3459 3219 3513 Neocaesareaa
3263 3461 3358 3514 ille
3389 3477 3477 3514 sa-

3259 3548 3476 3602 cerdos.

2846 3556 2850 3559 ‘
3259 3548 3476 3602 cerdos.

2143 3642 2208 3694 In
2274 3643 2480 3711 Capua,
2551 3645 2733 3697 natale
2804 3648 3114 3698 sanctorum
3179 3546 3373 3699 Vitatis
3429 3649 3481 3698 et

2213 3733 2488 3784 Januarii.

1973 3821 2032 3871 l7
2074 3818 2450 3882 Quindecima
2509 3819 2744 3875 antistes
2797 3819 3011 3890 Ligeris
3089 3837 3193 3890 per
3265 3822 3476 3889 littora,

3243 3911 3479 3981 [perque

2077 3995 2320 4049 Festivos
2353 3997 2596 4066 populos
2626 4009 2676 4066 d,
2713 3996 2967 4052 Anianus
3005 3997 3174 4053 laude
3224 4005 3482 4054 coruscat

2077 4085 2325 4151 Eterna,
2378 4085 2600 4152 merito,
2641 4085 2836 4156 signis,
2887 4102 3076 4156 prece,
3128 4089 3482 4160 consilioque

2046 4173 2252 4226 Urbem
2326 4173 2425 4243 qui
2476 4174 2771 4244 propriam
2823 4174 3019 4229 hostili
3060 4177 3129 4230 de
3186 4177 3347 4232 clade
3401 4193 3484 4231 re-

3264 4267 3482 4336 [demit.

2080 4348 2433 4417 (Arcitenens
2491 4351 2681 4422 gelido
2741 4350 2874 4405 hinc
2944 4353 3241 4408 contristat
3299 4355 3486 4408 sidere

3210 4441 3485 4513 fetidum.)

2150 4527 2214 4578 In
2268 4531 2485 4582 civitate
2557 4531 2857 4597 Hierapoli,
2927 4531 3113 4583 natale
3178 4535 3487 4584 sanctorum

2231 4618 2482 4677 Victo-ris,
2519 4614 2720 4686 Alphei
2744 4622 2792 4670 et
2823 4618 3071 4670 Romolae.

1980 4704 2043 4756 18
2083 4702 2396 4774 Hesychius
2434 4709 2650 4773 martyr
2706 4707 2969 4774 quartam
3023 4705 3344 4776 denamque
3395 4721 3487 4759 co-

3281 4792 3486 4865 [ronat,

2083 4881 2506 4950 Romanusque,
2557 4880 2689 4933 urbs
2737 4879 3002 4933 Antiochi
3062 4879 3191 4949 quis
3232 4881 3357 4934 laeta
3397 4897 3486 4934 re-

3275 4967 3356 5039 [cu
3367 4970 3488 5023 rrit.

1803 5145 2037 5200 possum
2065 5146 2078 5194 ;
2110 5145 2243 5182 nam
2269 5145 2394 5182 cum
2421 5143 2580 5200 voces
2603 5128 2716 5200 illa}
2741 5133 2962 5196 festivos
2983 5131 3216 5197 populos
3263 5130 3357 5185 hic
3380 5148 3493 5185 non

1805 5198 1940 5254 satis
1995 5200 2354 5271 conveniant,
2417 5198 2711 5271 probabile
2791 5205 2892 5271 est
2941 5201 3144 5269 populi
3197 5201 3492 5271 cujusdam

1806 5286 2020 5324 nomen
2050 5270 2155 5322 sub
2185 5285 2317 5322 voce
2351 5271 2571 5334 festivos
2607 5270 2803 5323 latere.
2844 5269 2899 5322 ld
2948 5286 3078 5324 vero
3130 5269 3304 5325 fuerit
3331 5274 3497 5328 Belsi-

1803 5357 2013 5398 eorum.
2047 5346 2145 5415 aut
2192 5345 2342 5415 c_erte
2379 5340 2736 5415 Bclsinorum,
2769 5341 2882 5415 hoc»
2905 5346 2986 5393 est
3013 5358 3214 5415 eorum
3247 5345 3346 5415 qui
3373 5347 3502 5399 Bel-

1806 5416 1963 5471 siam,
1994 5410 2164 5477 vulgo
2197 5411 2744 5484 Deaucr,_inco_lunt:
2789 5412 2956 5484 hujus
2991 5413 3144 5466 enim
3189 5410 3498 5484 provinciae

1806 5497 2017 5553 nomen
2045 5487 2178 5553 ante
2215 5479 2601 5553 Wandalberti
2650 5479 2876 5535 aetatem
2923 5482 2983 5535 in
3033 5479 3259 5553 scriptis
3298 5486 3500 5539 Fortu-

1807 5552 1926 5606 nati
1957 5551 2276 5625 reperitur;
2311 5551 2690 5621 quamobrem
2736 5553 2826 5606 hic
2866 5553 3108 5607 libenter
3147 5551 3345 5625 legero
3385 5558 3499 5609 Bel-

1809 5627 1954 5677 sinos
1977 5621 2230 5689 populos.

3109 5723 3188 5780 2O
