3846 6244
329 329 431 380 619

677 457 742 509 In
810 457 1069 524 Ca’sarca,

756 550 917 600 Ciani.

319 634 445 684 Dies
525 635 586 686 l9
626 634 1014 688 Tredecimam
1053 635 1368 690 Felicianus
1395 653 1524 690 cum
1556 637 1845 692 Severino.

610 723 866 793 Cumque
917 725 1218 795 Exuperio,
1269 725 1404 778 tidei
1442 728 1754 780 certamine
1813 729 2010 781 sancit.

675 812 739 864 In
780 811 1038 872 Caesarea,
1097 814 1372 878 Januarii,
1439 816 1655 876 Vitalis,
1717 817 2008 870 Marciani.

745 901 1147 966 Augustoduno
1169 909 1211 962 ‘5
1232 902 1476 968 Simplici
1505 907 1763 972 episcopi.

497 990 564 1042 20
603 989 882 1041 Pontiano
915 988 1015 1040 tibi
1047 989 1364 1042 duodenam
1403 991 1584 1043 Roma
1613 991 1798 1045 dicato

605 1077 888 1146 Obsequio
919 1083 1118 1142 sacrat,
1166 1078 1404 1131 antistes
1455 1085 1784 1150 martyrque
1825 1081 2008 1133 beate.

671 1166 735 1218 In
775 1167 1016 1234 Spaniis,
1069 1168 1252 1219 natale
1290 1169 1466 1220 sancti
1516 1169 1743 1221 Maximi
1781 1171 2010 1237 presby-

753 1259 873 1307 teri.

497 1344 555 1394 2t
603 1342 760 1396 Abba
793 1343 1177 1396 Columbanus
1214 1345 1506 1397 undenam
1549 1346 1660 1398 sibi
1693 1350 1898 1412 servat,
1941 1345 2010 1398 ab

1863 1435 2009 1504 [ipso

602 1521 824 1574 Oceano
891 1521 1086 1574 multis
1133 1521 1260 1574 vita:
1322 1522 1422 1591 qui
1471 1523 1736 1592 dogmata
1797 1529 2006 1576 sanctae

601 1609 897 1678 Religione
945 1609 1040 1678 pia
1091 1609 1316 1678 sparsit,
1380 1627 1665 1676 sermone,
1719 1627 2008 1682 manuque

671 1699 740 1750 Et
769 1700 962 1764 vigilia.
987 1705 1182 1752 sanctas
1220 1699 1463 1752 Castaliae.

493 1788 560 1838 22
602 1785 828 1838 Caecilia
867 1786 1111 1838 illustrat
1161 1788 1366 1839 denam
1423 1803 1550 1838 mox
1600 1792 1794 1840 sancta
1824 1789 2008 1842 nitore

603 1876 903 1943 Perpetuo,
946 1875 1110 1928 claris
1152 1891 1377 1945 semper
1423 1876 1707 1944 vulganda
1753 1879 2006 1947 tropzeis,

601 1962 770 2030 Virgo
817 1963 952 2016 hinc
1009 1971 1273 2034 cognato,
1329 1970 1640 2035 sanctoque
1685 1965 1818 2020 liinc
1868 1968 2010 2020 fulta

1758 2053 2003 2124 [marito

671 2143 865 2203 Roma},
894 2147 1075 2210 passio
1101 2149 1300 2197 sanctae
1327 2149 1579 2210 uirginis.

490 2231 558 2282 23
603 2229 820 2282 Nonam
855 2231 1006 2300 Papa
1053 2236 1208 2286 tenet
1259 2234 1520 2286 Clemens
1573 2233 1900 2296 certamine,
1954 2239 2009 2287 et

1858 2323 2007 2390 [altis

597 2408 880 2460 Virtutum
935 2409 1136 2477 titulis,
1203 2415 1448 2462 mortem
1509 2409 1608 2480 qui
1663 2427 1864 2480 passus
1947 2411 2004 2462 in

1790 2501 1999 2568 hindis,

597 2584 868 2653 Repperit
897 2590 1247 2638 exstructum
1297 2585 1489 2638 divino
1541 2602 1780 2638 munere
1811 2589 1834 2627 Ι·
1865 2593 2004 2639 tem-

1117 2727 1130 2736 _
1792 2674 1998 2744 hilum.

595 2761 734 2812 Tum
789 2777 1018 2831 quoque
1065 2767 1299 2832 septena
1350 2763 1596 2833 genitrix
1639 2780 1767 2816 cum
1821 2766 1996 2833 prole,

1819 2851 2002 2922 {beato

597 2936 931 2988 Pratcellens
981 2935 1165 2989 radiat
1219 2937 1471 2990 Felicitas
1502 2939 1650 2990 alma
1685 2938 1998 3007 triumpho.

597 3023 810 3092 Hicque
871 3041 1001 3078 suos
1047 3033 1067 3058 ο
1115 3025 1344 3078 Trudon
1405 3027 1604 3078 mundi
1644 3031 2002 3096 contemptor

1715 3113 1994 3186 [adornat

487 3200 556 3251 24
595 3198 995 3268 Chrysogonus
1069 3203 1291 3254 meritis
1357 3207 1609 3256 octavam
1670 3209 1725 3256 et
1779 3205 1996 3258 funere.

1777 3290 1997 3360 [sancit.

661 3375 726 3428 In
759 3376 965 3442 Blavia,
996 3379 1172 3430 sancti
1187 3379 1432 3431 Romani.

521 3465 589 3516 25
628 3463 930 3533 Septenam
985 3467 1184 3520 Petrus
1247 3467 1480 3520 antistes
1537 3472 1866 3538 martyrque
1917 3485 2000 3521 ve-

1761 3556 1997 3625 [nustat,

593 3638 754 3691 Urbis
784 3638 1090 3692 Alexandri
1141 3641 1388 3710 populus
1438 3657 1550 3712 quo
1589 3642 1852 3710 praeduce
1897 3643 1999 3694 ful-

1887 3729 1995 3801 [tus

583 3816 851 3870 Errorum
885 3833 1084 3872 curvos
1135 3819 1356 3888 spernit
1405 3835 1701 3889 caecosque
1751 3826 1990 3872 meatus.

475 3905 543 3956 26
582 3903 804 3958 Sextam
877 3907 1028 3960 Limn
1107 3923 1292 3960 sacras
1345 3925 1508 3962 roseo
1574 3909 1642 3961 de
1714 3909 1993 3978 sanguine

1825 3995 1992 4067 [papa

653 4083 722 4133 Et
749 4083 931 4136 Sirici-i
953 4088 1002 4136 et
1035 4083 1302 4137 Cassiani.

473 4167 537 4218 27
581 4167 847 4236 Martyrio
876 4169 1136 4239 quintam
1185 4171 1445 4240 Agricola
1494 4176 1551 4225 et
1584 4171 1779 4225 Vitalis
1809 4173 1992 4226 hono-

1815 4259 1986 4331 [rant

651 4343 831 4396 Severi
872 4349 921 4397 ct
949 4347 1104 4398 Beati
1135 4351 1388 4414 episcopi.

469 4431 538 4484 28
577 4429 739 4498 Silas,
777 4433 968 4500 Paule,
1013 4409 1438 4504 tuus-quartam
1481 4451 1669 4488 comes
1719 4441 1890 4506 auget
1929 4442 1984 4491 et
2025 4409 2067 4462 Β

1769 4525 1978 4598 [ornat.

648 4609 946 4678 Thcophini
976 4615 1026 4662 et
1055 4613 1206 4664 Julii.

463 4699 531 4750 29
570 4699 834 4764 Ternam,
859 4699 1182 4765 Saturnine,
1215 4700 1340 4770 tibi,
1367 4701 1672 4772 Mauroque
1702 4703 1976 4758 dicamus.

357 4872 382 4900 ει
407 4861 828 4935 Augustoduno.
859 4863 958 4915 Hic
991 4864 1266 4916 nonnulla
1307 4864 1686 4928 manebimus,
1740 4883 1867 4935 quae.
1901 4867 1978 4920 le-

288 4933 430 4984 ctori
463 4949 566 4985 nec
592 4933 816 5001 ingrata
842 4935 1076 4986 fortasse
1101 4949 1202 4986 nec
1223 4935 1449 4987 inutilia
1473 4933 1832 4989 videbuntur.
1863 4939 1980 4990 Pri-

287 5017 444 5053 mum
461 5003 518 5054 in
539 5003 727 5074 codice
745 5005 922 5072 Regio
941 5021 1220 5073 nusquam
1245 5022 1358 5058 non
1391 5007 1560 5059 scribi
1603 5009 1973 5074 Agustiduno,

287 5087 527 5146 eamque
559 5073 842 5126 scribendi
881 5075 1181 5142 rationem,
1228 5083 1286 5128 ut
1317 5093 1548 5146 pravam
1595 5095 1736 5142 esse,
1771 5079 1848 5130 ita
1878 5073 1974 5132 diu

285 5142 456 5214 fuisse
473 5151 797 5211 usurpatam
819 5161 829 5196 :
851 5147 1148 5214 quodcum
1169 5142 1420 5213 aliunde,
1438 5153 1558 5201 tum
1579 5150 1750 5202 etiam
1766 5167 1794 5200 e
1815 5165 1977 5202 num-

284 5213 394 5265 mis
425 5219 664 5280 constat,
699 5213 990 5285 inquibus
1018 5217 1391 5282 Justinianus,
1414 5219 1688 5282 Justinus,
1718 5221 1974 5272 Tiberius

281 5285 625 5357 plerumque
657 5287 888 5354 quidem
925 5291 1188 5354 Augusti,
1229 5305 1338 5341 non
1377 5307 1504 5342 raro
1549 5297 1738 5343 tamen
1773 5293 1974 5357 Agusti

283 5355 568 5407 dicuntur.
594 5357 849 5409 Alterum
883 5358 938 5409 in
987 5361 1182 5412 eodem
1235 5361 1427 5412 codice
1473 5359 1571 5412 ubi
1619 5355 1972 5414 Autisiodori

281 5425 497 5500 mentio
529 5427 606 5486 tit,
629 5444 764 5500 eam
799 5430 996 5481 urbem
1029 5431 1436 5484 Autisioderum
1481 5447 1705 5500 semper
1733 5433 1920 5484 vocari
1955 5450 1968 5485 :

281 5497 538 5571 quodeo
564 5497 755 5571 minus
802 5504 1282 5554 contemnendum
1318 5509 1420 5567 est,
1455 5517 1566 5570 quo
1605 5497 1793 5571 magis
1841 5518 1972 5554 con-

281 5570 409 5636 stat.
447 5566 578 5620 inde
619 5569 960 5622 hodiernum
995 5587 1204 5624 nomen
1235 5566 1505 5636 Aumcrrc,
1549 5588 1665 5624 nou
1705 5566 1768 5624 ex
1801 5573 1970 5626 Auti—

281 5635 528 5704 siodoro,
562 5655 684 5692 esse
714 5640 1102 5711 desumptum.
1141 5635 1518 5708 Postremum,
1547 5643 1644 5696 ubi
1663 5647 1972 5696 occurrunt

2051 1766 2088 1818 Β

1407 331 1920 388 WANDALBERTI
1961 335 2384 392 PRUMIENSIS
2425 338 2734 394 MONACIII
3713 353 3778 398 if."

1145 461 1396 521 Victoris,
1423 483 1432 490 ·
1464 463 1692 514 Mamimi
1756 469 1806 515 et
1865 465 2012 516 fllar-
2055 469 2100 518 A

2556 563 2606 611 et
2630 560 2826 612 Duriae.

2483 470 2614 522 Itcm
2664 471 2972 532 Saturnini,
3015 477 3064 525 ct
3107 475 3360 534 Sisinnii,
3390 481 3441 528 et
3471 477 3774 544 t'lirysouti.
3815 470 3817 528 ἕ

2127 646 2248 696 Dies
2325 645 2392 698 3O
2423 645 2676 698 Andreas
2706 647 2887 716 pridie
2929 651 3222 717 praecellet
3261 653 3580 721 apostolus,
3619 659 3778 724 smpti
3815 623 3817 680 ἶ

2411 735 2696 788 Virtutum
2747 736 2973 806 fulgens
3005 739 3200 804 radiis,
3253 739 3556 811 titulisque
3603 759 3696 812 per
3719 763 3778 796 ur-

3641 830 3819 902 [b9m,!

2405 909 2514 972 Qui
2577 909 2891 964 indomitos
2971 911 3141 966 verbo
3227 914 3528 986 signisque
3603 921 3778 988 subegi.

3575 1003 3634 1074 [A
3641 1006 3778 1059 ςὴιῑιιιτ

2405 1085 2730 1140 Brumalem
2789 1087 2910 1142 hinc
2959 1089 3232 1144 claudunt
3285 1093 3641 1162 populorum
3689 1109 3778 1146 wi

3385 1179 3775 1252 [Novembrem
3817 1225 3819 1232 .

2773 1309 3160 1366 DECEMBER.

2401 1431 2555 1484 Anni
2586 1447 2918 1502 supremum
2949 1434 3206 1488 dicemus
3235 1439 3498 1506 tempore
3533 1454 3770 1492 mensem.

2404 1520 2660 1583 Quorum
2727 1521 2867 1574 festa
2921 1523 3070 1576 colat
3139 1525 3408 1578 brevibus
3491 1527 3772 1595 referatqu»?

3574 1613 3758 1686 [dieb-r

2119 1697 2242 1748 Dics
2320 1700 2338 1748 t
2391 1697 2601 1767 Eligius
2647 1699 2915 1752 Noviome
2971 1700 3070 1752 tibi
3121 1701 3226 1754 sub
3257 1701 3384 1754 luce
3439 1705 3772 1756 Decembres.

2405 1787 2590 1838 Prima
2621 1786 2884 1857 designat
2914 1789 3199 1858 condigne
3231 1793 3444 1859 prmsul
3477 1791 3706 1844 honore.

2331 1877 2364 1926 2
2405 1875 2554 1940 Veri,
2597 1875 2903 1945 Securique
2960 1877 3132 1930 micat
3183 1879 3478 1932 Nonarum
3540 1883 3778 1948 sanguin»

3533 1969 3774 2039 lquartos.

2475 2053 2533 2104 In
2593 2055 2948 2118 .lluuritania,
3001 2060 3174 2108 sancti
3215 2057 3530 2118 Saturnini,
3589 2063 3636 2109 ct

2545 2146 2742 2202 (inuiti,
2773 2148 2822 2196 et
2855 2145 3100 2196 Μαλήνῃ-ἱ.

2333 2231 2362 2282 3
2401 2229 2589 2282 Africa
2640 2233 2903 2284 Cassiano
2943 2233 3087 2286 libat
3134 2233 3236 2286 sub
3297 2239 3549 2304 martyre
3615 2237 3772 2286 ternis.

2473 2320 2530 2371 In
2561 2321 2777 2384 Africa,
2818 2323 3001 2374 mitalc
3031 2327 3205 2375 sancti
3245 2325 3504 2384 Joannis,
3551 2324 3774 2390 Stcplur:

2543 2413 2590 2460 ct
2631 2411 2876 2462 Victm'is.

2327 2496 2361 2548 4
2398 2497 2538 2549 Tum
2583 2497 2766 2566 pridie
2810 2514 2938 2551 cum
2987 2499 3231 2552 Victoria
3293 2502 3588 2570 praecellet
3633 2502 3774 2552 ltera-

3609 2588 3768 2660 [eleae

2469 2674 2534 2726 Id
2577 2676 2841 2728 Laodicea
2883 2678 3183 2744 metrolioli,
3231 2679 3421 2730 Felicis
3467 2683 3518 2730 rt
3561 2679 3772 2730 Meti-uti.

2540 2769 2588 2816 ct
2617 2766 2904 2816 translatio
2932 2768 3106 2817 sancti
3135 2767 3410 2818 Benedicti
3435 2767 3668 2819 abbatis.

2397 2851 2713 2905 Dalmatius
2757 2859 2973 2923 martyr
3021 2854 3228 2922 Nonas,
3279 2854 3652 2926 Crispinaque
3693 2871 3776 2904 ser-

3629 2941 3768 3014 [rant

2469 3021 2526 3072 In
2577 3021 2812 3086 Africa,
2877 3023 3059 3076 natale
3123 3027 3434 3092 sanctorum
3510 3023 3772 3077 Candoris.

2536 3111 2764 3170 Privati,
2799 3111 3066 3176 Fulgenti,
3092 3116 3142 3162 ct
3170 3115 3346 3163 sancti
3375 3111 3624 3164 Ama-nti.

2327 3199 2356 3249 6
2399 3196 2642 3250 Oclonas
2677 3199 2805 3250 ldus
2833 3199 3095 3252 Nicolaus
3123 3199 3422 3269 episcopus
3453 3207 3640 3264 ornat,

2463 3287 2524 3338 In
2574 3287 2800 3352 Africa,
2869 3289 3055 3340 natale
3136 3293 3448 3341 sanctorum
3513 3291 3768 3342 Fortunati

2535 3375 2903 3440 Ilcnnogcnis,
2934 3380 2984 3427 et
3009 3377 3224 3442 Rogati.

2319 3465 2349 3513 ’7
2393 3461 2664 3531 Septenas
2733 3464 2944 3516 retinet
3009 3465 3352 3534 Polycarpus
3421 3481 3554 3518 cum
3627 3465 3770 3518 Theo

3607 3553 3762 3625 [ἀοι-ο.

2461 3641 2653 3700 Romae,
2721 3643 2903 3695 natale
2959 3647 3135 3696 sancti
3195 3645 3488 3712 Eutyciani
3541 3647 3766 3713 episcopi.

2533 3731 2598 3782 Et
2629 3735 2816 3783 octava
2842 3737 3018 3784 sancti
3043 3733 3278 3786 Andreae
3303 3735 3558 3802 apostoli,

2317 3819 2347 3868 8
2381 3817 2708 3885 Eutyciane,
2743 3819 2891 3872 nites
2945 3819 3094 3872 senis
3153 3821 3304 3873 felici
3357 3837 3506 3891 papa
3539 3837 3724 3874 cruore
3756 3835 3764 3869 :

2389 3905 2497 3956 Has
2533 3921 2762 3976 quoque
2788 3909 2976 3960 Zenon
3033 3907 3208 3962 habet
3247 3909 3550 3978 conjuncti)
3582 3917 3768 3974 martyr

3555 3999 3768 4067 [honore

2455 4093 2678 4146 Eusebii
2725 4095 2980 4162 episcopi,
3027 4097 3200 4148 Urani
3251 4099 3512 4164 episcopi,
3563 4103 3612 4150 et
3657 4097 3764 4148 Sur-

2526 4185 2658 4234 cessi
2683 4186 2936 4251 episcopi.

2311 4269 2343 4320 9
2381 4267 2778 4323 Sebastianum
2813 4272 3006 4342 quinis
3036 4271 3395 4326 celebramus
3426 4273 3496 4326 ab
3527 4273 3668 4328 Urbe

2381 4359 2763 4426 Translatum,
2819 4361 3052 4431 proprio
3097 4377 3211 4432 quo
3268 4362 3484 4416 Gallica
3525 4379 3652 4414 rura
3689 4375 3766 4428 pa-

3605 4447 3762 4520 [trono

2379 4535 2690 4600 Exsultant,
2725 4535 2931 4606 ingens
2955 4539 3238 4607 templum
3265 4539 3356 4592 cui
3379 4539 3562 4608 surgit
3581 4541 3634 4591 et
3655 4551 3758 4589 ara:

2375 4623 2772 4696 Antiquosque
2823 4627 3006 4680 nitent
3052 4628 3346 4698 aequantia
3402 4625 3654 4680 culmina
3693 4625 3760 4676 fa-

3623 4715 3754 4778 i'stus.

2089 4869 2352 4933 Eufemia
2389 4873 2446 4922 et
2473 4871 2622 4924 Focz
2665 4871 2925 4938 nomina,
2967 4873 3088 4926 haec
3133 4874 3194 4926 in
3231 4873 3434 4927 eodem
3479 4875 3666 4928 codice
3697 4871 3759 4923 ita

2089 4941 2532 5014 essedescripta
2573 4947 2635 4994 ut
2673 4942 2852 5008 Vides,
2894 4961 3030 5008 non,
3061 4949 3126 4997 ut
3156 4960 3280 4997 mos
3319 4951 3426 5008 est,
3469 4945 3756 5014 Eupheme

2087 5013 2144 5061 et
2171 5009 2392 5071 Phocea;
2443 5017 2614 5080 atque
2669 5029 2796 5067 eam
2858 5015 3145 5088 scribendi
3197 5015 3478 5068 rationem
3531 5009 3570 5068 εἰ
3617 5013 3758 5088 nobis

2087 5094 2318 5154 quoque
2349 5097 2470 5154 esse
2517 5091 2819 5154 servatam,
2853 5086 3006 5154 quod
3059 5087 3352 5154 vulgarem
3411 5086 3634 5138 nummi
3667 5085 3756 5152 ipsi

2087 5149 2292 5224 optimi
2321 5153 2693 5221 antiquitates
2719 5149 2912 5220 testes,
2941 5149 3326 5224 aspernantur
3349 5172 3362 5216 ;
3385 5163 3446 5208 ut
3477 5157 3665 5210 videre
3687 5149 3756 5206 est

2085 5221 2144 5294 in
2174 5237 2348 5289 opere
2380 5239 2470 5274 cui
2513 5225 2714 5276 titulus
2752 5221 3096 5280 Numismata
3137 5227 3311 5294 Impp.
3341 5228 3552 5280 Romm.
3583 5245 3614 5280 a
3643 5227 3754 5280 Tra-

2074 5290 2211 5357 jano
2239 5294 2414 5354 Dccio,
2445 5299 2550 5346 etc.

2155 5365 2394 5416 bDivino
2441 5379 2678 5418 munere.
2729 5365 2916 5418 Secuti
2957 5383 3155 5420 sumus
3197 5365 3508 5422 lectionem
3573 5365 3752 5422 codicis

2083 5431 2267 5501 Regii,
2305 5435 2361 5484 in
2397 5437 2572 5501 priori
2607 5436 2875 5500 editione,
2907 5437 3090 5490 divino
3117 5443 3356 5492 numine.

2151 5504 2404 5567 cHicque
2476 5520 2620 5558 suos.
2699 5507 2794 5560 Hic
2852 5525 3047 5562 versus
3096 5509 3256 5562 abest
3311 5525 3442 5562 cum
3500 5525 3535 5562 a
3589 5507 3750 5562 codice

2079 5571 2286 5642 Regio,
2319 5581 2438 5627 tum
2473 5577 2645 5628 etiam
2675 5593 2708 5630 a
2739 5577 2920 5646 Bigot.
