3846 6244
35 323 84 372 ἒί
1486 317 2098 373 MARTYROLOCIUM.
3431 322 3534 371 622

314 461 423 512 Has
486 475 717 530 quoque
777 458 935 527 virgo
997 458 1106 511 sibi
1174 457 1391 510 meritis
1451 455 1730 509 Leucadia
1768 458 1813 507 A
1847 458 1965 508 Dies
2010 458 2071 507 l8
2125 453 2530 517 Quindecimus
2587 456 2819 508 demum
2866 464 2885 487 θ
2945 456 3204 525 Moysetis
3254 457 3532 525 sanguine

1504 544 1726 616 [sancit.
3293 546 3531 613 [vernat.

385 647 448 698 In
488 644 855 710 .‘tlea‘andria,
902 644 1082 697 natale
1130 646 1306 696 sancti
1354 645 1571 707 Donati,
1620 644 1727 695 Va-

2127 630 2266 684 Hinc
2325 630 2599 684 Phoebum
2651 631 2862 700 duplici
2919 632 3296 701 Capricornus
3350 632 3531 685 sidere

464 735 697 786 lentinae.
3303 720 3530 790 [gestat

37 826 124 875 lies
174 824 248 875 10
317 821 595 875 Eulaliam
629 826 821 874 sancto
854 820 1072 889 quartis
1103 835 1445 873 veneramur
1477 835 1690 884 amore,
2194 818 2256 869 In
2322 818 2558 881 Africa,
2624 817 2808 869 natale
2871 822 3179 870 sanctorum
3264 817 3492 872 Victoris
3518 858 3532 884 ,

316 910 651 979 Hispaniam
701 909 1007 961 Emeritam
1057 908 1220 977 cujus
1263 924 1432 960 cruor
1490 922 1730 976 ossaque
2265 907 2531 958 Honorati
2559 910 2606 958 et
2650 906 2921 958 Vincenti.

1460 996 1727 1065 [servant.
2020 994 2082 1045 19
2123 992 2401 1055 Quartum
2451 1010 2579 1045 cum
2630 992 2777 1047 deuo
2831 993 3105 1059 Zosimus,
3162 994 3478 1065 Dariusque
3508 994 3534 1029 ἀ

391 1089 460 1139 Et
490 1086 673 1138 natale
702 1086 879 1138 sancti
909 1086 1132 1138 Damasi
1158 1100 1335 1152 papa.
3258 1082 3529 1151 teoronat.

195 1178 256 1227 11
316 1174 644 1228 Romulidae
674 1172 1160 1226 Damasi“ternis
1191 1172 1467 1225 solemnia
1498 1187 1659 1241 papas
2193 1182 2258 1235 Ιη
2323 1183 2484 1235 Νἰορα
2550 1183 2769 1233 civitate
2836 1182 3126 1249 Bithyniae,
3197 1183 3418 1243 Zosimi,
3474 1188 3535 1235 et

317 1264 674 1327 Occurrunt,
736 1261 1092 1330 parilemque
1154 1261 1320 1312 simul
1383 1258 1727 1321 Victorious,
2266 1271 2440 1323 Ραιιιί,

1537 1346 1729 1415 [atque
2016 1358 2084 1410 20
2122 1358 2304 1411 Terno
2352 1374 2482 1411 cum
2536 1358 2682 1411 deno
2730 1358 2986 1423 antistes,
3037 1359 3310 1422 Zeferine,
3363 1376 3534 1413 coru-

318 1438 631 1491 Fuscianus
662 1439 684 1479 ἰ)
713 1437 926 1491 habent
955 1436 1081 1489 festi
1112 1436 1344 1505 votique
1375 1434 1623 1488 nitorem
3364 1448 3525 1516 [ηδε.

313 1525 598 1579 Ambiana
632 1525 816 1576 virent
854 1539 1095 1593 quorum
1140 1539 1291 1575 nunc
1331 1538 1465 1574 rura
1505 1538 1725 1574 cruore.

1353 1538 1465 1574 ἰιΓᾶ
1505 1538 1725 1574 ετηοτθ-
2196 1537 2391 1589 Natale
2420 1540 2619 1589 sancta
2648 1537 2872 1588 Thecla}.

390 1625 586 1685 Romae,
644 1622 825 1673 natale
872 1621 1049 1672 sancti
1096 1619 1419 1686 Capitulini.
1483 1624 1532 1670 et
1591 1621 1731 1671 I’I‘IB-
2018 1627 2077 1677 21
2124 1625 2402 1677 Translati
2450 1625 2680 1677 Thema!
2724 1626 2974 1676 celebrat
3015 1624 3315 1677 duodenus
3348 1624 3526 1677 hono-

462 1713 675 1763 tcatrtati.
713 1710 775 1762 In
809 1709 1049 1775 Spaniis,
1083 1709 1258 1759 sancti
1289 1708 1502 1759 Eurici.
1770 1772 1807 1783 ﬁ
2344 1736 2354 1746 ι
3358 1710 3527 1783 [rem,

202 1802 268 1852 12
317 1800 730 1867 Hermogenes,
791 1798 1063 1859 Donatus,
1119 1795 1204 1848 bis
1254 1794 1501 1863 denique
1557 1809 1723 1845 coru-
1770 1772 1809 1824 Β
2125 1804 2313 1854 Aurea
2350 1818 2462 1871 quo
2502 1805 2777 1854 structo”,
2820 1800 2921 1853 Dei
2963 1816 3302 1870 cognoscere
3352 1802 3532 1854 ιιοηο-

1554 1882 1735 1951 [scant
3391 1888 3530 1960 [rem

314 1978 465 2029 Tum
520 1975 702 2046 pridie
761 1978 815 2027 et
867 1973 1010 2038 bini,
1071 1972 1374 2042 eonjuncto
1434 1970 1731 2040 sanguine,
2124 1978 2287 2032 India
2316 1978 2656 2048 promeruit,
2692 1978 2870 2047 signis
2910 1982 3196 2031 commota
3226 1990 3247 2013 ο
3280 1983 3534 2031 tremen-

1508 2058 1730 2128 [sancti.
3402 2067 3530 2136 [dis.

396 2163 459 2215 In
548 2162 771 2228 Spaniis
856 2162 1076 2212 civitate
1156 2158 1415 2212 Almm’ta
1453 2199 1465 2221 ,
1552 2156 1736 2209 natale
2128 2155 2399 2223 (Solstitio
2457 2154 2550 2208 hic
2610 2154 2853 2208 Phoebus
2896 2156 3069 2208 celsos
3120 2171 3377 2208 remeare
3433 2171 3535 2224 per

466 2253 643 2303 sancti
674 2251 1039 2315 Hermogenis.
3384 2244 3534 2313 [axes

210 2341 277 2391 13
322 2337 459 2390 ldus
490 2338 758 2406 Syracusa
788 2337 908 2401 tibi,
948 2336 1134 2401 Lucio,
1170 2334 1393 2399 dicavit,
2126 2332 2344 2401 Incipit,
2383 2332 2514 2385 hinc
2545 2332 2792 2401 gelidam
2827 2332 3079 2401 primum
3124 2348 3430 2385 conversus
3465 2333 3530 2385 ad

324 2427 693 2479 Paschasium
744 2425 951 2479 Christi
1000 2442 1103 2493 pro
1151 2424 1384 2477 nomine
1432 2438 1598 2492 passa
1649 2430 1733 2491 ty-
3263 2420 3534 2491 [Arcton.)

1446 2512 1734 2580 [rannum,
2018 2510 2086 2561 22
2128 2508 2502 2561 Undecimum
2534 2509 2780 2562 celebrat
2810 2509 3027 2562 triceno
3055 2514 3301 2578 martyre
3334 2509 3530 2561 Roma.

324 2602 573 2672 Spiritus
642 2601 995 2655 immobilem
1068 2616 1241 2671 quam
1311 2608 1537 2653 sanctUS
1606 2600 1738 2652 fecit
2196 2609 2259 2660 In
2289 2610 2597 2674 Antiochia,
2632 2608 2815 2659 natale
2843 2609 3020 2659 sancti
3050 2608 3269 2660 Basilei.

1498 2687 1737 2757 [iniquis
2020 2698 2087 2749 23
2127 2695 2372 2748 Victoria
2403 2696 2608 2749 Christi
2643 2696 2898 2749 decimus
2932 2696 3000 2749 de
3037 2695 3267 2763 Virgine
3298 2696 3495 2765 fulget.

323 2780 456 2832 15558
502 2779 637 2831 Viris
689 2796 701 2832 ε
752 2778 970 2832 JudOCh
1020 2778 1233 2847 Pariter
1282 2776 1598 2846 emeriqu
1647 2793 1735 2827 δέν
2198 2793 2395 2857 Romae,
2438 2794 2620 2845 natale
2667 2798 2975 2846 sanctorum
3028 2793 3251 2858 Urbani,
3303 2794 3536 2848 Cornelii

1520 2865 1737 2935 [cerdOS
2271 2887 2318 2933 ct
2360 2884 2610 2935 Victoris.

331 2956 590 3025 Egregie,
624 2956 831 3010 Oceani
862 2955 1075 3009 cedunt
1104 2954 1194 3007 cui
1227 2970 1375 3024 saepe
1402 2954 1689 3023 procellze.

2022 2970 2089 3021 24
2133 2970 2293 3022 Νοιιο
2327 2974 2577 3021 venturae
2610 2969 2967 3021 cumulantes
2998 2983 3237 3021 munera
3269 2969 3399 3037 luci,

221 3046 283 3096 t'i
327 3045 554 3097 Nonum
587 3060 715 3096 cum
750 3044 969 3097 decimo
1004 3044 1130 3097 Jani
1165 3044 1231 3096 de
1267 3059 1423 3095 more
1458 3042 1739 3095 Kalendas

2132 3056 2391 3123 Lumina,
2427 3057 2847 3127 pervigilesque
2879 3072 3005 3109 aras
3033 3062 3089 3110 et
3122 3059 3338 3127 templa
3370 3075 3535 3127 para-

328 3132 439 3194 Qui
468 3136 649 3199 vocat,
682 3133 915 3184 antistes
949 3132 1199 3184 Nicasius
1232 3137 1404 3199 auget
1434 3132 1653 3184 honore
1687 3147 1698 3183 :
3338 3148 3485 3200 {mus
3523 3166 3534 3200 ε

324 3220 737 3289 Spiridionque
780 3220 871 3273 die
915 3222 1120 3289 prmsul
1161 3221 1479 3272 celebratur
1513 3218 1735 3271 eodem.
2134 3234 2465 3304 Virginibus
2517 3234 2896 3305 quadraginta
2950 3233 3043 3287 hic
3089 3234 3351 3303 splendet
3394 3252 3537 3305 quo-

400 3316 657 3382 Lugduni
715 3317 1039 3381 Galliarum,
1090 3320 1271 3372 sancti
1332 3318 1569 3370 Viatoris
1626 3318 1735 3383 epi-
3187 3324 3341 3393 [que,
3374 3326 3532 3378 coelo.

472 3407 637 3473 sc0pi.
2132 3412 2269 3474 Quae
2299 3411 2533 3481 dignam
2567 3412 2740 3465 vitam
2767 3418 2896 3465 voto
2927 3418 2983 3465 et
3016 3412 3223 3464 virtute
3253 3412 3535 3467 dicarunt.

227 3495 287 3544 15
330 3493 604 3546 Octavum
637 3508 769 3545 cum
799 3492 944 3545 deno
974 3493 1273 3545 Maximino
1303 3498 1568 3557 retentas,
2024 3503 2093 3551 ‘25
2132 3501 2337 3553 Octavo
2368 3501 2512 3552 servi
2541 3501 2807 3569 dignatus
2835 3517 3059 3554 sumere
3085 3501 3349 3569 formam,

334 3581 642 3638 Aureliano
674 3581 829 3633 ferax
858 3582 1118 3650 praebent
1151 3581 1243 3633 cui
1276 3597 1407 3633 rura
1437 3581 1664 3651 lyaeum.
2135 3589 2540 3658 Errantemque
2609 3589 2903 3643 hominem
2976 3590 3209 3641 veniens
3275 3606 3537 3643 revocare

230 3672 290 3721 16
330 3669 502 3723 Terni
554 3674 785 3739 septeno
836 3674 893 3722 et
936 3668 1153 3723 decimo
1196 3669 1365 3741 pueri
1414 3685 1737 3722 memoran-
3258 3677 3535 3749 [Creator,

1602 3758 1737 3827 [tnr,
2133 3766 2297 3818 Partu
2331 3764 2587 3834 virgineo
2615 3766 2882 3818 mortales
2913 3765 3103 3819 induit
3133 3769 3307 3833 artus,

328 3847 515 3917 Impia
543 3846 642 3917 qui
672 3846 885 3915 Assyrii
917 3851 1230 3900 temserunt
1250 3846 1410 3915 jussa
1436 3846 1684 3915 tyranni,
2136 3853 2448 3921 Eugeniam
2498 3868 2727 3922 quoque
2777 3858 2897 3905 tum
2945 3868 3353 3919 memoramus,
3387 3857 3536 3907 Ana-

328 3936 588 4000 Quorum
635 3951 734 3987 nec
780 3936 1066 4003 crepitans
1106 3934 1284 3987 valuit
1332 3940 1546 3987 terrere
1596 3934 1737 3986 tidc-
3150 3941 3534 4013 [stasiamque.

1604 4023 1737 4092 [lem
2200 4041 2262 4093 In
2294 4038 2621 4104 Bethlehem,
2653 4041 2915 4093 nativitas
2949 4042 3171 4095 Domini
3189 4042 3363 4093 nostri
3379 4042 3538 4096 Jesu-

330 4113 821 4183 Constantemque
887 4113 1144 4166 animum
1201 4112 1446 4166 fornacis
1507 4112 1740 4164 ﬂamma
2274 4128 2507 4180 σὴνίειί,

1455 4200 1734 4269 [Γυῖθυίίεο
2131 4216 2429 4270 Consimili
2487 4216 2773 4270 Christum
2832 4216 2974 4270 comi

2131 4216 2429 4270 Consimili
2487 4216 2773 4270 Christum
2832 4216 3136 4272 comitatus
3192 4223 3403 4285 mente,
3467 4221 3538 4273 ti-

400 4300 720 4353 Auretianis
783 4302 1043 4369 civitate,
1101 4302 1277 4354 sancti
1332 4301 1565 4354 Maximi
1620 4302 1739 4367 epi-
1783 4371 1816 4378 ⁸
3312 4304 3537 4378 [deque,

474 4390 642 4455 scopi.
1783 4371 1823 4423 D
2028 4394 2093 4445 26
2134 4392 2420 4463 Septimus
2475 4394 2609 4447 hinc
2668 4393 2955 4463 Stephano
3022 4394 3210 4448 Levita
3268 4371 3331 4448 et
3388 4371 3537 4448 mar?

231 4478 287 4528 t7
331 4476 589 4545 Ignatius
622 4482 850 4529 sanctus
879 4477 1028 4529 deno
1062 4480 1334 4546 sextoque
1366 4476 1704 4545 triumphat,
3178 4480 3321 4552 [tyre
3349 4483 3538 4551 primo

329 4564 701 4618 Antiochena:
743 4565 900 4618 urbis
944 4570 1155 4633 pastor,
1200 4571 1549 4635 martyrque,
1590 4565 1740 4616 fera-
2136 4570 2397 4636 Excellet,
2436 4575 2630 4623 natum
2660 4570 2870 4638 Regem
2906 4586 3271 4639 passumqne,
3305 4571 3470 4623 beata

1584 4651 1739 4724 [rum
2134 4658 2242 4721 Qui
2275 4658 2390 4711 vita
2422 4658 2727 4711 Dominum
2762 4673 2956 4726 pugna
2996 4662 3079 4709 est
3123 4662 3179 4709 et
3227 4663 3407 4711 morte
3446 4675 3536 4711 se-

328 4741 510 4805 Quem
571 4740 770 4794 dentes
826 4758 1035 4811 panem
1089 4742 1282 4795 vivum
1340 4742 1523 4795 fecere
1584 4758 1595 4793 :
1654 4757 1741 4794 se-
3335 4744 3535 4816 lentus.

1468 4831 1745 4899 [quuntur
2027 4837 2091 4887 27
2140 4835 2385 4888 Dilectus
2452 4833 2699 4898 Domini,
2756 4831 2922 4884 Verbi
2984 4832 3381 4903 inspectorque
3447 4835 3539 4887 di—

331 4918 515 4981 Quem
570 4918 694 4971 fuso
744 4917 817 4971 ob
867 4917 1154 4973 Christum
1205 4918 1403 4984 Rufus,
1453 4918 1741 4970 Zosimus-
3323 4920 3466 4992 [vim
3500 4922 3537 4988 τ’

1352 5007 1485 5076 [que
1516 5022 1737 5059 cruore.
2136 5011 2363 5064 Pectore
2406 5010 2473 5061 de
2514 5008 2719 5061 Christi
2764 5008 2980 5061 fontem
3032 5009 3129 5079 qui
3178 5008 3408 5063 haurire
3440 5026 3537 5081 pe-

404 5098 473 5149 Et
503 5097 681 5149 sancti
716 5097 1009 5149 Valentini.
3280 5098 3539 5167 [rennem

145 5252 469 5326 {Romulida
513 5255 753 5307 Damasi.
808 5253 897 5307 Sic
939 5254 1163 5309 codices
1206 5255 1317 5309 duo
1352 5256 1490 5325 Reg.
1525 5264 1580 5310 et
1624 5257 1740 5325 Big.
1850 5258 2053 5323 Quinus
2087 5254 2475 5326 cumaecimo,
2528 5254 2613 5326 vel
2660 5268 2789 5326 cum,
2826 5253 2979 5307 deno.
3029 5255 3377 5325 Sequentem
3416 5276 3540 5315 ver-

98 5315 219 5395 Prior
246 5326 437 5387 editio,
473 5327 641 5378 Roma
673 5326 799 5377 litat
826 5328 1067 5379 Damasi.
1435 5315 1467 5325 ν
1686 5315 1717 5325 ν
1851 5315 1977 5380 sum
2004 5324 2367 5393 ascripsimus
2399 5343 2427 5377 e
2458 5315 2623 5377 codd.
2659 5325 2835 5391 Regio
2867 5330 2923 5377 et
2953 5315 3131 5395 Bigot:

146 5390 487 5465 bFrtiscianus.
522 5396 587 5448 1n
615 5396 810 5448 codice
848 5397 1041 5465 Regio,
1074 5397 1423 5450 Faustianus.
1921 5398 1947 5438 d
1980 5390 2302 5462 Duriusque.
2336 5397 2393 5447 ln
2427 5397 2617 5447 codice
2655 5390 2854 5463 Regio,
2892 5390 3225 5465 Clariusque.

152 5468 166 5490 ‘
204 5464 569 5541 Quindecimus
619 5466 848 5519 demum.
902 5467 1042 5541 Cum
1093 5468 1164 5541 in
1202 5468 1391 5521 codice
1452 5468 1628 5537 Regio
1684 5468 1745 5521 in
1853 5538 1865 5541 _
1922 5468 2162 5541 °Signis
2221 5471 2495 5541 commota.
2563 5467 2654 5541 Sic
2724 5466 2913 5541 codd._
2958 5464 3167 5539 Regios
3232 5474 3288 5523 et
3359 5472 3541 5541 Bigot,

101 5524 247 5607 locum
278 5538 427 5589 vocis
461 5536 712 5601 demum,
750 5552 876 5605 quae
902 5538 991 5589 hic
1013 5538 1249 5590 omnino
1273 5524 1742 5607 estsupervvacuu,
1852 5538 1997 5591 bene
2032 5524 2238 5605 :vprior
2268 5538 2464 5603 editio,
2498 5540 2771 5603 comitata,
2807 5537 2973 5590 male.

102 5596 280 5667 legatur
304 5608 533 5673 decimo,
570 5596 794 5661 versum
828 5608 906 5660 sic
945 5610 1241 5662 emendari
1262 5596 1741 5677 posse‘arbitror;
1924 5607 1943 5642 ί
1974 5596 2180 5661 Divini.
2215 5607 2274 5660 in
2307 5596 2549 5677 utroque
2580 5596 2792 5672 codice,
2820 5612 3061 5676 superni.
