3846 6244
19 330 84 377 '23
1043 335 1130 389 DE
1170 336 1263 389 XII
1308 336 1615 392 MENSIUM
1658 339 2048 404 NOMINIBUS,
2088 339 2327 404 SIGNIS,
2374 342 2518 393 E'I‘C.
3427 345 3528 395 625

1577 603 1989 689 INCIPIT

487 786 629 887 DE
692 785 1268 889 DUOCECIM
1325 785 1851 888 MENSIUM
1925 786 2593 908 NOMINIBUS,
2678 783 3051 895 SIGNIS

1220 959 1645 1035 AERISQUE
1692 958 2336 1033 QUALITATIBUS.

20 1208 349 1263 Ominibus
390 1225 657 1264 mensum
690 1226 818 1280 quae
851 1210 921 1263 sit
954 1210 1191 1264 rationis
1224 1210 1404 1280 origo,

22 1312 210 1348 unum
248 1297 348 1349 bis
384 1315 528 1351 seno
554 1300 790 1352 volvunt
817 1301 913 1369 qui
943 1299 1128 1351 sidere
1161 1315 1455 1367 magnum,

20 1402 114 1438 iure
152 1385 473 1440 illustrent
509 1388 722 1456 pariter
752 1388 1039 1441 duodenas
1069 1387 1231 1457 signa
1266 1388 1565 1449 Kalendas,

20 1475 117 1525 mid
154 1491 446 1529 connexa
482 1477 626 1529 ferat
659 1493 910 1530 mensum
945 1477 1205 1529 discretio
1239 1477 1425 1541 terris,

19 1576 132 1625 gnos
163 1578 313 1615 usus
360 1570 605 1633 generet
635 1566 837 1629 cultus,
873 1580 1014 1634 quos
1042 1564 1249 1617 formet
1282 1564 1549 1629 habendi,

20 1656 215 1703 ervato
254 1652 524 1706 breviter
549 1652 939 1706 referemusin
965 1653 1184 1717 ordine,
1227 1654 1421 1705 lector.

619 1847 703 1899 DE
742 1848 809 1900 JA
826 1847 1104 1901 NUARIO.

19 1996 164 2059 )uem
202 1996 476 2065 primum
512 2012 765 2050 mensem
796 1996 1006 2049 servari
1035 1996 1216 2051 Julius
1248 1998 1382 2051 anni

20 2084 264 2146 lecrevit,
304 2085 445 2139 Jani
478 2086 713 2139 etfertur
733 2086 1079 2156 cognomine
1110 2086 1280 2156 regis,

19 2172 220 2224 Saturni
251 2178 500 2239 gentem
540 2174 695 2227 Latio
730 2173 828 2243 qui
870 2175 1033 2239 rexit,
1065 2180 1119 2226 et
1154 2175 1349 2227 urbem

20 2267 349 2314 .aurentum
382 2262 622 2331 sceptris
656 2266 983 2333 populoque
1014 2268 1069 2316 et
1095 2264 1319 2329 legibus
1352 2264 1526 2317 anxit.

20 2350 132 2401 Eluic
170 2351 422 2418 gemino
456 2357 710 2419 praesunt
733 2353 1063 2421 Capricorni
1106 2352 1293 2405 sidera
1325 2358 1598 2419 monstro,

20 2436 85 2487 3is
110 2438 388 2491 duodena
426 2455 540 2491 uno
572 2441 785 2508 pariter
817 2440 1177 2509 splendentia
1206 2441 1390 2511 signo.

20 2526 130 2577 lum
166 2532 409 2594 tempus
442 2527 657 2596 campis
692 2528 910 2597 lepores
938 2529 1177 2581 lustrare
1205 2530 1451 2596 nivosis;

20 2614 220 2666 Artibus
262 2620 321 2666 et
359 2615 533 2667 variis
568 2616 746 2685 pictas
778 2622 1005 2686 captare
1035 2619 1310 2684 volucres,

20 2700 99 2751 Per
124 2716 361 2770 campos
393 2703 641 2756 volitant
671 2705 958 2774 collesque
989 2712 1043 2758 et
1072 2706 1311 2759 flumina
1350 2708 1579 2761 circum.

20 2790 139 2840 Dum
174 2806 372 2859 captis,
412 2792 797 2861 accipiterque
830 2794 1032 2862 placet,
1065 2796 1330 2865 curisque
1358 2798 1552 2849 solutis

20 2876 107 2927 Per
134 2877 405 2932 brumam
442 2881 612 2948 genio
648 2889 806 2934 vacat
838 2884 1156 2952 indulgere.
1192 2884 1463 2956 domique

22 2964 256 3019 Diversos
290 2984 438 3019 usus
470 2969 585 3020 veri
620 2970 873 3039 proferre
909 2971 1119 3025 futuro.

21 3052 139 3104 Nam
161 3070 347 3125 neque
380 3063 509 3109 tum
542 3073 735 3110 cervos
767 3074 1028 3111 cervasve
1059 3060 1276 3130 agitare
1310 3061 1556 3132 fugaces,

24 3139 115 3191 Nec
150 3146 477 3210 spumantis
508 3146 632 3214 apri
664 3148 775 3199 lato
808 3148 1093 3217 conﬁgere
1128 3150 1274 3203 ferro

23 3232 217 3295 Armes,
249 3246 313 3284 ex
347 3248 454 3285 usu
481 3238 564 3286 est
605 3250 617 3286 :
652 3235 823 3288 borea
851 3236 1208 3302 cohibentur,
1246 3242 1299 3290 et
1332 3244 1487 3292 artus

28 3316 202 3370 Exesos
221 3320 437 3373 macies
468 3322 701 3392 stringit
730 3328 1041 3394 tenuatque
1070 3325 1335 3380 ferarum.

27 3402 225 3459 Semina
254 3424 361 3461 nec
383 3410 555 3462 cultis
589 3410 751 3463 facile
785 3418 867 3463 est
899 3415 1258 3467 committere
1288 3416 1483 3481 terris;

28 3491 128 3545 L'rit
152 3503 350 3549 cuncta
383 3498 541 3566 gelu,
578 3503 631 3551 et
656 3499 863 3568 glacies
893 3501 1035 3567 riget
1069 3502 1299 3556 horrida
1321 3505 1553 3575 campis.

28 3577 223 3633 Robora
252 3587 377 3637 tum
410 3586 569 3638 silvis
599 3587 900 3657 prodestet
929 3589 1099 3642 ﬁssile
1128 3590 1346 3657 lignum

28 3666 256 3736 Caedere;
283 3678 407 3726 tum
435 3674 705 3728 domibus
734 3677 1015 3747 classique
1047 3684 1243 3748 aptare
1276 3697 1519 3735 secures.

586 3870 670 3924 DE
714 3871 1129 3928 FEBRUARIO.

36 4016 157 4067 Anni
185 4033 293 4087 quo
336 4036 650 4074 numerum
683 4038 928 4091 regnans
964 4024 1281 4094 Pompilius
1310 4027 1482 4094 auxit,

40 4100 135 4162 Quo
162 4120 309 4160 sacra
339 4108 470 4161 dira
501 4109 703 4162 urbem
726 4111 959 4164 solitum
993 4112 1235 4166 lustrare
1271 4121 1543 4185 togatam,

42 4188 216 4245 lnferni
244 4195 428 4250 Febru
468 4198 782 4251 retinemus
809 4201 1041 4255 nomine
1073 4202 1305 4255 dictum.

44 4276 112 4329 Bis
140 4296 223 4334 sex
244 4282 396 4339 hunc
427 4286 606 4338 stellis
637 4292 852 4341 astrum
886 4289 1193 4359 priesignat
1223 4293 1433 4361 Aquari
1470 4309 1482 4346 :

46 4364 154 4419 Cum
184 4375 366 4425 tamen
388 4374 630 4427 australi
660 4374 804 4429 cmlo
836 4378 1135 4431 demittere
1171 4378 1382 4433 nimbis

45 4452 282 4524 Cernitur,
324 4461 449 4515 haec
474 4461 655 4531 fulget
683 4462 913 4517 tricenis
943 4465 1172 4534 ignibus
1207 4467 1378 4521 unda.

50 4540 174 4596 llunc
204 4545 402 4602 hiemis
434 4550 696 4620 verisque
727 4556 925 4605 tenent
949 4554 1197 4607 conﬁnia
1232 4571 1516 4625 mensem;

49 4627 233 4699 Frigore
260 4652 530 4707 nuncque
565 4639 729 4708 riget,
762 4657 914 4695 nunc
942 4657 1070 4695 vere
1104 4644 1313 4697 mulcet
1350 4646 1552 4700 amico.

50 4714 156 4772 Tum
186 4727 401 4795 tempus
434 4728 629 4780 tractis
650 4733 859 4782 terram
901 4731 1264 4798 proscindere
1297 4734 1518 4801 aratris,

49 4802 233 4863 Semina
260 4818 312 4865 et
336 4814 475 4868 hinc
506 4816 679 4868 sulcis
701 4818 929 4885 prodest
958 4819 1232 4872 mandare
1268 4822 1555 4889 secundis;

54 4889 228 4950 Hui-dea
253 4904 367 4957 tum
400 4904 621 4974 campis
648 4906 892 4959 serimus
921 4908 1228 4978 peregrina
1253 4924 1356 4978 per
1385 4926 1585 4981 agros;

51 4979 302 5054 Postquam
332 4994 539 5047 candet
560 4994 676 5046 avis
707 4994 933 5064 pietatis
962 4997 1195 5049 nomine
1226 4979 1502 5067 praestans
1538 5017 1551 5053 :

56 5067 222 5155 Vitibus
250 5078 371 5134 hinc
404 5083 628 5135 cultum
654 5100 776 5136 mos
802 5089 887 5137 est
917 5084 1190 5139 adhibere
1222 5087 1512 5155 putandis,

54 5154 421 5243 sarmentisque
457 5186 631 5223 novas
661 5188 917 5241 gemmas
942 5174 1199 5243 proferre
1227 5175 1441 5228 recisis.

54 5242 283 5317 Incipiunt
306 5258 506 5311 salices
534 5258 700 5312 nodis
732 5276 1030 5315 canescere
1057 5263 1300 5331 glaucis;

104 5408 121 5490 ς
150 5406 421 5490 Veientum
454 5414 521 5490 _de
553 5430 714 5490 more.
737 5414 825 5469 Sic
855 5416 1143 5471 edidimus
1179 5422 1241 5471 ut
1266 5434 1463 5472 sensus
1496 5426 1687 5490 postu-

61 5465 194 5549 labat;
222 5480 269 5532 in
293 5486 469 5549 priori
505 5486 779 5545 editione,
810 5493 1081 5541 venatum.

108 5544 142 5627 ¹ζε
177 5544 431 5627 Sepiéque.
490 5559 671 5627 Antea
716 5544 1033 5625 legebatur,
1080 5562 1361 5627 semisque.
1418 5560 1565 5613 infra
1620 5576 1683 5612 ex

61 5614 199 5667 milies
226 5614 389 5694 Bigot.
435 5626 723 5680 edidimus
762 5614 1081 5695 iiiﬂ’undiér,
1118 5629 1211 5682 libi
1244 5614 1364 5683 erat
1393 5630 1679 5697 diffundis.

1748 1213 1793 1262 Α
1822 1212 1965 1263 Tum
1997 1211 2249 1281 primum
2283 1216 2336 1265 et
2366 1212 2540 1281 coryli
2570 1213 2811 1267 nucibus
2843 1213 3107 1267 frondere
3139 1213 3365 1281 futuris,

1822 1296 1975 1349 Tunc
2007 1298 2240 1351 canibus
2269 1314 2461 1352 cervas
2494 1300 2841 1371 spiculisque
2875 1303 3093 1370 agitare
3124 1307 3395 1373 repertas,

1821 1386 1898 1437 Ac
1932 1386 2113 1438 valido
2144 1404 2411 1457 aprorum
2446 1390 2741 1459 praeﬁgere
2765 1406 3006 1460 corpora
3036 1391 3207 1457 ferro,

1822 1474 2210 1545 luformesque
2240 1477 2393 1529 canis
2424 1495 2579 1531 ursos
2612 1479 2856 1532 lustrare
2890 1480 2996 1531 sub
3031 1480 3212 1532 antris

1822 1564 2139 1618 Venantum
2170 1566 2236 1618 de
2263 1582 2418 1619 more
2444 1576 2468 1599 ⁸
2496 1568 2680 1636 placet
2709 1585 2721 1621 :
2758 1573 2893 1621 tunc
2932 1568 3179 1638 piscibus
3207 1570 3347 1622 altas

1824 1653 2165 1708 Praestruere
2194 1655 2497 1725 aggeribus
2527 1655 2746 1725 piscoso
2785 1656 2845 1710 in
2868 1656 3104 1711 ﬂumine
3134 1674 3314 1727 sepes.

2473 1847 2558 1900 DE
2598 1847 2876 1902 MARTIO.

1817 1996 2049 2049 Martius
2078 2001 2337 2049 exortum
2370 1997 2566 2051 statuit
2588 1997 2678 2051 cui
2714 1998 2987 2051 Romulus
3014 1999 3172 2065 anni,

1817 2085 1989 2139 Marte
2012 2089 2167 2138 tenet
2188 2086 2445 2151 ductum,
2476 2086 2757 2140 bellorum
2785 2087 3061 2157 principe,
3098 2104 3304 2142 nomen
3337 2105 3349 2141 :

1817 2174 1994 2237 Quem
2027 2180 2317 2227 auctorem
2348 2175 2574 2243 generis
2609 2176 2785 2229 Remo
2811 2191 2939 2229 cum
2968 2176 3141 2229 fratre
3169 2177 3440 2239 Quirinus

1816 2259 2065 2313 Credidit
2091 2276 2211 2313 esse
2237 2260 2361 2326 sui;
2397 2261 2639 2329 duplicis
2669 2262 2759 2315 cui
2793 2262 2978 2315 sidera
3011 2263 3181 2316 Piscis

1816 2349 2092 2413 Prassunt,
2125 2348 2353 2401 tricenis
2384 2350 2649 2419 senisque
2683 2353 2705 2391 δ
2729 2351 2995 2404 micantia
3028 2352 3295 2407 tlnmmis.

1816 2438 1974 2490 Hunc
1996 2452 2248 2490 mensem
2274 2438 2530 2507 jucunda
2552 2438 2742 2491 fovent
2773 2439 3005 2492 exordia
3036 2441 3213 2505 veris;

1744 2505 1781 2557 Β
1813 2525 1921 2588 Qui
1952 2542 2123 2589 mare,
2154 2528 2250 2596 qui
2276 2532 2453 2579 terras
2484 2528 2669 2596 specie
2700 2528 3035 2598 trauquillat
3059 2545 3287 2583 amoena
3320 2546 3331 2583 :

1810 2616 1996 2668 Estus
2028 2614 2232 2667 Oceani
2272 2614 2376 2667 hoc
2403 2614 2654 2683 primum
2697 2632 3040 2686 consurgere
3072 2633 3331 2685 magnos,

1812 2704 2056 2756 Navibus
2088 2709 2143 2755 et
2165 2704 2351 2773 pelagi
2382 2704 2690 2757 ditl'undier
2716 2721 2949 2774 aequora
2980 2706 3142 2774 pictis

1808 2792 2129 2853 Cernimus,
2166 2797 2335 2862 atque
2369 2809 2543 2845 novos
2574 2794 2953 2847 conscendere
2995 2794 3235 2847 ﬂumina
3278 2794 3498 2864 pisces:

1810 2882 2046 2934 Garrula
2075 2897 2177 2950 per
2208 2880 2413 2934 sudum
2448 2882 2689 2935 volitans
2721 2888 2844 2935 tum
2884 2883 3085 2936 stridet
3118 2883 3389 2948 hirundo,

1807 2972 2129 3039 Aereasque
2160 2986 2329 3040 grues
2350 2971 2565 3039 campis
2596 2970 2863 3036 residere,
2897 2971 3148 3041 satisque

1807 3060 2034 3112 Anseris
2064 3059 2309 3112 invisum
2342 3060 2612 3113 decedere
2644 3060 2931 3113 cernimus
2956 3076 3181 3130 agmen.

1807 3147 2046 3216 Sepibus
2070 3148 2201 3201 hinc
2234 3149 2432 3201 hrrtos
2463 3149 2714 3217 primum
2742 3149 2967 3203 munire
3006 3150 3320 3203 novandos.

1807 3238 2225 3307 Immundoque
2254 3239 2389 3290 timo
2418 3242 2473 3291 et
2502 3240 2697 3290 rastris
2727 3247 2747 3271 ο
2775 3254 3119 3308 componere
3150 3243 3393 3309 tempus,

1811 3327 2037 3379 Diversa
2070 3332 2125 3378 et
2156 3326 2404 3395 propriis
2427 3328 2788 3380 committere
2817 3328 3034 3380 semina
3061 3327 3248 3381 sulcis.

1804 3415 1945 3467 Tum
1977 3430 2188 3477 cervas,
2222 3431 2474 3484 capreas,
2498 3416 2719 3483 lepores
2753 3416 2994 3467 lustrare
3026 3415 3286 3483 voluptas

1807 3502 2089 3570 Imperat:
2125 3502 2255 3555 hinc
2289 3503 2491 3571 apibus
2519 3504 2679 3555 sedes
2710 3504 2951 3555 statione
2984 3504 3250 3570 parandas

1812 3591 1947 3642 Vere
1980 3607 2103 3655 suo,
2129 3606 2255 3643 cum
2281 3591 2403 3659 jam
2432 3591 2667 3643 stabulis
2695 3592 2843 3643 exire
2876 3591 3109 3643 reclusis

1806 3679 2012 3732 Invitat
2042 3679 2340 3731 stimulans
2376 3679 2551 3748 prolis
2583 3679 2881 3746 mellisque
2912 3678 3142 3747 cupido.

1736 3800 1777 3854 Ο
1811 3768 2001 3837 Deque
2032 3768 2169 3820 locis
2201 3768 2421 3820 steriles
2453 3767 2651 3837 primis
2683 3771 2804 3819 tum
2836 3767 2981 3819 ferre
3015 3767 3229 3821 radices

1804 3855 2110 3917 Arborum,
2150 3860 2205 3908 et
2231 3855 2442 3925 ignotis
2470 3854 2760 3908 scrobibus
2790 3856 3073 3924 deponere
3104 3862 3350 3910 suetum.

1808 3944 2033 3997 Plantas
2055 3943 2193 4013 quin
2227 3943 2401 3997 etiam
2434 3943 2672 3997 fecunda
2703 3960 2767 3996 ex
2799 3938 2998 3996 arbore
3032 3944 3204 3997 lectas

1806 4032 2038 4086 Arboris
2061 4033 2292 4086 alterius
2332 4038 2499 4086 natus
2543 4032 2611 4086 de
2652 4032 2906 4102 germine
2938 4038 3126 4086 cortex

1806 4120 2040 4187 Accipit,
2077 4121 2251 4193 inque
2280 4122 2408 4175 sinu
2440 4121 2589 4175 ferro
2620 4121 2935 4191 patefactus
2970 4122 3039 4175 ad
3076 4138 3326 4193 unguem

1809 4208 2106 4275 Continet;
2135 4210 2241 4263 hoc
2270 4210 2381 4263 lieti
2407 4214 2649 4279 surgunt
2670 4210 2738 4263 de
2765 4212 2981 4265 semine
3009 4211 3243 4266 fructus.

2460 4403 2549 4457 DE
2587 4405 2839 4459 APRILI.

1877 4556 2055 4619 Quem
2094 4554 2296 4609 Veneri
2325 4570 2546 4609 sacrum
2578 4562 2634 4609 et
2656 4554 2953 4624 proprium
2983 4556 3174 4610 dixere
3208 4557 3422 4626 priores

1806 4644 2074 4711 Mensem,
2124 4644 2233 4698 hoc
2280 4644 2433 4715 quod
2475 4644 2658 4713 vigeat
2706 4644 3036 4697 demulcens
3082 4650 3282 4699 cuncta
3334 4645 3492 4698 volu-

3390 4738 3470 4783 tas

3390 4738 3470 4783 tas

1807 4820 2047 4877 Nomine
2075 4820 2143 4873 de
2167 4819 2332 4875 Graio
2363 4819 2596 4872 ductum
2630 4816 2940 4869 vocitamus
2975 4819 3228 4887 Aprilem
3266 4837 3277 4873 :
3324 4730 3380 4802 [Ρ
3477 4772 3491 4797 ν

1805 4909 1900 4961 Vel
1934 4924 2098 4976 mage
2118 4908 2266 4977 quod
2292 4913 2468 4960 terras
2487 4903 2962 4972 brumalifrigore
2992 4905 3211 4959 clausas

1808 4998 1867 5049 In
1901 4996 2084 5049 varios
2114 4996 2295 5064 aperit
2321 4995 2485 5057 fetus,
2520 4993 2785 5060 cogitque
2816 4992 3077 5054 fovendo,

1736 5097 1777 5149 ι)
1804 5087 2061 5139 Romano
2092 5088 2314 5137 tantum
2354 5082 2587 5134 excellet
2619 5094 2879 5132 sermone
2909 5085 3157 5132 vocatus.

1803 5173 1996 5226 Stellet
2025 5171 2158 5223 huic
2189 5168 2347 5223 Aries
2377 5167 2553 5219 ternis
2582 5165 2854 5233 donisque
2886 5174 3165 5232 coruscat,

1800 5260 2105 5328 Signorum
2140 5256 2372 5324 obliquo
2401 5255 2496 5324 qui
2534 5254 2714 5322 fulget
2742 5252 2801 5304 in
2832 5253 3027 5306 ordine
3054 5254 3295 5324 primus.

1796 5420 2080 5540 corrigi?
2126 5490 2175 5537 et
2229 5486 2448 5536 rastris.
2500 5482 2590 5535 Sic
2634 5481 2803 5533 codex
2858 5481 3033 5547 Bigot.
3075 5485 3134 5537 In
3166 5486 3351 5551 editis,
3389 5502 3482 5539 ro-

1792 5560 1920 5612 stris
1955 5572 1965 5608 :
2001 5570 2065 5607 ex
2088 5555 2288 5607 eodem
2312 5554 2500 5606 codice
2533 5552 2858 5621 scripsimus
2886 5553 3105 5618 plantas
3133 5558 3267 5623 quin
3296 5560 3479 5621 etiam,

1792 5628 1887 5680 ubi
1910 5625 2122 5679 editum
2155 5628 2274 5677 erat
2299 5624 2526 5692 plantis,
2560 5626 2665 5675 etc.
