3846 6244
310 344 410 393 6'27
1345 340 1923 397 WANDALBERTUS
1961 341 2388 397 PRUMIENSIS
2429 339 2754 395 MONACHI.
3710 348 3778 396 6‘25

308 471 448 523 Huic
480 471 636 523 laetos
658 470 842 523 crines
874 471 1244 540 jucundaque
1275 474 1537 539 tempora
1566 471 1809 524 Phoebus
2041 476 2085 527 A
2116 471 2232 524 Alis
2264 487 2414 541 saepe
2444 471 2617 524 etiam
2648 470 2866 524 bellum
2896 472 3257 543 stimulisque
3301 474 3608 532 lacessunt.

316 558 577 613 Floribus
605 574 669 611 ae
693 557 859 611 viridi
888 557 1141 627 primum
1173 559 1243 611 de
1281 559 1483 611 fronde
1515 564 1795 613 venustat.
2118 560 2181 613 In
2210 559 2627 629 pulchramque
2655 563 2830 613 ruunt
2857 560 3117 613 animoso
3145 565 3376 631 pectore
3409 566 3675 615 mortem.

307 650 426 702 Hoc
454 663 588 701 nam
619 651 823 699 cuncta
854 663 983 700 suos
1012 655 1327 718 erumpunt
1360 647 1621 717 germina
1653 654 1885 716 partus;

312 737 426 790 Hoc
452 735 639 806 campi
670 735 941 806 silvaeque
983 740 1040 789 et
1078 702 1241 807 prata
1272 702 1522 789 recentia
1562 702 1778 803 mehse,
1874 702 1885 714 1
2798 702 2882 754 DE
2920 702 3142 756 IUNIO-

306 824 595 891 Gramine,
630 823 855 889 fronde,
896 824 1051 891 satis,
1084 825 1258 877 variis
1297 831 1655 895 vernantque
1686 826 1932 889 frutetis,
2115 829 2163 880 A
2190 829 2331 880 lano
2360 829 2577 878 sextum
2608 825 2808 878 statuit
2833 842 3002 895 quum
3037 825 3221 878 Julius
3254 826 3393 879 anni

310 914 392 967 Ad
423 919 773 983 pastumque
802 929 1005 984 greges
1040 913 1275 967 mittunt
1300 915 1581 983 prmsepia
1611 920 1864 968 cunctos.
2119 917 2388 979 Mensem,
2419 913 2658 967 Junonis
2692 912 3008 967 retinemus
3051 914 3286 967 nomine
3318 914 3577 977 dictum;

307 1004 450 1056 Tum
484 1002 791 1071 philomela
822 1018 925 1054 suo
960 1002 1229 1055 exercitat
1257 1003 1504 1072 impigra
1534 1008 1754 1067 cantus,
2118 1008 2229 1058 Aut
2260 1003 2512 1073 populus
2535 1002 2731 1072 junior
2765 1002 3021 1071 patribus
3056 1002 3125 1055 de
3158 1019 3315 1056 more
3349 1005 3662 1069 secundus,

310 1094 527 1161 Arguta
559 1095 613 1143 et
635 1091 799 1144 tectis
836 1090 1033 1143 nidum
1067 1092 1361 1161 suspendit
1393 1092 1640 1145 hirundo
1677 1108 1689 1143 :
2123 1096 2238 1148 Hoc
2266 1091 2451 1145 mensi
2477 1091 2751 1161 imposuit
2786 1097 3008 1143 servato
3042 1108 3107 1145 ex
3138 1092 3339 1145 ordine
3374 1110 3614 1146 nomen.

310 1181 451 1233 Tum
477 1179 680 1245 sturni,
712 1181 967 1245 merulae,
1004 1180 1174 1246 turdi,
1217 1180 1486 1249 silvisque
1519 1180 1771 1231 volucres
2120 1182 2261 1237 Huic
2293 1180 2516 1234 Gemini
2548 1182 2773 1250 aequata
2812 1180 3163 1250 prmsignant
3185 1181 3450 1249 lampade
3522 1180 3785 1235 Phoebum.

310 1270 515 1336 Suetae,
539 1270 849 1323 multisono
879 1271 1231 1339 permulcent
1260 1285 1392 1322 aera
1422 1276 1612 1322 cantu.
2119 1271 2314 1324 Sidere
2345 1274 2432 1321 ter
2453 1268 2627 1337 quino
2656 1268 2838 1320 celsus
2864 1283 3007 1337 quos
3040 1267 3278 1337 signifer
3317 1274 3503 1321 aurat.

310 1360 522 1412 Turtur
553 1364 673 1411 tum
706 1357 920 1427 gemitu
967 1357 1200 1427 pariter,
1238 1374 1535 1427 raucreque
1566 1357 1869 1426 palumbes
2121 1356 2372 1411 Solstitio
2400 1355 2491 1409 hic
2521 1355 2773 1425 reliquos
2793 1360 3022 1422 superat
3048 1355 3350 1425 longisque
3389 1355 3598 1408 diebus

313 1448 513 1501 Rurali
544 1447 830 1500 oblectant
850 1446 1027 1499 fessos
1057 1446 1243 1499 studio
1274 1451 1444 1515 atque
1471 1446 1691 1512 labore;
2124 1446 2360 1507 Menses,
2384 1445 2453 1497 ad
2484 1460 2739 1496 summos
2771 1443 2897 1496 coeli
2926 1443 3023 1512 qui
3057 1444 3322 1511 pervenit
3353 1444 3541 1496 orbes.

310 1536 564 1589 Venandi
594 1536 697 1588 hoc
730 1535 930 1588 eadem
965 1540 1047 1587 est
1089 1534 1278 1589 Martis
1326 1551 1453 1605 qum
1487 1551 1683 1588 mense
1732 1534 2009 1604 voluptas.
2122 1532 2360 1586 'l‘orrida
2385 1537 2441 1584 et
2473 1533 2582 1584 hoc
2616 1536 2777 1584 835L115
2809 1538 3030 1601 segetes
3061 1532 3230 1593 fovet,
3290 1549 3543 1602 arvaque
3576 1533 3791 1602 primum

313 1626 536 1678 Interea
568 1624 833 1694 agricolae
858 1623 1153 1691 insistunt,
1182 1623 1491 1693 frugesque
1519 1623 1741 1676 futuras
2126 1621 2401 1675 Fluminis
2434 1621 2493 1674 in
2525 1620 2771 1689 speciem
2796 1620 2999 1673 culmis
3034 1621 3251 1674 undare
3290 1621 3516 1675 refertis

312 1713 553 1782 Sepibus
584 1716 681 1765 aut
714 1712 877 1765 fossis
906 1717 1217 1781 properant
1261 1713 1487 1764 munire
1528 1712 1731 1764 ceratis
1760 1724 1785 1753 ε
2058 1776 2090 1782 ﬁ
2126 1710 2307 1763 Efficit
2338 1726 2351 1762 :
2384 1711 2490 1762 hoc
2520 1710 2715 1762 hortos
2743 1708 2915 1761 etiam
2942 1726 3043 1761 sua
3075 1726 3212 1762 cura
3250 1710 3468 1778 revisit,

316 1776 481 1854 Prata
510 1802 597 1853 vel
628 1800 851 1853 emissis
883 1776 1136 1853 celerant
1168 1805 1364 1869 potare
1398 1799 1656 1864 ﬂuentis;
2058 1776 2096 1827 Β
2126 1804 2309 1869 Atque
2342 1799 2562 1850 olerum
2580 1798 2699 1867 jam
2733 1802 2870 1849 tunc
2900 1798 3131 1866 prodest
3160 1776 3543 1867 transponere
3585 1799 3787 1870 plantas.

316 1890 536 1943 Vitibus
568 1895 666 1941 aut
693 1890 868 1942 vallos
899 1888 1115 1942 addunt
1143 1888 1444 1959 furcasque
1476 1889 1759 1954 bicornes,
2127 1889 2272 1940 Dum
2300 1892 2512 1939 tenerae
2544 1886 2603 1938 in
2625 1886 2872 1938 fructum
2898 1892 3136 1955 possunt
3163 1886 3484 1939 adolescere
3517 1888 3792 1957 pinguem,

319 1978 749 2048 Corticibusque
781 1978 979 2047 ligant,
1007 1982 1200 2030 ventos
1227 1981 1288 2030 ut
1312 1983 1567 2031 temnere
1603 1978 1806 2031 flantes
2124 1976 2245 2029 Mox
2277 1975 2471 2039 violas,
2503 1979 2673 2044 atque
2707 1974 2837 2027 inde
2870 1990 3047 2041 rosas,
3079 1978 3133 2026 et
3163 1974 3282 2027 lilia
3313 1980 3547 2044 tempus

320 2066 637 2120 Pendentes
664 2066 827 2119 facile
858 2071 913 2119 et
942 2066 1164 2135 possint
1197 2073 1422 2135 portare
1454 2083 1731 2132 racemos,
2126 2064 2391 2131 Carpere,
2424 2066 2480 2113 et
2511 2060 2568 2113 in
2599 2061 2834 2114 calathis
2865 2060 3416 2130 hyacinthijungere
3446 2062 3667 2115 ﬂorem.

320 2155 548 2209 Gratam
584 2170 695 2207 neu
725 2153 972 2224 speciem
1002 2154 1191 2207 vineta
1214 2155 1464 2224 jacentia
1495 2160 1746 2224 turpent,
2128 2151 2266 2203 llinc
2297 2166 2421 2203 mos
2448 2150 2665 2201 lactuca
2693 2165 2879 2202 ccenas
2914 2165 3256 2218 componere
3280 2151 3499 2218 dulces,

318 2247 431 2296 Aut
460 2243 711 2296 validum
743 2242 980 2313 indigno
1014 2248 1236 2296 mutent
1266 2244 1621 2314 perdantque
1649 2244 1948 2314 saporem.”
2124 2238 2402 2293 Suavibus
2424 2243 2596 2308 atque
2618 2237 2811 2290 herbis
2840 2238 3056 2291 validos
3092 2240 3346 2292 relevare
3378 2256 3616 2309 sapores

2125 2326 2290 2391 Allia,
2323 2342 2480 2396 cepe,
2516 2327 2630 2379 suis
2652 2330 2787 2379 tunc
2819 2331 2952 2379 sunt
2980 2327 3304 2396 gratissima
3334 2329 3539 2393 succis,

370 2480 373 2481 ν
1005 2385 1094 2437 DE
1135 2384 1323 2438 ΜΑῙΟ·
2122 2384 2524 2485 Tum'quoque
2554 2420 2747 2468 menta
2776 2384 3245 2485 placetitumque
3283 2423 3370 2469 est
3410 2384 3662 2470 satureia
3681 2418 3790 2468 sala-

325 2507 585 2562 Mercurii
618 2512 821 2572 mater,
854 2507 993 2560 falso
1024 2506 1224 2561 delusa
1249 2507 1509 2577 priorum
3670 2504 3789 2575 fbris,

322 2599 468 2649 Aitas
494 2612 664 2666 quam
697 2596 890 2661 coluit,
927 2595 1158 2663 Maium,
1187 2597 1527 2666 cognomine
1559 2596 1697 2650 Maia
2125 2593 2265 2645 Cum
2292 2592 2536 2645 necdum
2569 2590 2781 2645 validas
2812 2592 3096 2645 concrevit
3131 2609 3330 2646 succus
3360 2594 3421 2647 in
3454 2594 3679 2648 herbas.

325 2684 593 2754 Insignit;
625 2684 710 2736 vel
745 2683 1028 2753 majorum
1063 2684 1130 2737 de
1161 2685 1392 2737 nomine
1431 2691 1660 2754 patrum
2124 2682 2279 2734 Tunc
2309 2685 2366 2732 et
2394 2679 2576 2733 dulcis
2603 2696 2765 2750 aquze
2797 2680 3095 2734 salientem
3118 2697 3377 2750 quaerere
3408 2698 3615 2736 venam

323 2775 533 2837 Dictus,
567 2790 699 2844 pars
732 2774 927 2843 populi
957 2790 1083 2843 qua:
1112 2775 1341 2843 dignior
1371 2776 1511 2829 urbe
1542 2781 1736 2846 togata
2121 2769 2338 2837 Jejunis
2367 2769 2571 2839 placet,
2604 2774 2778 2839 atque
2811 2769 3019 2822 haustu
3051 2769 3226 2822 vitare
3261 2771 3499 2824 calores.

324 2863 547 2917 Exstitit
575 2880 588 2915 :
625 2862 753 2915 huic
782 2864 999 2915 Taurus
1027 2868 1114 2916 ter
1141 2864 1319 2933 quino
1352 2864 1541 2918 sidere
1572 2863 1799 2934 fulgens
2125 2858 2264 2911 Hinc
2295 2859 2468 2911 etiam
2508 2874 2702 2911 cerasa
2727 2857 3029 2911 arboribus
3062 2858 3367 2929 decerpere
3396 2865 3646 2930 tempus.

322 2952 690 3005 Auricomum
724 2951 955 3019 praefert
976 2951 1171 3004 aestiva
1203 2953 1467 3021 lampade
1500 2952 1801 3020 Phoebum,
2126 2946 2387 2999 Puniceis
2416 2946 2622 2999 cerasis
2644 2946 2955 3000 succedunt
2979 2963 3143 3000 cerea
3173 2964 3378 3017 pruna.

323 3040 652 3109 Inflexoque
681 3055 834 3108 genu
861 3040 1181 3093 scandentis
1207 3040 1266 3092 in
1297 3042 1508 3094 aethera
1529 3041 1700 3095 Tauri
2054 3070 2094 3123 Ε
2125 3036 2364 3105 Moxque
2398 3036 2553 3104 pyris
2582 3036 2785 3104 primis
2813 3036 3105 3089 adduntur
3137 3037 3297 3090 mitia
3318 3039 3488 3105 mala,

328 3129 594 3181 Frontem
626 3127 870 3181 Maiades
896 3127 1147 3196 septenis
1172 3128 1404 3198 ignibus
1435 3134 1659 3183 aurant.
2128 3126 2432 3194 Postquam
2461 3125 2683 3177 desecto
2704 3125 3013 3178 viduantur
3044 3130 3206 3195 prata
3235 3126 3444 3191 virore,

326 3217 429 3272 Hic
458 3216 605 3269 veris
633 3215 904 3268 claudens
926 3216 1147 3268 aestivos
1176 3214 1378 3285 incipit
1407 3216 1591 3283 orbes,
2126 3212 2404 3282 Agricolae
2434 3218 2491 3265 et
2519 3212 2708 3265 clauso
2738 3213 3347 3283 contemnuntfrigora
3366 3215 3539 3268 faeno.

323 3301 682 3370 Tellurisque
715 3315 888 3352 novas
919 3300 1111 3368 fruges
1134 3300 1470 3353 mortalibus
1497 3300 1666 3370 aegris
2130 3300 2453 3354 Glandifera
2490 3301 2623 3354 hinc
2642 3302 2847 3354 florem
2877 3318 2981 3369 per
3006 3302 3171 3355 silvas
3204 3302 3394 3356 induit
3423 3304 3609 3358 arbos.

328 3390 666 3455 Ostendens,
711 3388 943 3442 calathis
972 3390 1194 3458 primus
1224 3406 1326 3442 sua
1358 3391 1564 3460 pocula
1595 3390 1813 3458 miscet,
2133 3390 2275 3458 Ipsm
2308 3394 2364 3442 et
2386 3388 2570 3442 vicino
2604 3389 2741 3443 vites
2769 3405 2900 3443 cum
2930 3388 3070 3443 ﬂore
3101 3395 3430 3445 tumescunt

330 3480 623 3547 Fragaque
656 3478 724 3530 de
756 3476 991 3530 modicis
1023 3477 1332 3546 praedulcia
1346 3478 1563 3547 colligit
1592 3479 1806 3532 herbis.

326 3568 389 3620 In
420 3532 729 3635 s‘pic‘astum
755 3566 876 3635 jam
903 3532 1204 3621 viridantia
1225 3567 1445 3621 semina
1474 3532 1736 3638 surgunt,
2817 3532 2904 3585 DE
2935 3532 3148 3587 JULIO-

326 3655 667 3726 Auritosque
695 3658 899 3724 tegunt
929 3655 1154 3725 lepores
1186 3656 1453 3710 lactentia
1494 3656 1664 3710 farra.
2132 3655 2321 3709 Martis
2346 3654 2507 3724 origo
2540 3655 2646 3709 sibi
2678 3656 2946 3726 quintum
2978 3674 3149 3727 quem
3180 3657 3368 3727 signat
3387 3660 3449 3713 in
3480 3677 3653 3726 anno,

327 3746 443 3798 Hoc
473 3744 665 3799 herbis
696 3744 905 3797 durum
940 3744 1171 3815 prodest
1199 3745 1427 3799 mollire
1458 3746 1682 3815 lyaeum,
2132 3744 2558 3815 Quintilemque
2587 3761 2717 3798 suos
2737 3746 2906 3814 jussit
2940 3746 3183 3800 vocitare
3215 3747 3508 3810 Quirinus,

326 3835 808 3905 Prsesumptisquc
842 3851 1217 3889 novercarum
1246 3837 1423 3888 vitare
1450 3850 1667 3888 venena
2131 3833 2417 3902 Septimus
2443 3850 2473 3885 a
2509 3834 2651 3886 Jauo
2684 3834 2939 3887 medium
2970 3851 3123 3888 nunc
3157 3837 3373 3888 obtinet
3402 3853 3621 3891 annum

326 3924 574 3987 Potibus,
606 3925 667 3977 in
693 3924 908 3977 variam
936 3940 1079 3993 quos
1111 3925 1356 3994 gignunt
1386 3941 1519 3978 arva
1539 3923 1843 3977 medelam.
2132 3921 2334 3987 Julius,
2368 3938 2397 3974 a
2428 3937 2758 3992 magnoque
2780 3923 3017 3976 excellet
3043 3924 3262 3977 Caesare
3297 3924 3500 3978 dictus.

325 4013 472 4076 Quin
505 4018 559 4066 et
590 4018 807 4066 mutato
830 4019 1122 4082 serpentes
1155 4030 1281 4066 aere
1305 4013 1555 4078 morbos,
2134 4010 2383 4064 Solstitio
2415 4010 2668 4063 ardentis
2699 4011 2918 4076 Cancri,
2947 4013 3040 4064 cui
3072 4011 3264 4065 sidera
3291 4013 3513 4082 fulgent

322 4102 463 4153 Tum
495 4100 715 4153 medica
745 4115 811 4151 ex
846 4115 953 4152 usu
984 4100 1145 4153 facile
1178 4105 1262 4152 est
1292 4100 1579 4169 depellere
1611 4115 1765 4152 cura.
2135 4099 2389 4162 Quatuor
2416 4103 2471 4151 et
2500 4098 2663 4152 denis
2688 4099 2903 4167 pariter
2932 4100 3214 4153 radiantia
3243 4100 3512 4165 ﬂammis,

328 4186 443 4238 Hoc
474 4185 646 4238 etiam
681 4201 876 4238 mense
910 4190 1186 4238 autumno
1220 4201 1349 4255 qua:
1381 4185 1485 4238 rite
1516 4192 1808 4250 seruntur,
2135 4188 2295 4240 Hunc
2324 4186 2557 4255 paribus
2582 4187 2780 4256 spatiis
2811 4188 2987 4240 centri
3015 4188 3263 4241 demissa
3292 4206 3395 4259 per
3424 4206 3587 4243 axem

329 4273 603 4342 Agricolae
636 4272 819 4325 ductis
846 4272 1137 4325 invertunt
1164 4277 1323 4341 terga
1344 4273 1624 4341 juvencis.
2135 4274 2434 4330 Consociat
2453 4278 2611 4327 sexto
2640 4274 2772 4327 solis
2799 4276 2898 4328 lux
2923 4291 3098 4329 aurea
3128 4278 3334 4331 mensi.

329 4362 462 4423 Hoc,
494 4358 702 4429 quibus
731 4358 1005 4412 armentis
1035 4375 1199 4412 amor
1228 4366 1312 4412 est
1338 4365 1389 4413 et
1412 4361 1598 4413 cultus
1630 4362 1894 4415 habendi.
2065 4365 2105 4417 D
2138 4363 2412 4417 Fecundze
2440 4363 2547 4416 hoc
2572 4368 2793 4432 segetes
2823 4365 3025 4417 culmis
3048 4364 3350 4419 ﬂavescere
3384 4366 3622 4421 summis

330 4448 591 4502 Fecundo
624 4450 816 4518 pecori
836 4448 1048 4501 lectum
1070 4449 1139 4502 de
1170 4465 1326 4502 more
1356 4450 1627 4502 maritum
2137 4451 2450 4520 Incipiunt,
2481 4455 2537 4504 et
2556 4467 2717 4521 spem
2751 4453 2949 4505 messis
2977 4459 3200 4506 matura
3232 4455 3445 4508 referre

330 4538 624 4601 Emittunt,
656 4542 888 4607 gentem
920 4537 1170 4590 dominis
1203 4538 1301 4607 qui
1332 4543 1517 4591 servet
1546 4539 1839 4609 equinam.
2137 4540 2362 4595 Hordea
2392 4541 2496 4594 sub
2527 4540 2731 4609 primis
2763 4542 3025 4595 autumni
3051 4541 3204 4611 jacta
3230 4543 3479 4611 pruinis.

330 4629 444 4682 Hoc
474 4643 703 4698 quoque
734 4628 1016 4681 delectum
1047 4626 1247 4678 castris
1277 4626 1508 4696 acieque
1538 4628 1781 4695 probare
2138 4631 2253 4683 Hoc
2281 4645 2511 4699 quoque
2541 4629 3010 4701 quandoquidem
3034 4631 3203 4699 justis
3243 4632 3396 4684 fovet
3425 4633 3653 4703 ignibus
3690 4643 3789 4682 arva

325 4716 594 4769 Tironem
625 4722 783 4769 vetus
814 4714 1067 4768 instituit
1106 4714 1386 4782 doctrina,
1421 4714 1708 4786 simulque
2132 4718 2403 4783 Phcebus,
2437 4718 2717 4772 triticeam
2750 4718 3010 4787 praebent
3037 4719 3187 4772 bona
3222 4720 3461 4773 ﬂamina
3492 4736 3732 4775 messem.

325 4804 549 4857 Turmis
570 4808 625 4856 et
654 4803 880 4872 legione
909 4802 1087 4855 hostis
1118 4818 1378 4871 premere
1408 4819 1569 4856 arma
1599 4804 1833 4873 superbi
1866 4822 1879 4859 :
2136 4808 2277 4863 Hinc
2308 4808 2481 4860 etiam
2513 4806 2615 4859 lini
2638 4812 2889 4878 segetem
2917 4823 3120 4861 manus
3150 4815 3283 4878 apta
3313 4810 3592 4879 requirit;

326 4892 436 4945 Seu
466 4892 702 4945 classem
730 4890 1066 4943 instructam
1095 4890 1275 4944 ventis
1310 4897 1504 4962 aptare
1529 4894 1810 4947 secundis.
2138 4897 2280 4949 Nam
2310 4900 2431 4948 sata
2469 4911 2598 4965 qute
2628 4896 2801 4949 fuerit
2830 4895 3018 4951 Martis
3048 4896 3153 4949 sub
3182 4912 3401 4963 mense,
3437 4898 3653 4952 refertis

325 4980 584 5049 Tumque
615 4978 756 5032 favis
789 4983 931 5031 testu
963 4979 1172 5032 croceis
1201 4980 1410 5033 emissa
1440 4982 1709 5049 juventus
2137 4984 2426 5039 Folliculis
2456 4984 2641 5038 reddit
2660 4989 2947 5038 maturum
2986 4985 3202 5050 Julius;
3236 4992 3411 5055 atque

330 5072 476 5121 Aere
506 5068 610 5121 sub
640 5067 794 5121 nudo
834 5066 997 5133 ludit,
1032 5068 1381 5139 stabulisque
1416 5069 1626 5123 relictis
2136 5075 2243 5127 Per
2274 5088 2527 5127 mensem
2548 5075 2574 5117 b
2602 5073 2834 5128 Veneris
2866 5073 3036 5127 sulcis
3056 5090 3186 5144 quae
3214 5074 3429 5129 credita
3461 5077 3620 5139 raris,

332 5156 567 5226 Ignotas
591 5161 861 5226 quaerunt
890 5157 1229 5227 vagabunda
1258 5157 1521 5212 examina
1549 5158 1709 5212 sedes
1743 5175 1757 5214 :
2132 5162 2392 5233 Augusto
2422 5178 2680 5216 mensem
2707 5178 2909 5234 campo
2935 5162 3093 5217 dabit
3118 5163 3244 5232 ipsa
3267 5169 3525 5233 perusto.

401 5317 669 5392 l‘llfum're
717 5319 939 5392 curatis.
1000 5319 1063 5392 In
1096 5318 1288 5392 codice
1348 5318 1546 5388 Bigot.,
1595 5320 1815 5392 calatis,
1848 5320 2022 5392 male.
2125 5319 2391 5392 jqcentia,
2450 5321 2550 5375 ubi
2611 5326 2733 5375 erat
2786 5325 2971 5376 vincta
3020 5324 3297 5392 jacentia;
3345 5326 3404 5376 et
3462 5322 3612 5377 favet
3659 5318 3784 5374 codex

333 5386 599 5441 Caratum
655 5388 716 5441 in
774 5388 961 5442 media
1012 5390 1315 5461 Latinitate
1366 5386 1473 5460 pro
1524 5390 1670 5461 vallo
1715 5407 1817 5444 seu
1872 5391 2028 5445 fossa
2126 5386 2326 5461 Bigot.

330 5463 679 5535 usurpatum
699 5474 820 5535 esse
857 5460 1023 5535 pauci
1069 5461 1355 5535 ignorant.
1401 5460 1605 5515 Statim
1653 5467 1817 5529 prata
1846 5462 2024 5516 edidi-
2202 5460 2227 5504 Β
2264 5465 2365 5516 Per
2405 5477 2655 5535 mensem.
2716 5462 2805 5517 Sic
2839 5464 3018 5518 codex
3071 5463 3252 5533 Bigot.
3303 5466 3494 5519 Antea
3540 5463 3785 5535 legebat?!

336 5543 486 5595 mus,
537 5529 635 5584 ubi
665 5529 967 5600 legebatur
1021 5529 1185 5598 grata
1216 5533 1372 5585 nullo
1419 5547 1617 5599 sensu;
1658 5547 1792 5586 mox
1844 5535 2029 5588 vineta
2129 5548 2230 5602 per
2277 5536 2474 5588 mensis
2518 5533 2625 5588 :in
2680 5535 2887 5589 eodem
2938 5551 3108 5590 versu
3140 5529 3409 5590 voculam
3465 5529 3781 5606 quz'addidi-

2134 5619 2283 5659 mus.
