3846 6244
46 306 141 354 52η
1078 302 1167 355 DE
1211 302 1304 356 Xll
1346 301 1649 357 MENSIUM
1693 298 2085 363 NOMINIBUS,
2124 297 2360 363 SIGNIS,
2404 298 2553 351 ETL‘.

43 437 150 486 Hoc
182 449 429 503 quoque
465 449 662 486 mense
693 432 852 503 pyris
884 448 1107 485 mensas
1134 448 1339 484 ornare
1372 432 1647 486 secudans

43 522 449 591 Praedulcique
481 521 611 574 licet
642 521 947 590 decerpere
980 520 1197 587 persica
1229 525 1399 589 gustu

43 614 222 664 Parva
254 628 365 681 per
397 612 626 665 testivos
658 611 911 680 primum
944 617 1169 663 matura
1200 612 1413 663 calores

44 701 168 763 Quae
229 703 512 767 existunt,
567 701 792 770 reliqua
850 711 1127 753 autumno
1182 716 1315 752 nam
1368 700 1568 752 cedere
1628 716 1749 752 cer-

1464 790 1610 857 [tum
1641 794 1747 841 est.

44 882 213 932 l‘arre
251 880 433 932 etiam
458 878 647 948 primo
679 878 926 931 imbutas
954 879 1134 931 libare
1166 894 1269 947 per
1290 894 1416 931 aras

42 969 180 1021 Tum
217 975 407 1033 vacat,
446 985 509 1021 ac
544 970 701 1021 laetos
733 969 868 1020 anni
900 968 1204 1036 deposcere
1231 970 1469 1031 fructus,

43 1057 183 1109 Cum
244 1057 501 1109 necdum
552 1058 781 1125 plenam
839 1056 1089 1108 fundunt
1136 1073 1238 1109 sua
1298 1062 1559 1125 tempora
1609 1071 1753 1108 mes—

1614 1145 1755 1212 [sem

50 1233 362 1301 Frugibus,
394 1238 453 1285 et
482 1234 609 1286 εωΙὶ
638 1232 808 1286 facies
840 1233 1052 1286 oranda
1083 1232 1266 1285 sereni
1298 1237 1398 1284 est.

48 1323 381 1373 Venantum
415 1322 569 1373 hunc
600 1321 789 1373 studio
824 1322 1068 1390 pingues
1105 1321 1319 1389 agitare
1358 1324 1648 1389 repertum

50 1412 276 1474 Cervos,
323 1411 457 1463 hinc
487 1411 720 1463 Canibus
749 1411 902 1462 silvis
938 1412 1179 1463 lustrare
1212 1411 1316 1462 sub
1348 1410 1497 1473 altis,

52 1502 303 1567 Corpora
338 1506 479 1552 tunc
508 1500 745 1552 maciem
772 1499 1026 1568 primum
1060 1500 1297 1550 vitantii
1333 1500 1584 1567 longam,

53 1590 227 1650 Quam
265 1589 460 1640 Venus
496 1594 551 1641 et
578 1588 760 1641 sterili
789 1594 1138 1657 pepererunt
1167 1587 1380 1655 frigora
1412 1591 1596 1655 pastu,

56 1679 207 1729 Flore
247 1693 404 1729 novo
434 1682 619 1730 certos
647 1683 955 1747 postquam
990 1681 1176 1728 Vincta
1200 1692 1455 1728 racemos

58 1767 337 1834 Gignunt,
380 1767 499 1819 haec
541 1782 796 1819 mensem
843 1765 995 1818 hunc
1038 1765 1228 1835 potior
1259 1781 1393 1818 nam
1433 1764 1616 1835 gratia
1662 1779 1753 1816 co—

1608 1852 1752 1922 [mit.

680 1980 765 2031 DE
804 1978 1142 2032 AUGUSTO.

60 2118 285 2170 Sextum
352 2135 523 2188 quem
593 2134 835 2171 numero
884 2124 941 2170 et
1002 2118 1259 2170 sextilem
1316 2118 1589 2171 Romulus
1647 2133 1754 2171 au-

575 2268 594 2291 .
1609 2206 1756 2278 [ctor

66 2294 297 2346 Nomine
323 2294 595 2356 decrevit,
623 2296 805 2348 Caesar
835 2300 965 2363 post
988 2295 1169 2349 Julius
1199 2295 1333 2347 anni

67 2383 287 2435 Censuit
330 2390 614 2448 octavum,
643 2384 887 2452 Augusti
918 2383 1259 2452 cognomine
1293 2384 1471 2435 Roma

68 2472 295 2535 Mutans,
334 2472 643 2525 Octaviano
674 2472 962 2541 insignem
997 2472 1255 2541 principe
1296 2471 1459 2526 dixit.

71 2560 281 2628 .Equali
320 2562 413 2613 hic
437 2562 620 2630 spatio
647 2562 788 2614 Maio
822 2578 952 2613 cum
983 2576 1177 2614 mense
1212 2565 1449 2625 rotatur,

76 2651 467 2719 llm'exumque
503 2651 605 2702 tibi
630 2651 930 2703 moderans
960 2658 1307 2718 auctumque
1336 2648 1579 2701 remittit

70 2739 305 2790 Antehac
340 2740 762 2808 llammigeram
799 2740 1115 2791 volventem
1150 2736 1415 2805 lampada
1448 2735 1680 2803 solem;]

74 2826 243 2891 Denis,
275 2828 617 2896 octonisque
638 2828 853 2879 micant
882 2827 973 2878 cui
998 2826 1160 2894 signa
1188 2825 1393 2877 Leonis

71 2914 305 2982 Ignibus,
353 2916 580 2967 mstivos
612 2917 852 2968 fundunt
886 2932 1012 2985 qua:
1043 2920 1297 2967 extrema
1328 2920 1575 2981 tepores,

76 3008 140 3053 Ac
167 3002 429 3057 Cererem
466 3004 671 3056 ﬂavam
703 3009 953 3056 maturas
984 3002 1264 3070 stringere
1290 3002 1487 3053 aristas

78 3090 300 3160 Cogunt,
380 3092 631 3162 agricola
688 3092 759 3145 ad
810 3108 1053 3145 messem
1130 3107 1259 3143 cum
1329 3090 1582 3160 cingitur
1639 3105 1757 3142 om-

1624 3178 1752 3249 [nis,

80 3268 391 3339 Cunctaque
420 3270 689 3323 sudantes
723 3270 1049 3340 producunt
1079 3286 1210 3322 arva
1240 3270 1493 3322 colonos.

82 3357 178 3407 Hoc
205 3363 400 3411 tamen
442 3358 753 3411 immensos
781 3360 961 3411 ietber
991 3359 1122 3411 licet
1152 3374 1359 3410 aureus
1391 3357 1553 3426 ignes

82 3443 355 3498 Interdum
382 3451 640 3515 generet,
668 3447 853 3499 valido
884 3448 1206 3514 coelumque
1242 3448 1542 3497 tremescat

83 3532 369 3599 Murmure,
402 3540 460 3587 et
488 3535 649 3587 elfusi
680 3536 1002 3588 convellant
1027 3551 1158 3587 aera
1186 3533 1383 3597 nimbi,

82 3622 330 3676 .Estatem
358 3624 620 3676 autumni
652 3629 1003 3692 componunt
1034 3630 1291 3691 tempora
1324 3622 1473 3687 laeti;

82 3708 217 3762 Unde
247 3712 382 3764 viris
414 3728 644 3765 summo
676 3716 733 3765 et
757 3713 925 3764 celeri
956 3712 1204 3765 curanda
1238 3712 1431 3763 labore
1458 3716 1541 3763 est

78 3797 267 3865 Messis,
301 3806 358 3852 et
390 3800 447 3851 in
481 3806 733 3869 segetem
767 3807 968 3853 cuncta
1000 3801 1315 3853 exercenda
1340 3801 1632 3869 juventus,

81 3885 297 3939 Maturas
329 3888 521 3941 imber
551 3888 773 3941 subitus
804 3904 874 3940 ne
908 3888 1261 3957 prehendere
1294 3888 1485 3956 fruges

81 3974 255 4041 Possit,
290 3977 596 4030 incautum
628 3976 861 4030 deludat
893 3981 1045 4029 terra
1074 3975 1353 4030 laborem.

81 4062 173 4115 Nec
199 4064 361 4117 farris
383 4066 571 4117 solum
596 4065 853 4117 stimulat
876 4069 1013 4118 tunc
1042 4080 1179 4116 cura
1204 4063 1456 4116 metendi

81 4152 327 4219 Agricolas
359 4154 637 4217 studium,
669 4153 909 4222 parilem
937 4154 1034 4206 sed
1060 4159 1260 4206 cuncta
1290 4155 1597 4221 reposcunt

81 4243 203 4292 Arva
230 4243 419 4309 simul,
455 4243 611 4296 vario
645 4243 860 4295 dudum
896 4258 1024 4312 qua:
1053 4242 1271 4294 semine
1302 4242 1475 4307 culta,

87 4326 194 4379 Post
211 4328 424 4382 variam
459 4328 740 4393 tribuunt,
775 4328 996 4381 diverso
1023 4333 1285 4396 tempore
1321 4341 1585 4379 messem.

88 4412 164 4466 llic
193 4415 370 4469 linum
399 4433 657 4486 campus,
697 4418 889 4471 laetum
914 4417 1062 4486 gerit
1092 4416 1188 4469 ille
1213 4417 1502 4485 legumen,

90 4501 185 4554 Huc
211 4504 406 4559 invitat
438 4522 637 4570 avena,
669 4511 873 4559 vocant
903 4506 1013 4558 huc
1040 4506 1253 4558 hordea
1279 4505 1499 4557 falcem.

92 4588 383 4646 Nectenuis
406 4594 564 4646 viciae
596 4594 739 4646 fetus
771 4593 1010 4646 lentisve
1041 4594 1279 4646 minutae

91 4679 359 4735 Temnitur
388 4684 564 4751 inque
596 4699 725 4735 suos
756 4683 1096 4749 rediguntur
1123 4682 1347 4752 singula
1378 4698 1626 4735 acervos.

96 4767 225 4822 Hunc
253 4788 483 4841 quoque
512 4788 614 4841 per
644 4788 897 4825 mensem
928 4777 1180 4825 maturos
1212 4787 1441 4840 carpere
1470 4771 1648 4825 ramis

98 4855 316 4924 Fructus,
351 4866 521 4930 atque
553 4861 736 4930 epulis
765 4862 847 4913 fas
875 4865 956 4913 est
982 4861 1363 4929 superaddere
1394 4860 1657 4929 sumptis.

97 4948 154 4995 Ac
181 4948 319 5001 dulci
352 4950 484 5013 ficu,
512 4949 848 5019 prunisque,
881 4950 1150 5019 pyrisque
1172 4950 1429 5003 volemus
1459 4958 1503 5014 ⁸,

98 5032 325 5092 Pluribus
361 5045 418 5091 et
450 5039 667 5092 nucleis
698 5044 887 5109 gratos
912 5039 1147 5092 miscere
1180 5055 1432 5109 sapores,

100 5119 493 5199 Sacrandosque
527 5128 638 5182 aris
665 5129 912 5182 modicos
942 5129 1011 5183 de
1040 5129 1151 5182 vite
1183 5144 1437 5183 racemos

159 5313 177 5335 ⁸
222 5306 480 5374 Pyrisque
522 5306 773 5359 volemus.
850 5306 1167 5369 Legebatur
1219 5307 1457 5369 volemis,
1524 5306 1753 5360 mallem

106 5375 335 5451 voluptas.
380 5376 535 5429 Infra
582 5392 646 5428 ex
694 5376 885 5429 codice
927 5378 1110 5451 Bigot.
1160 5377 1491 5444 scripsimus
1525 5392 1749 5441 sumere,

109 5443 184 5496 ubi
208 5447 415 5499 editum
443 5453 565 5498 erat
597 5453 814 5512 tumere,
843 5454 899 5501 et
926 5443 1255 5515 ext—ingenio
1277 5443 1284 5444 ί
1306 5449 1509 5501 mellita
1542 5447 1636 5499 ubi
1661 5464 1754 5501 re-

112 5528 401 5581 pet-eramus
433 5519 532 5570 mel
558 5520 658 5569 ita.

166 5612 184 5645 b
216 5590 458 5644 Sollicita
486 5604 736 5643 uvarum.
780 5588 868 5645 Sic
908 5589 1239 5656 maluimus,
1290 5604 1463 5659 quam
1495 5593 1558 5643 ut
1587 5595 1757 5642 antea

3455 300 3557 349 630

1787 439 1832 488 Α
1861 432 2119 495 Sumere,
2154 432 2207 480 et
2232 428 2495 481 autumni
2528 428 2835 480 fecundum
2869 443 3100 497 poscere
3128 428 3433 495 Bacchum,

1862 518 2067 572 Mcllita
2092 523 2262 587 atque
2290 516 2473 586 epulis
2504 522 2733 585 gustare
2764 516 3066 584 absyntliia
3100 517 3360 585 sumptis,

1869 607 2135 660 Dulcibus
2167 612 2337 675 atque
2370 604 2509 657 favis
2535 604 2725 657 latices
2751 604 2909 673 juvat
2938 605 3144 658 addere
3171 622 3364 674 puros.

2447 749 2535 801 DE
2572 748 2979 801 SEPTEMBRI.

1865 886 2092 939 Nonum
2125 899 2276 937 nunc
2308 882 2444 935 anui
2475 897 2768 933 censemus
2802 881 2860 932 in
2895 880 3095 934 ordine
3120 897 3410 935 mensem:

1863 974 2147 1044 Septimus
2176 990 2207 1025 a
2230 973 2420 1036 Marte,
2450 971 2659 1040 primo,
2695 973 2979 1022 statuente
3010 970 3272 1037 Quirino,

1863 1064 1970 1127 Qui
2002 1062 2130 1129 fuit,
2164 1061 2397 1129 antiquo
2430 1075 2735 1112 numerum
2766 1059 2834 1111 de
2866 1058 3096 1111 nomine
3122 1058 3368 1128 priscum

1866 1154 2025 1206 Nunc
2058 1166 2311 1221 quoque,
2354 1153 2409 1201 et
2449 1147 2711 1200 autumni
2760 1147 2982 1216 pluvias
3031 1162 3160 1199 cum
3186 1152 3459 1215 tempore
3491 1147 3558 1198 si-

3333 1235 3555 1304 [gnans,

1864 1331 2053 1398 Virgo,
2085 1328 2174 1379 cui
2197 1327 2356 1379 donis
2387 1326 2557 1378 simul
2588 1325 2922 1393 octonisque
2958 1339 3261 1375 coruscans

1864 1418 2069 1479 Stellis,
2107 1418 2429 1468 flectentem
2455 1414 2689 1483 praefert
2714 1413 2832 1481 jam
2868 1412 3084 1464 lumina
3114 1412 3412 1464 Phoebum.

1869 1508 1980 1559 Hoc
2013 1521 2203 1557 mense
2235 1508 2488 1571 Augusto
2514 1508 2741 1571 superat
2763 1501 2859 1570 qui
2884 1502 3023 1552 forte
3058 1501 3309 1552 laborem

1864 1594 2140 1663 Agricolae
2173 1592 2391 1655 messis,
2424 1590 2626 1642 clausis
2655 1604 2887 1658 quoque
2920 1588 3178 1657 frugibus
3212 1588 3472 1657 implent.

1867 1685 1981 1736 Hoc
2009 1696 2241 1752 quoque
2270 1678 2474 1731 vinetis
2506 1677 2768 1729 custodes
2803 1692 3016 1745 ponere
3046 1681 3293 1746 tempus,

1864 1770 1969 1834 Qui
1995 1784 2220 1822 accessu
2252 1768 2405 1820 fures
2426 1766 2650 1819 valeant
2681 1764 2984 1834 prohibere
3027 1770 3315 1833 vagantes,

1865 1864 1941 1912 Ac
1966 1859 2173 1928 laqueo
2202 1861 2259 1909 et
2288 1856 2455 1908 nodis
2482 1855 2678 1923 vulpes
2710 1869 2978 1923 prensare
3010 1853 3252 1906 dolosas.

1865 1950 2011 2002 Tum
2075 1947 2272 2011 funda,
2341 1944 2644 1997 horrisono
2703 1949 2759 1996 et
2816 1942 3053 2012 crepitu,
3126 1945 3339 1995 terrere
3404 1941 3559 1994 volu-

3419 2032 3560 2095 lcres

1866 2126 2115 2181 Sollicita
2145 2140 2384 2176 uvarum
2416 2126 2440 2165 Ι)
2470 2121 2683 2174 variam
2716 2118 3001 2172 vindemia
3034 2123 3275 2187 pestem,

1867 2215 2184 2269 Przedulces
2213 2214 2359 2265 celso
2401 2211 2663 2263 redolent
2692 2210 2830 2262 dum
2857 2208 2997 2260 colle
3026 2206 3259 2273 racemi,

1868 2306 2129 2373 Dumque
2167 2305 2358 2369 legens
2390 2299 2571 2367 carpit
2599 2303 2849 2350 maturas
2880 2296 3088 2348 vinitor
3115 2311 3271 2360 uvas,

1866 2395 2056 2446 Donec
2087 2389 2376 2460 spumanti
2408 2388 2571 2440 sudet
2601 2384 2889 2438 vindemia
2921 2388 3131 2449 musto,

1862 2486 1939 2534 Ac
1969 2481 2202 2549 plenum
2233 2477 2437 2531 fundat
2470 2476 2645 2545 praalo
2676 2478 2980 2543 torquente
3015 2472 3249 2541 lyaeum,

1864 2570 2131 2633 Quamvis
2156 2584 2305 2636 sazpe
2340 2582 2441 2635 per
2471 2564 2794 2617 imbriferos
2816 2562 3094 2629 tepefacta
3129 2561 3344 2613 calores

1870 2661 2011 2712 Luce
2040 2658 2144 2709 sub
2178 2655 2457 2725 mquanda
2498 2667 2813 2705 messuram
2848 2650 3011 2702 vinea
3042 2649 3245 2702 falcem

1863 2744 2107 2807 Quaerat,
2142 2748 2197 2795 et
2227 2742 2443 2810 abjecto
2471 2740 2645 2792 nudet
2672 2756 2771 2791 sua
2797 2751 2961 2790 crura
2992 2737 3271 2789 cothurno

1865 2833 2086 2884 Vinitor
2116 2835 2375 2899 aggestas
2398 2828 2635 2896 pedibus
2664 2827 2759 2896 qui
2792 2830 3047 2879 conterat
3077 2841 3239 2877 uvas.

1863 2921 2151 2973 Servanda
2178 2920 2308 2972 hinc
2338 2917 2511 2969 etiam
2540 2918 2758 2969 brumae
2792 2915 2895 2966 sub
2930 2913 3142 2982 frigore
3174 2928 3345 2981 poma

1797 3035 1836 3089 ο
1863 3010 2127 3076 Carpere,
2162 3010 2217 3059 et
2247 3006 2455 3075 apricis
2488 3020 2611 3057 mos
2639 3011 2725 3056 est
2753 3017 3097 3070 componere
3124 3000 3303 3054 tectis.

1867 3097 2004 3150 Hinc
2069 3111 2296 3165 quoque
2360 3095 2510 3147 farra
2564 3092 2680 3145 suis
2740 3090 2968 3160 prodest
3024 3088 3379 3142 committere
3437 3088 3555 3139 sul-

3436 3176 3554 3245 [cis,

1866 3273 2181 3342 Pinguibus
2203 3276 2371 3340 atque
2386 3270 2531 3323 arvis
2556 3281 2575 3303 ε
2604 3269 2797 3339 fruges
2827 3266 3097 3319 mandare
3131 3265 3371 3318 futuras.

1864 3361 2005 3415 Hinc
2037 3376 2231 3413 cervos
2261 3360 2537 3410 Venerem
2568 3356 2773 3425 pingui
2803 3354 3020 3408 fervore
3062 3358 3320 3423 petentes

1864 3452 1970 3504 Per
2002 3465 2239 3501 nemora
2268 3452 2323 3499 et
2348 3448 2551 3501 densas
2584 3444 2815 3514 spiculis
2848 3444 3135 3510 conﬁgere
3164 3442 3352 3506 silvas,

1864 3538 2003 3592 Cum
2036 3537 2270 3591 canibus
2294 3540 2427 3588 noto
2452 3536 2680 3602 delapsa
2714 3538 2795 3585 est
2825 3547 2963 3584 aura
2996 3531 3207 3593 favore,

1862 3626 2117 3678 V’enandi
2149 3626 2393 3678 Francos
2428 3622 2621 3675 docuit
2643 3621 2898 3674 studiosa
2930 3619 3210 3687 voluptas.

1864 3716 2023 3768 Hunc
2096 3729 2347 3765 mensem
2396 3712 2517 3780 jam
2574 3716 2710 3762 tunc
2772 3709 2935 3762 Libra
2997 3706 3327 3759 moderante
3384 3721 3554 3758 ruen-

3390 3794 3553 3864 [tem,

1860 3894 2099 3961 quualo
2132 3888 2314 3959 spatio
2338 3888 2661 3957 junguntur
2688 3901 2912 3955 noxque
2941 3884 3196 3954 diesque,

1862 3978 2131 4034 Cursibus
2189 3977 2437 4046 hincque
2504 3975 2655 4029 diem
2707 3978 2938 4042 superat
2998 3989 3108 4025 nox
3153 3970 3383 4024 horrida
3430 3970 3554 4022 lon-

3447 4056 3556 4127 [gis

1861 4156 2083 4208 Vernali
2120 4156 2223 4208 sub
2256 4155 2373 4208 sole
2406 4152 2529 4223 pari
2558 4153 2861 4221 conjuncta
2893 4166 3147 4215 recursu,

1863 4246 1976 4300 Lux
2006 4246 2214 4298 iterum
2243 4244 2425 4297 donec
2456 4241 2709 4295 tenebris
2740 4241 2966 4311 potiora
2997 4245 3192 4293 tenere

1794 4329 1833 4381 Ι)
1864 4334 2101 4404 Incipiat
2133 4332 2334 4403 spatia,
2369 4336 2423 4384 et
2440 4330 2756 4399 fugientem
2789 4329 3074 4398 deprimat
3102 4328 3383 4381 umbram.

2490 4482 2576 4535 DE
2615 4480 2939 4535 OCTOBRI.

1862 4601 2011 4655 Anni
2061 4616 2211 4654 nunc
2242 4599 2529 4651 decimum
2577 4596 2923 4650 Octimbrem
2968 4597 3119 4646 rotat
3154 4590 3341 4644 orbita
3387 4606 3553 4642 men—

3389 4677 3550 4746 [sem,

1864 4780 2135 4834 Octavum
2170 4782 2327 4830 vetus
2359 4773 2607 4829 instituit
2637 4787 2807 4843 quem
2838 4770 3061 4839 sphaera
3088 4766 3287 4820 vocari.

1863 4871 1913 4922 Is
1946 4883 2173 4938 quoque
2204 4867 2274 4919 de
2304 4880 2544 4917 numero
2569 4862 2816 4931 priscum
2851 4857 3097 4910 retinere
3129 4869 3398 4907 vocamen

1865 4956 2149 5021 Noscitur,
2216 4960 2386 5023 atque
2446 4952 2658 5003 imbres
2728 4947 2942 5016 pariter
2997 4945 3222 5012 signare
3280 4942 3539 5011 frequen-

3424 5027 3547 5099 [tes,

1867 5133 2031 5187 Libra
2061 5130 2151 5185 cui
2182 5146 2346 5201 pares
2367 5130 2507 5182 cmlo
2539 5142 2668 5180 cum
2700 5124 2895 5178 fecerit
2926 5123 3115 5187 horas,

1862 5306 2131 5364 sollicitet,
2184 5318 2453 5369 quorum:
2514 5316 2613 5352 nec
2664 5303 2856 5351 tamen
2902 5296 3253 5350 afﬁrmamus
3300 5295 3377 5348 ita
3416 5294 3551 5348 scri-

1862 5376 2041 5445 psisse
2074 5373 2554 5445 Wandalbertum,
2590 5376 2656 5445 ut
2684 5370 3051 5437 conjecimus.

1934 5455 1951 5478 ε
1992 5450 2175 5513 Atque
2218 5445 2388 5495 arvis.
2442 5441 2825 5513 Posteriorem
2877 5456 3072 5513 vocem
3122 5438 3402 5501 addimus,
3440 5453 3551 5513 _nec

1862 5517 2046 5569 ullum
2084 5508 2218 5567 'fore
2271 5514 2577 5584 opinamur
2610 5511 2711 5581 qui
2761 5528 2886 5565 eam
2938 5510 3129 5564 minus
3172 5508 3547 5563 necessariam

1862 5603 1983 5640 esse
2006 5585 2246 5657 jndicet.
