3846 6244
305 249 396 300 631
1388 244 1896 298 WANDALBEBTI
1942 244 2367 299 I’HUMIENSIS
2404 244 2717 298 MONACHI
3714 251 3787 300 fdi
3814 244 3815 301 ἶ

305 380 648 433 Humentem
676 376 848 428 volvit
878 374 1120 428 breviori
1147 374 1375 426 tramite
1408 372 1704 441 thbum,

304 465 561 529 Quatuor
616 463 870 517 extendit
939 462 1237 516 retrahens
1304 478 1479 533 quam
1540 462 1772 515 brachia
1827 460 1992 515 ﬂam-

1864 550 1994 619 [mis

301 641 567 711 Scorpius
593 641 913 705 ardentem,
941 640 1103 709 juxta
1130 639 1550 710 Erigonemque
1585 638 1878 709 relinquit.

305 733 461 785 Hunc
490 746 749 784 mensem
771 729 959 799 plenis
992 730 1232 799 supplex
1264 728 1555 782 vindemia
1588 729 1778 795 labris,

303 820 577 875 Omnibus
653 825 825 890 atque
891 819 1036 871 arvis
1101 817 1254 871 mitis
1316 834 1444 888 quae
1510 818 1819 888 pampinus
1899 833 1989 870 or-

1849 904 1991 978 [nat,

303 998 565 1069 Undique
596 996 895 1050 conductis
926 996 1142 1049 fervent
1169 996 1355 1049 vineta
1388 997 1609 1048 colonis
1635 1013 1645 1048 :

302 1087 369 1142 lli
398 1087 546 1141 ferro
577 1085 743 1139 mites
778 1085 1008 1139 caedunt
1033 1085 1101 1138 de
1132 1085 1366 1154 palmite
1401 1085 1634 1148 fructus,

299 1176 614 1244 Congestos
644 1173 898 1228 humeris
928 1173 988 1226 hi
1021 1173 1273 1241 gaudent
1304 1172 1451 1225 ferre
1482 1187 1757 1239 racemos,

304 1263 551 1332 Longius
571 1262 629 1315 hi
657 1262 838 1315 ductis
870 1264 1172 1331 exportant
1204 1261 1349 1313 vitea.
1378 1261 1656 1330 plaustris

299 1350 551 1415 Munera,
580 1354 635 1402 at
661 1350 721 1402 hi
751 1348 950 1402 validis
980 1350 1222 1418 praelum
1255 1355 1524 1419 torquere
1560 1348 1783 1402 lacertis

302 1440 539 1505 Instant,
574 1454 637 1492 ac
670 1438 821 1492 dulci
844 1438 1181 1491 distendunt
1212 1437 1415 1490 robora
1449 1442 1655 1490 musto.

301 1527 368 1580 Hi
393 1542 619 1596 quoque
642 1527 728 1579 vel
760 1531 977 1579 veteres
1008 1526 1329 1579 instaurant
1360 1525 1612 1595 undique
1644 1541 1847 1595 cupas,

302 1614 670 1669 Sufﬁciuntve
705 1631 877 1668 novas
908 1614 1089 1668 solido
1117 1614 1185 1668 de
1216 1614 1442 1677 robore,
1476 1620 1747 1667 cunctum

306 1704 543 1757 Provida
573 1703 702 1774 quis
736 1703 870 1755 anni
903 1703 1172 1757 claudant
1202 1703 1432 1755 cellaria
1458 1702 1677 1755 vinum.

309 1792 458 1845 Idem
510 1808 673 1844 amor
728 1791 982 1844 ascendit
1038 1795 1289 1857 cunctos,
1351 1790 1667 1861 eademque
1726 1806 1829 1861 per
1876 1807 1995 1845 om-

1878 1878 1997 1951 [nes

308 1970 356 2020 It
387 1983 543 2032 cura,
578 1972 635 2020 et
660 1967 919 2038 requiem
949 1966 1108 2020 fessis
1139 1967 1221 2019 vis
1251 1966 1373 2037 ipsa
1396 1967 1606 2020 referre

306 2057 424 2109 Nox
454 2057 617 2122 valet,
653 2061 986 2126 exercetque
1028 2071 1227 2109 omnes
1259 2056 1418 2109 labor
1448 2071 1596 2108 unus
1618 2054 1886 2111 habendi.

301 2146 453 2198 Tunc
474 2145 646 2198 etiam
677 2144 832 2198 lento
862 2149 1113 2197 mustum
1146 2149 1413 2213 congesta
1435 2160 1643 2214 vapore

304 2235 559 2287 Flamma
594 2234 809 2304 coquit,
850 2249 1195 2303 spumasque
1232 2233 1473 2286 undanti
1508 2234 1751 2287 effundit
1786 2234 1993 2300 aheno,

304 2324 578 2393 Claraque
602 2322 952 2392 praedulcem
984 2328 1210 2375 servant
1240 2322 1316 2375 sic
1348 2322 1475 2375 vina
1505 2339 1792 2393 saporem,

302 2412 520 2480 Jejnnis
546 2412 778 2465 demum
808 2411 1031 2464 facilem
1058 2411 1429 2482 praebentque
1460 2412 1766 2465 medelam.

302 2503 459 2554 Tunc
490 2517 718 2571 quoque
751 2501 1056 2553 contritum
1092 2501 1243 2553 mola
1270 2504 1519 2553 vertente
1555 2500 1741 2570 sinapi

305 2589 546 2642 Prodest
581 2604 816 2641 uvarum
844 2588 1028 2658 primo
1060 2589 1296 2641 miscere
1327 2587 1560 2657 liquori,

310 2677 449 2729 llinc
480 2676 677 2745 epulas
705 2677 853 2746 grati
885 2676 1139 2729 relevent
1160 2681 1223 2729 ut
1248 2675 1452 2729 deinde
1488 2692 1738 2746 sapores.

306 2768 420 2819 Hoc
452 2770 507 2818 et
544 2782 738 2819 mense
770 2781 898 2819 sues
926 2766 1066 2818 lucis
1096 2765 1365 2819 inducere
1392 2770 1641 2834 tempus,

305 2852 518 2904 Maturo
550 2851 849 2905 hibernam
883 2851 1149 2920 frangant
1183 2855 1244 2903 ut
1274 2856 1529 2919 tempore
1560 2850 1852 2921 glandem.

898 2993 984 3045 DE
1030 2992 1403 3046 NOVEMBRI.

304 3117 650 3171 Undecimus
682 3132 887 3186 magno
920 3116 1331 3169 nuucvolvitur
1365 3116 1501 3170 orbe
1539 3115 1874 3182 November,

306 3208 467 3260 Anno
499 3221 670 3276 quem
695 3221 912 3258 nonum
944 3206 1180 3274 antiquo
1205 3204 1394 3257 dixere
1427 3208 1713 3273 parentes,

308 3296 379 3347 Ex
400 3310 642 3347 numero
665 3298 834 3364 atque
856 3293 1027 3346 imbri
1051 3292 1304 3363 primum
1334 3308 1661 3362 nomenque
1683 3296 1993 3347 retentans.

306 3382 572 3452 Scorpius
601 3381 733 3435 huic
760 3382 921 3435 denis
946 3381 1163 3452 pariter
1194 3382 1364 3434 micat
1393 3387 1563 3452 atque
1594 3382 1832 3435 novenis

307 3470 516 3536 Stellis,
566 3471 660 3524 sed
692 3472 941 3524 ﬂammae
983 3487 1134 3524 nunc
1181 3470 1405 3524 Libram
1449 3478 1695 3540 quatuor
1732 3470 1994 3541 implent,

306 3560 599 3611 Astrorum
623 3558 827 3612 cultrix
856 3558 1055 3612 Chelas
1086 3574 1227 3628 quas
1250 3558 1501 3628 repperit
1533 3563 1692 3626 aetas,

307 3648 413 3699 Ter
433 3646 725 3717 quinoque
755 3647 915 3700 ardet
948 3663 1097 3699 nunc
1122 3651 1345 3700 tantum
1377 3647 1640 3717 Scorpius
1670 3647 1822 3718 igne.

308 3736 420 3788 Hoc
444 3751 636 3789 mense
663 3740 972 3789 autumnus
1003 3736 1177 3789 hiemi
1214 3736 1489 3790 decedere
1520 3737 1677 3790 durae

309 3823 534 3893 Incipit,
567 3828 622 3877 et
644 3824 846 3895 gelidis
880 3824 1204 3877 conﬂantur
1232 3824 1449 3893 frigora
1476 3825 1682 3893 ventis,

307 3913 449 3964 Aere
484 3912 581 3964 sed
615 3912 790 3965 dubio
824 3912 1105 3965 diversam
1133 3919 1283 3965 terra
1312 3912 1559 3981 ﬁguram

308 4000 587 4069 Concipit,
623 4001 680 4052 in
716 4001 935 4069 pluvias
966 4001 1212 4071 zephyro
1241 4017 1390 4053 nunc
1420 4002 1592 4054 ﬂante
1622 4002 1829 4069 soluta,

307 4089 467 4141 Nunc
497 4089 673 4142 borea
702 4088 761 4140 in
794 4089 1042 4158 rigidam
1075 4089 1318 4159 speciem
1352 4095 1614 4141 concreta
1640 4090 1886 4144 furente.

312 4176 450 4228 Hinc
482 4191 609 4227 cum
640 4175 782 4228 forte
812 4176 955 4228 dalis
977 4176 1110 4230 licet
1139 4192 1396 4229 exercere
1427 4177 1530 4230 sub
1562 4177 1714 4231 auris

308 4263 562 4327 Terram,
600 4261 891 4332 proscissis
922 4264 1279 4316 committere
1313 4264 1528 4316 semina
1560 4265 1777 4333 campis

313 4351 560 4416 Prodest,
595 4355 875 4403 autumno
902 4358 1176 4420 superant
1205 4368 1333 4421 qua:
1356 4352 1499 4405 forte
1533 4357 1783 4421 peracto,

308 4441 737 4509 Porcorumque
767 4454 971 4510 greges
988 4439 1142 4491 silvis
1174 4455 1541 4493 consuescere
1572 4440 1736 4506 foetis,

310 4529 451 4581 Dum
480 4528 756 4599 pinguem
782 4533 948 4580 vento
981 4527 1182 4581 tribuit
1212 4533 1513 4597 quassante
1544 4528 1768 4583 ruinam

307 4618 578 4685 Quercus,
608 4621 661 4670 et
684 4617 863 4670 eﬂ‘usa
887 4620 1222 4669 sternuntur
1246 4632 1481 4669 nemora
1509 4617 1740 4686 glande.

306 4707 461 4760 Tunc
486 4711 542 4759 et
574 4722 711 4776 apro
743 4705 898 4759 silvis
925 4720 1061 4757 cura
1083 4709 1165 4757 est
1195 4720 1369 4775 quam
1405 4708 1653 4758 maxima
1684 4705 1854 4759 duros

307 4794 594 4861 Quaerere,
628 4798 684 4848 et
700 4810 765 4847 ex
801 4794 929 4846 luco
956 4792 1193 4847 canibus
1215 4793 1529 4863 producere
1560 4794 1745 4865 nigro,

311 4881 455 4934 Dum
478 4881 694 4934 validos
720 4881 933 4935 crebris
966 4881 1295 4951 praedurant
1319 4882 1523 4936 ictibus
1551 4899 1762 4949 armos,

2031 376 2073 427 A
2102 373 2466 444 Antiquaquc
2500 373 2702 427 fricant
2728 372 3052 428 solidandas
3081 375 3283 429 arbore
3317 381 3522 440 costas,

2103 463 2221 517 Ceti
2247 479 2349 516 nec
2379 464 2493 516 lato
2524 468 2791 517 metuunt
2810 464 3090 517 venabula
3111 464 3285 518 ferro.

2102 552 2264 616 Quod
2290 557 2564 622 superest,
2596 568 2760 605 curas
2782 553 3022 623 genialis
3053 569 3189 607 cura
3221 554 3520 607 resolvens

2103 641 2367 695 Dulcibus
2395 641 2465 694 ad
2496 641 2750 711 requiem
2788 641 3069 695 illecebris
3116 647 3297 710 vocat,
3347 642 3594 696 horrida
3644 654 3784 713 post-

3618 729 3783 802 [quam

2103 818 2368 871 Ruralem
2399 818 2669 871 cohibent
2690 821 2993 871 ventorum
3025 817 3205 871 ﬂabra
3231 819 3518 872 laborem.

2101 907 2241 959 Tum
2276 907 2467 960 dulces
2500 907 2639 973 ludi,
2674 911 2911 977 tumque
2943 911 3028 960 est
3047 907 3409 976 gratissimus
3434 907 3617 975 ignis,

2103 1000 2287 1065 Atque
2318 1012 2467 1049 novo
2499 996 2748 1049 oblectat
2769 1011 3033 1049 somnum
3059 995 3301 1049 invitare
3333 996 3506 1067 lyaeo.

2707 1136 2795 1189 DE
2835 1135 3199 1190 DECEMBRI.

2107 1259 2429 1310 Extremum
2455 1255 2683 1310 bissena
2711 1257 2862 1326 regit
2891 1272 3040 1310 nunc
3072 1257 3222 1310 linea
3243 1273 3534 1323 mensem,

2102 1346 2280 1409 Quem
2311 1344 2595 1398 decimum
2629 1351 2859 1399 auctore
2885 1345 3108 1414 scripsit
3138 1362 3285 1399 nova
3321 1349 3511 1401 Roma
3540 1348 3780 1411 Quirino,

2106 1435 2344 1488 Nomine
2372 1434 2472 1505 qui
2504 1450 2807 1487 numerum
2841 1440 2897 1487 et
2922 1435 3148 1488 nimbos
3177 1436 3439 1506 designat
3470 1439 3700 1503 eodem,

2104 1524 2261 1576 Nunc
2293 1524 2461 1576 etiam
2499 1524 2684 1577 Martis
2716 1523 2901 1577 dictus
2928 1524 2997 1577 de
3032 1540 3223 1577 mense
3256 1526 3620 1591 December;

2103 1612 2431 1665 Arcitenens
2454 1611 2729 1665 Phoebum
2762 1612 3016 1682 angustis
3049 1613 3142 1665 cui
3171 1614 3436 1667 cursibus
3464 1615 3658 1682 eﬂ'ert,

2039 1676 2074 1728 Β
2105 1700 2303 1754 Ternis
2334 1717 2398 1753 ac
2425 1700 2583 1754 denis
2612 1676 2959 1770 praefulgens
2980 1700 3210 1770 ignibus
3241 1718 3371 1755 una.

2106 1791 2221 1843 Hoc
2259 1805 2456 1842 mense
2484 1790 2795 1842 australem
2815 1789 2939 1842 cmli
2965 1789 3245 1842 demissus
3276 1791 3335 1843 in
3369 1807 3559 1857 axem,

2106 1878 2437 1948 Exiguoque
2466 1878 2667 1931 orbem
2698 1878 3055 1947 perlustrans
3087 1879 3315 1931 tramite
3352 1886 3623 1934 nostrum

2105 1966 2221 2031 Sol,
2253 1966 2461 2021 iterum
2494 1966 2563 2020 ad
2598 1967 2829 2019 boream
2856 1968 3135 2019 convertit
3164 1968 3385 2020 lumina
3406 1970 3649 2023 celsum.

2106 2056 2219 2107 Hoc
2250 2056 2422 2108 etiam
2443 2055 2683 2109 hiberno
2715 2060 2895 2109 terras
2926 2060 3126 2109 urente
3159 2056 3370 2127 rigore,

2105 2144 2346 2197 Maxima
2377 2161 2483 2197 nox
2512 2144 2750 2197 modicae
2773 2149 3071 2197 causantes
3095 2160 3334 2198 munera
3365 2146 3509 2199 luris

2106 2232 2396 2302 Agricolas
2428 2233 2597 2300 fovet,
2630 2232 2836 2286 oblitos
2866 2233 3212 2303 tandemque
3240 2210 3481 2301 Iaboris,

2108 2322 2478 2390 Ingratosque
2508 2321 2613 2374 sibi
2646 2321 2884 2374 blandus
2915 2338 3086 2390 sopor
3118 2322 3317 2392 irrigat
3344 2328 3524 2376 artus.

2107 2410 2217 2462 Nec
2248 2415 2441 2463 tamen
2468 2409 2765 2463 imbrifero
2797 2410 3004 2463 desunt
3030 2426 3133 2463 sua
3163 2426 3406 2464 munera
3434 2412 3645 2477 mensi,

2107 2498 2217 2551 Nec
2247 2499 2448 2568 gelidis
2472 2499 2624 2569 cogit
2657 2498 2887 2568 penitus
2916 2515 3134 2552 cessare
3165 2499 3266 2551 sub
3292 2500 3451 2553 auris

2104 2589 2372 2657 Tempus,
2408 2591 2463 2640 et
2486 2587 2543 2640 in
2566 2587 2769 2640 faciem
2798 2587 2964 2640 tellus
2991 2593 3249 2641 contecta
3278 2588 3558 2643 nivosam.

2102 2678 2244 2730 Tum
2273 2691 2501 2746 quoque
2534 2691 2662 2729 cum
2687 2676 2894 2745 pluviis
2920 2692 3154 2746 campus
3181 2682 3465 2747 ventoque
3497 2678 3766 2741 madescit,

2107 2766 2345 2817 Vomere
2374 2764 2540 2833 gleba
2570 2765 2764 2834 jacens
2791 2765 3062 2819 sulcanda
3093 2769 3197 2833 cst,
3228 2765 3445 2819 hordea
3476 2767 3701 2820 demum

2107 2851 2225 2915 Qua
2255 2868 2462 2916 serere,
2502 2858 2600 2905 aut
2621 2854 2814 2905 laetum
2846 2852 3002 2923 cupit
3033 2869 3291 2906 exercere
3320 2855 3595 2924 legumen

2037 2974 2076 3027 Ο
2105 2941 2386 3011 Agricola,
2418 2941 2901 3011 immundumque
2926 2942 3127 2995 timum
3152 2943 3365 3011 jactare
3391 2958 3498 3012 per
3532 2959 3688 3013 agros

2106 3031 2247 3082 Tum
2279 3029 2448 3083 licet:
2484 3035 2541 3083 at
2570 3046 2699 3083 cum
2726 3035 2877 3083 terra
2902 3030 3093 3083 hebeti
3126 3036 3358 3101 torpore
3389 3032 3638 3101 rigescit,

2104 3117 2277 3170 Multa
2305 3117 2463 3171 domi
2490 3123 2683 3171 tamen
2714 3122 2770 3171 et
2791 3118 2950 3171 tectis
2984 3134 3294 3187 properare
3326 3119 3433 3172 sub
3456 3119 3611 3189 ipsis,

2104 3206 2224 3259 Mox
2255 3210 2435 3271 vacat,
2469 3206 2714 3276 algentis
2747 3207 2999 3260 relevent
3028 3222 3158 3277 qua:
3181 3207 3400 3277 frigora
3434 3208 3666 3261 brumze.

2107 3294 2344 3347 Retibus
2376 3294 2508 3347 hinc
2536 3295 2722 3348 varias
2750 3295 2939 3365 pelagi
2960 3310 3230 3364 prensare
3264 3296 3544 3361 volucres,

2105 3384 2216 3436 Aut
2238 3382 2359 3452 igni
2391 3388 2449 3436 et
2480 3383 2667 3437 sonitu
2702 3400 2806 3453 per
2827 3400 3057 3452 campos
3090 3383 3307 3450 fallere,
3334 3384 3452 3438 sive

2108 3470 2413 3524 Lentandis
2440 3487 2545 3524 usu
2566 3471 2793 3541 pedicas
2823 3477 3021 3541 aptare
3052 3477 3347 3542 repertum

2104 3559 2380 3614 Amnibus
2401 3559 2534 3612 hinc
2564 3560 2736 3613 etiam
2772 3560 3009 3630 piscosis
3032 3577 3246 3630 ponere
3269 3566 3453 3615 crates

2105 3647 2411 3713 Vimineas,
2435 3649 2755 3718 densosque
2785 3649 2857 3702 ad
2882 3648 3077 3702 littora
3107 3649 3284 3718 ﬁgere
3317 3649 3517 3713 fasces,

2104 3736 2225 3800 Qua
2255 3736 2399 3790 vado
2432 3737 2697 3807 rapidum
2725 3738 3104 3809 tranquillant
3125 3738 3370 3791 ﬂumina
3395 3754 3623 3791 cursum

2108 3826 2169 3878 In
2190 3830 2446 3892 ventum,
2484 3824 2707 3879 facilem
2748 3826 2977 3895 capiant
2999 3831 3060 3879 ut
3090 3827 3234 3879 retia
3264 3827 3542 3895 praedam.

2112 3915 2222 3967 Hoc
2251 3914 2353 3966 sub
2382 3930 2575 3967 mense
2606 3930 2733 3967 sues
2760 3920 2921 3985 pasta
2945 3916 3065 3985 jam
3101 3916 3308 3986 glande
3340 3916 3646 3981 madentes,

2112 4001 2365 4055 Distento
2396 4006 2451 4055 et
2479 4002 2705 4072 plenam
2741 4008 3125 4057 monstrantes
3158 4008 3357 4057 ventre
3385 4004 3653 4074 saginam,

2109 4090 2357 4155 Caedere,
2423 4094 2479 4143 et
2545 4091 2614 4145 ad
2660 4091 2914 4162 tepidum
2996 4108 3116 4146 mos
3167 4096 3252 4145 est
3300 4092 3637 4162 suspendere
3687 4087 3758 4141 fu.

3597 4178 3759 4250 [mum,

2041 4250 2081 4303 θ
2111 4268 2291 4338 Terga
2318 4268 2476 4336 prius
2504 4266 2636 4321 salis
2662 4268 2877 4322 fuerint
2898 4285 3026 4322 cum
3053 4284 3249 4338 sparsa
3279 4269 3531 4323 madore.

2110 4354 2338 4408 Bissena
2359 4355 2460 4409 hos
2488 4356 2675 4409 cultus
2708 4362 2987 4410 renovant
3016 4357 3295 4427 vertigine
3326 4374 3565 4411 menses.

2108 4446 2383 4515 Huncque
2407 4445 2643 4498 modum
2675 4450 2732 4498 et
2764 4462 2984 4499 morem
3031 4446 3140 4499 sibi
3194 4446 3406 4500 Gallica
3438 4463 3569 4500 rura
3610 4448 3756 4497 reten-

3616 4531 3745 4603 μειοῖ,

2106 4619 2285 4683 Quem
2317 4619 2567 4675 breviter
2592 4621 2827 4691 signans
2851 4622 3062 4692 digessi
3084 4622 3357 4684 carmine,
3391 4623 3566 4676 lector

2104 4709 2559 4764 WANDALBERTUS
2589 4726 2712 4781 ego,
2748 4711 2973 4765 hortatu
3005 4712 3339 4781 compulsus
3369 4712 3555 4775 amici,

2105 4797 2300 4851 Dulcia
2330 4814 2422 4851 me
2456 4798 2639 4852 Rheni
2662 4816 2777 4870 quo
2809 4809 3065 4870 tempore
3098 4800 3289 4852 littora
3312 4800 3558 4863 alebant,

2105 4885 2343 4939 Maxima
2372 4888 2705 4957 Agrippina
2729 4888 2934 4942 veteris
2964 4888 3092 4959 quis
3118 4889 3330 4942 moenia
3363 4889 3632 4958 praesunt.

1523 5117 1876 5192 INCIPIT
1932 5119 2583 5195 HOROLOGIUM

1208 5273 1367 5315 PER
1437 5274 1896 5318 DUODECIM
1971 5275 2383 5320 MENSIUM
2456 5278 2885 5323 PUNCTOS.

309 5448 463 5511 Quos
492 5463 661 5503 cursu
687 5449 821 5504 solis
842 5451 1097 5522 jungunt
1128 5470 1225 5506 sua
1252 5458 1509 5525 tempora
1539 5471 1783 5522 menses,

305 5535 571 5591 Carmine
592 5553 761 5606 nunc,
795 5540 990 5607 lector,
1015 5542 1231 5612 paucis,
1261 5543 1493 5598 adverte
1513 5544 1745 5599 docebo.

2096 5458 2278 5512 Ianua
2302 5473 2454 5512 nunc
2481 5457 2621 5513 anni
2650 5464 2734 5512 est
2762 5460 2960 5530 Janus,
2983 5459 3232 5531 ﬁnisque
3267 5459 3584 5515 December.

2104 5546 2217 5600 Hos
2247 5560 2474 5602 menses
2506 5546 2725 5619 pariter
2750 5547 2884 5602 solis
2906 5552 3061 5604 rotat
3087 5549 3272 5604 orbita
3301 5548 3553 5620 punctis:
