3846 6244
21 312 67 360 ι3

1027 304 1476 362 HOROLOGIUM
1519 306 1653 360 PER
1694 304 1786 359 XII
1827 302 2139 359 MENSIUM
2183 303 2511 359 I’UNCTOS.

3413 304 3516 356 634

21 464 107 501 na:
146 448 352 501 volvit
390 450 695 513 Februum,
736 444 1107 499 undecimum
1140 445 1286 515 regit
1318 444 1436 515 ipsa
1474 444 1711 498 Novem-
1747 448 1791 499 A
1828 444 2055 498 Umbris
2080 444 2201 514 ipsa
2237 444 2431 497 decem
2462 442 2585 513 ﬁgit
2608 443 2774 495 simul
2803 447 2973 513 atque
3000 458 3273 496 novenos.

1483 534 1667 606 [brem
1694 551 1706 587 ε

23 624 219 677 artius
250 624 625 679 Octimbrem
658 624 842 693 spatio
874 623 980 677 sibi
1013 623 1188 677 nectit
1219 623 1415 677 eodem
1445 638 1457 675 :

22 730 113 765 um
151 714 515 782 Septimbre
550 714 649 765 tibi
686 714 741 765 in
774 714 1038 783 spliazran
1073 712 1362 765 concurrit
1388 712 1634 782 Aprilis:

23 805 325 869 ugustum
359 802 541 855 Maius
565 807 759 854 centro
791 806 1115 870 prospectat
1147 800 1214 852 ab
1244 800 1402 870 ipso:

22 890 144 942 inia
182 890 530 952 Quintilem
563 889 839 942 scandens
869 888 1043 942 trahit
1073 888 1257 941 orbita
1288 904 1565 941 mensem.

24 995 124 1031 uas
157 977 358 1031 horas
400 979 506 1031 sibi
537 996 664 1048 quae
691 979 943 1047 jungunt
972 978 1029 1030 in
1060 976 1244 1030 fronte
1270 977 1477 1042 videto,

22 1074 203 1132 ector,
233 1072 298 1118 et
334 1067 403 1118 in
429 1067 645 1119 cunctis
677 1083 838 1136 aeque
870 1067 1171 1119 observare
1206 1071 1517 1118 memento.

21 1169 169 1207 .ense
204 1153 390 1204 omni
424 1154 611 1222 prima
646 1153 965 1207 undecima?
988 1152 1565 1222 conjungiturhorae:

22 1243 125 1296 [inc
160 1241 413 1293 umbris
445 1242 727 1295 decimam
758 1241 932 1294 nectit
959 1258 1242 1312 cursuque
1276 1243 1525 1295 secunda
1552 1258 1565 1309 ;

27 1330 171 1382 ertia
206 1344 355 1381 mox
398 1347 609 1383 nonam
641 1331 865 1401 punctis
896 1331 1297 1400 complectitur
1327 1331 1547 1384 hisdem
1575 1352 1589 1399 ;

21 1427 207 1472 Octava:
246 1421 485 1491 pariter
516 1421 840 1491 praecedens
862 1426 1062 1491 quarta
1095 1422 1343 1475 cohaeret
1376 1436 1389 1490 ;

22 1510 262 1571 luintam
306 1511 692 1578 subsequitur
722 1526 960 1562 numero
1001 1515 1130 1578 post
1161 1511 1403 1580 septima
1428 1510 1602 1579 justo.

22 1598 115 1649 vola
146 1614 289 1650 suas
325 1604 562 1652 tantum
596 1615 893 1652 mensuras
922 1604 1077 1651 sexta
1103 1604 1369 1653 retentat.

22 1687 274 1739 Imnibus
310 1688 447 1748 has,
481 1688 678 1753 lector,
712 1687 1066 1757 conjungens
1099 1687 1392 1741 mensibus
1420 1688 1613 1753 horas,

21 1776 111 1837 )uo
142 1783 439 1844 superent
464 1777 650 1846 spatio
677 1776 1037 1843 umbrarum,
1071 1777 1343 1831 cedautve
1376 1776 1598 1829 videto:

22 1863 105 1914 loc
134 1869 344 1916 tamen
379 1864 444 1916 in
476 1864 676 1934 primis
707 1880 946 1917 noscens
976 1864 1244 1930 retineto,
1282 1864 1435 1934 quod
1469 1864 1622 1918 orbis

22 1951 242 2004 )iversaz
275 1957 484 2022 partes
515 1952 699 2005 varias
731 1952 979 2006 forment
1009 1969 1235 2023 quoque
1267 1958 1447 2007 metas
1482 1970 1494 2006 :

21 2043 134 2094 iam
162 2058 297 2111 qua:
331 2042 529 2095 vicino
553 2048 844 2096 torrentur
869 2044 989 2096 sole
1021 2044 1123 2096 sub
1154 2044 1451 2111 Austrum,

22 2130 71 2182 ἀί
101 2146 266 2199 mage
305 2131 445 2184 luce
480 2132 686 2195 nitent,
722 2132 992 2185 minimas
1024 2132 1103 2184 sic
1131 2132 1367 2201 gignere
1401 2137 1641 2203 possunt

21 2218 282 2271 Umbras:
325 2235 466 2289 quae
512 2219 700 2272 boreas
732 2220 1057 2289 frigentque
1084 2221 1391 2291 jacentque
1436 2222 1539 2275 sub
1589 2238 1709 2287 axe,

21 2308 170 2360 Nocte
211 2309 412 2377 magis
454 2309 646 2377 longa,
694 2309 1059 2379 tenebrisque
1108 2316 1452 2379 premuntur
1497 2312 1706 2379 opacis.

22 2400 141 2458 Quae
176 2396 389 2449 mediis
415 2401 487 2450 ab
519 2405 763 2467 utroque
794 2398 1077 2451 absistunt
1108 2400 1363 2468 partibus
1391 2415 1515 2465 axe,

22 2486 156 2536 lnter
212 2491 542 2556 utrumque
600 2486 772 2540 etiam
825 2487 1012 2540 lucem
1069 2488 1446 2541 moderantur
1494 2492 1549 2541 et
1592 2504 1713 2541 um-

1544 2576 1709 2649 [bras.

24 2662 150 2731 Ergo
181 2679 309 2733 age,
346 2664 397 2716 si
424 2664 681 2733 subjecta
713 2666 992 2735 legentem
1026 2665 1257 2735 pagina,
1293 2666 1489 2731 lector,

26 2751 90 2803 Te
121 2756 326 2818 movet,
364 2752 475 2805 hac
501 2754 657 2806 illam
691 2755 929 2822 regione
965 2756 1254 2825 probabis,
1284 2754 1353 2808 ab
1383 2755 1507 2825 ipso

30 2839 263 2893 Danubio
299 2842 595 2910 Hesperia:
628 2843 844 2913 primos
884 2860 1012 2913 qum,
1045 2845 1229 2913 vergit
1255 2844 1321 2897 ad
1355 2849 1534 2909 ortus,

30 2926 395 2998 Lugdunique
432 2930 588 2991 urbe,
637 2938 693 2982 et
725 2930 984 2984 Rhodani
1017 2931 1285 2985 distincta
1316 2931 1567 2997 ﬂuentis,

32 3014 257 3085 Respicit
286 3017 505 3070 Oceani
538 3018 878 3071 interclusos
917 3019 1053 3073 orbe
1078 3020 1399 3085 Britannos,

32 3104 131 3155 lloc
159 3120 390 3174 quoque
425 3110 479 3157 te
501 3106 652 3173 juste
686 3107 956 3160 horarum
990 3124 1257 3161 mensura
1295 3109 1567 3176 monebit,

38 3192 352 3246 L'mbrarum
390 3199 584 3247 motus
616 3195 819 3263 primis
848 3212 920 3248 ne
953 3197 1095 3249 forte
1131 3197 1403 3251 Kalendis

41 3278 229 3332 Ponere
260 3288 316 3333 et
340 3282 415 3335 ad
445 3282 617 3335 tinem
646 3283 785 3336 velis
813 3284 1123 3353 perducere
1158 3286 1371 3339 mensis
1396 3302 1408 3338 :

43 3366 157 3419 Nam
190 3369 369 3438 pridie
402 3371 742 3424 umbrarum
765 3372 939 3426 fuerit
968 3390 1097 3443 qua:
1130 3378 1282 3427 meta
1308 3374 1569 3444 priorum

40 3452 135 3507 Sub
161 3462 384 3510 noctem
415 3460 620 3529 nequit
651 3460 708 3512 in
741 3462 924 3514 varios
956 3464 1199 3515 transire
1230 3478 1532 3516 recursus:

42 3546 76 3594 Α
105 3544 275 3598 medio
307 3545 365 3598 in
393 3548 647 3601 medium
682 3550 892 3602 sensim
925 3550 1024 3603 sed
1069 3566 1319 3604 crescere
1351 3566 1606 3605 mensem

43 3630 334 3687 Diminuive
372 3635 607 3688 umbras
639 3652 772 3690 vera
805 3638 1025 3692 ratione
1059 3638 1353 3705 docemur,

48 3720 79 3771 Α
104 3722 276 3775 medio
300 3723 357 3776 in
388 3724 646 3778 medium
678 3726 975 3796 signorum
1001 3733 1062 3781 ut
1084 3729 1327 3782 volvitur
1353 3733 1531 3783 ortus.

53 3906 346 3976 Horarum
392 3918 543 3996 jam
592 3936 775 3979 nunc
826 3923 1140 3981 texemus
1191 3919 1258 3981 in
1296 3919 1530 3982 ordine
1570 3937 1709 3983 me-

1542 4030 1668 4104 [tas
1692 4048 1707 4101 ;

56 4116 307 4185 Humani
348 4126 615 4204 ignaris
659 4134 997 4191 monstrat
1035 4148 1205 4209 quas
1236 4130 1540 4211 corporis
1572 4149 1711 4193 um-

1540 4237 1705 4313 [bra.

468 4368 536 4405 DE
575 4367 839 4407 JANUARIO
881 4371 939 4407 ET
980 4370 1259 4407 DECEMBRI.

61 4475 202 4532 Linea
228 4498 348 4551 quas
375 4485 507 4539 Jani
541 4485 726 4553 prima
749 4492 833 4539 est
863 4486 1191 4557 pariterque
1222 4486 1565 4551 Decembris,

60 4563 264 4622 Tricenis
309 4573 556 4641 pedibus
596 4574 862 4645 binisque
902 4575 1219 4646 exporrigit
1280 4557 1564 4643 umbram,

64 4651 382 4730 Undenisque
411 4678 664 4731 sequens
692 4664 938 4732 pedibus
978 4679 1106 4717 mox
1147 4664 1352 4718 umbra
1380 4664 1571 4717 recisis

67 4739 263 4801 Tantum
292 4749 375 4803 bis
409 4751 575 4805 denis
605 4766 838 4821 unoque
865 4757 1096 4806 extensa
1122 4754 1379 4822 patescit.

67 4826 201 4885 Linea
226 4840 461 4910 tumque
493 4840 668 4909 pedes
697 4841 999 4896 concidens
1024 4842 1191 4895 tertia
1217 4841 1400 4906 binos,

1821 535 2037 588 Rursus
2069 539 2126 586 et
2156 533 2287 585 hinc
2319 532 2569 587 Geminis
2600 533 2716 585 sole
2751 535 3036 585 crescente
3068 530 3297 602 fugatis,

1819 623 2049 692 Septem
2082 628 2286 692 quarta
2319 622 2487 691 pedes
2521 621 2725 673 retinet
2759 636 3027 673 mensura
3053 620 3383 691 decemque.

1821 712 1935 765 [Iac
1967 711 2138 764 etiam
2170 710 2320 763 binis
2354 710 2557 762 umbra
2591 710 2841 779 fugiente
2884 709 3098 774 recisis,

1817 802 1925 854 Ter
1954 799 2144 870 quinis
2171 800 2432 870 quintam
2460 798 2702 868 pedibus
2735 815 2834 850 sua
2867 799 3013 851 linea
3044 798 3245 851 tendit.

1820 889 2090 942 Centrum
2117 894 2354 957 tumque
2388 889 2614 941 brevem
2640 888 2759 958 jam
2793 888 2911 939 sole
2953 892 3185 956 regente
3219 886 3441 940 duobus

1818 978 2053 1044 Abscisi,
2089 982 2281 1030 ternos
2315 977 2491 1029 denos
2524 976 2632 1029 sibi
2664 980 2818 1028 sexta
2847 980 3110 1028 retentat.

1820 1066 2086 1120 Caedendi
2114 1066 2266 1118 hunc
2298 1081 2518 1118 morem
2552 1066 2777 1118 muneri
2818 1065 3067 1117 servabis
3098 1064 3331 1134 ubique.

2230 1199 2295 1234 DE
2338 1195 2642 1235 FEBRUARIO
2687 1197 2748 1234 ET
2788 1196 3090 1234 NOVEMBRI.

1818 1289 1955 1353 Quae
1992 1290 2277 1343 Februum
2302 1295 2505 1341 natura
2537 1294 2694 1341 tenet
2725 1288 3013 1357 sociatque
3041 1286 3441 1352 Novembrem,

1819 1382 1927 1433 Ter
1954 1380 2117 1433 denis
2150 1379 2390 1450 pedibus
2420 1394 2713 1447 supremas
2735 1378 2956 1446 colligit
2986 1377 3239 1442 umbras,

1820 1470 2063 1538 Moxque
2096 1485 2297 1521 novem
2328 1472 2587 1520 constant
2608 1467 2851 1536 pedibus
2878 1466 3152 1535 denisque
3175 1470 3509 1534 sequentes;

1825 1558 1998 1612 Linea
2029 1564 2151 1611 tum
2184 1562 2400 1627 septem
2433 1562 2605 1626 atque
2639 1556 2833 1608 decem
2866 1555 2972 1607 sibi
3005 1554 3170 1607 tertia
3202 1553 3403 1607 tendit.

1824 1648 2034 1711 Quarta
2066 1647 2240 1716 pedes
2274 1645 2485 1715 pariter
2515 1651 2600 1697 ter
2631 1644 2838 1714 quinos
2870 1643 3086 1711 colligit
3116 1642 3342 1711 umbra,

1754 1746 1791 1799 Β
1823 1736 1962 1789 Hinc
1992 1736 2233 1805 pedibus
2259 1734 2437 1787 ternis
2469 1751 2529 1787 ac
2570 1733 2728 1786 denis
2769 1733 2970 1803 quinta
2997 1732 3253 1801 patescit,

1821 1825 2317 1894 Scandentemque
2352 1827 2533 1876 rotam
2558 1822 2801 1875 undenis
2823 1838 2951 1874 mox
2984 1828 3141 1875 sexta
3166 1824 3404 1874 coercet.

2332 1956 2397 1992 DE
2437 1955 2632 1993 MARTIO
2674 1955 2733 1991 ET
2771 1953 3015 1991 OCTOBR].

1823 2048 2095 2103 Cursibus
2131 2047 2430 2102 Octobrem
2466 2046 2696 2099 sibimet
2727 2045 2855 2115 quis
2886 2044 3118 2098 Martius
3144 2049 3353 2114 tequat,

1823 2138 1959 2191 Octo
1992 2138 2165 2206 pedes
2193 2137 2377 2206 prima
2409 2141 2464 2188 et
2494 2136 2580 2187 bis
2610 2135 2789 2187 denos
2824 2134 2976 2187 linea
3005 2133 3149 2202 tigit,

1826 2231 2007 2283 Denos
2048 2235 2101 2281 et
2134 2234 2348 2298 septem
2383 2227 2631 2296 complet
2666 2226 2976 2295 statuitque
3006 2226 3253 2278 secunda
3280 2244 3294 2291 ;

1823 2314 2009 2366 Tertia
2043 2312 2351 2383 quindenis
2388 2311 2595 2364 Phoebo
2623 2311 2965 2363 ascendente
2986 2315 3232 2372 tenetur,

1823 2402 2035 2466 Quarta
2065 2402 2260 2456 decem
2306 2400 2582 2454 excedens
2629 2399 2871 2469 pedibus
2902 2398 3049 2469 fugit
3078 2398 3271 2467 agnita
3316 2397 3513 2461 ternis,

1824 2492 1944 2545 Mox
1977 2490 2149 2544 etiam
2181 2490 2382 2560 quinta
2420 2488 2661 2541 undeuis
2694 2487 2936 2556 spatiata
2968 2486 3211 2539 recedit:

1823 2580 1986 2634 Sexta
2019 2595 2219 2633 novem
2251 2578 2495 2649 pedibus
2518 2577 2721 2647 pandit
2752 2592 2853 2628 sua
2883 2574 3104 2629 lumina
3133 2573 3356 2628 deinde.

2302 2711 2369 2746 DE
2406 2709 2582 2746 APRIL!
2624 2708 2685 2744 ΕΤ
2724 2706 3035 2744 SEPTEMBRI.

1822 2805 1959 2868 Qua:
1993 2802 2095 2856 tibi
2124 2802 2459 2871 September
2497 2800 2794 2852 ﬂorentem
2826 2798 3001 2850 nectit
3028 2796 3300 2866 Aprilem,

1825 2892 1914 2945 Bis
1945 2890 2107 2945 denis
2148 2890 2410 2943 umbram
2443 2894 2497 2941 et
2527 2888 2677 2941 senis
2710 2888 2874 2940 docet
2905 2886 3087 2939 orbita
3120 2887 3389 2955 primam,

1824 2983 1885 3034 In
1916 2979 2153 3051 pedibus
2184 2979 2289 3031 sub
2322 2978 2629 3047 quindenis
2656 2976 2896 3046 ﬁgitque
2930 2975 3267 3039 secundum,

1753 3091 1792 3145 ρ
1821 3068 2020 3123 Ternis
2049 3084 2113 3120 ac
2139 3067 2299 3120 denis
2332 3082 2557 3120 cursum
2592 3081 2818 3136 quoque
2850 3064 3019 3117 tertia
3045 3064 3267 3130 frmnat,

1826 3157 2080 3211 Undenis
2110 3171 2369 3209 crescens
2400 3155 2641 3225 pedibus
2672 3160 2793 3207 tum
2827 3158 3031 3223 quarta
3060 3153 3293 3215 recedit,

1823 3246 2035 3309 Quinta
2061 3260 2262 3297 novem
2294 3243 2540 3313 pedibus
2587 3258 2815 3295 cursum
2849 3241 3174 3311 clauditque
3206 3246 3513 3310 patentem,

1821 3334 2194 3405 Septenisque
2226 3349 2359 3387 suos
2394 3332 2686 3401 componit
2715 3335 2868 3384 sexta
2903 3334 3142 3383 meatus.

2368 3464 2435 3500 DE
2477 3464 2603 3500 ΜΛῙΟ
2644 3464 2703 3499 ΕΤ
2741 3462 2998 3501 AUGUSTO.

1821 3556 2142 3625 Augustum
2181 3557 2237 3605 et
2267 3552 2476 3605 Maium
2501 3552 2695 3620 jungit
2726 3568 2853 3622 quae,
2890 3551 3035 3604 linea
3066 3550 3344 3619 primum,

1824 3643 1913 3697 Bis
1951 3642 2110 3697 denis
2138 3640 2358 3695 umbrae
2394 3640 2632 3709 pedibus
2665 3644 2815 3692 meat
2845 3642 3013 3708 atque
3048 3638 3362 3708 quaternis,

1820 3733 1962 3787 Cum
1997 3730 2160 3784 denis
2194 3734 2385 3781 ternos
2416 3728 2687 3781 excrescit
2722 3743 2964 3797 moxque
2996 3727 3271 3792 secunda;

1824 3819 2074 3874 Undenis
2105 3818 2323 3871 clarum
2355 3816 2645 3869 concludit
2672 3816 2839 3869 tertia
2870 3830 3098 3867 cursum
3126 3832 3137 3867 :

1820 3910 2027 3974 Quarta
2063 3911 2221 3977 patet
2249 3905 2492 3975 pedibus
2525 3905 2666 3957 ccelo
2698 3904 2978 3973 tepefacta
3006 3902 3285 3957 novenis:

1821 3999 2050 4067 Septem
2083 3996 2286 4066 quinta
2324 3998 2482 4046 tenet
2514 3992 2764 4063 propriis
2794 3992 2957 4046 ﬁnita
2984 3992 3089 4046 sub
3121 3991 3377 4045 umbris:

1822 4087 2105 4157 Sextaque
2134 4091 2254 4137 tum
2287 4082 2477 4153 quinis
2509 4081 2748 4134 ferventi
2770 4086 2953 4135 cessat
2982 4080 3039 4134 in
3072 4080 3227 4134 orbe.

2377 4212 2443 4248 DE
2484 4210 2649 4250 JUNIO
2690 4211 2752 4247 ET
2791 4210 2970 4247 JULIO.

1822 4314 2105 4367 Horarum
2135 4312 2242 4366 sibi
2274 4312 2585 4376 Quintilem
2617 4312 2744 4381 quis
2773 4310 2975 4364 Junius
3007 4314 3215 4381 aequat,

1751 4398 1795 4450 D
1825 4401 1913 4455 Bis
1939 4401 2101 4456 denis
2130 4401 2318 4470 prima
2350 4400 2407 4452 in
2439 4399 2681 4469 pedibus
2712 4403 2867 4469 patet
2896 4403 3066 4469 atque
3098 4398 3343 4463 duobus,

1824 4488 2195 4558 Undenisque
2227 4502 2422 4541 means
2454 4487 2773 4540 ostenditur
2806 4485 2938 4538 inde
2970 4484 3238 4549 secunda,

1821 4577 2009 4631 Tertia
2044 4592 2293 4646 moxque
2328 4576 2499 4645 pedes
2526 4576 2716 4645 explet
2736 4588 3070 4643 comprensa
3097 4587 3369 4636 novenos,

1822 4666 2033 4720 :Estivo
2073 4671 2295 4735 septem
2328 4680 2460 4717 mox
2490 4664 2675 4716 tendit
2701 4666 2905 4731 quarta
2932 4660 3139 4723 calore,

1821 4754 2146 4824 Quintaque
2178 4759 2298 4807 tum
2330 4752 2573 4821 pedibus
2597 4748 2923 4803 conscendit
2956 4747 3105 4799 linea
3135 4746 3341 4816 quinis,

1825 4843 1967 4898 Hinc
1989 4847 2183 4896 centro
2207 4847 2427 4895 torrens
2459 4845 2653 4892 ternos
2684 4837 2790 4889 sibi
2816 4840 2966 4888 sexta
2998 4839 3244 4888 retentat
