3846 6244
409 253 511 306 635

412 402 1525 429 Ἥ

1485 275 2001 337 WANDALBERTI
2049 286 2263 342 PRUMI
2276 289 2459 345 ENSIS
2500 293 2809 350 MONACHI

1528 424 1921 436 Ἢ

1926 432 2177 442 Μ

1951 562 2359 651 INCIPIT

1310 774 1494 883 DE
1589 778 2305 897 CREATION
2332 796 2404 899 lC
2510 798 2977 909 MUNDI

922 1282 993 1320 DE
1038 1285 1145 1323 Ι]Νο
1186 1289 1245 1325 ΒΓ
1279 1291 1437 1329 TRINO
1478 1294 1580 1333 ἶ)Εο

755 1377 777 1400 α
812 1369 1082 1441 Simplex,
1114 1392 1289 1444 purus
1320 1386 1375 1434 et
1409 1400 1553 1437 unus

752 1458 965 1513 zEterni
1003 1464 1165 1517 Pater
1197 1472 1366 1536 atque

753 1545 1005 1603 Summas
1038 1551 1162 1604 fons
1192 1554 1483 1611 bonitatis.

752 1635 1006 1689 Existens
1036 1640 1156 1694 sine
1187 1642 1301 1696 ﬁne

749 1725 867 1776 ΑΞνὶ
899 1726 1322 1801 principioque,

751 1811 1052 1867 Concrevit
1081 1818 1231 1872 Deus
1261 1822 1456 1877 orbem
1486 1841 1497 1878 :

751 1902 934 1956 Verbo
965 1911 1168 1960 cuncta
1189 1917 1436 1977 creante,

748 1990 959 2045 Rerum
987 1996 1252 2051 machina
1278 2006 1515 2069 constat,

750 2077 992 2134 Volvens
1023 2099 1195 2152 quam
1229 2093 1376 2142 rotat
1402 2092 1540 2145 axis.

747 2166 851 2218 Par
880 2169 1030 2222 Patri
1064 2173 1405 2245 Genitoque,

746 2254 1014 2311 Lustrans
1037 2260 1253 2315 lumine
1280 2272 1501 2332 cuncta,

744 2343 1013 2399 Mundum
1046 2350 1291 2419 Spiritus
1314 2354 1515 2426 implet
1544 2374 1555 2411 :

749 2433 868 2486 Una
890 2440 946 2487 et
973 2436 1126 2491 trina
1153 2446 1404 2509 potestas

743 2521 1018 2578 Distincto
1052 2529 1401 2600 moderatur,

740 2609 1043 2681 Complexa
1077 2619 1290 2685 omnia,
1330 2628 1491 2675 nutu.

1020 2753 1094 2803 De
1123 2752 1210 2805 die
1236 2757 1434 2821 primo.

735 2852 925 2905 Prima
958 2855 1091 2909 hinc
1120 2864 1300 2914 exstat
1330 2864 1510 2933 origo,

733 2942 932 2995 Carnis
961 2945 1140 3000 libera
1172 2965 1342 3017 nexu,

733 3030 870 3084 Coeli
904 3049 1031 3102 qua:
1054 3040 1208 3089 tenet
1230 3039 1439 3107 aulam,

733 3119 948 3189 Regem
979 3138 1224 3193 quaeque
1250 3127 1517 3196 videndo,

737 3208 945 3276 Legem
970 3226 1099 3263 vere
1130 3212 1357 3268 beatam

730 3294 945 3362 Servat,
974 3299 1373 3373 militiamque.

730 3384 869 3437 Vero
899 3385 1020 3439 haec
1049 3389 1266 3445 lumine
1290 3394 1454 3448 nobis

727 3473 844 3525 Lux
875 3490 903 3527 e
935 3475 1092 3530 fonte
1114 3482 1354 3547 perenni

725 3562 1009 3617 lllustrata
1033 3568 1271 3634 patescit
1304 3587 1315 3623 :

724 3650 877 3705 Hanc
915 3669 1042 3723 qua:
1077 3662 1278 3725 sponte
1310 3661 1540 3731 reliquit

722 3741 873 3808 Pars,
908 3742 1044 3797 dum
1072 3760 1216 3800 caeca
1238 3751 1515 3819 superbit,

724 3829 893 3882 Nocte
926 3831 1049 3886 haec
1080 3835 1274 3890 horret
1304 3844 1362 3891 et
1394 3841 1646 3897 umbris:

726 3918 1000 3973 Discernit
1030 3924 1124 3975 sed
1158 3930 1461 3997 utramque

721 4006 1010 4075 Regnator
1039 4011 1205 4079 Deus,
1240 4014 1414 4085 inque

720 4092 930 4162 Dignos
961 4097 1213 4167 disparat
1234 4108 1410 4156 ortus.

719 4182 847 4234 Haec
869 4187 1192 4251 spernenda
1223 4190 1434 4244 furoris

719 4270 882 4322 Virus
916 4276 1303 4346 nequitiaeque

716 4357 888 4411 Cascis
922 4364 1261 4418 mortalibus
1290 4368 1479 4423 addit:

718 4447 854 4500 Vita:
887 4455 971 4501 ast
1002 4450 1099 4504 illa
1129 4452 1332 4522 beatae,

716 4536 1064 4608 Virtutisque
1084 4541 1352 4612 benignae

711 4626 931 4680 Sensim
959 4630 1175 4698 spargit
1204 4648 1481 4690 amorem.

710 4715 829 4767 Mox
861 4717 1068 4770 coalum
1103 4721 1244 4771 Deus
1276 4723 1477 4785 altum,

712 4804 1066 4875 Informique
1092 4810 1299 4863 creavit

710 4892 947 4946 Mersam
982 4897 1232 4964 pondere
1256 4903 1488 4967 terram,

708 4980 843 5043 Quae
878 4997 1153 5052 magnum
1186 5003 1288 5055 per
1315 4988 1486 5044 inane

710 5068 871 5121 Lucis
902 5086 1136 5125 munere
1167 5074 1440 5146 primum,

709 5155 884 5208 Undis
920 5162 1084 5226 tecta,
1114 5170 1348 5217 careret.

708 5243 802 5295 His
833 5254 1091 5302 concreta
1116 5248 1353 5305 fuerunt.

705 5332 854 5401 Ignis
883 5337 1101 5390 semina
1134 5342 1281 5409 puri,

704 5420 1004 5492 Siccusque
1033 5429 1174 5480 acris
1204 5430 1431 5485 humor.

419 5564 443 5590 ⁸
481 5558 721 5618 Metrum
753 5566 1144 5625 ferecraticum
1172 5573 1520 5630 trimetrum.

2007 1155 2298 1166 —_—_

1664 1024 1791 1066 PER
1834 1025 2133 1070 ORDINEM
2175 1032 2431 1078 DIERUM
2478 1037 2618 1079 SEX.

2564 1299 2778 1368 Nempe
2811 1301 2898 1354 his
2929 1310 3128 1357 cuncta
3161 1310 3363 1361 coactis

2554 1387 2734 1441 Sensu
2767 1406 3006 1460 corpora
3036 1396 3191 1448 nullo

2553 1476 2819 1530 Afﬂatore
2848 1487 3167 1537 moventur.

2813 1607 2887 1658 De
2912 1606 2999 1659 die
3027 1610 3273 1663 secundo.

2553 1708 2689 1761 (Σαειί
2718 1709 2851 1763 hinc
2882 1714 3143 1781 proxima
3173 1718 3337 1771 terris

2551 1797 2687 1849 Pars
2718 1804 2801 1852 est
2823 1802 3070 1869 condita,
3103 1805 3265 1858 tetris

2548 1885 2710 1956 Saepe
2742 1888 2984 1943 obnoxia
3013 1892 3218 1948 furnis.

2551 1976 2727 2029 Undae
2758 1992 3006 2049 namque
3041 1997 3305 2051 supernas

2548 2065 2948 2137 Telluremque
2980 2074 3256 2140 tegentes,

2544 2154 2745 2207 Juncta
2778 2156 2927 2210 mole
2958 2159 3216 2213 ruebant.

2546 2243 2655 2295 Has
2687 2243 2836 2297 inter
2866 2246 3010 2299 Deus
3040 2254 3236 2302 auctor

2548 2332 2817 2385 Firmavit
2843 2335 3175 2390 nebulosam

2540 2420 2834 2489 Spliaeram
2865 2424 3317 2496 nubiferamque.

2544 2510 2669 2562 Haec
2696 2511 2778 2563 vis
2812 2528 3017 2583 nempe
3048 2515 3320 2584 liquentis

2540 2598 2925 2669 Undantisque
2948 2603 3233 2670 elementi,

2538 2686 2674 2739 Coeli
2706 2693 2986 2758 temperat
3015 2691 3193 2761 ignes.

2845 2818 2914 2869 De
2940 2817 3027 2870 die
3054 2821 3231 2873 tertio.

2539 2919 2649 2971 Hoc
2680 2935 2749 2972 ex
2778 2921 2978 2975 ordine
3000 2924 3230 2977 demum

2536 3006 2795 3061 Formosi
2825 3014 2980 3063 sator
3009 3012 3161 3065 orbis

2532 3096 2706 3149 Undis
2729 3114 2861 3151 arva
2883 3099 3087 3152 retexit
3111 3117 3124 3166 ;

2529 3185 2762 3253 Magnos
2789 3186 2963 3257 inque
2997 3194 3217 3243 meatus

2532 3273 2700 3326 Moles
2731 3291 2924 3352 sparsa
2949 3278 3195 3332 ﬂuentis.

2530 3362 2752 3427 Fontes,
2787 3364 3047 3431 ﬂumina,
3083 3367 3209 3426 rivi,

2527 3450 2737 3519 Stagna
2763 3457 2820 3505 et
2848 3454 3100 3507 maxima
3132 3456 3268 3525 ripis

2522 3538 2646 3591 Mox
2678 3540 2939 3595 distincta
2970 3550 3253 3597 mearunt.

2525 3628 2713 3680 Tellus
2753 3631 2902 3683 nuda
2932 3638 3167 3702 repente

2524 3716 2787 3771 Formam
2818 3720 2945 3773 lmta
2977 3721 3253 3776 virentem

2524 3806 2760 3859 Frondis
2795 3810 2999 3862 comsit
3032 3810 3247 3865 honore
3274 3828 3286 3864 :

2520 3894 2701 3947 Arbor
2738 3897 2955 3951 semina
2996 3915 3259 3971 quaeque,

2523 3983 2709 4036 Fcetus
2740 3985 2919 4038 herba
2952 3988 3179 4055 sativos,

2518 4070 2699 4125 Verbo
2732 4080 2973 4143 urgente
3002 4082 3283 4130 crearunt.

2819 4201 2889 4251 De
2916 4198 3004 4252 die
3036 4206 3247 4268 quarto.

2516 4301 2664 4355 Neve
2696 4303 2818 4357 hazc
2844 4312 3047 4360 cuncta
3073 4314 3329 4361 carerent

2514 4390 2655 4443 Caro
2684 4392 2822 4445 lucis
2852 4394 3090 4462 honore,

2512 4478 2880 4550 Spirantique
2906 4484 3112 4550 calore,

2511 4567 2655 4620 Solis
2685 4570 2949 4623 conditor
2978 4572 3192 4642 ignem,

2514 4656 2684 4708 Lunae
2709 4662 2765 4711 et
2792 4658 3059 4729 lampada
3092 4663 3272 4726 tinxit,

2511 4743 2933 4816 Stellarumque
2962 4749 3192 4804 nitores.

2510 4834 2757 4902 Sphaeris
2787 4841 2935 4889 astra
2963 4839 3067 4892 sub
3095 4840 3299 4909 amplis

2513 4922 2639 4974 Haec
2670 4924 2845 4977 inﬁxa
2876 4942 3129 4992 manere,

2510 5011 2643 5065 Haec
2674 5018 2807 5066 sunt
2833 5015 2991 5083 jussa
3023 5017 3259 5083 moveri,

2511 5100 2644 5163 Quee
2680 5102 2843 5154 annis
2873 5109 3045 5173 atque
3078 5104 3293 5171 diebus,

2508 5188 2708 5258 Signis,
2740 5192 3134 5264 prodigiisque

2506 5275 2841 5339 Praeessent,
2876 5279 3359 5350 temporibusque.

2506 5362 2717 5417 Phcebo
2751 5365 2940 5419 sidera
2970 5368 3039 5421 ab
3074 5384 3186 5421 uno

2510 5452 2724 5507 Lumen
2755 5460 2954 5508 cuncta
2977 5463 3298 5527 capessunt.
