3846 6244
365 311 467 363 639

1445 327 1953 388 WANDALBERTI
1995 336 2410 397 PRUMIENSIS
2449 344 2754 403 MONACHI

715 449 910 503 Temet
940 467 1107 506 nosce
1131 455 1395 511 videndo.

714 537 929 609 Nempe
964 540 1084 595 haec
1113 545 1307 597 omnia
1331 547 1495 616 jussu

710 624 854 680 Sunt
884 634 1079 683 exorta
1109 633 1367 699 volentis,

712 714 925 770 Rerum
958 719 1086 787 quis
1117 726 1270 776 meat
1296 725 1456 779 ordo.

707 803 781 856 Te
817 820 1077 861 summus
1108 810 1449 884 sapiensque

707 893 1086 965 Eternusque
1116 904 1376 969 repertor

706 980 864 1035 Limo
898 983 1078 1051 tinxit,
1110 992 1164 1040 et
1190 993 1344 1043 artus

703 1067 997 1124 Formatos
1026 1073 1334 1132 animando

704 1156 911 1225 Erexit,
941 1170 1305 1232 superantem

702 1245 915 1301 Cuncta
948 1254 1007 1303 ut
1039 1259 1227 1307 mente
1256 1256 1473 1312 videret

702 1334 899 1388 Omnis
934 1340 1195 1395 machina
1224 1345 1368 1397 coeli.

692 1422 764 1475 'l'e
795 1430 1143 1498 prOpterque
1175 1438 1398 1487 creatus

690 1511 931 1565 Mundus
964 1520 1016 1568 te
1048 1517 1209 1571 docet
1241 1522 1447 1589 omnis,

691 1599 846 1653 Alter
876 1608 1054 1673 tuque
1084 1609 1298 1662 vocaris

688 1688 877 1742 Prisco
906 1693 1139 1747 nomine
1168 1698 1437 1766 mundus,

693 1776 818 1829 llaec
850 1780 938 1832 cui
970 1780 1184 1837 fabrica
1213 1786 1382 1841 cedit.

688 1864 761 1916 Te
794 1865 887 1919 lux
919 1868 1018 1922 illa
1048 1875 1319 1938 perennis

688 1952 965 2009 Primazvo
998 1958 1147 2013 edita
1171 1962 1336 2030 jussu

686 2039 845 2094 Lucis
880 2052 1159 2101 monstrat
1188 2050 1506 2109 alumnum.

686 2129 898 2184 Lumen
931 2149 1061 2187 nam
1092 2136 1194 2191 tibi
1225 2143 1430 2195 mentis

682 2217 951 2273 Formans
979 2222 1185 2279 indidit
1217 2234 1433 2284 auctor.

678 2307 812 2367 Qua?
846 2324 975 2377 pars
1008 2317 1058 2364 te
1088 2314 1238 2369 alma
1269 2317 1483 2374 bearet.

677 2393 819 2447 Hinc
846 2411 1200 2471 quaecunque
1235 2420 1337 2473 per
1366 2406 1513 2461 imos

676 2481 835 2535 Errat
870 2487 1053 2553 portio
1085 2505 1303 2557 sensus,

675 2570 846 2623 Cascis
874 2572 1047 2628 haeret
1077 2576 1136 2630 in
1174 2581 1390 2635 umbris
1424 2600 1436 2637 :

674 2658 853 2712 Debet
884 2664 1067 2731 portio
1097 2676 1372 2736 praestans

670 2747 898 2802 Partem
929 2752 1129 2806 efferre
1157 2758 1251 2811 sed
1284 2758 1480 2829 imam,

666 2834 1131 2910 Torpentemque
1162 2843 1367 2900 levare.

667 2922 779 2974 Hoc
812 2924 1034 2979 ﬁrmata
1070 2946 1171 2999 per
1201 2934 1382 2987 undas

664 3010 801 3064 Coeli
837 3014 1063 3081 sphaera
1095 3019 1322 3088 docere,

667 3098 849 3161 Unda,
882 3108 938 3154 et
964 3120 1158 3172 sparsa
1192 3110 1430 3165 videtur.

664 3185 777 3237 Hoc
806 3192 1168 3257 torpentibus
1193 3197 1342 3250 arvis

659 3272 847 3326 Tellus
880 3277 994 3331 visa
1023 3286 1259 3349 repente

663 3361 815 3415 Fmta
842 3368 897 3417 et
926 3382 1187 3435 germine
1219 3376 1505 3445 prompsit

658 3449 913 3521 Namque
944 3454 1066 3508 hiec
1097 3459 1311 3527 optima
1346 3464 1457 3518 vita
1489 3472 1591 3536 est,

656 3538 862 3603 Virtus,
896 3542 1193 3616 formaque
1220 3556 1415 3605 nostra
1444 3561 1548 3621 est,

654 3626 854 3695 Pigros
885 3648 1013 3700 quae
1047 3635 1216 3704 erigit
1245 3644 1422 3704 artus,

651 3714 787 3776 Quae
816 3721 1103 3789 torpentia
1135 3728 1293 3780 novit

648 3802 828 3857 Corda
863 3811 1195 3878 accendere,
1230 3818 1438 3888 cuique

646 3891 782 3944 Pars
812 3896 963 3948 cedit
990 3899 1208 3955 vitiosa.

646 3978 723 4030 Tu
759 3996 997 4051 magnas
1026 3988 1347 4048 modicasve

364 4121 389 4146 ⁸
418 4115 515 4168 llic
542 4119 805 4173 nonnihil
836 4123 1008 4179 deest.

988 4404 1457 4554 VITA
1566 4413 2267 4572 SANCTI
2376 4430 3090 4586 GOARIS

1435 4685 1437 4687 ί
1461 4666 1856 4733 AUCTORE
1904 4676 2598 4749 WANDALBERTO.

289 4252 2359 4301 Ἇ-Ὰῃῆ-

343 4800 513 4865 (Apud
544 4806 762 4861 Mabill.,
799 4809 912 4857 Act.
940 4812 1029 4860 SS.
1062 4816 1174 4864 0rd.
1200 4818 1252 4867 S.
1278 4819 1489 4883 Bened.,
1521 4828 1647 4873 tom.
1681 4828 1743 4886 Il,
1778 4844 1837 4878 ex

311 4999 381 5061 In
413 5004 647 5066 Christi
678 5010 932 5125 nolmipe
966 5012 1278 5094 Prologus
1314 5020 1830 5125 \d/EA'NDALBERTI
1862 5033 2113 5095 diaconi
2144 5037 2207 5097 in
2236 5039 2450 5101 Vitam
2495 5049 2557 5102 et
2583 5049 2762 5105 actus
2796 5052 2987 5125 atque
3018 5068 3081 5110 m

456 5085 663 5125 ndihm
702 5108 729 5125 ει
812 5089 825 5125 ς
880 5098 1115 5125 unum.“
1147 5098 1347 5125 -.:_--_
2022 5114 2036 5125 .
2067 5116 2082 5125 .
2158 5122 2165 5125 Α

1549 5085 1829 5091 -,____---
1865 5085 2113 5095 “me-..
2260 5085 2275 5100 ,
2495 5085 2557 5102 et
2583 5085 2762 5105 αυυυσ
2796 5085 2840 5106 αη

456 5085 665 5146 cditus
699 5090 779 5147 ad
812 5089 1117 5154 illustrem
1147 5085 1353 5160 virum
1386 5103 1944 5186 MARCUVARDUM,
1982 5114 2280 5179 abbatem
2312 5125 2682 5183 monasterii
2714 5126 2840 5187 Pru

348 5216 395 5266 1.
426 5215 693 5271 Miracula
720 5220 1047 5281 divinorum
1079 5246 1318 5300 operum
1351 5235 1604 5293 humano
1634 5244 1831 5311 generi
1853 5244 1965 5299 fide
2005 5247 2049 5300 D
2080 5247 2281 5303 Christi

271 5314 497 5372 semper
528 5304 753 5377 integra
788 5327 908 5365 esse
944 5318 1307 5387 suspicienda
1337 5329 1393 5378 et
1433 5326 1635 5382 devota
1680 5331 1960 5400 gloriﬁca-

271 5387 427 5443 tione
484 5398 790 5465 narranda,
851 5401 1140 5474 Scriptura
1195 5415 1389 5465 sancta
1445 5426 1845 5474 commonente
1904 5427 1961 5476 et

270 5478 469 5545 angelo
510 5480 615 5535 hoc
655 5485 840 5555 ipsum
881 5491 1065 5547 Tobiae
1105 5504 1297 5551 sancto
1339 5504 1706 5574 praecipiente
1753 5508 1959 5564 didici-

268 5579 413 5620 mus.
448 5568 698 5625 Plurima
730 5581 919 5632 tamen
952 5598 1149 5637 eorum
1183 5604 1309 5657 quae
1336 5595 1434 5642 aut
1462 5608 1565 5661 per
1588 5598 1956 5668 semetipsam

2090 475 2137 525 Α

1882 4958 2170 4972 -—_

2517 479 2657 534 Cum
2690 484 2948 551 proferre
2984 493 3267 558 patrando

2523 568 2763 624 Virtutes
2795 575 3105 645 meditaris,

2516 656 2751 711 Fructus
2785 660 2961 717 herba
2994 667 3078 718 vel
3106 669 3273 724 arbos

2513 744 2673 800 Misto
2705 750 2924 804 semine
2950 753 3213 824 gignens,

2514 833 2676 888 Cultu
2708 837 2936 894 frondet
2964 858 3208 899 amoeno.

2511 922 2653 976 Solis
2681 942 2811 980 mox
2845 929 2948 983 tibi
2979 930 3175 988 lumen

2510 1011 2759 1067 Caelestis
2792 1016 3036 1085 radiare,

2509 1098 2900 1173 Splendorque
2926 1104 3131 1177 incipit
3159 1111 3382 1178 almus;

2506 1188 2646 1241 Tum
2682 1192 2937 1260 proferre
2966 1199 3219 1265 gerendo

2503 1274 2655 1328 Mens
2686 1278 2919 1333 lustrata
2950 1283 3161 1339 videbit

2506 1363 2639 1416 Coeli
2672 1365 2846 1435 digna
2877 1370 3086 1437 favore,

2499 1452 2638 1506 Tum
2675 1454 2998 1513 discernere
3027 1462 3172 1517 facta

2501 1540 2630 1593 Luci
2664 1546 2907 1613 aptanda
2939 1552 3022 1602 vel
3058 1552 3291 1617 umbris,

2496 1628 2641 1681 Tum
2672 1631 2914 1688 fraenare
2945 1638 3213 1706 pudenda

2492 1717 2611 1770 Mox
2642 1734 2897 1789 accensa,
2933 1725 3169 1781 latentes

2494 1806 2691 1860 Cordis
2716 1813 2967 1881 tegmine
3000 1831 3195 1870 sensus

2492 1895 2706 1949 Passim
2737 1907 2761 1931 ι
2792 1900 2970 1954 mittit
2995 1902 3054 1956 in
3086 1922 3273 1961 auras.

2490 1983 2553 2035 Hi
2586 1986 2671 2038 vel
2707 1988 2855 2041 celsa
2890 2000 3193 2060 capessunt

2488 2072 2689 2126 Mentis
2719 2076 2968 2133 culmine
3000 2082 3159 2143 recti,

2483 2163 2821 2234 Arcauoque
2853 2168 3062 2233 volatu,

2486 2251 2648 2303 Curis
2674 2252 2733 2305 hi
2764 2257 3024 2322 revoluti,

2484 2338 2837 2411 Instantique
2870 2343 3063 2399 labore

2482 2426 2675 2480 Mundi
2705 2433 3006 2487 commoda
3034 2444 3305 2505 quarunt

2479 2512 2628 2574 Quin
2659 2520 2712 2568 et
2744 2520 2999 2588 corporis
3030 2521 3155 2591 ipsa

2478 2601 2713 2655 Terreni
2746 2607 2933 2674 gravis
2965 2614 3135 2680 atque

2478 2690 2653 2760 Verge
2663 2710 2724 2745 ns
2755 2697 3005 2764 pondere
3038 2701 3232 2767 moles,

2472 2783 2580 2832 Aut
2616 2784 2859 2837 mundos
2887 2789 3039 2855 parit
3070 2795 3227 2844 actus

2472 2867 2613 2921 Cum
2648 2877 2837 2926 mente
2869 2874 3287 2950 inuocuosque,

2471 2955 2610 3009 Vita:
2636 2963 2692 3010 et
2722 2975 2958 3015 munere
2988 2964 3224 3035 dignos;

2468 3044 2799 3113 Impurosve
2830 3053 3096 3119 creando,

2468 3133 2668 3187 Foedos
2699 3140 2869 3207 atque
2900 3147 3182 3209 cruentos,

2469 3221 2693 3276 Celsum
2729 3225 2900 3280 fmdat
2933 3229 3232 3286 honorem.

2465 3310 2605 3363 Vero
2637 3311 2853 3367 lumine
2888 3319 3092 3370 mentis

2461 3399 2617 3451 Tunc
2644 3400 2875 3455 demum
2906 3404 3000 3458 ille
3028 3407 3257 3474 vigebit,

2462 3486 2800 3559 C(elestique
2833 3491 3006 3546 homo
3039 3510 3227 3562 sensu,

2460 3576 2639 3629 Motus
2670 3579 2767 3648 qui
2804 3587 2964 3650 reget
2990 3599 3209 3649 omnes,

2460 3663 2857 3736 Obscenosque
2892 3673 3230 3739 premendo,

2458 3753 2649 3806 Custos
2680 3763 2871 3810 exeret
2899 3764 3072 3812 actus.

2458 3841 2673 3894 Eterni
2705 3843 2857 3897 hunc
2886 3848 3133 3915 paradisi

2459 3928 2583 3979 Flos
2614 3929 2945 4003 fructusque
2975 3938 3259 4006 perennis,

2457 4015 2594 4070 Vita:
2625 4018 2866 4091 forisque
2897 4024 3127 4079 fovebit.

2367 4294 3763 4325 .____________________

1869 4832 2042 4895 Surio,
2078 4837 2142 4885 ad
2174 4852 2277 4887 ms.
2315 4841 2431 4890 cod.
2465 4842 2516 4891 S.
2545 4844 2766 4908 Remigii
2802 4847 3110 4899 Rhemensis
3140 4857 3293 4903 aucto
3323 4860 3375 4906 et
3406 4861 3703 4909 emendato?

2314 5255 2570 5322 potentia
2599 5256 2789 5319 efficit,
2824 5265 2923 5315 aut
2961 5278 3064 5332 per
3100 5273 3324 5322 sanctos
3364 5271 3516 5327 viros
3558 5273 3745 5328 mundo

2073 5336 2130 5388 in
2176 5342 2503 5410 exemplum
2542 5348 2875 5415 propositos
2912 5358 3203 5421 operatur,
3236 5364 3543 5427 propterea
3571 5370 3740 5416 nostro

2069 5427 2331 5495 tempore
2383 5430 2575 5486 minus
2628 5433 2918 5493 interdum
2970 5446 3105 5495 nota
3154 5448 3209 5497 et
3260 5446 3415 5499 clara
3462 5448 3739 5505 habentur.

2067 5514 2220 5583 quod
2264 5522 2363 5571 aut
2392 5520 2617 5575 caducis
2648 5524 2817 5579 rebus
2850 5528 3056 5581 intenti
3093 5546 3296 5599 parum
3334 5533 3457 5587 haec
3488 5542 3543 5589 et
3570 5538 3739 5592 leviter

2067 5609 2428 5674 contuemur,
2462 5615 2553 5665 aut
2601 5628 2667 5666 ea
2705 5613 2880 5669 etiam
2928 5632 3057 5687 qua:
3097 5618 3155 5672 in
3197 5619 3635 5681 admirationem
3670 5624 3736 5678 sui

3054 5050 3331 5147 piracula
3450 5060 3718 5147 .Goams.
