3846 6244
26 290 47 337 1
1121 293 1211 347 DE
1258 293 1407 346 VITA
1452 294 1538 348 ET
1581 292 1957 350 MIRACULIS
1996 295 2050 349 S.
2092 297 2371 352 GOABIS.

3408 302 3514 355 6i?

10 438 61 471 is
102 425 534 493 magnitudine
577 429 933 495 permovent,
990 442 1107 480 non
1150 433 1266 481 tam
1320 444 1509 483 rerum
1544 429 1701 499 igno-
1741 431 1783 482 A
1816 435 2119 501 propterea
2150 432 2337 502 pauci,
2381 438 2479 487 aut
2512 450 2689 504 prope
2722 436 2864 489 nulli
2898 436 3198 501 mirantur,
3234 438 3512 507 quoniam

10 508 199 576 ntia,
248 527 423 580 quam
479 514 659 566 animi
709 514 926 568 desidia
973 515 1177 569 futuras
1234 523 1364 586 post
1412 534 1512 570 nos
1553 517 1707 571 artati

9 596 297 651 ribendo
365 602 753 655 transmittere
808 603 1255 658 dissimulamus.
1323 606 1444 669 Qua
1515 606 1572 659 in
1647 622 1706 660 re

9 701 158 753 nge
195 693 284 740 est
313 695 510 742 nostra
536 706 706 759 quam
743 690 1023 759 majorum
1057 698 1379 747 nostrorum
1412 710 1537 746 cum
1586 710 1705 747 ma-

9 772 277 843 iestior,
334 782 455 831 tum
506 778 951 833 inexcusabilior
1018 782 1201 851 culpa.
1257 782 1477 853 Quippe
1554 784 1705 852 apud

9 863 202 917 tilias
240 866 453 919 multos
505 884 686 920 annos
721 868 1037 922 litterarum
1069 871 1255 923 studia
1304 873 1554 940 jacuere,
1604 888 1707 924 nec

10 950 148 1004 :ile
215 955 417 1022 plures
468 971 571 1025 per
619 961 904 1010 transacta
947 964 1097 1012 retro
1146 959 1327 1029 spatia
1377 959 1704 1013 liberalium

16 1040 204 1094 tium
242 1058 485 1097 munere
518 1044 699 1097 functi
724 1062 845 1099 esse
894 1047 1278 1116 reperiuntur,
1330 1063 1586 1118 quosque
1635 1051 1705 1101 ad

10 1132 255 1184 rstram
289 1137 519 1185 aetatem
543 1134 869 1203 principum
904 1135 1241 1189 liberalitate
1271 1139 1328 1189 et
1357 1137 1705 1206 optimorum

10 1234 256 1273 rerum
294 1220 531 1274 solertia
565 1222 706 1275 adeo
752 1222 1184 1294 disciplinarum
1224 1225 1411 1278 studia
1460 1225 1708 1295 profece-

9 1314 141 1370 int,
187 1314 257 1361 ut
285 1309 562 1362 invidiam
595 1311 853 1364 criminis
874 1312 1079 1365 merito
1112 1328 1263 1366 nunc
1293 1313 1575 1368 sustinere
1605 1330 1705 1367 coâ€”

10 1412 232 1464 amur,
264 1398 314 1450 si
341 1404 499 1465 gesta
531 1404 862 1453 sanctorum
893 1401 1169 1466 virorum,
1200 1417 1324 1471 quae
1372 1402 1604 1471 quidem
1636 1403 1703 1455 ad

10 1491 265 1539 ostram
316 1487 615 1556 potuerint
665 1489 962 1560 pervenire
1016 1489 1299 1552 notitiam,
1343 1496 1705 1560 posterorum

10 1574 256 1627 :ientim
281 1575 545 1645 deperire
571 1577 844 1631 sinamus.
876 1579 1069 1648 Neque
1102 1595 1237 1631 vero
1260 1579 1529 1632 audiendi
1572 1584 1706 1633 sunt

10 1662 67 1714 ni
110 1668 358 1716 tantum
392 1663 546 1717 aetati
569 1665 878 1733 praeteritae
909 1666 1184 1733 tribuunt,
1221 1671 1285 1720 ut
1305 1683 1455 1720 nunc
1477 1683 1705 1737 quoque

9 1751 99 1803 eri
134 1768 283 1821 qua:
315 1752 491 1821 digna
541 1754 742 1806 litteris
786 1754 1142 1807 aestimentur
1192 1755 1453 1808 absoluto
1495 1756 1702 1826 proaju-

10 1839 125 1891 icio
160 1846 387 1910 negent
425 1857 438 1893 :
471 1858 597 1894 cum
633 1842 822 1895 divina
856 1842 1214 1897 Providentia
1240 1843 1480 1912 singulis
1507 1844 1705 1897 mundi

9 1930 361 1998 imparibus
420 1929 500 1983 ita
563 1947 790 2001 semper
842 1948 971 2002 quas
1041 1932 1293 1985 humano
1347 1933 1542 2002 generi
1600 1949 1702 2003 pro

10 2018 157 2069 nodo
224 2024 285 2070 et
318 2018 540 2071 ratione
598 2026 915 2089 congruant
968 2021 1217 2086 ordinet,
1254 2026 1312 2073 ut
1360 2037 1545 2091 neque
1600 2038 1704 2075 nos

10 2107 317 2159 riscorum
385 2107 687 2161 hominum
734 2108 1061 2161 felicitatem
1120 2109 1442 2163 desiderare
1498 2126 1704 2163 conve-

12 2196 118 2258 iat,
195 2211 392 2265 neque
452 2196 579 2249 illos
628 2201 952 2251 nostrorum
1006 2203 1332 2267 temporum
1389 2202 1599 2252 statum
1656 2200 1702 2253 si

10 2284 173 2335 nalis
211 2300 369 2336 nunc
410 2284 600 2353 agitur
640 2286 905 2355 praescire
953 2287 1277 2356 potuissent
1331 2286 1701 2341 damnaturos

10 2372 154 2424 iisse
216 2371 497 2426 credibile
551 2372 642 2426 sit.
699 2373 917 2444 Quippe
980 2391 1131 2428 nunc
1190 2391 1418 2445 quoque
1468 2376 1699 2430 suntin

10 2460 247 2512 'cclesia
278 2460 447 2513 multi
496 2460 707 2515 virtute
738 2463 864 2516 vita:
905 2463 1226 2525 clarissimi,
1270 2469 1326 2517 et
1376 2464 1439 2517 ad
1496 2464 1700 2519 merita

16 2549 340 2601 eclaranda
386 2555 709 2603 sanctorum
756 2551 814 2603 in
875 2552 1106 2605 sacratis
1166 2552 1539 2605 Ecclesiarum
1595 2553 1695 2606 do-

10 2636 175 2689 nibus
236 2637 523 2707 stupenda
568 2653 965 2707 sa'penumero
1013 2638 1283 2692 miracula
1339 2640 1505 2708 tiunt,
1565 2656 1695 2711 quae

1820 518 1904 570 sui
1929 518 2251 589 frequentia
2290 521 2448 573 duris
2491 521 2610 590 jam
2665 524 2961 577 hominum
3010 526 3276 579 cordibus
3325 526 3509 579 vilue-

1818 612 1975 661 runt.

1885 697 1937 747 2.
1972 695 2252 759 Quoniam
2284 696 2476 767 itaque
2525 716 2635 764 me,
2670 706 2860 754 sancte
2898 707 2952 755 et
2988 703 3375 757 amantissime
3411 706 3510 757 Pa-

1815 787 1902 837 ter
1934 785 2321 851 Marcliuarde,
2352 803 2498 839 novo
2518 788 2678 857 operi
2723 804 2955 842 manum
3003 791 3300 858 imponere
3360 808 3508 845 com-

1815 870 2045 941 pellitis,
2083 876 2143 923 ut
2189 875 2361 925 Actus
2408 874 2585 926 sancti
2638 875 2977 929 confessoris
3036 877 3243 930 Christi
3289 879 3506 944 Goaris,

1816 961 1914 1032 qui
1945 961 2215 1016 hactenus
2246 963 2340 1016 vili
2372 964 2682 1018 admodum
2729 965 2874 1035 stylo
2931 969 2989 1018 et
3039 982 3299 1019 sermone
3360 967 3507 1020 mul-

1814 1054 2006 1103 torum
2070 1051 2298 1104 auditus
2350 1052 2675 1106 offendente
2733 1053 3136 1120 constiterunt,
3193 1054 3510 1108 accuratius

1816 1139 2051 1192 debeam
2085 1141 2407 1210 explanare,
2459 1140 2669 1194 additis
2722 1157 2785 1194 ex
2844 1157 2989 1194 novo
3048 1141 3337 1194 miraculis
3380 1158 3510 1212 quas

1815 1228 1969 1297 apud
1999 1229 2121 1297 ejus
2146 1228 2477 1282 memoriam
2512 1247 2541 1281 a
2573 1229 2832 1300 pluribus
2858 1234 3015 1298 gesta
3067 1229 3312 1283 fideliter
3363 1228 3506 1282 refe-

1816 1320 2049 1382 runtur;
2081 1316 2329 1370 breviter
2358 1317 2440 1369 eis
2472 1333 2613 1386 quos
2663 1317 2783 1370 haec
2832 1316 3083 1369 fortassis
3132 1333 3255 1370 mea
3302 1318 3510 1387 scripta

1816 1420 2043 1458 movere
2073 1410 2344 1474 poterunt
2391 1405 2688 1472 satisfacio,
2730 1422 2819 1458 me
2867 1422 3049 1475 neque
3098 1406 3505 1474 praesumptive

1815 1493 2139 1563 corrigendi
2189 1495 2311 1562 ejus
2356 1492 2545 1562 operis
2604 1494 2693 1545 cui
2748 1493 3030 1561 majorum
3084 1492 3273 1545 studia
3321 1508 3505 1545 cesse-

1816 1580 1927 1633 rint
1954 1582 2348 1634 auctoritatem
2377 1597 2684 1644 assumere,
2720 1596 2902 1649 neque
2959 1586 3288 1649 arroganter
3345 1596 3507 1633 nova:

1816 1669 2125 1722 condendae
2160 1669 2457 1738 scripturae
2509 1668 2844 1721 litterariam
2904 1685 3133 1739 operam
3187 1668 3503 1722 adhibere:

1814 1758 1907 1811 sed
1932 1762 1994 1810 ut
2024 1757 2360 1827 simpliciter
2390 1756 2732 1809 obedientiae
2766 1757 3021 1809 debitum
3055 1773 3296 1821 servem,
3352 1758 3505 1826 quod

1814 1846 1871 1898 in
1905 1846 2187 1915 principio
2219 1846 2405 1915 posui,
2433 1846 2809 1915 perpendere,
2847 1846 2997 1915 quod
3051 1862 3227 1914 opera
3277 1844 3375 1898 Dei
3428 1861 3509 1897 se-

1812 1934 2061 1986 cundum
2091 1934 2442 2002 Scripturam
2496 1933 2810 2002 gloriosum
2868 1934 2941 1985 sit
2981 1949 3246 1986 enarrare
3290 1938 3341 1986 et
3384 1948 3507 1986 san-

1812 2028 2027 2074 ctorum
2087 2026 2241 2091 gesta
2299 2022 2451 2073 aetati
2492 2030 2620 2091 post
2676 2037 2781 2073 nos
2848 2021 3150 2074 hominum
3211 2021 3507 2092 profutura

1812 2110 2083 2163 mandare
2116 2112 2294 2178 (Prov.
2330 2126 2456 2172 xxv,
2488 2114 2562 2179 2).
2618 2110 2895 2180 Equidem
2948 2110 3006 2162 in
3039 2111 3145 2163 hoc
3198 2126 3369 2179 opere
3418 2126 3506 2163 su-

1811 2192 2101 2268 scipie'ndo
2134 2215 2259 2251 cum
2295 2200 2470 2251 sancti
2504 2199 2607 2252 viri
2640 2198 2855 2251 meritis
2890 2200 3204 2268 plurimum
3254 2198 3501 2257 conï¬do,

1809 2292 1929 2341 tum
1964 2294 2148 2341 vestro
2180 2289 2442 2357 imperio,
2490 2288 2579 2340 cui
2631 2293 2813 2341 totum
2860 2288 3009 2357 quod
3065 2287 3274 2357 possim
3325 2286 3504 2340 debeo

1812 2393 1929 2429 non
1963 2376 2162 2429 leviter
2194 2392 2444 2443 moveor,
2477 2393 2662 2446 neque
2697 2377 3050 2429 rumusculos
3099 2376 3182 2429 vel
3229 2375 3506 2446 praeiudi-

1808 2464 1895 2518 cia
1915 2464 2299 2535 quorumlibet
2323 2464 2463 2517 mihi
2492 2464 2609 2517 fore
2642 2464 2831 2533 magni
2875 2464 3172 2533 pendenda
3215 2463 3503 2531 existimo,

1808 2552 2074 2606 habituro
2107 2553 2254 2622 apud
2288 2553 2588 2605 benevolos
2627 2554 2671 2605 si
2702 2570 2791 2605 res
2836 2552 2978 2606 bene
3011 2553 3243 2606 cesserit
3275 2553 3499 2607 absolu-

1806 2646 1928 2695 tum
1958 2640 2212 2694 veritatis
2243 2645 2298 2694 et
2331 2640 2462 2694 tidei
2488 2641 2899 2694 testimonium.

1172 2735 1422 2804 Emplicit
1450 2738 1509 2789 in
1544 2736 1755 2791 Christi
1792 2741 2002 2791 nomine
2045 2739 2321 2805 Prologus.

1314 3046 1668 3118 INCIPIT
1732 3046 2191 3123 LIBELLUS

428 3196 520 3256 De
567 3195 697 3257 Vita
727 3208 781 3257 et
814 3198 1044 3257 actibus
1076 3199 1144 3260 S.
1194 3200 1467 3271 GOARIS,
1502 3201 1675 3280 cujus
1702 3202 2003 3279 festivitas
2035 3206 2367 3267 celebratur
2381 3210 2585 3288 pridie
2613 3211 2816 3271 Nonas
2842 3212 3062 3272 Julius.

1608 3357 1899 3369 â€”_

301 3461 495 3517 Goaris
522 3462 732 3529 patria,
765 3464 1021 3529 parentes
1052 3475 1115 3514 ac
1151 3462 1399 3515 virtutes.

58 3571 106 3620 3.
132 3569 286 3621 Goar
316 3567 498 3636 igitur
526 3567 850 3637 Aquitaniae
884 3566 1212 3637 provincias,
1248 3584 1376 3638 quae
1404 3572 1489 3621 est
1518 3568 1694 3623 totius

10 3657 411 3727 propemodum
444 3656 639 3709 Gallia:
694 3672 825 3725 pars
856 3656 1021 3709 tertia
1058 3696 1073 3724 ,
1105 3656 1372 3725 indigena
1423 3656 1544 3721 fuit,
1589 3674 1695 3728 ge-

10 3761 121 3797 nere
150 3762 182 3797 a
215 3744 539 3813 majoribus
566 3743 773 3808 clarus,
806 3747 966 3813 patre
1010 3743 1273 3813 Georgio,
1316 3749 1495 3798 matre
1557 3761 1692 3798 vero

9 3832 227 3884 Valeria.
268 3831 396 3884 Fuit
435 3836 629 3884 autem
678 3831 876 3884 diebus
927 3830 1276 3885 Childeberti
1321 3831 1473 3901 regis
1519 3833 1693 3886 Fran-

10 3934 204 3985 :orum,
251 3921 351 3989 qui
383 3923 543 3972 ortus
591 3924 674 3971 est
707 3936 771 3972 ex
825 3919 1087 3989 prosapia
1136 3920 1283 3989 regis
1328 3920 1694 3974 famosissimi

9 4007 283 4076 Ludovici,
324 4024 499 4078 quem
542 4007 792 4078 primum
822 4024 951 4061 cum
998 4008 1251 4061 exercitu
1282 4024 1384 4061 suo
1422 4009 1490 4062 ad
1531 4008 1693 4064 Chri-

9 4096 231 4149 stianam
267 4096 567 4149 veritatem
604 4096 661 4148 Î’.
693 4096 986 4164 Remigius
1032 4096 1331 4166 episcopus
1380 4097 1694 4150 Remorum

9 4183 353 4249 praedicando
389 4183 688 4247 convertit,
746 4183 1067 4253 mansitque
1117 4199 1297 4252 usque
1329 4184 1397 4237 ad
1439 4184 1692 4253 Sigiber-

10 4274 110 4323 tuni
143 4288 362 4341 regem,
398 4271 499 4341 qui
529 4270 730 4323 urbem
762 4270 1244 4324 Mediomatricum
1286 4270 1450 4340 regni
1499 4271 1693 4325 sedem

10 4358 207 4426 habuit,
239 4360 403 4414 omni
453 4361 570 4413 vita
614 4359 827 4428 probus
874 4364 931 4413 et
980 4359 1205 4425 nobilis,
1255 4365 1383 4412 actu
1428 4359 1690 4430 insignis,

10 4450 145 4501 vultu
176 4449 573 4519 dignissimus,
607 4453 952 4519 aspectuque
989 4448 1298 4518 jucundus,
1352 4454 1541 4502 mente
1584 4449 1687 4503 hu-

14 4536 162 4604 milis,
213 4553 460 4608 corpore
518 4541 724 4602 castus,
760 4536 872 4590 tide
934 4536 1178 4605 integer,
1236 4552 1407 4605 opere
1473 4535 1695 4606 conspi-

13 4640 171 4679 cuus:
210 4626 312 4697 qui
343 4626 415 4679 ab
467 4626 705 4679 ineunte
739 4628 903 4679 astate
953 4625 1238 4695 religiosis
1287 4624 1512 4695 piisque
1555 4624 1692 4677 acti-

17 4711 101 4764 bus
127 4715 250 4769 vita:
283 4714 519 4785 optimae
556 4714 801 4779 deditus,
855 4713 1012 4767 brevi
1058 4714 1115 4766 in
1143 4730 1273 4767 eum
1302 4715 1529 4767 culmen
1559 4728 1688 4766 san-

14 4800 194 4855 ctitatis
219 4802 419 4869 evasit,
448 4808 511 4856 ut
552 4806 607 4855 et
641 4801 987 4855 mirabilium
1046 4818 1283 4871 operum
1334 4808 1590 4871 patrator
1638 4804 1694 4855 et

17 4896 339 4946 secretorum
373 4892 689 4945 caelestium
722 4890 986 4960 cognitor
1030 4891 1212 4944 ï¬eret.
1250 4892 1312 4944 Et
1355 4906 1483 4943 cum
1517 4890 1573 4943 in
1626 4906 1691 4944 eo

16 4978 242 5043 quotidie
278 4995 441 5033 amor
489 4984 547 5032 et
590 4977 942 5031 desiderium
987 4978 1187 5047 patriae
1216 4977 1461 5031 ccelestis
1506 4992 1695 5031 excre-

18 5070 170 5119 sceret
192 5073 247 5123 et
278 5069 566 5122 bonorum
614 5082 854 5136 operum
885 5065 1100 5119 fructus
1132 5064 1373 5119 subinde
1414 5064 1690 5119 exubera-

18 5159 102 5221 ret,
131 5157 294 5227 coapit
319 5158 442 5227 ejus
474 5155 584 5209 vita
615 5155 786 5209 etiam
820 5155 945 5208 aliis
973 5154 1297 5225 exemplum
1341 5154 1412 5208 ad
1446 5154 1689 5208 salutem

77 5334 347 5389 'Goarem
374 5333 551 5388 fuisse
582 5332 977 5403 presbyterum
1028 5347 1094 5386 ex
1141 5331 1319 5402 priori
1368 5331 1490 5384 Vita
1548 5347 1689 5384 con-

26 5407 130 5468 stat,
159 5421 227 5458 an
284 5422 423 5459 vero
458 5410 590 5458 ante
652 5420 818 5457 suum
876 5404 938 5457 in
990 5403 1352 5456 Germaniam
1405 5417 1688 5455 secessum

28 5472 284 5530 ordinatus
316 5476 410 5539 sit,
441 5473 675 5529 nonnisi
722 5490 788 5528 ex
835 5472 1237 5527 Wandalberto
1278 5472 1565 5526 discimus.
1621 5473 1687 5525 In

27 5547 293 5600 veterrima
354 5544 758 5616 Martyrologio
808 5543 1137 5598 Corbeiensi
1186 5560 1249 5597 ac
1278 5543 1338 5597 in
1395 5541 1688 5596 nonnullis

1743 3464 1783 3519 C
1814 3467 2068 3534 existere,
2110 3474 2173 3522 ut
2219 3470 2386 3523 multi
2416 3471 2538 3540 ejus
2572 3488 2683 3525 non
2734 3474 2915 3526 solum
2951 3474 3370 3543 prtedicatione,
3407 3476 3502 3529 sed

1804 3557 2064 3626 exemplo
2115 3574 2341 3629 quoque
2372 3561 2730 3625 commoniti,
2761 3562 2833 3614 ad
2888 3563 3184 3615 meliorem
3233 3564 3403 3617 vitam
3449 3569 3505 3617 et

1802 3645 2165 3698 correctiores
2196 3652 2352 3700 actus
2383 3664 2414 3700 a
2463 3649 2739 3718 pravitate
2765 3656 3257 3717 converterentur;
3304 3656 3359 3705 et
3403 3652 3503 3722 qui

1804 3732 2029 3786 diabolo
2056 3733 2216 3803 prius
2246 3736 2575 3803 servierant,
2606 3737 2923 3807 inciperent
2968 3739 3191 3793 Christo
3241 3745 3501 3810 postmo-

1805 3821 1939 3875 dum
1974 3822 2240 3876 militare.

1805 3928 2063 3983 Sacerdos
2120 3931 2323 3997 factus,
2385 3933 2443 3985 in
2514 3931 2860 3987 Germaniam
2921 3933 3146 3997 secedit;
3224 3936 3497 3990 ecclesiam

2547 4003 2746 4057 condit.

1873 4086 1924 4139 4.
1961 4087 2023 4140 Et
2054 4087 2327 4156 quoniam
2365 4105 2479 4143 non
2525 4095 2710 4161 potest
2758 4091 2953 4145 civitas
3005 4092 3269 4148 abscondi
3323 4110 3501 4164 super

1803 4181 2058 4228 montem
2092 4177 2294 4246 posita,
2331 4180 2509 4232 sancti
2541 4178 2646 4232 viri
2679 4196 2744 4233 eo
2787 4180 2938 4234 fama
2972 4196 3033 4234 ac
3078 4183 3189 4235 vita
3241 4183 3499 4252 profecit,

1802 4267 1867 4316 ut
1896 4265 2192 4317 sacerdotii
2229 4266 2410 4335 gradu
2459 4272 2514 4319 et
2560 4268 2777 4321 honore
2808 4270 3231 4340 presbyteratus
3262 4287 3296 4341 ,ÎµÎ¹
3341 4288 3503 4325 acce-

1803 4357 1922 4420 pto,
1950 4352 2309 4423 dispensator
2339 4356 2740 4424 mysteriorum
2774 4358 2981 4411 Christi
3013 4364 3067 4411 et
3115 4360 3291 4413 divini
3344 4360 3500 4413 verbi

1802 4440 1861 4493 in
1890 4443 2170 4511 populum
2201 4442 2364 4496 ï¬eret.
2389 4450 2673 4514 erogator.
2711 4447 2925 4500 Dehinc
2957 4465 3085 4501 cum
3136 4450 3193 4501 in
3244 4450 3497 4518 amplio-

1802 4546 1923 4583 rem
1984 4547 2363 4601 supernorum
2416 4533 2701 4587 bonorum
2758 4536 3274 4604 concupiscentiam
3340 4553 3500 4591 mens

1804 4619 1925 4688 ejus
1980 4626 2343 4683 excresceret,
2407 4627 2462 4675 et
2514 4622 2757 4676 visibilia
2810 4629 3009 4676 cuncta
3061 4624 3375 4694 despiciens
3434 4626 3495 4678 in

1802 4706 2177 4762 invisibilium
2228 4709 2543 4779 appetitum
2592 4727 2647 4763 se
2699 4711 2855 4763 omni
2884 4727 2948 4763 ex
3006 4716 3166 4779 parte
3207 4712 3496 4765 transfun-

1802 4796 1979 4862 deret,
2040 4797 2281 4866 patriam
2336 4802 2711 4868 parentesque
2746 4797 3013 4863 deseruit,
3041 4804 3097 4851 et
3153 4798 3212 4851 in
3264 4798 3498 4863 ultimos

1805 4885 1997 4939 Galliae
2021 4886 2161 4939 ï¬nes
2201 4886 2541 4955 peregrinus
2581 4885 2787 4938 smculo
2814 4889 2869 4937 et
2909 4886 3150 4938 caelestis
3182 4888 3380 4957 patrias
3412 4887 3497 4941 ci-

1804 4972 1885 5025 vis
1914 4972 2165 5025 excessit.
2219 4973 2459 5025 Veniens
2489 4988 2625 5041 ergo
2677 4972 2735 5023 in
2779 4971 3129 5041 provinciam
3179 4988 3307 5042 qum
3359 4972 3499 5043 ripis

1804 5060 1988 5115 Rheni
2019 5059 2273 5113 ï¬‚uminis
2300 5060 2569 5129 contigua
2612 5059 2861 5113 Tricoria
2892 5065 3275 5129 nuncupatur,
3328 5065 3498 5132 atque

1802 5148 1872 5201 ad
1916 5148 2201 5202 diceeesim
2250 5147 2543 5217 pertinent
2586 5149 2959 5203 Treverorum
3014 5147 3163 5202 infra
3221 5149 3499 5205 terminos

1803 5324 2442 5397 KalendariisS._Goar
2496 5328 2780 5395 episcopus-
2831 5323 3059 5391 dicitur,
3109 5326 3207 5397 qui
3264 5325 3499 5394 quidem

1800 5397 1871 5450 ad
1900 5471 1920 5521 Î¹
1946 5395 2194 5466 episcopi
2269 5394 2551 5450 honorem
2624 5400 2920 5466 cooptatus
2995 5403 3102 5463 est,
3125 5394 3145 5397 â€™
3174 5411 3287 5450 non
3361 5412 3497 5466 pro-

1799 5482 1893 5520 mo
1924 5482 2010 5520 us.
