  <div class='ocr_page' id='page_1' title='image "/cluster/home/n/w/nwhite01/storage/ocr_20150623/121/uva.x000827051/331.png"; bbox 0 0 3846 6244; ppageno 0'>
   <div class='ocr_carea' id='block_1_1' title="bbox 335 311 435 362">
    <p class='ocr_par' dir='ltr' id='par_1_1' title="bbox 335 311 435 362">
     <span class='ocr_line' id='line_1_1' title="bbox 335 311 435 362; baseline 0.02 -2"><span class='ocrx_word' id='word_1_1' title='bbox 335 311 435 362; x_wconf 56' lang='lat'>643</span> 
     </span>
    </p>
   </div>
   <div class='ocr_carea' id='block_1_2' title="bbox 1392 297 3791 361">
    <p class='ocr_par' dir='ltr' id='par_1_2' title="bbox 1392 297 3791 361">
     <span class='ocr_line' id='line_1_2' title="bbox 1392 297 3791 361; baseline 0.004 -10"><span class='ocrx_word' id='word_1_2' title='bbox 1392 297 1905 355; x_wconf 74' lang='lat' dir='ltr'>WANDALBERTI</span> <span class='ocrx_word' id='word_1_3' title='bbox 1947 297 2135 353; x_wconf 82' lang='lat' dir='ltr'>PRUM</span> <span class='ocrx_word' id='word_1_4' title='bbox 2150 298 2370 353; x_wconf 83' lang='lat' dir='ltr'>[ENSIS</span> <span class='ocrx_word' id='word_1_5' title='bbox 2408 298 2727 353; x_wconf 86' lang='lat' dir='ltr'>MONACHI</span> <span class='ocrx_word' id='word_1_6' title='bbox 3727 312 3791 361; x_wconf 60' lang='lat' dir='ltr'>si;</span> 
     </span>
    </p>
   </div>
   <div class='ocr_carea' id='block_1_3' title="bbox 334 428 3793 505">
    <p class='ocr_par' dir='ltr' id='par_1_3' title="bbox 334 428 3793 505">
     <span class='ocr_line' id='line_1_3' title="bbox 334 428 3793 505; baseline -0.003 -14"><span class='ocrx_word' id='word_1_7' title='bbox 334 440 774 493; x_wconf 75' lang='lat' dir='ltr'>Wasaliacenses</span> <span class='ocrx_word' id='word_1_8' title='bbox 813 444 837 469; x_wconf 76' lang='grc'>⁸</span> <span class='ocrx_word' id='word_1_9' title='bbox 890 437 1004 488; x_wconf 91' lang='lat' dir='ltr'>Deo</span> <span class='ocrx_word' id='word_1_10' title='bbox 1053 433 1229 486; x_wconf 88' lang='lat' dir='ltr'>libere</span> <span class='ocrx_word' id='word_1_11' title='bbox 1285 431 1495 484; x_wconf 82' lang='lat' dir='ltr'>servire</span> <span class='ocrx_word' id='word_1_12' title='bbox 1559 430 1789 497; x_wconf 80' lang='lat' dir='ltr'>delegit.</span> <span class='ocrx_word' id='word_1_13' title='bbox 1846 429 1931 482; x_wconf 90' lang='lat' dir='ltr'>Ibi</span> <span class='ocrx_word' id='word_1_14' title='bbox 1963 428 2020 480; x_wconf 90' lang='lat' dir='ltr'>in</span> <span class='ocrx_word' id='word_1_15' title='bbox 2062 435 2103 484; x_wconf 84' lang='lat' dir='ltr'><strong>A</strong></span> <span class='ocrx_word' id='word_1_16' title='bbox 2135 429 2343 497; x_wconf 80' lang='lat' dir='ltr'>agebat</span> <span class='ocrx_word' id='word_1_17' title='bbox 2374 430 2701 497; x_wconf 66' lang='lat' dir='ltr'>apostolicae</span> <span class='ocrx_word' id='word_1_18' title='bbox 2760 432 3055 485; x_wconf 73' lang='lat' dir='ltr'>sententize</span> <span class='ocrx_word' id='word_1_19' title='bbox 3082 448 3325 502; x_wconf 89' lang='lat' dir='ltr'>memor,</span> <span class='ocrx_word' id='word_1_20' title='bbox 3358 436 3643 505; x_wconf 84' lang='lat' dir='ltr'>quoniam</span> <span class='ocrx_word' id='word_1_21' title='bbox 3692 439 3793 490; x_wconf 55' lang='grc' dir='ltr'>ωε.</span> 
     </span>
    </p>
   </div>
   <div class='ocr_carea' id='block_1_4' title="bbox 332 518 2026 599">
    <p class='ocr_par' dir='ltr' id='par_1_4' title="bbox 332 518 2026 599">
     <span class='ocr_line' id='line_1_4' title="bbox 332 518 2026 599; baseline -0.007 -18"><span class='ocrx_word' id='word_1_22' title='bbox 332 530 577 599; x_wconf 89' lang='lat' dir='ltr'>quodam</span> <span class='ocrx_word' id='word_1_23' title='bbox 614 529 731 580; x_wconf 89' lang='lat' dir='ltr'>loco</span> <span class='ocrx_word' id='word_1_24' title='bbox 771 540 943 595; x_wconf 83' lang='lat' dir='ltr'><strong>super</strong></span> <span class='ocrx_word' id='word_1_25' title='bbox 984 524 1232 575; x_wconf 82' lang='lat' dir='ltr'>rivulum</span> <span class='ocrx_word' id='word_1_26' title='bbox 1279 521 1378 591; x_wconf 86' lang='lat' dir='ltr'>qui</span> <span class='ocrx_word' id='word_1_27' title='bbox 1425 536 1576 573; x_wconf 88' lang='lat' dir='ltr'>nunc</span> <span class='ocrx_word' id='word_1_28' title='bbox 1628 521 1861 571; x_wconf 80' lang='lat' dir='ltr'>Wocara</span> <span class='ocrx_word' id='word_1_29' title='bbox 1894 518 2026 570; x_wconf 89' lang='lat' dir='ltr'>dici-</span> 
     </span>
    </p>
   </div>
   <div class='ocr_carea' id='block_1_5' title="bbox 330 607 2024 685">
    <p class='ocr_par' dir='ltr' id='par_1_5' title="bbox 330 607 2024 685">
     <span class='ocr_line' id='line_1_5' title="bbox 330 607 2024 685; baseline -0.007 -15"><span class='ocrx_word' id='word_1_30' title='bbox 330 624 441 681; x_wconf 87' lang='lat' dir='ltr'>tur,</span> <span class='ocrx_word' id='word_1_31' title='bbox 474 634 604 669; x_wconf 91' lang='lat' dir='ltr'>cum</span> <span class='ocrx_word' id='word_1_32' title='bbox 624 614 903 685; x_wconf 88' lang='lat' dir='ltr'>permissu</span> <span class='ocrx_word' id='word_1_33' title='bbox 934 617 989 665; x_wconf 92' lang='lat' dir='ltr'>et</span> <span class='ocrx_word' id='word_1_34' title='bbox 1020 612 1307 664; x_wconf 91' lang='lat' dir='ltr'>voluntate</span> <span class='ocrx_word' id='word_1_35' title='bbox 1340 607 1590 677; x_wconf 82' lang='lat' dir='ltr'>episcopi</span> <span class='ocrx_word' id='word_1_36' title='bbox 1624 607 1722 677; x_wconf 86' lang='lat' dir='ltr'>qui</span> <span class='ocrx_word' id='word_1_37' title='bbox 1754 613 1872 659; x_wconf 92' lang='lat' dir='ltr'>tum</span> <span class='ocrx_word' id='word_1_38' title='bbox 1900 607 2024 659; x_wconf 90' lang='lat' dir='ltr'>urbi</span> 
     </span>
    </p>
   </div>
   <div class='ocr_carea' id='block_1_6' title="bbox 329 694 2017 776">
    <p class='ocr_par' dir='ltr' id='par_1_6' title="bbox 329 694 2017 776">
     <span class='ocr_line' id='line_1_6' title="bbox 329 694 2017 776; baseline -0.008 -17"><span class='ocrx_word' id='word_1_39' title='bbox 329 713 385 759; x_wconf 90' lang='lat' dir='ltr'>et</span> <span class='ocrx_word' id='word_1_40' title='bbox 414 706 627 776; x_wconf 89' lang='lat' dir='ltr'>populo</span> <span class='ocrx_word' id='word_1_41' title='bbox 655 706 1032 757; x_wconf 79' lang='lat' dir='ltr'>Treverorum</span> <span class='ocrx_word' id='word_1_42' title='bbox 1073 705 1332 770; x_wconf 78' lang='lat' dir='ltr'>praeerat,</span> <span class='ocrx_word' id='word_1_43' title='bbox 1372 697 1568 750; x_wconf 80' lang='lat' dir='ltr'>Felicis</span> <span class='ocrx_word' id='word_1_44' title='bbox 1623 698 1716 765; x_wconf 69' lang='lat' dir='ltr'>lul.</span> <span class='ocrx_word' id='word_1_45' title='bbox 1764 694 2017 766; x_wconf 75' lang='lat' dir='ltr'>Fclicius]</span> 
     </span>
    </p>
   </div>
   <div class='ocr_carea' id='block_1_7' title="bbox 326 788 2019 861">
    <p class='ocr_par' dir='ltr' id='par_1_7' title="bbox 326 788 2019 861">
     <span class='ocr_line' id='line_1_7' title="bbox 326 788 2019 861; baseline -0.008 -12"><span class='ocrx_word' id='word_1_46' title='bbox 326 798 582 859; x_wconf 86' lang='lat' dir='ltr'>nomine,</span> <span class='ocrx_word' id='word_1_47' title='bbox 616 794 908 847; x_wconf 83' lang='lat' dir='ltr'>ecclesiam</span> <span class='ocrx_word' id='word_1_48' title='bbox 938 806 1041 861; x_wconf 86' lang='lat' dir='ltr'>pro</span> <span class='ocrx_word' id='word_1_49' title='bbox 1075 790 1190 841; x_wconf 90' lang='lat' dir='ltr'>suis</span> <span class='ocrx_word' id='word_1_50' title='bbox 1236 788 1451 841; x_wconf 88' lang='lat' dir='ltr'>viribus</span> <span class='ocrx_word' id='word_1_51' title='bbox 1484 792 1839 847; x_wconf 81' lang='lat' dir='ltr'>construens,</span> <span class='ocrx_word' id='word_1_52' title='bbox 1893 801 2019 836; x_wconf 84' lang='lat' dir='ltr'>san-</span> 
     </span>
    </p>
   </div>
   <div class='ocr_carea' id='block_1_8' title="bbox 325 874 2018 949">
    <p class='ocr_par' dir='ltr' id='par_1_8' title="bbox 325 874 2018 949">
     <span class='ocr_line' id='line_1_8' title="bbox 325 874 2018 949; baseline -0.01 -12"><span class='ocrx_word' id='word_1_53' title='bbox 325 890 547 938; x_wconf 89' lang='lat' dir='ltr'>ctorum</span> <span class='ocrx_word' id='word_1_54' title='bbox 587 882 647 934; x_wconf 90' lang='lat' dir='ltr'>in</span> <span class='ocrx_word' id='word_1_55' title='bbox 689 896 755 933; x_wconf 90' lang='lat' dir='ltr'>ea</span> <span class='ocrx_word' id='word_1_56' title='bbox 804 880 1053 949; x_wconf 90' lang='lat' dir='ltr'>plurima</span> <span class='ocrx_word' id='word_1_57' title='bbox 1100 878 1342 947; x_wconf 82' lang='lat' dir='ltr'>pignora</span> <span class='ocrx_word' id='word_1_58' title='bbox 1391 874 1709 941; x_wconf 84' lang='lat' dir='ltr'>collocavit,</span> <span class='ocrx_word' id='word_1_59' title='bbox 1764 874 2018 925; x_wconf 51' lang='lat' dir='ltr'>Videlicet</span> 
     </span>
    </p>
   </div>
   <div class='ocr_carea' id='block_1_9' title="bbox 326 961 2021 1038">
    <p class='ocr_par' dir='ltr' id='par_1_9' title="bbox 326 961 2021 1038">
     <span class='ocr_line' id='line_1_9' title="bbox 326 961 2021 1038; baseline -0.007 -14"><span class='ocrx_word' id='word_1_60' title='bbox 326 976 533 1024; x_wconf 66' lang='lat' dir='ltr'>sancta:</span> <span class='ocrx_word' id='word_1_61' title='bbox 568 970 665 1022; x_wconf 90' lang='lat' dir='ltr'>Dei</span> <span class='ocrx_word' id='word_1_62' title='bbox 699 967 987 1038; x_wconf 83' lang='lat' dir='ltr'>genitricis</span> <span class='ocrx_word' id='word_1_63' title='bbox 1027 972 1083 1019; x_wconf 90' lang='lat' dir='ltr'>et</span> <span class='ocrx_word' id='word_1_64' title='bbox 1141 967 1198 1017; x_wconf 88' lang='grc' dir='ltr'>Β.</span> <span class='ocrx_word' id='word_1_65' title='bbox 1258 964 1524 1032; x_wconf 78' lang='lat' dir='ltr'>Baptista:</span> <span class='ocrx_word' id='word_1_66' title='bbox 1572 962 1825 1025; x_wconf 75' lang='lat' dir='ltr'>Joannis,</span> <span class='ocrx_word' id='word_1_67' title='bbox 1878 961 2021 1013; x_wconf 80' lang='lat' dir='ltr'>alio-</span> 
     </span>
    </p>
   </div>
   <div class='ocr_carea' id='block_1_10' title="bbox 324 1050 2019 1129">
    <p class='ocr_par' dir='ltr' id='par_1_10' title="bbox 324 1050 2019 1129">
     <span class='ocr_line' id='line_1_10' title="bbox 324 1050 2019 1129; baseline -0.006 -17"><span class='ocrx_word' id='word_1_68' title='bbox 324 1075 569 1129; x_wconf 90' lang='lat' dir='ltr'>rumque</span> <span class='ocrx_word' id='word_1_69' title='bbox 599 1063 948 1121; x_wconf 87' lang='lat' dir='ltr'>sanctorum,</span> <span class='ocrx_word' id='word_1_70' title='bbox 982 1070 1126 1125; x_wconf 89' lang='lat' dir='ltr'>quos</span> <span class='ocrx_word' id='word_1_71' title='bbox 1148 1068 1444 1107; x_wconf 89' lang='lat' dir='ltr'>recensere</span> <span class='ocrx_word' id='word_1_72' title='bbox 1467 1050 1852 1105; x_wconf 81' lang='lat' dir='ltr'>necessarium</span> <span class='ocrx_word' id='word_1_73' title='bbox 1904 1065 2019 1102; x_wconf 88' lang='lat' dir='ltr'>non</span> 
     </span>
    </p>
   </div>
   <div class='ocr_carea' id='block_1_11' title="bbox 324 1149 541 1220">
    <p class='ocr_par' dir='ltr' id='par_1_11' title="bbox 324 1149 541 1220">
     <span class='ocr_line' id='line_1_11' title="bbox 324 1149 541 1220; baseline -0.009 -18"><span class='ocrx_word' id='word_1_74' title='bbox 324 1149 541 1220; x_wconf 88' lang='lat' dir='ltr'>putavi.</span> 
     </span>
    </p>
   </div>
   <div class='ocr_carea' id='block_1_12' title="bbox 846 1213 1490 1284">
    <p class='ocr_par' dir='ltr' id='par_1_12' title="bbox 846 1213 1490 1284">
     <span class='ocr_line' id='line_1_12' title="bbox 846 1213 1490 1284; baseline -0.009 -14"><span class='ocrx_word' id='word_1_75' title='bbox 846 1216 1230 1284; x_wconf 81' lang='lat' dir='ltr'>Ilospitalitatc</span> <span class='ocrx_word' id='word_1_76' title='bbox 1260 1213 1490 1265; x_wconf 61' lang='lat' dir='ltr'>excellit.</span> 
     </span>
    </p>
   </div>
   <div class='ocr_carea' id='block_1_13' title="bbox 397 1318 2015 1393">
    <p class='ocr_par' dir='ltr' id='par_1_13' title="bbox 397 1318 2015 1393">
     <span class='ocr_line' id='line_1_13' title="bbox 397 1318 2015 1393; baseline -0.007 -12"><span class='ocrx_word' id='word_1_77' title='bbox 397 1332 447 1381; x_wconf 85' lang='lat'>5.</span> <span class='ocrx_word' id='word_1_78' title='bbox 482 1328 543 1381; x_wconf 91' lang='lat' dir='ltr'>In</span> <span class='ocrx_word' id='word_1_79' title='bbox 594 1327 701 1379; x_wconf 89' lang='lat' dir='ltr'>hoc</span> <span class='ocrx_word' id='word_1_80' title='bbox 738 1325 933 1393; x_wconf 80' lang='lat' dir='ltr'>itaque</span> <span class='ocrx_word' id='word_1_81' title='bbox 984 1324 1107 1375; x_wconf 91' lang='lat' dir='ltr'>loco</span> <span class='ocrx_word' id='word_1_82' title='bbox 1154 1320 1320 1373; x_wconf 88' lang='lat' dir='ltr'>annis</span> <span class='ocrx_word' id='word_1_83' title='bbox 1362 1320 1557 1372; x_wconf 86' lang='lat' dir='ltr'>multis</span> <span class='ocrx_word' id='word_1_84' title='bbox 1606 1320 1720 1371; x_wconf 90' lang='lat' dir='ltr'>Deo</span> <span class='ocrx_word' id='word_1_85' title='bbox 1767 1318 2015 1383; x_wconf 82' lang='lat' dir='ltr'>servivit,</span> 
     </span>
    </p>
   </div>
   <div class='ocr_carea' id='block_1_14' title="bbox 325 1406 2014 1482">
    <p class='ocr_par' dir='ltr' id='par_1_14' title="bbox 325 1406 2014 1482">
     <span class='ocr_line' id='line_1_14' title="bbox 325 1406 2014 1482; baseline -0.008 -11"><span class='ocrx_word' id='word_1_86' title='bbox 325 1433 526 1471; x_wconf 89' lang='lat' dir='ltr'>vacans</span> <span class='ocrx_word' id='word_1_87' title='bbox 556 1416 645 1469; x_wconf 91' lang='lat' dir='ltr'>die</span> <span class='ocrx_word' id='word_1_88' title='bbox 690 1420 976 1482; x_wconf 87' lang='lat' dir='ltr'>noctuque</span> <span class='ocrx_word' id='word_1_89' title='bbox 1027 1410 1257 1479; x_wconf 79' lang='lat' dir='ltr'>vigiliis,</span> <span class='ocrx_word' id='word_1_90' title='bbox 1292 1408 1645 1462; x_wconf 84' lang='lat' dir='ltr'>orationibus</span> <span class='ocrx_word' id='word_1_91' title='bbox 1677 1412 1733 1459; x_wconf 87' lang='lat' dir='ltr'>et</span> <span class='ocrx_word' id='word_1_92' title='bbox 1756 1406 2014 1476; x_wconf 86' lang='lat' dir='ltr'>jejuniis,</span> 
     </span>
    </p>
   </div>
   <div class='ocr_carea' id='block_1_15' title="bbox 325 1496 2015 1573">
    <p class='ocr_par' dir='ltr' id='par_1_15' title="bbox 325 1496 2015 1573">
     <span class='ocr_line' id='line_1_15' title="bbox 325 1496 2015 1573; baseline -0.007 -13"><span class='ocrx_word' id='word_1_93' title='bbox 325 1507 557 1560; x_wconf 84' lang='lat' dir='ltr'>studens</span> <span class='ocrx_word' id='word_1_94' title='bbox 599 1502 888 1573; x_wconf 59' lang='lat' dir='ltr'>patientia:</span> <span class='ocrx_word' id='word_1_95' title='bbox 938 1506 994 1553; x_wconf 92' lang='lat' dir='ltr'>et</span> <span class='ocrx_word' id='word_1_96' title='bbox 1042 1498 1333 1569; x_wconf 64' lang='lat' dir='ltr'>praecipue</span> <span class='ocrx_word' id='word_1_97' title='bbox 1386 1496 1782 1566; x_wconf 89' lang='lat' dir='ltr'>hospitalitati,</span> <span class='ocrx_word' id='word_1_98' title='bbox 1844 1512 2015 1564; x_wconf 89' lang='lat' dir='ltr'>quam</span> 
     </span>
    </p>
   </div>
   <div class='ocr_carea' id='block_1_16' title="bbox 326 1585 2019 1660">
    <p class='ocr_par' dir='ltr' id='par_1_16' title="bbox 326 1585 2019 1660">
     <span class='ocr_line' id='line_1_16' title="bbox 326 1585 2019 1660; baseline -0.007 -12"><span class='ocrx_word' id='word_1_99' title='bbox 326 1597 404 1648; x_wconf 87' lang='lat' dir='ltr'>ita</span> <span class='ocrx_word' id='word_1_100' title='bbox 434 1595 592 1647; x_wconf 90' lang='lat' dir='ltr'>omni</span> <span class='ocrx_word' id='word_1_101' title='bbox 624 1600 876 1660; x_wconf 81' lang='lat' dir='ltr'>tempore</span> <span class='ocrx_word' id='word_1_102' title='bbox 906 1589 1220 1641; x_wconf 86' lang='lat' dir='ltr'>secundum</span> <span class='ocrx_word' id='word_1_103' title='bbox 1256 1588 1402 1638; x_wconf 78' lang='lat' dir='ltr'>vires</span> <span class='ocrx_word' id='word_1_104' title='bbox 1444 1601 1576 1636; x_wconf 83' lang='lat' dir='ltr'>suas</span> <span class='ocrx_word' id='word_1_105' title='bbox 1627 1585 1896 1648; x_wconf 74' lang='lat' dir='ltr'>exercuit,</span> <span class='ocrx_word' id='word_1_106' title='bbox 1959 1590 2019 1636; x_wconf 89' lang='lat' dir='ltr'>ut</span> 
     </span>
    </p>
   </div>
   <div class='ocr_carea' id='block_1_17' title="bbox 324 1674 2015 1742">
    <p class='ocr_par' dir='ltr' id='par_1_17' title="bbox 324 1674 2015 1742">
     <span class='ocr_line' id='line_1_17' title="bbox 324 1674 2015 1742; baseline -0.006 -7"><span class='ocrx_word' id='word_1_107' title='bbox 324 1698 451 1735; x_wconf 92' lang='lat' dir='ltr'>cum</span> <span class='ocrx_word' id='word_1_108' title='bbox 484 1679 791 1733; x_wconf 84' lang='lat' dir='ltr'>virtutibus</span> <span class='ocrx_word' id='word_1_109' title='bbox 820 1677 995 1730; x_wconf 88' lang='lat' dir='ltr'>animi</span> <span class='ocrx_word' id='word_1_110' title='bbox 1024 1675 1238 1728; x_wconf 85' lang='lat' dir='ltr'>cunctis</span> <span class='ocrx_word' id='word_1_111' title='bbox 1282 1674 1542 1742; x_wconf 87' lang='lat' dir='ltr'>polleret,</span> <span class='ocrx_word' id='word_1_112' title='bbox 1588 1674 1733 1725; x_wconf 87' lang='lat' dir='ltr'>hanc</span> <span class='ocrx_word' id='word_1_113' title='bbox 1770 1679 1832 1725; x_wconf 88' lang='lat' dir='ltr'>ut</span> <span class='ocrx_word' id='word_1_114' title='bbox 1884 1688 2015 1742; x_wconf 90' lang='lat' dir='ltr'>pro-</span> 
     </span>
    </p>
   </div>
   <div class='ocr_carea' id='block_1_18' title="bbox 322 1764 1567 1841">
    <p class='ocr_par' dir='ltr' id='par_1_18' title="bbox 322 1764 1567 1841">
     <span class='ocr_line' id='line_1_18' title="bbox 322 1764 1567 1841; baseline -0.008 -18"><span class='ocrx_word' id='word_1_115' title='bbox 322 1770 507 1841; x_wconf 90' lang='lat' dir='ltr'>priam</span> <span class='ocrx_word' id='word_1_116' title='bbox 539 1774 595 1822; x_wconf 89' lang='lat' dir='ltr'>et</span> <span class='ocrx_word' id='word_1_117' title='bbox 625 1767 977 1836; x_wconf 87' lang='lat' dir='ltr'>singularem</span> <span class='ocrx_word' id='word_1_118' title='bbox 1010 1764 1215 1816; x_wconf 86' lang='lat' dir='ltr'>habere</span> <span class='ocrx_word' id='word_1_119' title='bbox 1250 1768 1567 1832; x_wconf 84' lang='lat' dir='ltr'>putaretur.</span> 
     </span>
    </p>
   </div>
   <div class='ocr_carea' id='block_1_19' title="bbox 761 1877 1581 1949">
    <p class='ocr_par' dir='ltr' id='par_1_19' title="bbox 761 1877 1581 1949">
     <span class='ocr_line' id='line_1_19' title="bbox 761 1877 1581 1949; baseline -0.007 -15"><span class='ocrx_word' id='word_1_120' title='bbox 761 1884 1007 1949; x_wconf 86' lang='lat' dir='ltr'>Paganos</span> <span class='ocrx_word' id='word_1_121' title='bbox 1043 1879 1116 1931; x_wconf 85' lang='lat' dir='ltr'>ad</span> <span class='ocrx_word' id='word_1_122' title='bbox 1144 1879 1306 1946; x_wconf 80' lang='lat' dir='ltr'>ﬁdem</span> <span class='ocrx_word' id='word_1_123' title='bbox 1338 1877 1581 1929; x_wconf 78' lang='lat' dir='ltr'>adducit.</span> 
     </span>
    </p>
   </div>
   <div class='ocr_carea' id='block_1_20' title="bbox 396 1964 2015 2041">
    <p class='ocr_par' dir='ltr' id='par_1_20' title="bbox 396 1964 2015 2041">
     <span class='ocr_line' id='line_1_20' title="bbox 396 1964 2015 2041; baseline -0.006 -15"><span class='ocrx_word' id='word_1_124' title='bbox 396 1975 448 2026; x_wconf 88' lang='lat'>6.</span> <span class='ocrx_word' id='word_1_125' title='bbox 482 1970 663 2041; x_wconf 70' lang='lat' dir='ltr'>Cmpit</span> <span class='ocrx_word' id='word_1_126' title='bbox 692 1970 910 2022; x_wconf 87' lang='lat' dir='ltr'>interea</span> <span class='ocrx_word' id='word_1_127' title='bbox 971 1967 1279 2036; x_wconf 81' lang='lat' dir='ltr'>gentilibus</span> <span class='ocrx_word' id='word_1_128' title='bbox 1336 1982 1438 2035; x_wconf 87' lang='lat' dir='ltr'>per</span> <span class='ocrx_word' id='word_1_129' title='bbox 1496 1964 1796 2018; x_wconf 86' lang='lat' dir='ltr'>circuitum</span> <span class='ocrx_word' id='word_1_130' title='bbox 1841 1964 2015 2018; x_wconf 86' lang='lat' dir='ltr'>simu-</span> 
     </span>
    </p>
   </div>
   <div class='ocr_carea' id='block_1_21' title="bbox 323 2055 2017 2125">
    <p class='ocr_par' dir='ltr' id='par_1_21' title="bbox 323 2055 2017 2125">
     <span class='ocr_line' id='line_1_21' title="bbox 323 2055 2017 2125; baseline -0.005 -10"><span class='ocrx_word' id='word_1_131' title='bbox 323 2062 607 2115; x_wconf 85' lang='lat' dir='ltr'>lacroruni</span> <span class='ocrx_word' id='word_1_132' title='bbox 652 2058 828 2111; x_wconf 85' lang='lat' dir='ltr'>cultui</span> <span class='ocrx_word' id='word_1_133' title='bbox 869 2058 1075 2110; x_wconf 87' lang='lat' dir='ltr'>deditis</span> <span class='ocrx_word' id='word_1_134' title='bbox 1113 2060 1167 2107; x_wconf 91' lang='lat' dir='ltr'>et</span> <span class='ocrx_word' id='word_1_135' title='bbox 1209 2071 1354 2107; x_wconf 88' lang='lat' dir='ltr'>vana</span> <span class='ocrx_word' id='word_1_136' title='bbox 1408 2055 1693 2107; x_wconf 86' lang='lat' dir='ltr'>idolorum</span> <span class='ocrx_word' id='word_1_137' title='bbox 1742 2055 2017 2125; x_wconf 87' lang='lat' dir='ltr'>supersti-</span> 
     </span>
    </p>
   </div>
   <div class='ocr_carea' id='block_1_22' title="bbox 321 2144 2016 2218">
    <p class='ocr_par' dir='ltr' id='par_1_22' title="bbox 321 2144 2016 2218">
     <span class='ocr_line' id='line_1_22' title="bbox 321 2144 2016 2218; baseline -0.004 -15"><span class='ocrx_word' id='word_1_138' title='bbox 321 2150 480 2203; x_wconf 90' lang='lat' dir='ltr'>tione</span> <span class='ocrx_word' id='word_1_139' title='bbox 522 2149 770 2218; x_wconf 90' lang='lat' dir='ltr'>deceptis</span> <span class='ocrx_word' id='word_1_140' title='bbox 820 2146 1054 2199; x_wconf 88' lang='lat' dir='ltr'>verbum</span> <span class='ocrx_word' id='word_1_141' title='bbox 1107 2144 1303 2196; x_wconf 89' lang='lat' dir='ltr'>salutis</span> <span class='ocrx_word' id='word_1_142' title='bbox 1344 2144 1712 2207; x_wconf 86' lang='lat' dir='ltr'>annuntiare,</span> <span class='ocrx_word' id='word_1_143' title='bbox 1782 2149 1845 2195; x_wconf 93' lang='lat' dir='ltr'>ut</span> <span class='ocrx_word' id='word_1_144' title='bbox 1893 2148 2016 2196; x_wconf 85' lang='lat' dir='ltr'>tan-</span> 
     </span>
    </p>
   </div>
   <div class='ocr_carea' id='block_1_23' title="bbox 323 2231 2019 2308">
    <p class='ocr_par' dir='ltr' id='par_1_23' title="bbox 323 2231 2019 2308">
     <span class='ocr_line' id='line_1_23' title="bbox 323 2231 2019 2308; baseline -0.005 -16"><span class='ocrx_word' id='word_1_145' title='bbox 323 2254 494 2308; x_wconf 87' lang='lat' dir='ltr'>quam</span> <span class='ocrx_word' id='word_1_146' title='bbox 522 2238 706 2291; x_wconf 89' lang='lat' dir='ltr'>bonus</span> <span class='ocrx_word' id='word_1_147' title='bbox 740 2234 1087 2303; x_wconf 79' lang='lat' dir='ltr'>evangelista</span> <span class='ocrx_word' id='word_1_148' title='bbox 1118 2232 1217 2302; x_wconf 92' lang='lat' dir='ltr'>qui</span> <span class='ocrx_word' id='word_1_149' title='bbox 1270 2249 1371 2301; x_wconf 89' lang='lat' dir='ltr'>pro</span> <span class='ocrx_word' id='word_1_150' title='bbox 1414 2231 1635 2284; x_wconf 88' lang='lat' dir='ltr'>Christo</span> <span class='ocrx_word' id='word_1_151' title='bbox 1690 2248 1793 2283; x_wconf 90' lang='lat' dir='ltr'>sua</span> <span class='ocrx_word' id='word_1_152' title='bbox 1825 2233 2019 2284; x_wconf 88' lang='lat' dir='ltr'>omnia</span> 
     </span>
    </p>
   </div>
   <div class='ocr_carea' id='block_1_24' title="bbox 322 2320 2017 2390">
    <p class='ocr_par' dir='ltr' id='par_1_24' title="bbox 322 2320 2017 2390">
     <span class='ocr_line' id='line_1_24' title="bbox 322 2320 2017 2390; baseline -0.005 -9"><span class='ocrx_word' id='word_1_153' title='bbox 322 2327 636 2390; x_wconf 87' lang='lat' dir='ltr'>dimiserat,</span> <span class='ocrx_word' id='word_1_154' title='bbox 672 2325 983 2377; x_wconf 91' lang='lat' dir='ltr'>multorum</span> <span class='ocrx_word' id='word_1_155' title='bbox 1017 2322 1085 2375; x_wconf 89' lang='lat' dir='ltr'>ad</span> <span class='ocrx_word' id='word_1_156' title='bbox 1127 2320 1516 2390; x_wconf 86' lang='lat' dir='ltr'>cognitionem</span> <span class='ocrx_word' id='word_1_157' title='bbox 1546 2320 1673 2373; x_wconf 69' lang='lat' dir='ltr'>vitm</span> <span class='ocrx_word' id='word_1_158' title='bbox 1726 2327 2017 2389; x_wconf 61' lang='lat' dir='ltr'>perpetuae</span> 
     </span>
    </p>
   </div>
   <div class='ocr_carea' id='block_1_25' title="bbox 325 2409 2018 2478">
    <p class='ocr_par' dir='ltr' id='par_1_25' title="bbox 325 2409 2018 2478">
     <span class='ocr_line' id='line_1_25' title="bbox 325 2409 2018 2478; baseline -0.005 -8"><span class='ocrx_word' id='word_1_159' title='bbox 325 2419 522 2471; x_wconf 89' lang='lat' dir='ltr'>doctor</span> <span class='ocrx_word' id='word_1_160' title='bbox 550 2416 831 2469; x_wconf 81' lang='lat' dir='ltr'>existeret.</span> <span class='ocrx_word' id='word_1_161' title='bbox 882 2412 970 2465; x_wconf 92' lang='lat' dir='ltr'>Sic</span> <span class='ocrx_word' id='word_1_162' title='bbox 1014 2412 1223 2463; x_wconf 83' lang='lat' dir='ltr'>factum</span> <span class='ocrx_word' id='word_1_163' title='bbox 1257 2418 1357 2474; x_wconf 80' lang='lat' dir='ltr'>est,</span> <span class='ocrx_word' id='word_1_164' title='bbox 1396 2412 1459 2461; x_wconf 91' lang='lat' dir='ltr'>ut</span> <span class='ocrx_word' id='word_1_165' title='bbox 1504 2409 1698 2478; x_wconf 87' lang='lat' dir='ltr'>plures</span> <span class='ocrx_word' id='word_1_166' title='bbox 1747 2426 1776 2461; x_wconf 89' lang='lat' dir='ltr'>e</span> <span class='ocrx_word' id='word_1_167' title='bbox 1834 2409 2018 2462; x_wconf 89' lang='lat' dir='ltr'>vicino</span> 
     </span>
    </p>
   </div>
   <div class='ocr_carea' id='block_1_26' title="bbox 322 2497 2019 2575">
    <p class='ocr_par' dir='ltr' id='par_1_26' title="bbox 322 2497 2019 2575">
     <span class='ocr_line' id='line_1_26' title="bbox 322 2497 2019 2575; baseline -0.007 -16"><span class='ocrx_word' id='word_1_168' title='bbox 322 2506 530 2575; x_wconf 81' lang='lat' dir='ltr'>pagani</span> <span class='ocrx_word' id='word_1_169' title='bbox 564 2503 664 2573; x_wconf 90' lang='lat' dir='ltr'>qui</span> <span class='ocrx_word' id='word_1_170' title='bbox 694 2502 762 2556; x_wconf 89' lang='lat' dir='ltr'>ad</span> <span class='ocrx_word' id='word_1_171' title='bbox 797 2518 863 2554; x_wconf 80' lang='lat' dir='ltr'>ea</span> <span class='ocrx_word' id='word_1_172' title='bbox 893 2516 1073 2569; x_wconf 88' lang='lat' dir='ltr'>usque</span> <span class='ocrx_word' id='word_1_173' title='bbox 1123 2504 1381 2567; x_wconf 86' lang='lat' dir='ltr'>tempora</span> <span class='ocrx_word' id='word_1_174' title='bbox 1424 2497 1483 2549; x_wconf 89' lang='lat' dir='ltr'>in</span> <span class='ocrx_word' id='word_1_175' title='bbox 1535 2513 1727 2549; x_wconf 89' lang='lat' dir='ltr'>errore</span> <span class='ocrx_word' id='word_1_176' title='bbox 1778 2497 2019 2549; x_wconf 85' lang='lat' dir='ltr'>durave-</span> 
     </span>
    </p>
   </div>
   <div class='ocr_carea' id='block_1_27' title="bbox 324 2585 2017 2661">
    <p class='ocr_par' dir='ltr' id='par_1_27' title="bbox 324 2585 2017 2661">
     <span class='ocr_line' id='line_1_27' title="bbox 324 2585 2017 2661; baseline -0.005 -15"><span class='ocrx_word' id='word_1_177' title='bbox 324 2599 468 2658; x_wconf 86' lang='lat' dir='ltr'>rant,</span> <span class='ocrx_word' id='word_1_178' title='bbox 494 2593 617 2661; x_wconf 87' lang='lat' dir='ltr'>ejus</span> <span class='ocrx_word' id='word_1_179' title='bbox 644 2595 697 2643; x_wconf 90' lang='lat' dir='ltr'>et</span> <span class='ocrx_word' id='word_1_180' title='bbox 731 2590 902 2642; x_wconf 89' lang='lat' dir='ltr'>verbo</span> <span class='ocrx_word' id='word_1_181' title='bbox 933 2586 1267 2640; x_wconf 89' lang='lat' dir='ltr'>commoniti</span> <span class='ocrx_word' id='word_1_182' title='bbox 1316 2590 1370 2636; x_wconf 92' lang='lat' dir='ltr'>et</span> <span class='ocrx_word' id='word_1_183' title='bbox 1420 2585 1707 2654; x_wconf 84' lang='lat' dir='ltr'>provocati</span> <span class='ocrx_word' id='word_1_184' title='bbox 1757 2586 2017 2653; x_wconf 86' lang='lat' dir='ltr'>exemplo</span> 
     </span>
    </p>
   </div>
   <div class='ocr_carea' id='block_1_28' title="bbox 322 2673 2019 2749">
    <p class='ocr_par' dir='ltr' id='par_1_28' title="bbox 322 2673 2019 2749">
     <span class='ocr_line' id='line_1_28' title="bbox 322 2673 2019 2749; baseline -0.005 -14"><span class='ocrx_word' id='word_1_185' title='bbox 322 2696 574 2735; x_wconf 88' lang='lat' dir='ltr'>errorem</span> <span class='ocrx_word' id='word_1_186' title='bbox 602 2684 958 2749; x_wconf 87' lang='lat' dir='ltr'>spernerent,</span> <span class='ocrx_word' id='word_1_187' title='bbox 989 2682 1043 2728; x_wconf 90' lang='lat' dir='ltr'>et</span> <span class='ocrx_word' id='word_1_188' title='bbox 1081 2675 1151 2728; x_wconf 92' lang='lat' dir='ltr'>ad</span> <span class='ocrx_word' id='word_1_189' title='bbox 1184 2674 1309 2726; x_wconf 53' lang='lat' dir='ltr'>vitae</span> <span class='ocrx_word' id='word_1_190' title='bbox 1352 2673 1501 2726; x_wconf 87' lang='lat' dir='ltr'>viam</span> <span class='ocrx_word' id='word_1_191' title='bbox 1543 2673 1831 2727; x_wconf 92' lang='lat' dir='ltr'>Christum</span> <span class='ocrx_word' id='word_1_192' title='bbox 1879 2689 2019 2726; x_wconf 92' lang='lat' dir='ltr'>con-</span> 
     </span>
    </p>
   </div>
   <div class='ocr_carea' id='block_1_29' title="bbox 320 2762 2015 2834">
    <p class='ocr_par' dir='ltr' id='par_1_29' title="bbox 320 2762 2015 2834">
     <span class='ocr_line' id='line_1_29' title="bbox 320 2762 2015 2834; baseline -0.006 -9"><span class='ocrx_word' id='word_1_193' title='bbox 320 2774 698 2824; x_wconf 88' lang='lat' dir='ltr'>verterentur.</span> <span class='ocrx_word' id='word_1_194' title='bbox 731 2770 808 2821; x_wconf 84' lang='lat' dir='ltr'>Ac</span> <span class='ocrx_word' id='word_1_195' title='bbox 838 2782 907 2819; x_wconf 91' lang='lat' dir='ltr'>ne</span> <span class='ocrx_word' id='word_1_196' title='bbox 938 2763 1362 2834; x_wconf 75' lang='lat' dir='ltr'>praedicationis</span> <span class='ocrx_word' id='word_1_197' title='bbox 1396 2764 1517 2831; x_wconf 86' lang='lat' dir='ltr'>ejus</span> <span class='ocrx_word' id='word_1_198' title='bbox 1547 2762 1841 2831; x_wconf 87' lang='lat' dir='ltr'>signorum</span> <span class='ocrx_word' id='word_1_199' title='bbox 1875 2778 2015 2832; x_wconf 88' lang='lat' dir='ltr'>quo-</span> 
     </span>
    </p>
   </div>
   <div class='ocr_carea' id='block_1_30' title="bbox 321 2853 2017 2931">
    <p class='ocr_par' dir='ltr' id='par_1_30' title="bbox 321 2853 2017 2931">
     <span class='ocr_line' id='line_1_30' title="bbox 321 2853 2017 2931; baseline -0.005 -18"><span class='ocrx_word' id='word_1_200' title='bbox 321 2878 431 2931; x_wconf 89' lang='lat' dir='ltr'>que</span> <span class='ocrx_word' id='word_1_201' title='bbox 483 2860 705 2913; x_wconf 89' lang='lat' dir='ltr'>deesset</span> <span class='ocrx_word' id='word_1_202' title='bbox 754 2856 1080 2919; x_wconf 83' lang='lat' dir='ltr'>auctoritas,</span> <span class='ocrx_word' id='word_1_203' title='bbox 1133 2858 1192 2906; x_wconf 91' lang='lat' dir='ltr'>ut</span> <span class='ocrx_word' id='word_1_204' title='bbox 1231 2853 1539 2905; x_wconf 62' lang='lat' dir='ltr'>incredulae</span> <span class='ocrx_word' id='word_1_205' title='bbox 1591 2858 1831 2916; x_wconf 85' lang='lat' dir='ltr'>mentes,</span> <span class='ocrx_word' id='word_1_206' title='bbox 1888 2868 2017 2921; x_wconf 65' lang='lat' dir='ltr'>qua:</span> 
     </span>
    </p>
   </div>
   <div class='ocr_carea' id='block_1_31' title="bbox 320 2941 2018 3014">
    <p class='ocr_par' dir='ltr' id='par_1_31' title="bbox 320 2941 2018 3014">
     <span class='ocr_line' id='line_1_31' title="bbox 320 2941 2018 3014; baseline -0.005 -13"><span class='ocrx_word' id='word_1_207' title='bbox 320 2948 538 3001; x_wconf 87' lang='lat' dir='ltr'>ratione</span> <span class='ocrx_word' id='word_1_208' title='bbox 570 2962 683 2998; x_wconf 90' lang='lat' dir='ltr'>non</span> <span class='ocrx_word' id='word_1_209' title='bbox 714 2948 999 3014; x_wconf 87' lang='lat' dir='ltr'>poterant,</span> <span class='ocrx_word' id='word_1_210' title='bbox 1047 2943 1116 2995; x_wconf 91' lang='lat' dir='ltr'>ad</span> <span class='ocrx_word' id='word_1_211' title='bbox 1165 2942 1510 2994; x_wconf 88' lang='lat' dir='ltr'>credendum</span> <span class='ocrx_word' id='word_1_212' title='bbox 1562 2941 1849 2993; x_wconf 87' lang='lat' dir='ltr'>miraculis</span> <span class='ocrx_word' id='word_1_213' title='bbox 1900 2956 2018 2993; x_wconf 90' lang='lat' dir='ltr'>mo-</span> 
     </span>
    </p>
   </div>
   <div class='ocr_carea' id='block_1_32' title="bbox 2136 518 3791 592">
    <p class='ocr_par' dir='ltr' id='par_1_32' title="bbox 2136 518 3791 592">
     <span class='ocr_line' id='line_1_32' title="bbox 2136 518 3791 592; baseline 0.005 -22"><span class='ocrx_word' id='word_1_214' title='bbox 2136 534 2258 571; x_wconf 88' lang='lat' dir='ltr'>rem</span> <span class='ocrx_word' id='word_1_215' title='bbox 2318 518 2573 571; x_wconf 89' lang='lat' dir='ltr'>datorem</span> <span class='ocrx_word' id='word_1_216' title='bbox 2606 520 2793 589; x_wconf 88' lang='lat' dir='ltr'>diligit</span> <span class='ocrx_word' id='word_1_217' title='bbox 2844 522 2988 573; x_wconf 90' lang='lat' dir='ltr'>Deus</span> <span class='ocrx_word' id='word_1_218' title='bbox 3019 523 3101 589; x_wconf 85' lang='lat' dir='ltr'>(ll</span> <span class='ocrx_word' id='word_1_219' title='bbox 3130 524 3248 577; x_wconf 89' lang='lat' dir='ltr'>Cor.</span> <span class='ocrx_word' id='word_1_220' title='bbox 3287 528 3401 592; x_wconf 75' lang='lat' dir='ltr'>lx):</span> <span class='ocrx_word' id='word_1_221' title='bbox 3439 531 3496 577; x_wconf 90' lang='lat' dir='ltr'>et</span> <span class='ocrx_word' id='word_1_222' title='bbox 3546 525 3791 579; x_wconf 64' lang='lat' dir='ltr'>Christus.</span> 
     </span>
    </p>
   </div>
   <div class='ocr_carea' id='block_1_33' title="bbox 2136 608 3795 683">
    <p class='ocr_par' dir='ltr' id='par_1_33' title="bbox 2136 608 3795 683">
     <span class='ocr_line' id='line_1_33' title="bbox 2136 608 3795 683; baseline 0.005 -24"><span class='ocrx_word' id='word_1_223' title='bbox 2136 608 2194 659; x_wconf 89' lang='lat' dir='ltr'>in</span> <span class='ocrx_word' id='word_1_224' title='bbox 2246 608 2595 676; x_wconf 89' lang='lat' dir='ltr'>pauperibus</span> <span class='ocrx_word' id='word_1_225' title='bbox 2647 615 2703 662; x_wconf 91' lang='lat' dir='ltr'>et</span> <span class='ocrx_word' id='word_1_226' title='bbox 2749 610 3068 679; x_wconf 84' lang='lat' dir='ltr'>peregrinis</span> <span class='ocrx_word' id='word_1_227' title='bbox 3128 613 3423 680; x_wconf 81' lang='lat' dir='ltr'>suscipere</span> <span class='ocrx_word' id='word_1_228' title='bbox 3476 615 3728 683; x_wconf 69' lang='lat' dir='ltr'>cupiens,</span> <span class='ocrx_word' id='word_1_229' title='bbox 3762 632 3795 667; x_wconf 56' lang='lat' dir='ltr'>if.</span> 
     </span>
    </p>
   </div>
   <div class='ocr_carea' id='block_1_34' title="bbox 2135 696 3821 764">
    <p class='ocr_par' dir='ltr' id='par_1_34' title="bbox 2135 696 3821 764">
     <span class='ocr_line' id='line_1_34' title="bbox 2135 696 3821 764; baseline 0.005 -15"><span class='ocrx_word' id='word_1_230' title='bbox 2135 696 2203 749; x_wconf 90' lang='lat' dir='ltr'>ab</span> <span class='ocrx_word' id='word_1_231' title='bbox 2236 713 2301 749; x_wconf 92' lang='lat' dir='ltr'>eo</span> <span class='ocrx_word' id='word_1_232' title='bbox 2336 703 2649 749; x_wconf 88' lang='lat' dir='ltr'>mereretur</span> <span class='ocrx_word' id='word_1_233' title='bbox 2698 698 2891 751; x_wconf 89' lang='lat' dir='ltr'>audire</span> <span class='ocrx_word' id='word_1_234' title='bbox 2924 716 2934 751; x_wconf 95' lang='lat'><strong>:</strong></span> <span class='ocrx_word' id='word_1_235' title='bbox 2969 700 3119 764; x_wconf 80' lang='lat' dir='ltr'>Quod</span> <span class='ocrx_word' id='word_1_236' title='bbox 3165 704 3263 754; x_wconf 86' lang='lat' dir='ltr'>uni</span> <span class='ocrx_word' id='word_1_237' title='bbox 3307 717 3377 754; x_wconf 78' lang='lat' dir='ltr'>ea:</span> <span class='ocrx_word' id='word_1_238' title='bbox 3407 705 3657 756; x_wconf 75' lang='lat' dir='ltr'>minimis</span> <span class='ocrx_word' id='word_1_239' title='bbox 3703 696 3821 757; x_wconf 60' lang='lat' dir='ltr'>ml</span> 
     </span>
    </p>
   </div>
   <div class='ocr_carea' id='block_1_35' title="bbox 2131 785 3151 857">
    <p class='ocr_par' dir='ltr' id='par_1_35' title="bbox 2131 785 3151 857">
     <span class='ocr_line' id='line_1_35' title="bbox 2131 785 3151 857; baseline 0.006 -21"><span class='ocrx_word' id='word_1_240' title='bbox 2131 785 2341 848; x_wconf 73' lang='lat' dir='ltr'>fecistis</span> <span class='ocrx_word' id='word_1_241' title='bbox 2362 788 2497 838; x_wconf 76' lang='lat' dir='ltr'>mihi</span> <span class='ocrx_word' id='word_1_242' title='bbox 2520 789 2726 852; x_wconf 83' lang='lat' dir='ltr'>fecistis</span> <span class='ocrx_word' id='word_1_243' title='bbox 2759 787 2975 856; x_wconf 79' lang='lat' dir='ltr'>(Matth.</span> <span class='ocrx_word' id='word_1_244' title='bbox 3002 790 3151 857; x_wconf 82' lang='lat' dir='ltr'>xxv).</span> 
     </span>
    </p>
   </div>
   <div class='ocr_carea' id='block_1_36' title="bbox 2585 913 3374 979">
    <p class='ocr_par' dir='ltr' id='par_1_36' title="bbox 2585 913 3374 979">
     <span class='ocr_line' id='line_1_36' title="bbox 2585 913 3374 979; baseline 0.003 -15"><span class='ocrx_word' id='word_1_245' title='bbox 2585 913 2801 965; x_wconf 85' lang='lat' dir='ltr'>Diabolo</span> <span class='ocrx_word' id='word_1_246' title='bbox 2830 913 3098 967; x_wconf 79' lang='lat' dir='ltr'>invidiam</span> <span class='ocrx_word' id='word_1_247' title='bbox 3126 918 3374 979; x_wconf 77' lang='lat' dir='ltr'>facessit.</span> 
     </span>
    </p>
   </div>
   <div class='ocr_carea' id='block_1_37' title="bbox 2201 1034 3797 1112">
    <p class='ocr_par' dir='ltr' id='par_1_37' title="bbox 2201 1034 3797 1112">
     <span class='ocr_line' id='line_1_37' title="bbox 2201 1034 3797 1112; baseline 0.005 -25"><span class='ocrx_word' id='word_1_248' title='bbox 2201 1037 2251 1088; x_wconf 89' lang='lat'>8.</span> <span class='ocrx_word' id='word_1_249' title='bbox 2286 1034 2392 1088; x_wconf 90' lang='lat' dir='ltr'>Sed</span> <span class='ocrx_word' id='word_1_250' title='bbox 2422 1035 2559 1105; x_wconf 89' lang='lat' dir='ltr'>quia</span> <span class='ocrx_word' id='word_1_251' title='bbox 2587 1036 2858 1107; x_wconf 88' lang='lat' dir='ltr'>antiquus</span> <span class='ocrx_word' id='word_1_252' title='bbox 2889 1037 3065 1091; x_wconf 90' lang='lat' dir='ltr'>hostis</span> <span class='ocrx_word' id='word_1_253' title='bbox 3088 1040 3405 1094; x_wconf 90' lang='lat' dir='ltr'>electorum</span> <span class='ocrx_word' id='word_1_254' title='bbox 3440 1057 3677 1112; x_wconf 87' lang='lat' dir='ltr'>semper</span> <span class='ocrx_word' id='word_1_255' title='bbox 3711 1059 3797 1111; x_wconf 70' lang='lat' dir='ltr'>pro-</span> 
     </span>
    </p>
   </div>
   <div class='ocr_carea' id='block_1_38' title="bbox 2129 1121 3798 1199">
    <p class='ocr_par' dir='ltr' id='par_1_38' title="bbox 2129 1121 3798 1199">
     <span class='ocr_line' id='line_1_38' title="bbox 2129 1121 3798 1199; baseline 0.006 -26"><span class='ocrx_word' id='word_1_256' title='bbox 2129 1121 2370 1175; x_wconf 87' lang='lat' dir='ltr'>fectibus</span> <span class='ocrx_word' id='word_1_257' title='bbox 2400 1123 2683 1192; x_wconf 88' lang='lat' dir='ltr'>invidens,</span> <span class='ocrx_word' id='word_1_258' title='bbox 2719 1142 2918 1179; x_wconf 92' lang='lat' dir='ltr'>eorum</span> <span class='ocrx_word' id='word_1_259' title='bbox 2954 1127 3155 1181; x_wconf 88' lang='lat' dir='ltr'>studiis</span> <span class='ocrx_word' id='word_1_260' title='bbox 3189 1130 3598 1199; x_wconf 88' lang='lat' dir='ltr'>multipliciter</span> <span class='ocrx_word' id='word_1_261' title='bbox 3642 1132 3798 1184; x_wconf 79' lang='lat' dir='ltr'>nititur</span> 
     </span>
    </p>
   </div>
   <div class='ocr_carea' id='block_1_39' title="bbox 2129 1215 3799 1284">
    <p class='ocr_par' dir='ltr' id='par_1_39' title="bbox 2129 1215 3799 1284">
     <span class='ocr_line' id='line_1_39' title="bbox 2129 1215 3799 1284; baseline 0.006 -22"><span class='ocrx_word' id='word_1_262' title='bbox 2129 1226 2446 1277; x_wconf 86' lang='lat' dir='ltr'>occursare,</span> <span class='ocrx_word' id='word_1_263' title='bbox 2476 1217 2530 1265; x_wconf 92' lang='lat' dir='ltr'>et</span> <span class='ocrx_word' id='word_1_264' title='bbox 2561 1229 2760 1266; x_wconf 87' lang='lat' dir='ltr'>omnes</span> <span class='ocrx_word' id='word_1_265' title='bbox 2791 1215 2891 1284; x_wconf 87' lang='lat' dir='ltr'>qui</span> <span class='ocrx_word' id='word_1_266' title='bbox 2941 1215 3035 1283; x_wconf 88' lang='lat' dir='ltr'>pie</span> <span class='ocrx_word' id='word_1_267' title='bbox 3078 1217 3278 1269; x_wconf 86' lang='lat' dir='ltr'>volunt</span> <span class='ocrx_word' id='word_1_268' title='bbox 3324 1219 3520 1271; x_wconf 83' lang='lat' dir='ltr'>vivere</span> <span class='ocrx_word' id='word_1_269' title='bbox 3562 1219 3626 1271; x_wconf 88' lang='lat' dir='ltr'>in</span> <span class='ocrx_word' id='word_1_270' title='bbox 3672 1219 3799 1273; x_wconf 74' lang='lat' dir='ltr'>Chr:-</span> 
     </span>
    </p>
   </div>
   <div class='ocr_carea' id='block_1_40' title="bbox 2129 1301 3799 1373">
    <p class='ocr_par' dir='ltr' id='par_1_40' title="bbox 2129 1301 3799 1373">
     <span class='ocr_line' id='line_1_40' title="bbox 2129 1301 3799 1373; baseline 0.006 -22"><span class='ocrx_word' id='word_1_271' title='bbox 2129 1304 2215 1352; x_wconf 90' lang='lat' dir='ltr'>sto</span> <span class='ocrx_word' id='word_1_272' title='bbox 2244 1301 2697 1369; x_wconf 81' lang='lat' dir='ltr'>persecutionem</span> <span class='ocrx_word' id='word_1_273' title='bbox 2734 1304 3063 1373; x_wconf 88' lang='lat' dir='ltr'>patiuntur;</span> <span class='ocrx_word' id='word_1_274' title='bbox 3098 1306 3217 1358; x_wconf 65' lang='lat' dir='ltr'>hinc</span> <span class='ocrx_word' id='word_1_275' title='bbox 3244 1323 3277 1359; x_wconf 88' lang='lat' dir='ltr'>a</span> <span class='ocrx_word' id='word_1_276' title='bbox 3304 1307 3428 1359; x_wconf 87' lang='lat' dir='ltr'>viro</span> <span class='ocrx_word' id='word_1_277' title='bbox 3470 1317 3672 1361; x_wconf 88' lang='lat' dir='ltr'>sancto</span> <span class='ocrx_word' id='word_1_278' title='bbox 3705 1310 3799 1360; x_wconf 75' lang='lat' dir='ltr'>cha-</span> 
     </span>
    </p>
   </div>
   <div class='ocr_carea' id='block_1_41' title="bbox 2128 1388 3799 1463">
    <p class='ocr_par' dir='ltr' id='par_1_41' title="bbox 2128 1388 3799 1463">
     <span class='ocr_line' id='line_1_41' title="bbox 2128 1388 3799 1463; baseline 0.006 -24"><span class='ocrx_word' id='word_1_279' title='bbox 2128 1388 2309 1441; x_wconf 88' lang='lat' dir='ltr'>ritatis</span> <span class='ocrx_word' id='word_1_280' title='bbox 2358 1394 2414 1442; x_wconf 91' lang='lat' dir='ltr'>et</span> <span class='ocrx_word' id='word_1_281' title='bbox 2438 1392 2861 1460; x_wconf 62' lang='lat' dir='ltr'>praedicationis</span> <span class='ocrx_word' id='word_1_282' title='bbox 2908 1410 3085 1463; x_wconf 88' lang='lat' dir='ltr'>opera</span> <span class='ocrx_word' id='word_1_283' title='bbox 3127 1395 3253 1447; x_wconf 83' lang='lat' dir='ltr'>ﬁeri</span> <span class='ocrx_word' id='word_1_284' title='bbox 3297 1395 3572 1448; x_wconf 90' lang='lat' dir='ltr'>diabolus</span> <span class='ocrx_word' id='word_1_285' title='bbox 3638 1399 3799 1450; x_wconf 76' lang='lat' dir='ltr'>acriter</span> 
     </span>
    </p>
   </div>
   <div class='ocr_carea' id='block_1_42' title="bbox 2128 1478 3803 1550">
    <p class='ocr_par' dir='ltr' id='par_1_42' title="bbox 2128 1478 3803 1550">
     <span class='ocr_line' id='line_1_42' title="bbox 2128 1478 3803 1550; baseline 0.004 -20"><span class='ocrx_word' id='word_1_286' title='bbox 2128 1478 2326 1543; x_wconf 87' lang='lat' dir='ltr'>doluit,</span> <span class='ocrx_word' id='word_1_287' title='bbox 2374 1480 2657 1550; x_wconf 71' lang='lat' dir='ltr'>cmpitque</span> <span class='ocrx_word' id='word_1_288' title='bbox 2706 1481 2788 1533; x_wconf 90' lang='lat' dir='ltr'>illi</span> <span class='ocrx_word' id='word_1_289' title='bbox 2826 1498 2978 1535; x_wconf 91' lang='lat' dir='ltr'>nunc</span> <span class='ocrx_word' id='word_1_290' title='bbox 3008 1484 3245 1545; x_wconf 89' lang='lat' dir='ltr'>occulte,</span> <span class='ocrx_word' id='word_1_291' title='bbox 3281 1500 3438 1537; x_wconf 89' lang='lat' dir='ltr'>nunc</span> <span class='ocrx_word' id='word_1_292' title='bbox 3487 1486 3667 1538; x_wconf 88' lang='lat' dir='ltr'>etiam</span> <span class='ocrx_word' id='word_1_293' title='bbox 3714 1482 3803 1537; x_wconf 57' lang='lat' dir='ltr'>ma?</span> 
     </span>
    </p>
   </div>
   <div class='ocr_carea' id='block_1_43' title="bbox 2129 1569 3797 1643">
    <p class='ocr_par' dir='ltr' id='par_1_43' title="bbox 2129 1569 3797 1643">
     <span class='ocr_line' id='line_1_43' title="bbox 2129 1569 3797 1643; baseline 0.004 -25"><span class='ocrx_word' id='word_1_294' title='bbox 2129 1569 2328 1620; x_wconf 84' lang='lat' dir='ltr'>nifeste</span> <span class='ocrx_word' id='word_1_295' title='bbox 2362 1571 2735 1623; x_wconf 88' lang='lat' dir='ltr'>tentationum</span> <span class='ocrx_word' id='word_1_296' title='bbox 2772 1572 2995 1623; x_wconf 85' lang='lat' dir='ltr'>fraudes</span> <span class='ocrx_word' id='word_1_297' title='bbox 3040 1572 3360 1633; x_wconf 79' lang='lat' dir='ltr'>intendere,</span> <span class='ocrx_word' id='word_1_298' title='bbox 3416 1574 3665 1643; x_wconf 79' lang='lat' dir='ltr'>ejusque</span> <span class='ocrx_word' id='word_1_299' title='bbox 3696 1592 3797 1643; x_wconf 81' lang='lat' dir='ltr'>pru-</span> 
     </span>
    </p>
   </div>
   <div class='ocr_carea' id='block_1_44' title="bbox 2130 1657 3789 1732">
    <p class='ocr_par' dir='ltr' id='par_1_44' title="bbox 2130 1657 3789 1732">
     <span class='ocr_line' id='line_1_44' title="bbox 2130 1657 3789 1732; baseline 0.002 -25"><span class='ocrx_word' id='word_1_300' title='bbox 2130 1657 2379 1724; x_wconf 77' lang='lat' dir='ltr'>positum</span> <span class='ocrx_word' id='word_1_301' title='bbox 2431 1663 2491 1709; x_wconf 92' lang='lat' dir='ltr'>ut</span> <span class='ocrx_word' id='word_1_302' title='bbox 2552 1664 2832 1711; x_wconf 86' lang='lat' dir='ltr'>averteret</span> <span class='ocrx_word' id='word_1_303' title='bbox 2880 1660 3066 1713; x_wconf 83' lang='lat' dir='ltr'>modis</span> <span class='ocrx_word' id='word_1_304' title='bbox 3108 1661 3277 1712; x_wconf 82' lang='lat' dir='ltr'>variis</span> <span class='ocrx_word' id='word_1_305' title='bbox 3330 1662 3649 1713; x_wconf 77' lang='lat' dir='ltr'>laborare:</span> <span class='ocrx_word' id='word_1_306' title='bbox 3706 1680 3789 1732; x_wconf 52' lang='lat' dir='ltr'>qua</span> 
     </span>
    </p>
   </div>
   <div class='ocr_carea' id='block_1_45' title="bbox 2058 1734 3797 1819">
    <p class='ocr_par' dir='ltr' id='par_1_45' title="bbox 2058 1734 3797 1819">
     <span class='ocr_line' id='line_1_45' title="bbox 2058 1734 3797 1819; baseline 0.003 -23"><span class='ocrx_word' id='word_1_307' title='bbox 2058 1734 2097 1785; x_wconf 82' lang='grc' dir='ltr'><strong>Β</strong></span> <span class='ocrx_word' id='word_1_308' title='bbox 2132 1751 2319 1797; x_wconf 80' lang='lat' dir='ltr'>tamen</span> <span class='ocrx_word' id='word_1_309' title='bbox 2349 1747 2442 1799; x_wconf 88' lang='lat' dir='ltr'>ille</span> <span class='ocrx_word' id='word_1_310' title='bbox 2472 1752 2675 1800; x_wconf 90' lang='lat' dir='ltr'>cuncta</span> <span class='ocrx_word' id='word_1_311' title='bbox 2706 1748 3108 1817; x_wconf 66' lang='lat' dir='ltr'>aequanimiter</span> <span class='ocrx_word' id='word_1_312' title='bbox 3128 1750 3431 1813; x_wconf 84' lang='lat' dir='ltr'>tolerabat,</span> <span class='ocrx_word' id='word_1_313' title='bbox 3485 1752 3594 1819; x_wconf 88' lang='lat' dir='ltr'>qui</span> <span class='ocrx_word' id='word_1_314' title='bbox 3647 1760 3797 1803; x_wconf 50' lang='lat' dir='ltr'>nosstt</span> 
     </span>
    </p>
   </div>
   <div class='ocr_carea' id='block_1_46' title="bbox 2130 1836 3799 1907">
    <p class='ocr_par' dir='ltr' id='par_1_46' title="bbox 2130 1836 3799 1907">
     <span class='ocr_line' id='line_1_46' title="bbox 2130 1836 3799 1907; baseline 0.004 -22"><span class='ocrx_word' id='word_1_315' title='bbox 2130 1850 2232 1901; x_wconf 88' lang='lat' dir='ltr'>per</span> <span class='ocrx_word' id='word_1_316' title='bbox 2285 1836 2494 1887; x_wconf 87' lang='lat' dir='ltr'>multas</span> <span class='ocrx_word' id='word_1_317' title='bbox 2552 1836 2947 1889; x_wconf 88' lang='lat' dir='ltr'>tribulationes</span> <span class='ocrx_word' id='word_1_318' title='bbox 3008 1842 3269 1905; x_wconf 87' lang='lat' dir='ltr'>oportere</span> <span class='ocrx_word' id='word_1_319' title='bbox 3318 1837 3556 1907; x_wconf 87' lang='lat' dir='ltr'>ingredi</span> <span class='ocrx_word' id='word_1_320' title='bbox 3598 1855 3799 1905; x_wconf 78' lang='lat' dir='ltr'>regnum</span> 
     </span>
    </p>
   </div>
   <div class='ocr_carea' id='block_1_47' title="bbox 2130 1923 3800 1995">
    <p class='ocr_par' dir='ltr' id='par_1_47' title="bbox 2130 1923 3800 1995">
     <span class='ocr_line' id='line_1_47' title="bbox 2130 1923 3800 1995; baseline -0.001 -19"><span class='ocrx_word' id='word_1_321' title='bbox 2130 1923 2248 1976; x_wconf 90' lang='lat' dir='ltr'>Dei.</span> <span class='ocrx_word' id='word_1_322' title='bbox 2312 1924 2496 1985; x_wconf 84' lang='lat' dir='ltr'>Quare</span> <span class='ocrx_word' id='word_1_323' title='bbox 2547 1940 2730 1994; x_wconf 90' lang='lat' dir='ltr'>neque</span> <span class='ocrx_word' id='word_1_324' title='bbox 2780 1942 2813 1977; x_wconf 92' lang='lat' dir='ltr'>a</span> <span class='ocrx_word' id='word_1_325' title='bbox 2870 1926 3271 1995; x_wconf 69' lang='lat' dir='ltr'>praedicatione</span> <span class='ocrx_word' id='word_1_326' title='bbox 3321 1928 3511 1995; x_wconf 90' lang='lat' dir='ltr'>potuit</span> <span class='ocrx_word' id='word_1_327' title='bbox 3558 1928 3800 1985; x_wconf 73' lang='lat' dir='ltr'>cohiberi,</span> 
     </span>
    </p>
   </div>
   <div class='ocr_carea' id='block_1_48' title="bbox 2131 2012 3800 2085">
    <p class='ocr_par' dir='ltr' id='par_1_48' title="bbox 2131 2012 3800 2085">
     <span class='ocr_line' id='line_1_48' title="bbox 2131 2012 3800 2085; baseline 0.001 -22"><span class='ocrx_word' id='word_1_328' title='bbox 2131 2012 2267 2081; x_wconf 89' lang='lat' dir='ltr'>quin</span> <span class='ocrx_word' id='word_1_329' title='bbox 2302 2012 2587 2065; x_wconf 89' lang='lat' dir='ltr'>lucrandis</span> <span class='ocrx_word' id='word_1_330' title='bbox 2631 2014 2741 2066; x_wconf 90' lang='lat' dir='ltr'>Deo</span> <span class='ocrx_word' id='word_1_331' title='bbox 2790 2015 3093 2067; x_wconf 88' lang='lat' dir='ltr'>animabus</span> <span class='ocrx_word' id='word_1_332' title='bbox 3141 2030 3375 2083; x_wconf 89' lang='lat' dir='ltr'>operam</span> <span class='ocrx_word' id='word_1_333' title='bbox 3434 2031 3670 2085; x_wconf 87' lang='lat' dir='ltr'>semper</span> <span class='ocrx_word' id='word_1_334' title='bbox 3722 2016 3800 2065; x_wconf 82' lang='lat' dir='ltr'>im-</span> 
     </span>
    </p>
   </div>
   <div class='ocr_carea' id='block_1_49' title="bbox 2128 2100 3801 2173">
    <p class='ocr_par' dir='ltr' id='par_1_49' title="bbox 2128 2100 3801 2173">
     <span class='ocr_line' id='line_1_49' title="bbox 2128 2100 3801 2173; baseline 0.001 -21"><span class='ocrx_word' id='word_1_335' title='bbox 2128 2100 2431 2169; x_wconf 87' lang='lat' dir='ltr'>penderet;</span> <span class='ocrx_word' id='word_1_336' title='bbox 2469 2118 2654 2169; x_wconf 87' lang='lat' dir='ltr'>neque</span> <span class='ocrx_word' id='word_1_337' title='bbox 2706 2102 2774 2154; x_wconf 87' lang='lat' dir='ltr'>ab</span> <span class='ocrx_word' id='word_1_338' title='bbox 2828 2102 3100 2171; x_wconf 89' lang='lat' dir='ltr'>operibus</span> <span class='ocrx_word' id='word_1_339' title='bbox 3150 2104 3466 2168; x_wconf 85' lang='lat' dir='ltr'>charitatis,</span> <span class='ocrx_word' id='word_1_340' title='bbox 3517 2120 3653 2173; x_wconf 67' lang='lat' dir='ltr'>quae</span> <span class='ocrx_word' id='word_1_341' title='bbox 3704 2120 3801 2172; x_wconf 80' lang='lat' dir='ltr'>per-</span> 
     </span>
    </p>
   </div>
   <div class='ocr_carea' id='block_1_50' title="bbox 2129 2190 3798 2259">
    <p class='ocr_par' dir='ltr' id='par_1_50' title="bbox 2129 2190 3798 2259">
     <span class='ocr_line' id='line_1_50' title="bbox 2129 2190 3798 2259; baseline 0.002 -19"><span class='ocrx_word' id='word_1_342' title='bbox 2129 2190 2378 2241; x_wconf 77' lang='lat' dir='ltr'>maxime</span> <span class='ocrx_word' id='word_1_343' title='bbox 2432 2191 2544 2242; x_wconf 88' lang='lat' dir='ltr'>Deo</span> <span class='ocrx_word' id='word_1_344' title='bbox 2590 2196 2822 2259; x_wconf 89' lang='lat' dir='ltr'>accepta</span> <span class='ocrx_word' id='word_1_345' title='bbox 2861 2197 3115 2255; x_wconf 88' lang='lat' dir='ltr'>noverat,</span> <span class='ocrx_word' id='word_1_346' title='bbox 3163 2193 3449 2244; x_wconf 83' lang='lat' dir='ltr'>ullatenus</span> <span class='ocrx_word' id='word_1_347' title='bbox 3483 2194 3669 2245; x_wconf 88' lang='lat' dir='ltr'>valuit</span> <span class='ocrx_word' id='word_1_348' title='bbox 3719 2194 3798 2244; x_wconf 79' lang='lat' dir='ltr'>im-</span> 
     </span>
    </p>
   </div>
   <div class='ocr_carea' id='block_1_51' title="bbox 2128 2277 3797 2348">
    <p class='ocr_par' dir='ltr' id='par_1_51' title="bbox 2128 2277 3797 2348">
     <span class='ocr_line' id='line_1_51' title="bbox 2128 2277 3797 2348; baseline 0.002 -20"><span class='ocrx_word' id='word_1_349' title='bbox 2128 2277 2313 2345; x_wconf 89' lang='lat' dir='ltr'>pediri</span> <span class='ocrx_word' id='word_1_350' title='bbox 2341 2294 2351 2330; x_wconf 94' lang='lat'>:</span> <span class='ocrx_word' id='word_1_351' title='bbox 2377 2278 2455 2330; x_wconf 90' lang='lat' dir='ltr'>ita</span> <span class='ocrx_word' id='word_1_352' title='bbox 2486 2282 2547 2330; x_wconf 92' lang='lat' dir='ltr'>ut</span> <span class='ocrx_word' id='word_1_353' title='bbox 2577 2280 2831 2348; x_wconf 89' lang='lat' dir='ltr'>quotidie</span> <span class='ocrx_word' id='word_1_354' title='bbox 2864 2296 3172 2332; x_wconf 90' lang='lat' dir='ltr'>concursus</span> <span class='ocrx_word' id='word_1_355' title='bbox 3202 2280 3271 2333; x_wconf 88' lang='lat' dir='ltr'>ad</span> <span class='ocrx_word' id='word_1_356' title='bbox 3304 2280 3469 2333; x_wconf 88' lang='lat' dir='ltr'>illum</span> <span class='ocrx_word' id='word_1_357' title='bbox 3508 2283 3797 2333; x_wconf 84' lang='lat' dir='ltr'>multorum</span> 
     </span>
    </p>
   </div>
   <div class='ocr_carea' id='block_1_52' title="bbox 2128 2366 3796 2436">
    <p class='ocr_par' dir='ltr' id='par_1_52' title="bbox 2128 2366 3796 2436">
     <span class='ocr_line' id='line_1_52' title="bbox 2128 2366 3796 2436; baseline 0.002 -18"><span class='ocrx_word' id='word_1_358' title='bbox 2128 2366 2310 2431; x_wconf 80' lang='lat' dir='ltr'>ﬁeret,</span> <span class='ocrx_word' id='word_1_359' title='bbox 2338 2366 2436 2435; x_wconf 86' lang='lat' dir='ltr'>qui</span> <span class='ocrx_word' id='word_1_360' title='bbox 2467 2371 2564 2419; x_wconf 88' lang='lat' dir='ltr'>aut</span> <span class='ocrx_word' id='word_1_361' title='bbox 2610 2383 2640 2419; x_wconf 86' lang='lat' dir='ltr'>a</span> <span class='ocrx_word' id='word_1_362' title='bbox 2682 2367 2881 2436; x_wconf 84' lang='lat' dir='ltr'>gentili</span> <span class='ocrx_word' id='word_1_363' title='bbox 2932 2368 3180 2421; x_wconf 87' lang='lat' dir='ltr'>vanitate</span> <span class='ocrx_word' id='word_1_364' title='bbox 3227 2369 3294 2421; x_wconf 92' lang='lat' dir='ltr'>ad</span> <span class='ocrx_word' id='word_1_365' title='bbox 3352 2368 3485 2422; x_wconf 84' lang='lat' dir='ltr'>ﬁdei</span> <span class='ocrx_word' id='word_1_366' title='bbox 3536 2370 3796 2422; x_wconf 73' lang='lat' dir='ltr'>sincerita-</span> 
     </span>
    </p>
   </div>
   <div class='ocr_carea' id='block_1_53' title="bbox 2128 2455 3798 2527">
    <p class='ocr_par' dir='ltr' id='par_1_53' title="bbox 2128 2455 3798 2527">
     <span class='ocr_line' id='line_1_53' title="bbox 2128 2455 3798 2527; baseline 0.001 -20"><span class='ocrx_word' id='word_1_367' title='bbox 2128 2459 2239 2507; x_wconf 88' lang='lat' dir='ltr'>tem</span> <span class='ocrx_word' id='word_1_368' title='bbox 2269 2455 2658 2524; x_wconf 82' lang='lat' dir='ltr'>confugerent,</span> <span class='ocrx_word' id='word_1_369' title='bbox 2712 2461 2811 2509; x_wconf 90' lang='lat' dir='ltr'>aut</span> <span class='ocrx_word' id='word_1_370' title='bbox 2842 2457 2961 2525; x_wconf 83' lang='lat' dir='ltr'>ejus</span> <span class='ocrx_word' id='word_1_371' title='bbox 3008 2458 3270 2527; x_wconf 80' lang='lat' dir='ltr'>exemplo</span> <span class='ocrx_word' id='word_1_372' title='bbox 3303 2464 3591 2527; x_wconf 90' lang='lat' dir='ltr'>cuperent</span> <span class='ocrx_word' id='word_1_373' title='bbox 3632 2460 3798 2511; x_wconf 81' lang='lat' dir='ltr'>volun-</span> 
     </span>
    </p>
   </div>
   <div class='ocr_carea' id='block_1_54' title="bbox 2127 2542 3313 2614">
    <p class='ocr_par' dir='ltr' id='par_1_54' title="bbox 2127 2542 3313 2614">
     <span class='ocr_line' id='line_1_54' title="bbox 2127 2542 3313 2614; baseline 0.003 -19"><span class='ocrx_word' id='word_1_374' title='bbox 2127 2542 2330 2596; x_wconf 88' lang='lat' dir='ltr'>tariam</span> <span class='ocrx_word' id='word_1_375' title='bbox 2364 2543 2584 2597; x_wconf 86' lang='lat' dir='ltr'>Christo</span> <span class='ocrx_word' id='word_1_376' title='bbox 2616 2544 2937 2614; x_wconf 88' lang='lat' dir='ltr'>dependere</span> <span class='ocrx_word' id='word_1_377' title='bbox 2964 2546 3313 2599; x_wconf 89' lang='lat' dir='ltr'>servitutem.</span> 
     </span>
    </p>
   </div>
   <div class='ocr_carea' id='block_1_55' title="bbox 2498 2677 3446 2748">
    <p class='ocr_par' dir='ltr' id='par_1_55' title="bbox 2498 2677 3446 2748">
     <span class='ocr_line' id='line_1_55' title="bbox 2498 2677 3446 2748; baseline 0.003 -18"><span class='ocrx_word' id='word_1_378' title='bbox 2498 2677 2850 2731; x_wconf 61' lang='lat' dir='ltr'>JEmulorum</span> <span class='ocrx_word' id='word_1_379' title='bbox 2880 2681 3186 2732; x_wconf 67' lang='lat' dir='ltr'>vexationes</span> <span class='ocrx_word' id='word_1_380' title='bbox 3213 2683 3446 2748; x_wconf 85' lang='lat' dir='ltr'>patitur.</span> 
     </span>
    </p>
   </div>
   <div class='ocr_carea' id='block_1_56' title="bbox 2199 2783 3795 2839">
    <p class='ocr_par' dir='ltr' id='par_1_56' title="bbox 2199 2783 3795 2839">
     <span class='ocr_line' id='line_1_56' title="bbox 2199 2783 3795 2839; baseline 0.001 -4"><span class='ocrx_word' id='word_1_381' title='bbox 2199 2785 2245 2837; x_wconf 85' lang='lat'>9.</span> <span class='ocrx_word' id='word_1_382' title='bbox 2278 2784 2384 2837; x_wconf 89' lang='lat' dir='ltr'>Sed</span> <span class='ocrx_word' id='word_1_383' title='bbox 2410 2783 2555 2836; x_wconf 85' lang='lat' dir='ltr'>sicut</span> <span class='ocrx_word' id='word_1_384' title='bbox 2606 2784 2891 2837; x_wconf 90' lang='lat' dir='ltr'>bonorum</span> <span class='ocrx_word' id='word_1_385' title='bbox 2936 2784 3237 2838; x_wconf 88' lang='lat' dir='ltr'>hominum</span> <span class='ocrx_word' id='word_1_386' title='bbox 3272 2791 3357 2839; x_wconf 86' lang='lat' dir='ltr'>est</span> <span class='ocrx_word' id='word_1_387' title='bbox 3403 2786 3655 2839; x_wconf 89' lang='lat' dir='ltr'>aliorum</span> <span class='ocrx_word' id='word_1_388' title='bbox 3694 2788 3795 2837; x_wconf 84' lang='lat' dir='ltr'>acti-</span> 
     </span>
    </p>
   </div>
   <div class='ocr_carea' id='block_1_57' title="bbox 2125 2871 3795 2943">
    <p class='ocr_par' dir='ltr' id='par_1_57' title="bbox 2125 2871 3795 2943">
     <span class='ocr_line' id='line_1_57' title="bbox 2125 2871 3795 2943; baseline 0.001 -20"><span class='ocrx_word' id='word_1_389' title='bbox 2125 2871 2230 2924; x_wconf 90' lang='lat' dir='ltr'>bus</span> <span class='ocrx_word' id='word_1_390' title='bbox 2261 2888 2405 2941; x_wconf 89' lang='lat' dir='ltr'>quos</span> <span class='ocrx_word' id='word_1_391' title='bbox 2428 2873 2592 2925; x_wconf 89' lang='lat' dir='ltr'>laude</span> <span class='ocrx_word' id='word_1_392' title='bbox 2623 2872 2824 2942; x_wconf 88' lang='lat' dir='ltr'>dignos</span> <span class='ocrx_word' id='word_1_393' title='bbox 2850 2874 3176 2942; x_wconf 81' lang='lat' dir='ltr'>aspexerint</span> <span class='ocrx_word' id='word_1_394' title='bbox 3206 2874 3503 2943; x_wconf 86' lang='lat' dir='ltr'>gratulari,</span> <span class='ocrx_word' id='word_1_395' title='bbox 3563 2880 3624 2927; x_wconf 88' lang='lat' dir='ltr'>et</span> <span class='ocrx_word' id='word_1_396' title='bbox 3648 2876 3721 2926; x_wconf 85' lang='lat' dir='ltr'>eis</span> <span class='ocrx_word' id='word_1_397' title='bbox 3744 2876 3795 2925; x_wconf 86' lang='lat' dir='ltr'>ad</span> 
     </span>
    </p>
   </div>
   <div class='ocr_carea' id='block_1_58' title="bbox 2128 2961 3794 3031">
    <p class='ocr_par' dir='ltr' id='par_1_58' title="bbox 2128 2961 3794 3031">
     <span class='ocr_line' id='line_1_58' title="bbox 2128 2961 3794 3031; baseline -0.001 -19"><span class='ocrx_word' id='word_1_398' title='bbox 2128 2977 2291 3013; x_wconf 91' lang='lat' dir='ltr'>suum</span> <span class='ocrx_word' id='word_1_399' title='bbox 2325 2961 2409 3013; x_wconf 90' lang='lat' dir='ltr'>uti</span> <span class='ocrx_word' id='word_1_400' title='bbox 2430 2961 2780 3030; x_wconf 83' lang='lat' dir='ltr'>profectum;</span> <span class='ocrx_word' id='word_1_401' title='bbox 2807 2961 2885 3013; x_wconf 89' lang='lat' dir='ltr'>ita</span> <span class='ocrx_word' id='word_1_402' title='bbox 2916 2966 3118 3013; x_wconf 90' lang='lat' dir='ltr'>contra</span> <span class='ocrx_word' id='word_1_403' title='bbox 3174 2961 3547 3031; x_wconf 87' lang='lat' dir='ltr'>reproborum</span> <span class='ocrx_word' id='word_1_404' title='bbox 3605 2968 3794 3014; x_wconf 78' lang='lat' dir='ltr'>mentes</span> 
     </span>
    </p>
   </div>
   <div class='ocr_carea' id='block_1_59' title="bbox 320 3024 3793 3120">
    <p class='ocr_par' dir='ltr' id='par_1_59' title="bbox 320 3024 3793 3120">
     <span class='ocr_line' id='line_1_59' title="bbox 320 3024 3793 3120; baseline -0.003 -34"><span class='ocrx_word' id='word_1_405' title='bbox 320 3041 609 3102; x_wconf 89' lang='lat' dir='ltr'>verentur,</span> <span class='ocrx_word' id='word_1_406' title='bbox 645 3034 814 3102; x_wconf 84' lang='lat' dir='ltr'>coepit</span> <span class='ocrx_word' id='word_1_407' title='bbox 842 3033 901 3085; x_wconf 89' lang='lat' dir='ltr'>in</span> <span class='ocrx_word' id='word_1_408' title='bbox 929 3033 1134 3084; x_wconf 91' lang='lat' dir='ltr'>virtute</span> <span class='ocrx_word' id='word_1_409' title='bbox 1166 3030 1418 3083; x_wconf 87' lang='lat' dir='ltr'>nominis</span> <span class='ocrx_word' id='word_1_410' title='bbox 1448 3029 1654 3082; x_wconf 79' lang='lat' dir='ltr'>Christi</span> <span class='ocrx_word' id='word_1_411' title='bbox 1702 3030 2010 3084; x_wconf 87' lang='lat' dir='ltr'>sanitatum</span> <span class='ocrx_word' id='word_1_412' title='bbox 2054 3024 2093 3080; x_wconf 90' lang='lat' dir='ltr'>C</span> <span class='ocrx_word' id='word_1_413' title='bbox 2121 3055 2401 3102; x_wconf 62' lang='lat' dir='ltr'>conamur</span> <span class='ocrx_word' id='word_1_414' title='bbox 2430 3024 2659 3118; x_wconf 53' lang='lat' dir='ltr'>&quot;semper</span> <span class='ocrx_word' id='word_1_415' title='bbox 2688 3055 2841 3103; x_wconf 55' lang='lat' dir='ltr'>recta</span> <span class='ocrx_word' id='word_1_416' title='bbox 2881 3050 3191 3103; x_wconf 60' lang='lat' dir='ltr'>electorum</span> <span class='ocrx_word' id='word_1_417' title='bbox 3219 3066 3393 3120; x_wconf 64' lang='lat' dir='ltr'><strong>Opera</strong></span> <span class='ocrx_word' id='word_1_418' title='bbox 3424 3050 3718 3113; x_wconf 43' lang='lat' dir='ltr'>causam,</span> <span class='ocrx_word' id='word_1_419' title='bbox 3752 3060 3793 3100; x_wconf 47' lang='lat' dir='ltr'><strong>et</strong></span> 
     </span>
    </p>
   </div>
   <div class='ocr_carea' id='block_1_60' title="bbox 320 3118 2009 3179">
    <p class='ocr_par' dir='ltr' id='par_1_60' title="bbox 320 3118 2009 3179">
     <span class='ocr_line' id='line_1_60' title="bbox 320 3118 2009 3179; baseline -0.004 0"><span class='ocrx_word' id='word_1_420' title='bbox 320 3124 597 3179; x_wconf 83' lang='lat' dir='ltr'>beneficia</span> <span class='ocrx_word' id='word_1_421' title='bbox 616 3123 763 3175; x_wconf 90' lang='lat' dir='ltr'>circa</span> <span class='ocrx_word' id='word_1_422' title='bbox 785 3122 1041 3173; x_wconf 73' lang='lat' dir='ltr'>infirmos</span> <span class='ocrx_word' id='word_1_423' title='bbox 1065 3125 1119 3172; x_wconf 92' lang='lat' dir='ltr'>et</span> <span class='ocrx_word' id='word_1_424' title='bbox 1137 3119 1526 3171; x_wconf 88' lang='lat' dir='ltr'>membrorum</span> <span class='ocrx_word' id='word_1_425' title='bbox 1549 3118 1837 3171; x_wconf 89' lang='lat' dir='ltr'>debilitate</span> <span class='ocrx_word' id='word_1_426' title='bbox 1862 3120 2009 3172; x_wconf 90' lang='lat' dir='ltr'>mul-</span> 
     </span>
    </p>
   </div>
   <div class='ocr_carea' id='block_1_61' title="bbox 319 3206 2007 3282">
    <p class='ocr_par' dir='ltr' id='par_1_61' title="bbox 319 3206 2007 3282">
     <span class='ocr_line' id='line_1_61' title="bbox 319 3206 2007 3282; baseline -0.005 -15"><span class='ocrx_word' id='word_1_427' title='bbox 319 3219 467 3268; x_wconf 87' lang='lat' dir='ltr'>tatos</span> <span class='ocrx_word' id='word_1_428' title='bbox 498 3211 800 3282; x_wconf 89' lang='lat' dir='ltr'>aliquoties</span> <span class='ocrx_word' id='word_1_429' title='bbox 835 3208 1075 3279; x_wconf 90' lang='lat' dir='ltr'>operari.</span> <span class='ocrx_word' id='word_1_430' title='bbox 1130 3207 1286 3269; x_wconf 86' lang='lat' dir='ltr'>Quod</span> <span class='ocrx_word' id='word_1_431' title='bbox 1328 3207 1614 3275; x_wconf 84' lang='lat' dir='ltr'>hodieque</span> <span class='ocrx_word' id='word_1_432' title='bbox 1650 3206 1854 3259; x_wconf 89' lang='lat' dir='ltr'>merita</span> <span class='ocrx_word' id='word_1_433' title='bbox 1900 3207 2007 3259; x_wconf 82' lang='lat' dir='ltr'>liu-</span> 
     </span>
    </p>
   </div>
   <div class='ocr_carea' id='block_1_62' title="bbox 314 3294 2005 3372">
    <p class='ocr_par' dir='ltr' id='par_1_62' title="bbox 314 3294 2005 3372">
     <span class='ocr_line' id='line_1_62' title="bbox 314 3294 2005 3372; baseline -0.006 -16"><span class='ocrx_word' id='word_1_434' title='bbox 314 3303 410 3372; x_wconf 91' lang='lat' dir='ltr'>jus</span> <span class='ocrx_word' id='word_1_435' title='bbox 466 3299 859 3369; x_wconf 91' lang='lat' dir='ltr'>multipliciter</span> <span class='ocrx_word' id='word_1_436' title='bbox 918 3296 1243 3367; x_wconf 86' lang='lat' dir='ltr'>petentibus</span> <span class='ocrx_word' id='word_1_437' title='bbox 1290 3300 1560 3365; x_wconf 82' lang='lat' dir='ltr'>praestare</span> <span class='ocrx_word' id='word_1_438' title='bbox 1600 3294 2005 3363; x_wconf 75' lang='lat' dir='ltr'>conspicimus,</span> 
     </span>
    </p>
   </div>
   <div class='ocr_carea' id='block_1_63' title="bbox 320 3384 2010 3459">
    <p class='ocr_par' dir='ltr' id='par_1_63' title="bbox 320 3384 2010 3459">
     <span class='ocr_line' id='line_1_63' title="bbox 320 3384 2010 3459; baseline -0.006 -13"><span class='ocrx_word' id='word_1_439' title='bbox 320 3408 449 3445; x_wconf 90' lang='lat' dir='ltr'>cum</span> <span class='ocrx_word' id='word_1_440' title='bbox 482 3391 551 3444; x_wconf 91' lang='lat' dir='ltr'>ad</span> <span class='ocrx_word' id='word_1_441' title='bbox 582 3391 705 3459; x_wconf 83' lang='lat' dir='ltr'>ejus</span> <span class='ocrx_word' id='word_1_442' title='bbox 742 3386 1080 3440; x_wconf 89' lang='lat' dir='ltr'>memoriam</span> <span class='ocrx_word' id='word_1_443' title='bbox 1115 3401 1291 3438; x_wconf 68' lang='lat' dir='ltr'>caecos</span> <span class='ocrx_word' id='word_1_444' title='bbox 1337 3384 1543 3449; x_wconf 91' lang='lat' dir='ltr'>visum,</span> <span class='ocrx_word' id='word_1_445' title='bbox 1575 3384 1806 3437; x_wconf 89' lang='lat' dir='ltr'>claudos</span> <span class='ocrx_word' id='word_1_446' title='bbox 1852 3400 2010 3453; x_wconf 87' lang='lat' dir='ltr'>gres-</span> 
     </span>
    </p>
   </div>
   <div class='ocr_carea' id='block_1_64' title="bbox 319 3473 2010 3547">
    <p class='ocr_par' dir='ltr' id='par_1_64' title="bbox 319 3473 2010 3547">
     <span class='ocr_line' id='line_1_64' title="bbox 319 3473 2010 3547; baseline -0.006 -13"><span class='ocrx_word' id='word_1_447' title='bbox 319 3497 469 3547; x_wconf 88' lang='lat' dir='ltr'>sum,</span> <span class='ocrx_word' id='word_1_448' title='bbox 503 3476 913 3545; x_wconf 80' lang='lat' dir='ltr'>energuminos</span> <span class='ocrx_word' id='word_1_449' title='bbox 950 3474 1159 3527; x_wconf 88' lang='lat' dir='ltr'>mentis</span> <span class='ocrx_word' id='word_1_450' title='bbox 1210 3473 1533 3539; x_wconf 88' lang='lat' dir='ltr'>sanitatem,</span> <span class='ocrx_word' id='word_1_451' title='bbox 1566 3473 1808 3542; x_wconf 84' lang='lat' dir='ltr'>aliisque</span> <span class='ocrx_word' id='word_1_452' title='bbox 1850 3488 2010 3542; x_wconf 90' lang='lat' dir='ltr'>pres-</span> 
     </span>
    </p>
   </div>
   <div class='ocr_carea' id='block_1_65' title="bbox 318 3561 2010 3637">
    <p class='ocr_par' dir='ltr' id='par_1_65' title="bbox 318 3561 2010 3637">
     <span class='ocr_line' id='line_1_65' title="bbox 318 3561 2010 3637; baseline -0.007 -14"><span class='ocrx_word' id='word_1_453' title='bbox 318 3586 407 3623; x_wconf 91' lang='lat' dir='ltr'>sos</span> <span class='ocrx_word' id='word_1_454' title='bbox 439 3566 812 3637; x_wconf 79' lang='lat' dir='ltr'>languoribus</span> <span class='ocrx_word' id='word_1_455' title='bbox 841 3562 1290 3617; x_wconf 85' lang='lat' dir='ltr'>incolumitatem</span> <span class='ocrx_word' id='word_1_456' title='bbox 1326 3561 1576 3630; x_wconf 89' lang='lat' dir='ltr'>recipere</span> <span class='ocrx_word' id='word_1_457' title='bbox 1615 3561 1902 3613; x_wconf 89' lang='lat' dir='ltr'>cernimus</span> <span class='ocrx_word' id='word_1_458' title='bbox 1948 3564 2010 3613; x_wconf 90' lang='lat' dir='ltr'>ut</span> 
     </span>
    </p>
   </div>
   <div class='ocr_carea' id='block_1_66' title="bbox 317 3647 2011 3719">
    <p class='ocr_par' dir='ltr' id='par_1_66' title="bbox 317 3647 2011 3719">
     <span class='ocr_line' id='line_1_66' title="bbox 317 3647 2011 3719; baseline -0.007 -8"><span class='ocrx_word' id='word_1_459' title='bbox 317 3658 459 3711; x_wconf 91' lang='lat' dir='ltr'>illud</span> <span class='ocrx_word' id='word_1_460' title='bbox 516 3657 577 3709; x_wconf 91' lang='lat' dir='ltr'>in</span> <span class='ocrx_word' id='word_1_461' title='bbox 630 3658 820 3707; x_wconf 91' lang='lat' dir='ltr'>sancto</span> <span class='ocrx_word' id='word_1_462' title='bbox 866 3652 991 3705; x_wconf 87' lang='lat' dir='ltr'>viro</span> <span class='ocrx_word' id='word_1_463' title='bbox 1050 3649 1481 3719; x_wconf 85' lang='lat' dir='ltr'>Psalmographi</span> <span class='ocrx_word' id='word_1_464' title='bbox 1533 3653 1754 3702; x_wconf 88' lang='lat' dir='ltr'>constet</span> <span class='ocrx_word' id='word_1_465' title='bbox 1816 3647 2011 3715; x_wconf 76' lang='lat' dir='ltr'>imple-</span> 
     </span>
    </p>
   </div>
   <div class='ocr_carea' id='block_1_67' title="bbox 318 3738 2009 3802">
    <p class='ocr_par' dir='ltr' id='par_1_67' title="bbox 318 3738 2009 3802">
     <span class='ocr_line' id='line_1_67' title="bbox 318 3738 2009 3802; baseline -0.007 -2"><span class='ocrx_word' id='word_1_466' title='bbox 318 3752 484 3800; x_wconf 89' lang='lat' dir='ltr'>tum:</span> <span class='ocrx_word' id='word_1_467' title='bbox 546 3746 721 3799; x_wconf 85' lang='lat' dir='ltr'>Nimis</span> <span class='ocrx_word' id='word_1_468' title='bbox 774 3743 1025 3795; x_wconf 79' lang='lat' dir='ltr'>honorati</span> <span class='ocrx_word' id='word_1_469' title='bbox 1072 3744 1198 3792; x_wconf 86' lang='lat' dir='ltr'>sunt</span> <span class='ocrx_word' id='word_1_470' title='bbox 1244 3740 1409 3791; x_wconf 88' lang='lat' dir='ltr'>amici</span> <span class='ocrx_word' id='word_1_471' title='bbox 1459 3740 1557 3802; x_wconf 84' lang='lat' dir='ltr'>tui,</span> <span class='ocrx_word' id='word_1_472' title='bbox 1618 3738 1787 3801; x_wconf 83' lang='lat' dir='ltr'>Deus,</span> <span class='ocrx_word' id='word_1_473' title='bbox 1846 3739 2009 3789; x_wconf 81' lang='lat' dir='ltr'>nimis</span> 
     </span>
    </p>
   </div>
   <div class='ocr_carea' id='block_1_68' title="bbox 317 3826 2005 3901">
    <p class='ocr_par' dir='ltr' id='par_1_68' title="bbox 317 3826 2005 3901">
     <span class='ocr_line' id='line_1_68' title="bbox 317 3826 2005 3901; baseline -0.008 -12"><span class='ocrx_word' id='word_1_474' title='bbox 317 3837 654 3901; x_wconf 83' lang='lat' dir='ltr'>confortatus</span> <span class='ocrx_word' id='word_1_475' title='bbox 685 3837 761 3886; x_wconf 90' lang='lat' dir='ltr'>est</span> <span class='ocrx_word' id='word_1_476' title='bbox 805 3832 1146 3900; x_wconf 79' lang='lat' dir='ltr'>principatus</span> <span class='ocrx_word' id='word_1_477' title='bbox 1199 3844 1379 3881; x_wconf 89' lang='lat' dir='ltr'>eorum</span> <span class='ocrx_word' id='word_1_478' title='bbox 1414 3829 1579 3893; x_wconf 88' lang='lat' dir='ltr'>(Psal.</span> <span class='ocrx_word' id='word_1_479' title='bbox 1624 3843 1847 3893; x_wconf 84' lang='lat' dir='ltr'>cxxvui,</span> <span class='ocrx_word' id='word_1_480' title='bbox 1900 3826 2005 3893; x_wconf 78' lang='lat' dir='ltr'>l7).</span> 
     </span>
    </p>
   </div>
   <div class='ocr_carea' id='block_1_69' title="bbox 351 3933 1969 4011">
    <p class='ocr_par' dir='ltr' id='par_1_69' title="bbox 351 3933 1969 4011">
     <span class='ocr_line' id='line_1_69' title="bbox 351 3933 1969 4011; baseline -0.008 -15"><span class='ocrx_word' id='word_1_481' title='bbox 351 3943 487 4011; x_wconf 89' lang='lat' dir='ltr'>Ejus</span> <span class='ocrx_word' id='word_1_482' title='bbox 515 3944 575 3994; x_wconf 86' lang='lat' dir='ltr'>in</span> <span class='ocrx_word' id='word_1_483' title='bbox 603 3942 844 3993; x_wconf 83' lang='lat' dir='ltr'>oratione</span> <span class='ocrx_word' id='word_1_484' title='bbox 878 3938 1174 4002; x_wconf 60' lang='lat' dir='ltr'>instantiae,</span> <span class='ocrx_word' id='word_1_485' title='bbox 1217 3940 1266 3988; x_wconf 88' lang='lat' dir='ltr'>et</span> <span class='ocrx_word' id='word_1_486' title='bbox 1312 3936 1371 3987; x_wconf 86' lang='lat' dir='ltr'>in</span> <span class='ocrx_word' id='word_1_487' title='bbox 1396 3948 1663 4003; x_wconf 83' lang='lat' dir='ltr'>pauperes</span> <span class='ocrx_word' id='word_1_488' title='bbox 1707 3933 1969 3986; x_wconf 88' lang='lat' dir='ltr'>charitas.</span> 
     </span>
    </p>
   </div>
   <div class='ocr_carea' id='block_1_70' title="bbox 387 4038 2008 4107">
    <p class='ocr_par' dir='ltr' id='par_1_70' title="bbox 387 4038 2008 4107">
     <span class='ocr_line' id='line_1_70' title="bbox 387 4038 2008 4107; baseline -0.007 -7"><span class='ocrx_word' id='word_1_489' title='bbox 387 4054 438 4102; x_wconf 83' lang='lat'>‘7.</span> <span class='ocrx_word' id='word_1_490' title='bbox 474 4049 603 4101; x_wconf 87' lang='lat' dir='ltr'>Erat</span> <span class='ocrx_word' id='word_1_491' title='bbox 634 4046 684 4099; x_wconf 92' lang='lat' dir='ltr'>ei</span> <span class='ocrx_word' id='word_1_492' title='bbox 709 4043 977 4097; x_wconf 89' lang='lat' dir='ltr'>solemnis</span> <span class='ocrx_word' id='word_1_493' title='bbox 1010 4041 1379 4107; x_wconf 90' lang='lat' dir='ltr'>consuetudo,</span> <span class='ocrx_word' id='word_1_494' title='bbox 1430 4046 1495 4092; x_wconf 91' lang='lat' dir='ltr'>ut</span> <span class='ocrx_word' id='word_1_495' title='bbox 1544 4040 1701 4093; x_wconf 88' lang='lat' dir='ltr'>omni</span> <span class='ocrx_word' id='word_1_496' title='bbox 1737 4038 1827 4092; x_wconf 92' lang='lat' dir='ltr'>die</span> <span class='ocrx_word' id='word_1_497' title='bbox 1873 4038 2008 4091; x_wconf 88' lang='lat' dir='ltr'>mis-</span> 
     </span>
    </p>
   </div>
   <div class='ocr_carea' id='block_1_71' title="bbox 316 4127 2011 4195">
    <p class='ocr_par' dir='ltr' id='par_1_71' title="bbox 316 4127 2011 4195">
     <span class='ocr_line' id='line_1_71' title="bbox 316 4127 2011 4195; baseline -0.006 -6"><span class='ocrx_word' id='word_1_498' title='bbox 316 4151 507 4189; x_wconf 90' lang='lat' dir='ltr'>sarum</span> <span class='ocrx_word' id='word_1_499' title='bbox 548 4132 827 4187; x_wconf 89' lang='lat' dir='ltr'>solemnia</span> <span class='ocrx_word' id='word_1_500' title='bbox 882 4131 1197 4195; x_wconf 82' lang='lat' dir='ltr'>celebrans,</span> <span class='ocrx_word' id='word_1_501' title='bbox 1253 4128 1594 4180; x_wconf 73' lang='lat' dir='ltr'>sacrificium</span> <span class='ocrx_word' id='word_1_502' title='bbox 1654 4127 1907 4195; x_wconf 90' lang='lat' dir='ltr'>corporis</span> <span class='ocrx_word' id='word_1_503' title='bbox 1956 4130 2011 4179; x_wconf 85' lang='lat' dir='ltr'>et</span> 
     </span>
    </p>
   </div>
   <div class='ocr_carea' id='block_1_72' title="bbox 317 4214 2007 4293">
    <p class='ocr_par' dir='ltr' id='par_1_72' title="bbox 317 4214 2007 4293">
     <span class='ocr_line' id='line_1_72' title="bbox 317 4214 2007 4293; baseline -0.005 -17"><span class='ocrx_word' id='word_1_504' title='bbox 317 4222 614 4293; x_wconf 83' lang='lat' dir='ltr'>sanguinis</span> <span class='ocrx_word' id='word_1_505' title='bbox 641 4219 845 4274; x_wconf 72' lang='lat' dir='ltr'>Christi</span> <span class='ocrx_word' id='word_1_506' title='bbox 879 4236 982 4287; x_wconf 91' lang='lat' dir='ltr'>pro</span> <span class='ocrx_word' id='word_1_507' title='bbox 1017 4223 1161 4270; x_wconf 88' lang='lat' dir='ltr'>statu</span> <span class='ocrx_word' id='word_1_508' title='bbox 1192 4216 1453 4269; x_wconf 64' lang='lat' dir='ltr'>Ecclesia:</span> <span class='ocrx_word' id='word_1_509' title='bbox 1501 4214 1748 4280; x_wconf 73' lang='lat' dir='ltr'>offerret,</span> <span class='ocrx_word' id='word_1_510' title='bbox 1795 4215 2007 4284; x_wconf 89' lang='lat' dir='ltr'>psalte-</span> 
     </span>
    </p>
   </div>
   <div class='ocr_carea' id='block_1_73' title="bbox 316 4306 2009 4382">
    <p class='ocr_par' dir='ltr' id='par_1_73' title="bbox 316 4306 2009 4382">
     <span class='ocr_line' id='line_1_73' title="bbox 316 4306 2009 4382; baseline -0.005 -16"><span class='ocrx_word' id='word_1_511' title='bbox 316 4312 581 4382; x_wconf 87' lang='lat' dir='ltr'>riumque</span> <span class='ocrx_word' id='word_1_512' title='bbox 612 4325 675 4362; x_wconf 79' lang='lat' dir='ltr'>ex</span> <span class='ocrx_word' id='word_1_513' title='bbox 710 4309 932 4376; x_wconf 84' lang='lat' dir='ltr'>integro</span> <span class='ocrx_word' id='word_1_514' title='bbox 964 4310 987 4348; x_wconf 75' lang='lat' dir='ltr'>b</span> <span class='ocrx_word' id='word_1_515' title='bbox 1030 4308 1248 4359; x_wconf 86' lang='lat' dir='ltr'>orando</span> <span class='ocrx_word' id='word_1_516' title='bbox 1278 4306 1495 4357; x_wconf 87' lang='lat' dir='ltr'>intente</span> <span class='ocrx_word' id='word_1_517' title='bbox 1527 4306 1853 4373; x_wconf 90' lang='lat' dir='ltr'>compleret,</span> <span class='ocrx_word' id='word_1_518' title='bbox 1888 4310 2009 4358; x_wconf 90' lang='lat' dir='ltr'>tum</span> 
     </span>
    </p>
   </div>
   <div class='ocr_carea' id='block_1_74' title="bbox 314 4392 2010 4467">
    <p class='ocr_par' dir='ltr' id='par_1_74' title="bbox 314 4392 2010 4467">
     <span class='ocr_line' id='line_1_74' title="bbox 314 4392 2010 4467; baseline -0.006 -12"><span class='ocrx_word' id='word_1_519' title='bbox 314 4401 521 4455; x_wconf 90' lang='lat' dir='ltr'>deinde</span> <span class='ocrx_word' id='word_1_520' title='bbox 570 4414 696 4452; x_wconf 91' lang='lat' dir='ltr'>cum</span> <span class='ocrx_word' id='word_1_521' title='bbox 748 4395 1067 4467; x_wconf 84' lang='lat' dir='ltr'>peregrinis</span> <span class='ocrx_word' id='word_1_522' title='bbox 1125 4400 1179 4447; x_wconf 89' lang='lat' dir='ltr'>et</span> <span class='ocrx_word' id='word_1_523' title='bbox 1222 4393 1569 4463; x_wconf 85' lang='lat' dir='ltr'>pauperibus</span> <span class='ocrx_word' id='word_1_524' title='bbox 1618 4392 1823 4462; x_wconf 88' lang='lat' dir='ltr'>quibus</span> <span class='ocrx_word' id='word_1_525' title='bbox 1890 4393 2010 4445; x_wconf 90' lang='lat' dir='ltr'>sine</span> 
     </span>
    </p>
   </div>
   <div class='ocr_carea' id='block_1_75' title="bbox 312 4480 2009 4562">
    <p class='ocr_par' dir='ltr' id='par_1_75' title="bbox 312 4480 2009 4562">
     <span class='ocr_line' id='line_1_75' title="bbox 312 4480 2009 4562; baseline -0.006 -18"><span class='ocrx_word' id='word_1_526' title='bbox 312 4505 460 4562; x_wconf 90' lang='lat' dir='ltr'>pene</span> <span class='ocrx_word' id='word_1_527' title='bbox 487 4503 782 4558; x_wconf 88' lang='lat' dir='ltr'>nunquam</span> <span class='ocrx_word' id='word_1_528' title='bbox 812 4490 932 4537; x_wconf 89' lang='lat' dir='ltr'>erat</span> <span class='ocrx_word' id='word_1_529' title='bbox 976 4484 1167 4536; x_wconf 87' lang='lat' dir='ltr'>cibum</span> <span class='ocrx_word' id='word_1_530' title='bbox 1218 4482 1405 4535; x_wconf 75' lang='lat' dir='ltr'>officio</span> <span class='ocrx_word' id='word_1_531' title='bbox 1454 4480 1743 4534; x_wconf 85' lang='lat' dir='ltr'>charitatis</span> <span class='ocrx_word' id='word_1_532' title='bbox 1791 4483 2009 4551; x_wconf 88' lang='lat' dir='ltr'>accipe-</span> 
     </span>
    </p>
   </div>
   <div class='ocr_carea' id='block_1_76' title="bbox 311 4570 2011 4649">
    <p class='ocr_par' dir='ltr' id='par_1_76' title="bbox 311 4570 2011 4649">
     <span class='ocr_line' id='line_1_76' title="bbox 311 4570 2011 4649; baseline -0.007 -15"><span class='ocrx_word' id='word_1_533' title='bbox 311 4583 418 4645; x_wconf 86' lang='lat' dir='ltr'>ret,</span> <span class='ocrx_word' id='word_1_534' title='bbox 453 4594 594 4649; x_wconf 90' lang='lat' dir='ltr'>quos</span> <span class='ocrx_word' id='word_1_535' title='bbox 625 4574 883 4629; x_wconf 89' lang='lat' dir='ltr'>oratione</span> <span class='ocrx_word' id='word_1_536' title='bbox 904 4576 1018 4625; x_wconf 93' lang='lat' dir='ltr'>Deo</span> <span class='ocrx_word' id='word_1_537' title='bbox 1044 4572 1500 4636; x_wconf 86' lang='lat' dir='ltr'>commendabat,</span> <span class='ocrx_word' id='word_1_538' title='bbox 1536 4586 1809 4639; x_wconf 90' lang='lat' dir='ltr'>corporeo</span> <span class='ocrx_word' id='word_1_539' title='bbox 1836 4570 2011 4623; x_wconf 89' lang='lat' dir='ltr'>nihil-</span> 
     </span>
    </p>
   </div>
   <div class='ocr_carea' id='block_1_77' title="bbox 312 4658 2008 4729">
    <p class='ocr_par' dir='ltr' id='par_1_77' title="bbox 312 4658 2008 4729">
     <span class='ocr_line' id='line_1_77' title="bbox 312 4658 2008 4729; baseline -0.006 -6"><span class='ocrx_word' id='word_1_540' title='bbox 312 4668 539 4724; x_wconf 89' lang='lat' dir='ltr'>ominus</span> <span class='ocrx_word' id='word_1_541' title='bbox 573 4666 843 4719; x_wconf 89' lang='lat' dir='ltr'>alimento</span> <span class='ocrx_word' id='word_1_542' title='bbox 892 4660 1171 4720; x_wconf 73' lang='lat' dir='ltr'>reficiens,</span> <span class='ocrx_word' id='word_1_543' title='bbox 1213 4665 1276 4711; x_wconf 90' lang='lat' dir='ltr'>ut</span> <span class='ocrx_word' id='word_1_544' title='bbox 1305 4659 1374 4711; x_wconf 88' lang='lat' dir='ltr'>ab</span> <span class='ocrx_word' id='word_1_545' title='bbox 1426 4675 1491 4711; x_wconf 89' lang='lat' dir='ltr'>eo</span> <span class='ocrx_word' id='word_1_546' title='bbox 1522 4658 1858 4728; x_wconf 84' lang='lat' dir='ltr'>peregrinus</span> <span class='ocrx_word' id='word_1_547' title='bbox 1908 4660 2008 4729; x_wconf 89' lang='lat' dir='ltr'>qui</span> 
     </span>
    </p>
   </div>
   <div class='ocr_carea' id='block_1_78' title="bbox 311 4748 2007 4817">
    <p class='ocr_par' dir='ltr' id='par_1_78' title="bbox 311 4748 2007 4817">
     <span class='ocr_line' id='line_1_78' title="bbox 311 4748 2007 4817; baseline -0.006 -6"><span class='ocrx_word' id='word_1_548' title='bbox 311 4773 445 4811; x_wconf 87' lang='lat' dir='ltr'>casu</span> <span class='ocrx_word' id='word_1_549' title='bbox 476 4754 797 4810; x_wconf 88' lang='lat' dir='ltr'>advenisset</span> <span class='ocrx_word' id='word_1_550' title='bbox 826 4766 956 4803; x_wconf 92' lang='lat' dir='ltr'>cum</span> <span class='ocrx_word' id='word_1_551' title='bbox 998 4748 1167 4801; x_wconf 90' lang='lat' dir='ltr'>verbo</span> <span class='ocrx_word' id='word_1_552' title='bbox 1198 4748 1394 4800; x_wconf 88' lang='lat' dir='ltr'>salutis</span> <span class='ocrx_word' id='word_1_553' title='bbox 1426 4753 1481 4799; x_wconf 91' lang='lat' dir='ltr'>et</span> <span class='ocrx_word' id='word_1_554' title='bbox 1516 4763 1620 4817; x_wconf 87' lang='lat' dir='ltr'>ope</span> <span class='ocrx_word' id='word_1_555' title='bbox 1650 4749 2007 4801; x_wconf 85' lang='lat' dir='ltr'>intercessio-</span> 
     </span>
    </p>
   </div>
   <div class='ocr_carea' id='block_1_79' title="bbox 310 4835 2005 4912">
    <p class='ocr_par' dir='ltr' id='par_1_79' title="bbox 310 4835 2005 4912">
     <span class='ocr_line' id='line_1_79' title="bbox 310 4835 2005 4912; baseline -0.006 -12"><span class='ocrx_word' id='word_1_556' title='bbox 310 4845 401 4899; x_wconf 89' lang='lat' dir='ltr'>nis</span> <span class='ocrx_word' id='word_1_557' title='bbox 451 4844 640 4898; x_wconf 91' lang='lat' dir='ltr'>cibum</span> <span class='ocrx_word' id='word_1_558' title='bbox 687 4854 919 4912; x_wconf 87' lang='lat' dir='ltr'>quoque</span> <span class='ocrx_word' id='word_1_559' title='bbox 983 4837 1303 4907; x_wconf 86' lang='lat' dir='ltr'>perciperet</span> <span class='ocrx_word' id='word_1_560' title='bbox 1361 4835 1565 4889; x_wconf 88' lang='lat' dir='ltr'>carnis.</span> <span class='ocrx_word' id='word_1_561' title='bbox 1628 4837 1755 4889; x_wconf 56' lang='lat' dir='ltr'>Haec</span> <span class='ocrx_word' id='word_1_562' title='bbox 1812 4841 2005 4890; x_wconf 89' lang='lat' dir='ltr'>autem</span> 
     </span>
    </p>
   </div>
   <div class='ocr_carea' id='block_1_80' title="bbox 378 4963 1540 5030">
    <p class='ocr_par' dir='ltr' id='par_1_80' title="bbox 378 4963 1540 5030">
     <span class='ocr_line' id='line_1_80' title="bbox 378 4963 1540 5030; baseline -0.007 -7"><span class='ocrx_word' id='word_1_563' title='bbox 378 4985 404 5013; x_wconf 75' lang='grc' dir='ltr'><strong><em>ει</em></strong></span> <span class='ocrx_word' id='word_1_564' title='bbox 433 4967 765 5030; x_wconf 85' lang='lat' dir='ltr'>Ober-wesel,</span> <span class='ocrx_word' id='word_1_565' title='bbox 796 4963 961 5018; x_wconf 88' lang='lat' dir='ltr'>Surio</span> <span class='ocrx_word' id='word_1_566' title='bbox 987 4963 1154 5026; x_wconf 90' lang='lat' dir='ltr'>male,</span> <span class='ocrx_word' id='word_1_567' title='bbox 1197 4963 1540 5016; x_wconf 82' lang='lat' dir='ltr'>Vesalienses.</span> 
     </span>
    </p>
   </div>
   <div class='ocr_carea' id='block_1_81' title="bbox 379 5031 2004 5107">
    <p class='ocr_par' dir='ltr' id='par_1_81' title="bbox 379 5031 2004 5107">
     <span class='ocr_line' id='line_1_81' title="bbox 379 5031 2004 5107; baseline -0.004 -14"><span class='ocrx_word' id='word_1_568' title='bbox 379 5044 404 5084; x_wconf 82' lang='lat' dir='ltr'>b</span> <span class='ocrx_word' id='word_1_569' title='bbox 445 5042 557 5093; x_wconf 80' lang='lat' dir='ltr'>Hoc</span> <span class='ocrx_word' id='word_1_570' title='bbox 587 5039 645 5091; x_wconf 91' lang='lat' dir='ltr'>in</span> <span class='ocrx_word' id='word_1_571' title='bbox 684 5038 859 5107; x_wconf 87' lang='lat' dir='ltr'>priori</span> <span class='ocrx_word' id='word_1_572' title='bbox 904 5036 1028 5086; x_wconf 82' lang='lat' dir='ltr'>Vita</span> <span class='ocrx_word' id='word_1_573' title='bbox 1058 5050 1173 5107; x_wconf 86' lang='lat' dir='ltr'>non</span> <span class='ocrx_word' id='word_1_574' title='bbox 1230 5033 1590 5102; x_wconf 80' lang='lat' dir='ltr'>exprimitur,</span> <span class='ocrx_word' id='word_1_575' title='bbox 1618 5031 1727 5105; x_wconf 77' lang='lat' dir='ltr'>{sed</span> <span class='ocrx_word' id='word_1_576' title='bbox 1781 5036 2004 5087; x_wconf 86' lang='lat' dir='ltr'>tantum</span> 
     </span>
    </p>
   </div>
   <div class='ocr_carea' id='block_1_82' title="bbox 311 5105 1345 5182">
    <p class='ocr_par' dir='ltr' id='par_1_82' title="bbox 311 5105 1345 5182">
     <span class='ocr_line' id='line_1_82' title="bbox 311 5105 1345 5182; baseline -0.009 -17"><span class='ocrx_word' id='word_1_577' title='bbox 311 5111 651 5182; x_wconf 88' lang='lat' dir='ltr'>quodomni</span> <span class='ocrx_word' id='word_1_578' title='bbox 681 5105 765 5182; x_wconf 73' lang='lat' dir='ltr'>die</span> <span class='ocrx_word' id='word_1_579' title='bbox 794 5109 1013 5182; x_wconf 81' lang='lat' dir='ltr'>missam</span> <span class='ocrx_word' id='word_1_580' title='bbox 1039 5105 1345 5182; x_wconf 79' lang='lat' dir='ltr'>celebraret.</span> 
     </span>
    </p>
   </div>
   <div class='ocr_carea' id='block_1_83' title="bbox 380 5174 2001 5248">
    <p class='ocr_par' dir='ltr' id='par_1_83' title="bbox 380 5174 2001 5248">
     <span class='ocr_line' id='line_1_83' title="bbox 380 5174 2001 5248; baseline -0.004 -14"><span class='ocrx_word' id='word_1_581' title='bbox 380 5191 400 5214; x_wconf 75' lang='grc' dir='ltr'>ε</span> <span class='ocrx_word' id='word_1_582' title='bbox 426 5181 569 5235; x_wconf 85' lang='lat' dir='ltr'>Hinc</span> <span class='ocrx_word' id='word_1_583' title='bbox 610 5180 887 5248; x_wconf 87' lang='lat' dir='ltr'>conjicere</span> <span class='ocrx_word' id='word_1_584' title='bbox 933 5178 1064 5229; x_wconf 85' lang='lat' dir='ltr'>licet</span> <span class='ocrx_word' id='word_1_585' title='bbox 1095 5191 1261 5248; x_wconf 81' lang='lat' dir='ltr'>voces</span> <span class='ocrx_word' id='word_1_586' title='bbox 1308 5176 1464 5248; x_wconf 83' lang='lat' dir='ltr'>istas,</span> <span class='ocrx_word' id='word_1_587' title='bbox 1508 5174 1840 5248; x_wconf 20' lang='lat' dir='ltr'>psalmodiwi</span> <span class='ocrx_word' id='word_1_588' title='bbox 1878 5190 2001 5227; x_wconf 89' lang='lat' dir='ltr'>cur-</span> 
     </span>
    </p>
   </div>
   <div class='ocr_carea' id='block_1_84' title="bbox 308 5246 2001 5320">
    <p class='ocr_par' dir='ltr' id='par_1_84' title="bbox 308 5246 2001 5320">
     <span class='ocr_line' id='line_1_84' title="bbox 308 5246 2001 5320; baseline -0.005 -14"><span class='ocrx_word' id='word_1_589' title='bbox 308 5268 446 5318; x_wconf 89' lang='lat' dir='ltr'>sum,</span> <span class='ocrx_word' id='word_1_590' title='bbox 480 5250 687 5320; x_wconf 90' lang='lat' dir='ltr'>quibus</span> <span class='ocrx_word' id='word_1_591' title='bbox 719 5246 1053 5317; x_wconf 81' lang='lat' dir='ltr'>anonymus</span> <span class='ocrx_word' id='word_1_592' title='bbox 1090 5247 1144 5299; x_wconf 91' lang='lat' dir='ltr'>in</span> <span class='ocrx_word' id='word_1_593' title='bbox 1194 5246 1303 5320; x_wconf 74' lang='lat' dir='ltr'>alia</span> <span class='ocrx_word' id='word_1_594' title='bbox 1337 5247 1457 5320; x_wconf 60' lang='lat' dir='ltr'>Vita</span> <span class='ocrx_word' id='word_1_595' title='bbox 1508 5247 1763 5320; x_wconf 81' lang='lat' dir='ltr'>ejusdem</span> <span class='ocrx_word' id='word_1_596' title='bbox 1802 5247 2001 5320; x_wconf 74' lang='lat' dir='ltr'>Coaris</span> 
     </span>
    </p>
   </div>
   <div class='ocr_carea' id='block_1_85' title="bbox 308 5317 2000 5387">
    <p class='ocr_par' dir='ltr' id='par_1_85' title="bbox 308 5317 2000 5387">
     <span class='ocr_line' id='line_1_85' title="bbox 308 5317 2000 5387; baseline -0.004 -12"><span class='ocrx_word' id='word_1_597' title='bbox 308 5317 569 5375; x_wconf 41' lang='lat' dir='ltr'>hocin-c0</span> <span class='ocrx_word' id='word_1_598' title='bbox 605 5336 736 5372; x_wconf 87' lang='lat' dir='ltr'>usus</span> <span class='ocrx_word' id='word_1_599' title='bbox 768 5325 870 5385; x_wconf 90' lang='lat' dir='ltr'>est,</span> <span class='ocrx_word' id='word_1_600' title='bbox 906 5326 1161 5387; x_wconf 88' lang='lat' dir='ltr'>tempore</span> <span class='ocrx_word' id='word_1_601' title='bbox 1202 5317 1587 5370; x_wconf 79' lang='lat' dir='ltr'>Waudalberti</span> <span class='ocrx_word' id='word_1_602' title='bbox 1625 5318 1745 5384; x_wconf 87' lang='lat' dir='ltr'>jam</span> <span class='ocrx_word' id='word_1_603' title='bbox 1793 5317 1911 5368; x_wconf 82' lang='lat' dir='ltr'>fere</span> <span class='ocrx_word' id='word_1_604' title='bbox 1942 5317 2000 5369; x_wconf 90' lang='lat' dir='ltr'>in</span> 
     </span>
    </p>
   </div>
   <div class='ocr_carea' id='block_1_86' title="bbox 309 5387 2000 5456">
    <p class='ocr_par' dir='ltr' id='par_1_86' title="bbox 309 5387 2000 5456">
     <span class='ocr_line' id='line_1_86' title="bbox 309 5387 2000 5456; baseline -0.004 -11"><span class='ocrx_word' id='word_1_605' title='bbox 309 5392 741 5446; x_wconf 84' lang='lat' dir='ltr'>desuetudinem</span> <span class='ocrx_word' id='word_1_606' title='bbox 777 5390 981 5442; x_wconf 86' lang='lat' dir='ltr'>abiisse</span> <span class='ocrx_word' id='word_1_607' title='bbox 1016 5405 1029 5442; x_wconf 90' lang='lat'><strong>:</strong></span> <span class='ocrx_word' id='word_1_608' title='bbox 1064 5389 1196 5441; x_wconf 88' lang='lat' dir='ltr'>licet</span> <span class='ocrx_word' id='word_1_609' title='bbox 1222 5388 1371 5456; x_wconf 88' lang='lat' dir='ltr'>apud</span> <span class='ocrx_word' id='word_1_610' title='bbox 1419 5387 1695 5456; x_wconf 87' lang='lat' dir='ltr'>quosdam</span> <span class='ocrx_word' id='word_1_611' title='bbox 1744 5393 2000 5439; x_wconf 86' lang='lat' dir='ltr'>auctores</span> 
     </span>
    </p>
   </div>
   <div class='ocr_carea' id='block_1_87' title="bbox 308 5460 1995 5529">
    <p class='ocr_par' dir='ltr' id='par_1_87' title="bbox 308 5460 1995 5529">
     <span class='ocr_line' id='line_1_87' title="bbox 308 5460 1995 5529; baseline -0.001 -16"><span class='ocrx_word' id='word_1_612' title='bbox 308 5464 707 5516; x_wconf 87' lang='lat' dir='ltr'>Wandalberto</span> <span class='ocrx_word' id='word_1_613' title='bbox 782 5460 1125 5529; x_wconf 84' lang='lat' dir='ltr'>posteriores</span> <span class='ocrx_word' id='word_1_614' title='bbox 1198 5474 1609 5526; x_wconf 84' lang='lat' dir='ltr'>nonnunquam</span> <span class='ocrx_word' id='word_1_615' title='bbox 1650 5464 1995 5529; x_wconf 18' lang='lat' dir='ltr'>ioccurrant.</span> 
     </span>
    </p>
   </div>
   <div class='ocr_carea' id='block_1_88' title="bbox 307 5528 1996 5601">
    <p class='ocr_par' dir='ltr' id='par_1_88' title="bbox 307 5528 1996 5601">
     <span class='ocr_line' id='line_1_88' title="bbox 307 5528 1996 5601; baseline -0.004 -14"><span class='ocrx_word' id='word_1_616' title='bbox 307 5534 668 5587; x_wconf 84' lang='lat' dir='ltr'>Ekkerardus</span> <span class='ocrx_word' id='word_1_617' title='bbox 720 5528 919 5601; x_wconf 22' lang='lat' dir='ltr'>ju’uior</span> <span class='ocrx_word' id='word_1_618' title='bbox 977 5532 1035 5582; x_wconf 91' lang='lat' dir='ltr'>in</span> <span class='ocrx_word' id='word_1_619' title='bbox 1078 5534 1268 5601; x_wconf 18' lang='lat' dir='ltr'>caput}</span> <span class='ocrx_word' id='word_1_620' title='bbox 1323 5528 1602 5601; x_wconf 19' lang='lat' dir='ltr'>deACasib.</span> <span class='ocrx_word' id='word_1_621' title='bbox 1635 5528 1693 5601; x_wconf 73' lang='lat' dir='ltr'>_S.</span> <span class='ocrx_word' id='word_1_622' title='bbox 1729 5528 1872 5601; x_wconf 82' lang='lat' dir='ltr'>Galli</span> <span class='ocrx_word' id='word_1_623' title='bbox 1932 5530 1996 5580; x_wconf 87' lang='lat' dir='ltr'>de</span> 
     </span>
    </p>
   </div>
   <div class='ocr_carea' id='block_1_89' title="bbox 310 5598 1993 5675">
    <p class='ocr_par' dir='ltr' id='par_1_89' title="bbox 310 5598 1993 5675">
     <span class='ocr_line' id='line_1_89' title="bbox 310 5598 1993 5675; baseline -0.004 -16"><span class='ocrx_word' id='word_1_624' title='bbox 310 5607 577 5675; x_wconf 76' lang='lat' dir='ltr'>Ratperto</span> <span class='ocrx_word' id='word_1_625' title='bbox 599 5604 695 5674; x_wconf 91' lang='lat' dir='ltr'>qui</span> <span class='ocrx_word' id='word_1_626' title='bbox 723 5598 830 5655; x_wconf 81' lang='lat' dir='ltr'>sub</span> <span class='ocrx_word' id='word_1_627' title='bbox 858 5602 1031 5653; x_wconf 80' lang='lat' dir='ltr'>tinem</span> <span class='ocrx_word' id='word_1_628' title='bbox 1063 5600 1257 5653; x_wconf 73' lang='lat' dir='ltr'>saeculi</span> <span class='ocrx_word' id='word_1_629' title='bbox 1283 5614 1333 5651; x_wconf 83' lang='lat' dir='ltr'>ix</span> <span class='ocrx_word' id='word_1_630' title='bbox 1360 5598 1599 5663; x_wconf 81' lang='lat' dir='ltr'>vivebat,</span> <span class='ocrx_word' id='word_1_631' title='bbox 1633 5599 1754 5651; x_wconf 67' lang='lat' dir='ltr'>hinc</span> <span class='ocrx_word' id='word_1_632' title='bbox 1784 5599 1956 5651; x_wconf 84' lang='lat' dir='ltr'>refert</span> <span class='ocrx_word' id='word_1_633' title='bbox 1981 5618 1993 5652; x_wconf 87' lang='lat'><em>:</em></span> 
     </span>
    </p>
   </div>
   <div class='ocr_carea' id='block_1_90' title="bbox 2119 3138 3789 3208">
    <p class='ocr_par' dir='ltr' id='par_1_90' title="bbox 2119 3138 3789 3208">
     <span class='ocr_line' id='line_1_90' title="bbox 2119 3138 3789 3208; baseline -0.002 -17"><span class='ocrx_word' id='word_1_634' title='bbox 2119 3155 2247 3208; x_wconf 82' lang='lat' dir='ltr'>quae</span> <span class='ocrx_word' id='word_1_635' title='bbox 2298 3138 2512 3191; x_wconf 90' lang='lat' dir='ltr'>imitari</span> <span class='ocrx_word' id='word_1_636' title='bbox 2571 3138 2776 3191; x_wconf 89' lang='lat' dir='ltr'>uolunt</span> <span class='ocrx_word' id='word_1_637' title='bbox 2830 3138 3130 3191; x_wconf 88' lang='lat' dir='ltr'>autetiam</span> <span class='ocrx_word' id='word_1_638' title='bbox 3184 3144 3498 3208; x_wconf 84' lang='lat' dir='ltr'>nequeunt,</span> <span class='ocrx_word' id='word_1_639' title='bbox 3552 3138 3789 3192; x_wconf 86' lang='lat' dir='ltr'>malivolo</span> 
     </span>
    </p>
   </div>
   <div class='ocr_carea' id='block_1_91' title="bbox 2118 3227 3791 3295">
    <p class='ocr_par' dir='ltr' id='par_1_91' title="bbox 2118 3227 3791 3295">
     <span class='ocr_line' id='line_1_91' title="bbox 2118 3227 3791 3295; baseline -0.004 -15"><span class='ocrx_word' id='word_1_640' title='bbox 2118 3227 2485 3280; x_wconf 88' lang='lat' dir='ltr'>detractionis</span> <span class='ocrx_word' id='word_1_641' title='bbox 2515 3244 2611 3279; x_wconf 90' lang='lat' dir='ltr'>ore</span> <span class='ocrx_word' id='word_1_642' title='bbox 2644 3231 2699 3279; x_wconf 88' lang='lat' dir='ltr'>et</span> <span class='ocrx_word' id='word_1_643' title='bbox 2748 3228 2933 3279; x_wconf 90' lang='lat' dir='ltr'>studio</span> <span class='ocrx_word' id='word_1_644' title='bbox 2988 3243 3239 3295; x_wconf 86' lang='lat' dir='ltr'>carpere.</span> <span class='ocrx_word' id='word_1_645' title='bbox 3307 3228 3465 3280; x_wconf 87' lang='lat' dir='ltr'>Unde</span> <span class='ocrx_word' id='word_1_646' title='bbox 3511 3228 3711 3279; x_wconf 86' lang='lat' dir='ltr'>accidit</span> <span class='ocrx_word' id='word_1_647' title='bbox 3745 3239 3791 3276; x_wconf 83' lang='lat' dir='ltr'>u:</span> 
     </span>
    </p>
   </div>
   <div class='ocr_carea' id='block_1_92' title="bbox 2118 3315 3789 3385">
    <p class='ocr_par' dir='ltr' id='par_1_92' title="bbox 2118 3315 3789 3385">
     <span class='ocr_line' id='line_1_92' title="bbox 2118 3315 3789 3385; baseline -0.002 -17"><span class='ocrx_word' id='word_1_648' title='bbox 2118 3316 2370 3385; x_wconf 88' lang='lat' dir='ltr'>quodam</span> <span class='ocrx_word' id='word_1_649' title='bbox 2398 3321 2653 3384; x_wconf 89' lang='lat' dir='ltr'>tempore</span> <span class='ocrx_word' id='word_1_650' title='bbox 2708 3315 2775 3367; x_wconf 89' lang='lat' dir='ltr'>ab</span> <span class='ocrx_word' id='word_1_651' title='bbox 2806 3315 3033 3368; x_wconf 89' lang='lat' dir='ltr'>beatum</span> <span class='ocrx_word' id='word_1_652' title='bbox 3090 3317 3331 3369; x_wconf 89' lang='lat' dir='ltr'>Goaram</span> <span class='ocrx_word' id='word_1_653' title='bbox 3379 3317 3493 3369; x_wconf 87' lang='lat' dir='ltr'>duo</span> <span class='ocrx_word' id='word_1_654' title='bbox 3526 3316 3629 3369; x_wconf 88' lang='lat' dir='ltr'>sub</span> <span class='ocrx_word' id='word_1_655' title='bbox 3679 3315 3789 3367; x_wconf 77' lang='lat' dir='ltr'>falsa</span> 
     </span>
    </p>
   </div>
   <div class='ocr_carea' id='block_1_93' title="bbox 2118 3402 3788 3472">
    <p class='ocr_par' dir='ltr' id='par_1_93' title="bbox 2118 3402 3788 3472">
     <span class='ocr_line' id='line_1_93' title="bbox 2118 3402 3788 3472; baseline -0.001 -19"><span class='ocrx_word' id='word_1_656' title='bbox 2118 3402 2302 3471; x_wconf 88' lang='lat' dir='ltr'>specie</span> <span class='ocrx_word' id='word_1_657' title='bbox 2327 3402 2553 3471; x_wconf 89' lang='lat' dir='ltr'>pietatis</span> <span class='ocrx_word' id='word_1_658' title='bbox 2584 3402 2820 3455; x_wconf 88' lang='lat' dir='ltr'>clientes</span> <span class='ocrx_word' id='word_1_659' title='bbox 2851 3402 3103 3472; x_wconf 89' lang='lat' dir='ltr'>episcopi</span> <span class='ocrx_word' id='word_1_660' title='bbox 3143 3404 3241 3472; x_wconf 89' lang='lat' dir='ltr'>qui</span> <span class='ocrx_word' id='word_1_661' title='bbox 3268 3409 3403 3455; x_wconf 89' lang='lat' dir='ltr'>tunc</span> <span class='ocrx_word' id='word_1_662' title='bbox 3444 3405 3788 3455; x_wconf 79' lang='lat' dir='ltr'>Treverorum</span> 
     </span>
    </p>
   </div>
   <div class='ocr_carea' id='block_1_94' title="bbox 2117 3491 3790 3560">
    <p class='ocr_par' dir='ltr' id='par_1_94' title="bbox 2117 3491 3790 3560">
     <span class='ocr_line' id='line_1_94' title="bbox 2117 3491 3790 3560; baseline -0.001 -17"><span class='ocrx_word' id='word_1_663' title='bbox 2117 3491 2461 3560; x_wconf 67' lang='lat' dir='ltr'>praesidebat</span> <span class='ocrx_word' id='word_1_664' title='bbox 2494 3491 2769 3555; x_wconf 60' lang='lat' dir='ltr'>Ecclesiae,</span> <span class='ocrx_word' id='word_1_665' title='bbox 2805 3491 3021 3544; x_wconf 82' lang='lat' dir='ltr'>Rustici</span> <span class='ocrx_word' id='word_1_666' title='bbox 3054 3492 3306 3555; x_wconf 87' lang='lat' dir='ltr'>nomine,</span> <span class='ocrx_word' id='word_1_667' title='bbox 3341 3493 3625 3555; x_wconf 82' lang='lat' dir='ltr'>venirent,</span> <span class='ocrx_word' id='word_1_668' title='bbox 3671 3507 3790 3560; x_wconf 82' lang='lat' dir='ltr'>quo-</span> 
     </span>
    </p>
   </div>
   <div class='ocr_carea' id='block_1_95' title="bbox 2117 3579 3786 3651">
    <p class='ocr_par' dir='ltr' id='par_1_95' title="bbox 2117 3579 3786 3651">
     <span class='ocr_line' id='line_1_95' title="bbox 2117 3579 3786 3651; baseline 0.001 -19"><span class='ocrx_word' id='word_1_669' title='bbox 2117 3596 2245 3632; x_wconf 91' lang='lat' dir='ltr'>rum</span> <span class='ocrx_word' id='word_1_670' title='bbox 2273 3580 2416 3632; x_wconf 89' lang='lat' dir='ltr'>alter</span> <span class='ocrx_word' id='word_1_671' title='bbox 2444 3580 2746 3645; x_wconf 84' lang='lat' dir='ltr'>Albuinus,</span> <span class='ocrx_word' id='word_1_672' title='bbox 2785 3580 2928 3632; x_wconf 90' lang='lat' dir='ltr'>alter</span> <span class='ocrx_word' id='word_1_673' title='bbox 2966 3580 3271 3633; x_wconf 89' lang='lat' dir='ltr'>vocabatur</span> <span class='ocrx_word' id='word_1_674' title='bbox 3316 3581 3640 3634; x_wconf 76' lang='lat' dir='ltr'>Adalwinus</span> <span class='ocrx_word' id='word_1_675' title='bbox 3690 3579 3786 3651; x_wconf 48' lang='lat' dir='ltr'>[at</span> 
     </span>
    </p>
   </div>
   <div class='ocr_carea' id='block_1_96' title="bbox 2117 3668 3793 3739">
    <p class='ocr_par' dir='ltr' id='par_1_96' title="bbox 2117 3668 3793 3739">
     <span class='ocr_line' id='line_1_96' title="bbox 2117 3668 3793 3739; baseline -0.002 -17"><span class='ocrx_word' id='word_1_676' title='bbox 2117 3668 2481 3737; x_wconf 84' lang='lat' dir='ltr'>Almannus],</span> <span class='ocrx_word' id='word_1_677' title='bbox 2509 3669 2760 3722; x_wconf 90' lang='lat' dir='ltr'>dicentes</span> <span class='ocrx_word' id='word_1_678' title='bbox 2808 3686 2865 3721; x_wconf 89' lang='lat' dir='ltr'>se</span> <span class='ocrx_word' id='word_1_679' title='bbox 2898 3687 2964 3722; x_wconf 88' lang='lat' dir='ltr'>ea</span> <span class='ocrx_word' id='word_1_680' title='bbox 3008 3686 3136 3739; x_wconf 84' lang='lat' dir='ltr'>quae</span> <span class='ocrx_word' id='word_1_681' title='bbox 3171 3670 3241 3722; x_wconf 90' lang='lat' dir='ltr'>ad</span> <span class='ocrx_word' id='word_1_682' title='bbox 3294 3670 3607 3722; x_wconf 89' lang='lat' dir='ltr'>luminaria</span> <span class='ocrx_word' id='word_1_683' title='bbox 3644 3669 3793 3722; x_wconf 82' lang='lat' dir='ltr'>eccle-</span> 
     </span>
    </p>
   </div>
   <div class='ocr_carea' id='block_1_97' title="bbox 2118 3757 3791 3828">
    <p class='ocr_par' dir='ltr' id='par_1_97' title="bbox 2118 3757 3791 3828">
     <span class='ocr_line' id='line_1_97' title="bbox 2118 3757 3791 3828; baseline -0.001 -19"><span class='ocrx_word' id='word_1_684' title='bbox 2118 3758 2217 3810; x_wconf 66' lang='lat' dir='ltr'>siae</span> <span class='ocrx_word' id='word_1_685' title='bbox 2248 3758 2307 3809; x_wconf 89' lang='grc' dir='ltr'>Β.</span> <span class='ocrx_word' id='word_1_686' title='bbox 2339 3757 2490 3810; x_wconf 90' lang='lat' dir='ltr'>Petri</span> <span class='ocrx_word' id='word_1_687' title='bbox 2524 3757 2678 3810; x_wconf 86' lang='lat' dir='ltr'>urbis</span> <span class='ocrx_word' id='word_1_688' title='bbox 2702 3757 2823 3827; x_wconf 88' lang='lat' dir='ltr'>jam</span> <span class='ocrx_word' id='word_1_689' title='bbox 2875 3758 3038 3811; x_wconf 63' lang='lat' dir='ltr'>dicta:</span> <span class='ocrx_word' id='word_1_690' title='bbox 3073 3759 3385 3811; x_wconf 89' lang='lat' dir='ltr'>necessaria</span> <span class='ocrx_word' id='word_1_691' title='bbox 3433 3764 3624 3811; x_wconf 88' lang='lat' dir='ltr'>essent</span> <span class='ocrx_word' id='word_1_692' title='bbox 3662 3773 3791 3828; x_wconf 54' lang='lat' dir='ltr'>quai-</span> 
     </span>
    </p>
   </div>
   <div class='ocr_carea' id='block_1_98' title="bbox 2118 3845 3795 3916">
    <p class='ocr_par' dir='ltr' id='par_1_98' title="bbox 2118 3845 3795 3916">
     <span class='ocr_line' id='line_1_98' title="bbox 2118 3845 3795 3916; baseline 0 -19"><span class='ocrx_word' id='word_1_693' title='bbox 2118 3845 2291 3899; x_wconf 86' lang='lat' dir='ltr'>situm</span> <span class='ocrx_word' id='word_1_694' title='bbox 2327 3845 2562 3899; x_wconf 89' lang='lat' dir='ltr'>venisse.</span> <span class='ocrx_word' id='word_1_695' title='bbox 2625 3845 2731 3909; x_wconf 89' lang='lat' dir='ltr'>Qui</span> <span class='ocrx_word' id='word_1_696' title='bbox 2782 3846 2918 3899; x_wconf 90' lang='lat' dir='ltr'>dum</span> <span class='ocrx_word' id='word_1_697' title='bbox 2977 3848 3237 3916; x_wconf 92' lang='lat' dir='ltr'>corporei</span> <span class='ocrx_word' id='word_1_698' title='bbox 3285 3847 3522 3900; x_wconf 90' lang='lat' dir='ltr'>luminis</span> <span class='ocrx_word' id='word_1_699' title='bbox 3569 3848 3795 3900; x_wconf 84' lang='lat' dir='ltr'>fomenta</span> 
     </span>
    </p>
   </div>
   <div class='ocr_carea' id='block_1_99' title="bbox 2121 3934 3794 4007">
    <p class='ocr_par' dir='ltr' id='par_1_99' title="bbox 2121 3934 3794 4007">
     <span class='ocr_line' id='line_1_99' title="bbox 2121 3934 3794 4007; baseline -0.001 -21"><span class='ocrx_word' id='word_1_700' title='bbox 2121 3934 2439 4004; x_wconf 90' lang='lat' dir='ltr'>requirunt,</span> <span class='ocrx_word' id='word_1_701' title='bbox 2473 3936 2561 3987; x_wconf 86' lang='lat' dir='ltr'>vel</span> <span class='ocrx_word' id='word_1_702' title='bbox 2595 3936 2774 4004; x_wconf 89' lang='lat' dir='ltr'>magis</span> <span class='ocrx_word' id='word_1_703' title='bbox 2805 3951 2862 3987; x_wconf 88' lang='lat' dir='ltr'>se</span> <span class='ocrx_word' id='word_1_704' title='bbox 2888 3951 3146 4005; x_wconf 63' lang='lat' dir='ltr'>quaerere</span> <span class='ocrx_word' id='word_1_705' title='bbox 3176 3936 3558 4002; x_wconf 87' lang='lat' dir='ltr'>mentiuntur,</span> <span class='ocrx_word' id='word_1_706' title='bbox 3613 3936 3794 4007; x_wconf 83' lang='lat' dir='ltr'>quibus</span> 
     </span>
    </p>
   </div>
   <div class='ocr_carea' id='block_1_100' title="bbox 2118 4022 3795 4080">
    <p class='ocr_par' dir='ltr' id='par_1_100' title="bbox 2118 4022 3795 4080">
     <span class='ocr_line' id='line_1_100' title="bbox 2118 4022 3795 4080; baseline -0.001 -4"><span class='ocrx_word' id='word_1_707' title='bbox 2118 4022 2523 4077; x_wconf 57' lang='lat' dir='ltr'>malivolentiae.</span> <span class='ocrx_word' id='word_1_708' title='bbox 2572 4024 2819 4077; x_wconf 89' lang='lat' dir='ltr'>tenebris</span> <span class='ocrx_word' id='word_1_709' title='bbox 2864 4026 3056 4078; x_wconf 64' lang='lat' dir='ltr'>caecati</span> <span class='ocrx_word' id='word_1_710' title='bbox 3106 4030 3297 4078; x_wconf 88' lang='lat' dir='ltr'>essent</span> <span class='ocrx_word' id='word_1_711' title='bbox 3337 4026 3522 4080; x_wconf 85' lang='lat' dir='ltr'>celare</span> <span class='ocrx_word' id='word_1_712' title='bbox 3581 4026 3795 4079; x_wconf 85' lang='lat' dir='ltr'>minime</span> 
     </span>
    </p>
   </div>
   <div class='ocr_carea' id='block_1_101' title="bbox 2119 4117 2450 4182">
    <p class='ocr_par' dir='ltr' id='par_1_101' title="bbox 2119 4117 2450 4182">
     <span class='ocr_line' id='line_1_101' title="bbox 2119 4117 2450 4182; baseline 0 -17"><span class='ocrx_word' id='word_1_713' title='bbox 2119 4117 2450 4182; x_wconf 89' lang='lat' dir='ltr'>potuerunt.</span> 
     </span>
    </p>
   </div>
   <div class='ocr_carea' id='block_1_102' title="bbox 2542 4201 3384 4273">
    <p class='ocr_par' dir='ltr' id='par_1_102' title="bbox 2542 4201 3384 4273">
     <span class='ocr_line' id='line_1_102' title="bbox 2542 4201 3384 4273; baseline 0.002 -18"><span class='ocrx_word' id='word_1_714' title='bbox 2542 4202 2848 4255; x_wconf 86' lang='lat' dir='ltr'>Accusatur</span> <span class='ocrx_word' id='word_1_715' title='bbox 2876 4201 3029 4270; x_wconf 87' lang='lat' dir='ltr'>apud</span> <span class='ocrx_word' id='word_1_716' title='bbox 3061 4204 3384 4273; x_wconf 85' lang='lat' dir='ltr'>episcopum.</span> 
     </span>
    </p>
   </div>
   <div class='ocr_carea' id='block_1_103' title="bbox 2194 4306 3791 4381">
    <p class='ocr_par' dir='ltr' id='par_1_103' title="bbox 2194 4306 3791 4381">
     <span class='ocr_line' id='line_1_103' title="bbox 2194 4306 3791 4381; baseline 0.001 -22"><span class='ocrx_word' id='word_1_717' title='bbox 2194 4308 2278 4360; x_wconf 87' lang='grc'>10.</span> <span class='ocrx_word' id='word_1_718' title='bbox 2323 4308 2464 4359; x_wconf 82' lang='lat' dir='ltr'>Nam</span> <span class='ocrx_word' id='word_1_719' title='bbox 2513 4306 2572 4360; x_wconf 92' lang='lat' dir='ltr'>hi</span> <span class='ocrx_word' id='word_1_720' title='bbox 2604 4307 2859 4361; x_wconf 89' lang='lat' dir='ltr'>videntes</span> <span class='ocrx_word' id='word_1_721' title='bbox 2897 4324 3024 4377; x_wconf 64' lang='lat' dir='ltr'>quae</span> <span class='ocrx_word' id='word_1_722' title='bbox 3080 4325 3276 4361; x_wconf 89' lang='lat' dir='ltr'>servus</span> <span class='ocrx_word' id='word_1_723' title='bbox 3334 4310 3544 4363; x_wconf 86' lang='lat' dir='ltr'>Christi</span> <span class='ocrx_word' id='word_1_724' title='bbox 3601 4316 3791 4381; x_wconf 84' lang='lat' dir='ltr'>ageret,</span> 
     </span>
    </p>
   </div>
   <div class='ocr_carea' id='block_1_104' title="bbox 2120 4396 3792 4465">
    <p class='ocr_par' dir='ltr' id='par_1_104' title="bbox 2120 4396 3792 4465">
     <span class='ocr_line' id='line_1_104' title="bbox 2120 4396 3792 4465; baseline 0 -17"><span class='ocrx_word' id='word_1_725' title='bbox 2120 4396 2274 4465; x_wconf 92' lang='lat' dir='ltr'>quod</span> <span class='ocrx_word' id='word_1_726' title='bbox 2306 4396 2516 4449; x_wconf 91' lang='lat' dir='ltr'>scilicet</span> <span class='ocrx_word' id='word_1_727' title='bbox 2548 4397 2645 4450; x_wconf 90' lang='lat' dir='ltr'>Dei</span> <span class='ocrx_word' id='word_1_728' title='bbox 2673 4398 2911 4450; x_wconf 90' lang='lat' dir='ltr'>verbum</span> <span class='ocrx_word' id='word_1_729' title='bbox 2942 4398 3012 4451; x_wconf 90' lang='lat' dir='ltr'>ad</span> <span class='ocrx_word' id='word_1_730' title='bbox 3049 4414 3106 4451; x_wconf 91' lang='lat' dir='ltr'>se</span> <span class='ocrx_word' id='word_1_731' title='bbox 3138 4398 3501 4451; x_wconf 90' lang='lat' dir='ltr'>venientibus</span> <span class='ocrx_word' id='word_1_732' title='bbox 3544 4402 3792 4453; x_wconf 87' lang='lat' dir='ltr'>continue</span> 
     </span>
    </p>
   </div>
   <div class='ocr_carea' id='block_1_105' title="bbox 2118 4484 3793 4558">
    <p class='ocr_par' dir='ltr' id='par_1_105' title="bbox 2118 4484 3793 4558">
     <span class='ocr_line' id='line_1_105' title="bbox 2118 4484 3793 4558; baseline 0.001 -21"><span class='ocrx_word' id='word_1_733' title='bbox 2118 4484 2470 4553; x_wconf 64' lang='lat' dir='ltr'>prmdicaret,</span> <span class='ocrx_word' id='word_1_734' title='bbox 2513 4486 2669 4555; x_wconf 90' lang='lat' dir='ltr'>quod</span> <span class='ocrx_word' id='word_1_735' title='bbox 2699 4486 2952 4555; x_wconf 90' lang='lat' dir='ltr'>quotidie</span> <span class='ocrx_word' id='word_1_736' title='bbox 2998 4488 3067 4541; x_wconf 90' lang='lat' dir='ltr'>ab</span> <span class='ocrx_word' id='word_1_737' title='bbox 3115 4492 3247 4542; x_wconf 89' lang='lat' dir='ltr'>ortu</span> <span class='ocrx_word' id='word_1_738' title='bbox 3292 4488 3435 4540; x_wconf 91' lang='lat' dir='ltr'>lucis</span> <span class='ocrx_word' id='word_1_739' title='bbox 3484 4489 3793 4558; x_wconf 69' lang='lat' dir='ltr'>psalmodiae</span> 
     </span>
    </p>
   </div>
   <div class='ocr_carea' id='block_1_106' title="bbox 2116 4572 3793 4644">
    <p class='ocr_par' dir='ltr' id='par_1_106' title="bbox 2116 4572 3793 4644">
     <span class='ocr_line' id='line_1_106' title="bbox 2116 4572 3793 4644; baseline 0.001 -18"><span class='ocrx_word' id='word_1_740' title='bbox 2116 4572 2316 4627; x_wconf 89' lang='lat' dir='ltr'>laudes</span> <span class='ocrx_word' id='word_1_741' title='bbox 2351 4582 2371 4606; x_wconf 77' lang='grc' dir='ltr'><strong>ο</strong></span> <span class='ocrx_word' id='word_1_742' title='bbox 2400 4574 2620 4627; x_wconf 89' lang='lat' dir='ltr'>Christo</span> <span class='ocrx_word' id='word_1_743' title='bbox 2670 4576 3016 4644; x_wconf 88' lang='lat' dir='ltr'>persolvens,</span> <span class='ocrx_word' id='word_1_744' title='bbox 3066 4581 3121 4629; x_wconf 91' lang='lat' dir='ltr'>et</span> <span class='ocrx_word' id='word_1_745' title='bbox 3162 4578 3362 4629; x_wconf 88' lang='lat' dir='ltr'>missas</span> <span class='ocrx_word' id='word_1_746' title='bbox 3412 4577 3622 4631; x_wconf 87' lang='lat' dir='ltr'>deinde</span> <span class='ocrx_word' id='word_1_747' title='bbox 3677 4579 3793 4631; x_wconf 79' lang='lat' dir='ltr'>cele-</span> 
     </span>
    </p>
   </div>
   <div class='ocr_carea' id='block_1_107' title="bbox 2116 4662 3791 4737">
    <p class='ocr_par' dir='ltr' id='par_1_107' title="bbox 2116 4662 3791 4737">
     <span class='ocr_line' id='line_1_107' title="bbox 2116 4662 3791 4737; baseline 0 -22"><span class='ocrx_word' id='word_1_748' title='bbox 2116 4662 2305 4728; x_wconf 90' lang='lat' dir='ltr'>brans,</span> <span class='ocrx_word' id='word_1_749' title='bbox 2331 4668 2526 4732; x_wconf 90' lang='lat' dir='ltr'>postea</span> <span class='ocrx_word' id='word_1_750' title='bbox 2550 4679 2678 4715; x_wconf 90' lang='lat' dir='ltr'>cum</span> <span class='ocrx_word' id='word_1_751' title='bbox 2724 4664 3043 4734; x_wconf 89' lang='lat' dir='ltr'>peregrinis</span> <span class='ocrx_word' id='word_1_752' title='bbox 3083 4670 3139 4718; x_wconf 91' lang='lat' dir='ltr'>et</span> <span class='ocrx_word' id='word_1_753' title='bbox 3188 4666 3543 4735; x_wconf 89' lang='lat' dir='ltr'>pauperibus</span> <span class='ocrx_word' id='word_1_754' title='bbox 3600 4667 3694 4737; x_wconf 87' lang='lat' dir='ltr'>qui</span> <span class='ocrx_word' id='word_1_755' title='bbox 3738 4663 3791 4716; x_wconf 82' lang='lat' dir='ltr'>ad</span> 
     </span>
    </p>
   </div>
   <div class='ocr_carea' id='block_1_108' title="bbox 2115 4752 3793 4823">
    <p class='ocr_par' dir='ltr' id='par_1_108' title="bbox 2115 4752 3793 4823">
     <span class='ocr_line' id='line_1_108' title="bbox 2115 4752 3793 4823; baseline 0.001 -21"><span class='ocrx_word' id='word_1_756' title='bbox 2115 4766 2173 4803; x_wconf 88' lang='lat' dir='ltr'>se</span> <span class='ocrx_word' id='word_1_757' title='bbox 2203 4752 2491 4805; x_wconf 89' lang='lat' dir='ltr'>venissent</span> <span class='ocrx_word' id='word_1_758' title='bbox 2521 4752 2845 4821; x_wconf 89' lang='lat' dir='ltr'>pranderet,</span> <span class='ocrx_word' id='word_1_759' title='bbox 2884 4769 3012 4823; x_wconf 63' lang='lat' dir='ltr'>quas</span> <span class='ocrx_word' id='word_1_760' title='bbox 3060 4759 3212 4806; x_wconf 89' lang='lat' dir='ltr'>certe</span> <span class='ocrx_word' id='word_1_761' title='bbox 3260 4755 3355 4806; x_wconf 90' lang='lat' dir='ltr'>ille</span> <span class='ocrx_word' id='word_1_762' title='bbox 3404 4754 3594 4807; x_wconf 89' lang='lat' dir='ltr'>studio</span> <span class='ocrx_word' id='word_1_763' title='bbox 3642 4752 3793 4806; x_wconf 87' lang='lat' dir='ltr'>chari-</span> 
     </span>
    </p>
   </div>
   <div class='ocr_carea' id='block_1_109' title="bbox 2114 4838 3790 4909">
    <p class='ocr_par' dir='ltr' id='par_1_109' title="bbox 2114 4838 3790 4909">
     <span class='ocr_line' id='line_1_109' title="bbox 2114 4838 3790 4909; baseline -0.001 -19"><span class='ocrx_word' id='word_1_764' title='bbox 2114 4839 2246 4891; x_wconf 87' lang='lat' dir='ltr'>tatis</span> <span class='ocrx_word' id='word_1_765' title='bbox 2296 4844 2351 4892; x_wconf 83' lang='lat' dir='ltr'>et</span> <span class='ocrx_word' id='word_1_766' title='bbox 2402 4838 2683 4893; x_wconf 87' lang='lat' dir='ltr'>indefesso</span> <span class='ocrx_word' id='word_1_767' title='bbox 2740 4856 2847 4893; x_wconf 91' lang='lat' dir='ltr'>usu</span> <span class='ocrx_word' id='word_1_768' title='bbox 2898 4840 3333 4906; x_wconf 63' lang='lat' dir='ltr'>benevolentiae,</span> <span class='ocrx_word' id='word_1_769' title='bbox 3394 4858 3511 4895; x_wconf 87' lang='lat' dir='ltr'>non</span> <span class='ocrx_word' id='word_1_770' title='bbox 3573 4842 3790 4909; x_wconf 81' lang='lat' dir='ltr'>alicujus</span> 
     </span>
    </p>
   </div>
   <div class='ocr_carea' id='block_1_110' title="bbox 2114 4963 3787 5036">
    <p class='ocr_par' dir='ltr' id='par_1_110' title="bbox 2114 4963 3787 5036">
     <span class='ocr_line' id='line_1_110' title="bbox 2114 4963 3787 5036; baseline 0.001 -20"><span class='ocrx_word' id='word_1_771' title='bbox 2114 4963 2443 5033; x_wconf 84' lang='lat' dir='ltr'>Plerumque</span> <span class='ocrx_word' id='word_1_772' title='bbox 2500 4980 2688 5019; x_wconf 81' lang='lat' dir='ltr'>cursus</span> <span class='ocrx_word' id='word_1_773' title='bbox 2753 4970 2803 5018; x_wconf 90' lang='lat' dir='ltr'>et</span> <span class='ocrx_word' id='word_1_774' title='bbox 2867 4968 3061 5019; x_wconf 88' lang='lat' dir='ltr'>missas</span> <span class='ocrx_word' id='word_1_775' title='bbox 3098 4967 3424 5034; x_wconf 84' lang='lat' dir='ltr'>negligebat,</span> <span class='ocrx_word' id='word_1_776' title='bbox 3489 4969 3677 5036; x_wconf 84' lang='lat' dir='ltr'>bonas,</span> <span class='ocrx_word' id='word_1_777' title='bbox 3721 4971 3787 5019; x_wconf 82' lang='lat' dir='ltr'>in-</span> 
     </span>
    </p>
   </div>
   <div class='ocr_carea' id='block_1_111' title="bbox 2113 5036 3789 5106">
    <p class='ocr_par' dir='ltr' id='par_1_111' title="bbox 2113 5036 3789 5106">
     <span class='ocr_line' id='line_1_111' title="bbox 2113 5036 3789 5106; baseline 0.002 -20"><span class='ocrx_word' id='word_1_778' title='bbox 2113 5037 2323 5101; x_wconf 76' lang='lat' dir='ltr'>quiens,</span> <span class='ocrx_word' id='word_1_779' title='bbox 2369 5038 2563 5089; x_wconf 85' lang='lat' dir='ltr'>missas</span> <span class='ocrx_word' id='word_1_780' title='bbox 2590 5036 2920 5102; x_wconf 84' lang='lat' dir='ltr'>audivimus,</span> <span class='ocrx_word' id='word_1_781' title='bbox 2966 5053 3086 5090; x_wconf 88' lang='lat' dir='ltr'>cum</span> <span class='ocrx_word' id='word_1_782' title='bbox 3122 5052 3229 5100; x_wconf 86' lang='lat' dir='ltr'>eas,</span> <span class='ocrx_word' id='word_1_783' title='bbox 3281 5042 3377 5106; x_wconf 89' lang='lat' dir='ltr'>agi</span> <span class='ocrx_word' id='word_1_784' title='bbox 3422 5040 3689 5094; x_wconf 81' lang='lat' dir='ltr'>docemus.</span> <span class='ocrx_word' id='word_1_785' title='bbox 3738 5040 3789 5090; x_wconf 75' lang='lat' dir='ltr'>Et</span> 
     </span>
    </p>
   </div>
   <div class='ocr_carea' id='block_1_112' title="bbox 2111 5106 3785 5177">
    <p class='ocr_par' dir='ltr' id='par_1_112' title="bbox 2111 5106 3785 5177">
     <span class='ocr_line' id='line_1_112' title="bbox 2111 5106 3785 5177; baseline 0.003 -20"><span class='ocrx_word' id='word_1_786' title='bbox 2111 5106 2402 5159; x_wconf 85' lang='lat' dir='ltr'>Hariulfus</span> <span class='ocrx_word' id='word_1_787' title='bbox 2420 5108 2611 5159; x_wconf 71' lang='lat' dir='ltr'>saeculi</span> <span class='ocrx_word' id='word_1_788' title='bbox 2635 5123 2687 5159; x_wconf 82' lang='lat' dir='ltr'><strong>x1</strong></span> <span class='ocrx_word' id='word_1_789' title='bbox 2719 5109 2961 5177; x_wconf 89' lang='lat' dir='ltr'>scriptor</span> <span class='ocrx_word' id='word_1_790' title='bbox 2994 5108 3053 5159; x_wconf 86' lang='lat' dir='ltr'>in</span> <span class='ocrx_word' id='word_1_791' title='bbox 3084 5110 3293 5163; x_wconf 88' lang='lat' dir='ltr'>Chron.</span> <span class='ocrx_word' id='word_1_792' title='bbox 3331 5110 3553 5163; x_wconf 88' lang='lat' dir='ltr'>Centul.</span> <span class='ocrx_word' id='word_1_793' title='bbox 3597 5113 3695 5164; x_wconf 86' lang='lat' dir='ltr'>lib.</span> <span class='ocrx_word' id='word_1_794' title='bbox 3728 5125 3785 5171; x_wconf 69' lang='lat' dir='ltr'>IV,</span> 
     </span>
    </p>
   </div>
   <div class='ocr_carea' id='block_1_113' title="bbox 2111 5177 3788 5249">
    <p class='ocr_par' dir='ltr' id='par_1_113' title="bbox 2111 5177 3788 5249">
     <span class='ocr_line' id='line_1_113' title="bbox 2111 5177 3788 5249; baseline 0.001 -21"><span class='ocrx_word' id='word_1_795' title='bbox 2111 5192 2233 5245; x_wconf 89' lang='lat' dir='ltr'>cap.</span> <span class='ocrx_word' id='word_1_796' title='bbox 2270 5179 2357 5249; x_wconf 76' lang='lat'>35,</span> <span class='ocrx_word' id='word_1_797' title='bbox 2392 5177 2462 5229; x_wconf 90' lang='lat' dir='ltr'>de</span> <span class='ocrx_word' id='word_1_798' title='bbox 2501 5178 2742 5231; x_wconf 87' lang='lat' dir='ltr'>Gervino</span> <span class='ocrx_word' id='word_1_799' title='bbox 2774 5178 2975 5231; x_wconf 89' lang='lat' dir='ltr'>abbate</span> <span class='ocrx_word' id='word_1_800' title='bbox 3008 5179 3067 5231; x_wconf 90' lang='lat' dir='ltr'>in</span> <span class='ocrx_word' id='word_1_801' title='bbox 3111 5181 3379 5231; x_wconf 86' lang='lat' dir='ltr'>extremis</span> <span class='ocrx_word' id='word_1_802' title='bbox 3420 5184 3627 5249; x_wconf 85' lang='lat' dir='ltr'>posito.</span> <span class='ocrx_word' id='word_1_803' title='bbox 3663 5184 3788 5233; x_wconf 81' lang='lat' dir='ltr'>Cur—</span> 
     </span>
    </p>
   </div>
   <div class='ocr_carea' id='block_1_114' title="bbox 2108 5248 3789 5315">
    <p class='ocr_par' dir='ltr' id='par_1_114' title="bbox 2108 5248 3789 5315">
     <span class='ocr_line' id='line_1_114' title="bbox 2108 5248 3789 5315; baseline 0.002 -17"><span class='ocrx_word' id='word_1_804' title='bbox 2108 5261 2221 5312; x_wconf 86' lang='lat' dir='ltr'>sus,</span> <span class='ocrx_word' id='word_1_805' title='bbox 2266 5248 2470 5315; x_wconf 89' lang='lat' dir='ltr'>inquit,</span> <span class='ocrx_word' id='word_1_806' title='bbox 2521 5250 2798 5315; x_wconf 82' lang='lat' dir='ltr'>spiritales</span> <span class='ocrx_word' id='word_1_807' title='bbox 2829 5264 3006 5302; x_wconf 89' lang='lat' dir='ltr'>coram</span> <span class='ocrx_word' id='word_1_808' title='bbox 3037 5265 3093 5302; x_wconf 86' lang='lat' dir='ltr'>eo</span> <span class='ocrx_word' id='word_1_809' title='bbox 3138 5248 3468 5304; x_wconf 79' lang='lat' dir='ltr'>incessanter</span> <span class='ocrx_word' id='word_1_810' title='bbox 3496 5254 3789 5305; x_wconf 80' lang='lat' dir='ltr'>recitaban-</span> 
     </span>
    </p>
   </div>
   <div class='ocr_carea' id='block_1_115' title="bbox 2110 5316 3787 5392">
    <p class='ocr_par' dir='ltr' id='par_1_115' title="bbox 2110 5316 3787 5392">
     <span class='ocr_line' id='line_1_115' title="bbox 2110 5316 3787 5392; baseline 0.001 -23"><span class='ocrx_word' id='word_1_811' title='bbox 2110 5316 2674 5392; x_wconf 70' lang='lat' dir='ltr'>tur._0bse_rvandum</span> <span class='ocrx_word' id='word_1_812' title='bbox 2708 5336 2840 5371; x_wconf 86' lang='lat' dir='ltr'>vero</span> <span class='ocrx_word' id='word_1_813' title='bbox 2868 5328 2971 5384; x_wconf 89' lang='lat' dir='ltr'>est,</span> <span class='ocrx_word' id='word_1_814' title='bbox 3005 5326 3265 5373; x_wconf 86' lang='lat' dir='ltr'>auctores</span> <span class='ocrx_word' id='word_1_815' title='bbox 3309 5323 3672 5392; x_wconf 89' lang='lat' dir='ltr'>antiquiores</span> <span class='ocrx_word' id='word_1_816' title='bbox 3710 5321 3787 5391; x_wconf 83' lang='lat' dir='ltr'>qui</span> 
     </span>
    </p>
   </div>
   <div class='ocr_carea' id='block_1_116' title="bbox 2108 5388 3785 5459">
    <p class='ocr_par' dir='ltr' id='par_1_116' title="bbox 2108 5388 3785 5459">
     <span class='ocr_line' id='line_1_116' title="bbox 2108 5388 3785 5459; baseline 0.002 -20"><span class='ocrx_word' id='word_1_817' title='bbox 2108 5389 2177 5440; x_wconf 91' lang='lat' dir='ltr'>ad</span> <span class='ocrx_word' id='word_1_818' title='bbox 2210 5388 2393 5441; x_wconf 88' lang='lat' dir='ltr'>Caroli</span> <span class='ocrx_word' id='word_1_819' title='bbox 2434 5390 2617 5457; x_wconf 84' lang='lat' dir='ltr'>Magni</span> <span class='ocrx_word' id='word_1_820' title='bbox 2667 5396 2929 5459; x_wconf 87' lang='lat' dir='ltr'>tempora</span> <span class='ocrx_word' id='word_1_821' title='bbox 2960 5408 3023 5443; x_wconf 87' lang='lat' dir='ltr'>ea</span> <span class='ocrx_word' id='word_1_822' title='bbox 3055 5407 3189 5444; x_wconf 88' lang='lat' dir='ltr'>voce</span> <span class='ocrx_word' id='word_1_823' title='bbox 3245 5392 3329 5443; x_wconf 90' lang='lat' dir='ltr'>usi</span> <span class='ocrx_word' id='word_1_824' title='bbox 3381 5388 3534 5459; x_wconf 79' lang='lat' dir='ltr'>sunt,</span> <span class='ocrx_word' id='word_1_825' title='bbox 3598 5388 3785 5448; x_wconf 75' lang='lat' dir='ltr'>cursum</span> 
     </span>
    </p>
   </div>
   <div class='ocr_carea' id='block_1_117' title="bbox 2108 5458 3786 5530">
    <p class='ocr_par' dir='ltr' id='par_1_117' title="bbox 2108 5458 3786 5530">
     <span class='ocr_line' id='line_1_117' title="bbox 2108 5458 3786 5530; baseline 0.003 -21"><span class='ocrx_word' id='word_1_826' title='bbox 2108 5458 2230 5510; x_wconf 89' lang='lat' dir='ltr'>sine</span> <span class='ocrx_word' id='word_1_827' title='bbox 2261 5459 2449 5511; x_wconf 90' lang='lat' dir='ltr'>addito</span> <span class='ocrx_word' id='word_1_828' title='bbox 2486 5460 2691 5528; x_wconf 87' lang='lat' dir='ltr'>passim</span> <span class='ocrx_word' id='word_1_829' title='bbox 2740 5458 3044 5529; x_wconf 79' lang='lat' dir='ltr'>protulisse</span> <span class='ocrx_word' id='word_1_830' title='bbox 3075 5478 3086 5514; x_wconf 94' lang='lat'>:</span> <span class='ocrx_word' id='word_1_831' title='bbox 3124 5463 3471 5530; x_wconf 89' lang='lat' dir='ltr'>posteriores</span> <span class='ocrx_word' id='word_1_832' title='bbox 3522 5458 3657 5518; x_wconf 85' lang='lat' dir='ltr'>vero</span> <span class='ocrx_word' id='word_1_833' title='bbox 3688 5480 3786 5517; x_wconf 85' lang='lat' dir='ltr'>cur-</span> 
     </span>
    </p>
   </div>
   <div class='ocr_carea' id='block_1_118' title="bbox 2105 5530 3783 5652">
    <p class='ocr_par' dir='ltr' id='par_1_118' title="bbox 2105 5530 3783 5652">
     <span class='ocr_line' id='line_1_118' title="bbox 2105 5530 3783 5652; baseline 0.002 -71"><span class='ocrx_word' id='word_1_834' title='bbox 2105 5530 2572 5652; x_wconf 49' lang='lat' dir='ltr'>squrlibpsalmodia</span> <span class='ocrx_word' id='word_1_835' title='bbox 2614 5547 2711 5583; x_wconf 90' lang='lat' dir='ltr'>seu</span> <span class='ocrx_word' id='word_1_836' title='bbox 2773 5546 2961 5586; x_wconf 82' lang='lat' dir='ltr'>cursus</span> <span class='ocrx_word' id='word_1_837' title='bbox 2992 5534 3266 5600; x_wconf 82' lang='lat' dir='ltr'>spiritales</span> <span class='ocrx_word' id='word_1_838' title='bbox 3319 5538 3405 5586; x_wconf 87' lang='lat' dir='ltr'>vel</span> <span class='ocrx_word' id='word_1_839' title='bbox 3447 5536 3588 5604; x_wconf 91' lang='lat' dir='ltr'>quid</span> <span class='ocrx_word' id='word_1_840' title='bbox 3623 5536 3783 5588; x_wconf 83' lang='lat' dir='ltr'>simile</span> 
     </span>
     <span class='ocr_line' id='line_1_119' title="bbox 2105 5615 2451 5652; baseline 0 -1"><span class='ocrx_word' id='word_1_841' title='bbox 2105 5615 2136 5651; x_wconf 90' lang='lat' dir='ltr'>a</span> <span class='ocrx_word' id='word_1_842' title='bbox 2224 5616 2235 5651; x_wconf 85' lang='grc' dir='ltr'><strong><em>ι</em></strong></span> <span class='ocrx_word' id='word_1_843' title='bbox 2286 5615 2451 5652; x_wconf 83' lang='lat' dir='ltr'>nisse.</span> 
     </span>
    </p>
   </div>
   <div class='ocr_carea' id='block_1_119' title="bbox 2104 5615 2451 5653">
    <p class='ocr_par' dir='ltr' id='par_1_119' title="bbox 2104 5615 2451 5653">
     <span class='ocr_line' id='line_1_120' title="bbox 2104 5615 2451 5653; baseline 0 -2"><span class='ocrx_word' id='word_1_844' title='bbox 2104 5615 2451 5653; x_wconf 71' lang='grc' dir='ltr'>ᾶαιιωυιεερ.</span> 
     </span>
    </p>
   </div>
  </div>
