3846 6244
4 339 36 383 ἶ
1131 337 1222 390 DE
1266 335 1420 390 VITA
1461 337 1543 390 ET
1583 336 1956 392 MIRACULIS
1994 338 2056 392 S.
2102 337 2384 394 GOARIS.

3407 351 3510 403 646

4 471 465 541 exuperantiae
514 469 651 523 vitio
694 468 973 522 faciebat:
1008 473 1073 520 ut
1116 468 1279 520 malis
1310 472 1393 520 est
1441 467 1558 520 vita
1595 467 1703 520 bo-
1740 474 1784 524 Α
1816 484 1918 536 pro
1946 469 2140 522 labore
2191 469 2318 523 illos
2350 470 2451 524 vias
2497 472 2709 540 refecit,
2761 474 2881 545 ipse
2915 479 2974 529 ut
3019 485 3396 533 consueverat
3444 483 3505 535 in

7 572 118 609 ru
139 575 214 612 ω
252 560 466 630 gravis,
501 557 760 612 arbitrati
791 563 925 609 sunt
950 573 1007 609 se
1038 556 1291 626 aliquam
1317 563 1513 608 nactos
1548 571 1708 608 occa-

3 661 245 708 .nem,
300 664 416 717 qua
461 663 684 699 servum
738 645 839 698 Dei
886 661 1169 710 accusare,
1220 645 1511 713 vitamque
1558 645 1709 696 illius

9 743 240 789 ssent
268 739 638 807 aliquatenus
676 736 993 788 infamare:
1032 734 1110 786 ita
1145 733 1215 786 ad
1266 739 1577 802 patronum
1617 749 1708 785 re-

7 830 268 889 untes,
323 831 619 894 cmperunt
662 825 772 877 alia
802 840 906 892 pro
932 823 1058 875 aliis
1104 822 1448 874 mentientes
1495 821 1705 887 dicere,

4 913 215 967 disse
252 931 314 968 se
347 916 404 968 in
439 915 539 967 illo
570 929 698 984 qua:
742 913 808 966 ad
847 912 1350 982 reprehensionem
1391 917 1446 964 et
1481 911 1709 964 destru-

3 1002 261 1056 ionem
323 1003 572 1056 aliorum
631 1002 888 1055 valerent
937 1001 1278 1070 plurimum,
1336 1000 1527 1069 ipsum
1590 1015 1709 1052 esse

4 1106 255 1144 sarem
287 1092 474 1161 magis
504 1091 731 1144 edacem
763 1090 996 1159 vinique
1027 1094 1374 1159 potatorem,
1408 1103 1578 1158 quam
1608 1087 1708 1141 Dei

7 1181 176 1233 uod
275 1185 514 1251 putetur
594 1180 664 1232 ab
739 1177 1220 1248 imprudentibus)
1296 1177 1706 1230 sacerdotem:

4 1269 228 1338 nippe
267 1269 372 1340 qui
407 1284 572 1322 mane
604 1269 866 1322 comedat
892 1285 956 1321 ac
994 1268 1170 1329 bibat,
1203 1283 1306 1319 nec
1351 1266 1528 1336 possit
1574 1281 1707 1318 con-

3 1363 241 1409 ietum
291 1356 420 1408 aliis
452 1355 890 1425 legitimumque
930 1353 1043 1407 cibi
1093 1352 1358 1406 sumendi
1399 1358 1625 1421 tempus
1656 1355 1712 1404 et

15 1445 252 1496 odum
311 1460 575 1497 servare:
642 1449 698 1497 et
749 1443 847 1513 qui
908 1445 1228 1511 propterea
1277 1440 1569 1510 praedicet,
1649 1445 1713 1492 ut

4 1539 253 1586 stentu
298 1533 606 1586 verborum
655 1532 794 1584 vitia
843 1547 1073 1583 morum
1120 1530 1284 1594 celet,
1319 1529 1545 1599 aliaque
1576 1545 1708 1598 per-

3 1622 166 1673 lura
221 1626 386 1689 gerat
437 1637 562 1691 quae
595 1621 702 1673 nisi
751 1620 965 1672 fuerint
1012 1618 1347 1672 auctoritate
1399 1615 1711 1686 pontiﬁcali

4 1709 287 1773 )hibita,
322 1709 430 1778 ipsi
473 1712 736 1778 episcopo
773 1708 885 1760 sint
931 1707 1294 1760 contumeliis
1339 1713 1392 1758 et
1424 1706 1705 1775 vitupera-

4 1798 181 1850 .onis
238 1798 521 1850 maculam
567 1797 815 1861 illatura,
864 1803 1139 1866 tanquam
1190 1796 1288 1865 qui
1340 1795 1460 1847 hinc
1507 1794 1565 1846 in
1610 1810 1712 1846 sua

4 1886 244 1939 imcesi
281 1887 350 1939 ab
393 1886 626 1939 homine
675 1886 998 1954 alienigena
1030 1891 1084 1937 et
1124 1889 1315 1937 mente
1366 1887 1533 1952 capto
1585 1881 1712 1934 ﬁeri

3 1977 174 2026 inat.
220 1975 438 2028 Debere
467 1976 705 2028 Goarem
743 1973 987 2042 publicis
1027 1972 1286 2025 Ecclesiae
1319 1970 1711 2039 sistijudiciis,

4 2080 181 2114 σοι-ι]
198 2079 374 2133 mque
416 2069 646 2116 actuum
689 2063 926 2116 reddere
967 2062 1271 2126 rationem,
1304 2077 1374 2112 ne
1410 2059 1714 2112 insolentia

4 2168 289 2205 .oncessa
317 2157 532 2205 crescat
575 2153 633 2204 in
663 2152 824 2214 alios,
859 2156 916 2203 et
947 2166 1060 2220 quo
1093 2150 1352 2217 pluribus
1382 2149 1463 2201 ita
1491 2147 1716 2201 licuerit

4 2258 208 2310 .gere,
247 2241 352 2294 hoc
379 2240 722 2312 pontiﬁcalis
753 2240 1061 2292 auctoritas
1093 2239 1338 2308 amplius
1369 2238 1712 2290 inﬁrmetur.

7 2333 130 2384 (ωε
185 2331 264 2383 ab
306 2331 389 2383 cis
430 2329 781 2395 dicebantur,
829 2329 922 2382 sed
971 2328 1106 2381 dum
1160 2343 1318 2380 servo
1362 2326 1567 2381 Christi
1617 2342 1714 2378 ca-

8 2419 302 2470 umniam
345 2421 594 2483 struunt,
641 2416 835 2468 divino
881 2414 1098 2484 judicio
1142 2419 1197 2467 et
1239 2413 1416 2467 sancti
1447 2413 1553 2466 viri
1600 2413 1714 2465 cla-

4 2507 232 2559 'iorem
281 2505 524 2576 reliquis
569 2503 900 2558 hominibus
951 2504 1123 2556 vitam
1173 2503 1453 2570 fecerunt,
1496 2507 1552 2556 et
1604 2501 1716 2572 ipsi

4 2612 185 2665 {nam
223 2600 412 2647 essent
443 2593 796 2646 damnabiles
827 2592 1218 2646 innatuerunt.

360 2700 453 2755 Ad
482 2701 719 2768 episcopi
739 2699 1011 2767 judicium
1037 2704 1381 2768 provocatur.

67 2809 163 2857 Η.
208 2807 410 2875 Itaque
450 2805 748 2874 episcopus
779 2804 1143 2856 Trevirorum
1176 2803 1294 2855 haec
1327 2819 1356 2853 a
1389 2801 1506 2854 suis
1541 2817 1715 2870 super

3 2894 118 2946 riro
177 2894 281 2946 Dei
335 2894 594 2957 audiens,
627 2899 690 2946 ut
729 2899 813 2945 est
852 2892 1142 2945 interdum
1193 2891 1420 2944 animus
1452 2890 1716 2959 praelato-

3 2998 162 3049 rum,
200 2982 568 3052 maximeque
608 2981 942 3046 carnalium,
977 2979 1216 3034 diversis
1245 2979 1712 3048 occupationibus

3 3073 290 3135 serviens,
326 3087 559 3141 quoque
597 3070 745 3123 circa
787 3071 968 3123 multa
995 3069 1288 3134 dividitur,
1322 3085 1388 3122 eo
1430 3069 1494 3121 ﬁt
1524 3068 1716 3121 minor

5 3160 72 3212 ad
105 3160 369 3229 singula,
407 3175 514 3212 nec
555 3159 876 3212 discernere
910 3158 1076 3210 facile
1107 3157 1254 3210 valet
1303 3157 1437 3226 quid
1489 3173 1601 3226 qua
1647 3172 1715 3209 ex

4 3263 185 3301 causa
216 3264 250 3299 a
290 3248 584 3316 plerisque
618 3247 876 3300 dicatur:
912 3251 1098 3298 motus
1149 3261 1383 3298 suorum
1433 3244 1712 3298 sermoni-

7 3337 115 3390 bus
147 3337 388 3390 eosdem
427 3336 501 3389 ad
531 3337 760 3389 beatum
793 3336 1031 3389 Goarem
1064 3351 1195 3386 cum
1224 3334 1589 3387 festinatione
1620 3350 1712 3386 re-

10 3425 132 3477 dire
191 3424 489 3494 praecepit,
555 3423 831 3477 mandans
887 3423 972 3476 uti
1031 3439 1160 3475 cum
1216 3421 1321 3475 sibi
1374 3422 1714 3492 quantocius

11 3515 356 3567 exhibereut
386 3513 653 3567 habituro
683 3529 853 3582 super
888 3513 1010 3581 ejus
1050 3512 1268 3564 actibus
1309 3511 1708 3580 quaestionem.

13 3602 92 3654 Illi
126 3603 399 3656 celeriter
425 3602 495 3656 ad
534 3607 793 3654 sanctum
840 3601 1045 3661 virum,
1074 3604 1136 3653 ut
1181 3604 1533 3669 praeceptum
1569 3603 1712 3668 erat,

12 3693 248 3757 reversi,
297 3693 668 3760 volentesque
721 3689 1089 3743 simulatione
1136 3688 1338 3740 callida
1381 3689 1540 3740 dolos
1581 3704 1712 3740 suos

14 3785 66 3829 et
94 3780 523 3833 accusationem
575 3781 778 3843 celare,
812 3794 940 3832 cum
987 3785 1177 3831 tamen
1218 3777 1339 3829 haec
1376 3792 1506 3830 eum
1540 3775 1712 3829 mini-

13 3882 99 3920 me
130 3869 405 3934 laterent,
450 3869 702 3922 salutant
733 3884 866 3920 eum
909 3883 975 3920 ex
1019 3867 1250 3919 nomine
1283 3865 1368 3918 sui
1399 3864 1711 3934 pontiﬁcis,

17 3962 208 4023 petere
237 3957 403 4010 illum
437 3962 611 4027 atque
652 3956 925 4009 mandare
959 3959 1021 4008 ut
1060 3957 1124 4007 ad
1161 3971 1221 4007 se
1251 3954 1456 4008 debeat
1485 3953 1590 4007 sub
1621 3969 1713 4006 ce-

16 4046 236 4100 leritate
276 4046 489 4100 venire.
522 4046 644 4109 Quo
685 4045 882 4098 audito
915 4045 999 4096 vir
1042 4043 1292 4113 simplici
1323 4043 1516 4096 animo
1567 4043 1714 4095 circa

21 4151 214 4190 omnes
249 4151 456 4206 magna
481 4134 861 4188 exsultatione
893 4133 1146 4202 repletus
1175 4132 1388 4202 gratias
1427 4131 1545 4200 egit
1576 4131 1710 4198 Deo,

22 4229 71 4277 et
97 4226 258 4295 quod
283 4225 666 4278 visitationem
697 4223 782 4275 sui
817 4221 1118 4292 pontiﬁcis,
1155 4220 1612 4291 mundatumque
1643 4219 1715 4273 ad

27 4329 147 4368 eum
197 4312 550 4384 pr0perandi
606 4312 907 4366 meruisset
949 4312 1205 4379 accipere
1254 4309 1572 4379 gratulatus
1615 4307 1710 4362 di-

25 4419 178 4457 cens:
219 4404 409 4458 Faciat
449 4402 745 4467 Dominus,
797 4400 966 4454 faciat
1009 4405 1070 4452 ut
1116 4398 1348 4467 possim,
1393 4397 1530 4467 quia
1573 4396 1710 4450 obe-

29 4491 231 4546 dientia
282 4492 402 4545 sine
437 4506 600 4545 mora
645 4489 970 4543 exhibenda
1013 4494 1114 4542 est.
1150 4487 1261 4541 Etsi
1311 4487 1466 4540 enim
1496 4501 1704 4555 suspe-

30 4587 162 4635 ctam
204 4581 421 4635 habere
465 4583 689 4650 poterat
726 4578 976 4649 episcopi
1015 4577 1352 4646 jussionem,
1409 4591 1514 4628 nec
1544 4575 1710 4628 facile

31 4685 185 4737 quam
237 4671 311 4723 ob
355 4685 584 4723 causam
634 4667 1002 4722 accersiretur
1045 4671 1234 4735 posset
1281 4666 1478 4730 latere,
1520 4663 1711 4717 consi-

34 4757 257 4814 derabat
287 4764 480 4812 tamen
509 4757 736 4811 Domini
766 4756 835 4810 ad
871 4755 1160 4826 apostolos
1192 4753 1592 4807 auctoritatem
1621 4751 1711 4804 di-

29 4849 226 4904 centis:
283 4849 386 4914 Qui
434 4863 528 4902 vos
567 4849 793 4916 spernit,
836 4861 917 4898 me
945 4847 1172 4914 spernit,
1204 4849 1254 4897 et
1299 4845 1394 4911 qui
1435 4857 1527 4895 νας
1551 4841 1710 4894 audit

31 4950 100 4987 me
141 4937 299 4990 audit
355 4939 503 5001 (Luc.
556 4936 639 5005 x).
692 4937 757 4988 Et
812 4934 956 4988 illud
1013 4932 1263 5003 apostoli
1322 4931 1510 4985 Petri:
1567 4931 1708 4985 Sub-

25 5025 143 5088 jecti
205 5030 369 5080 estote
420 5027 566 5080 omni
628 5026 881 5077 humanae
949 5027 1208 5076 creaturae
1259 5025 1485 5090 propter
1543 5022 1708 5074 Deum

39 5114 76 5180 (Ι
99 5117 233 5170 Petr.
271 5115 347 5180 ιι).

395 5240 653 5308 Episcopi
679 5241 899 5292 nuntios
918 5241 1080 5291 noctu
1109 5238 1323 5289 retinet.

102 5350 175 5401 l2.
205 5347 490 5412 Quoniam
525 5351 714 5400 tamen
745 5346 859 5400 diei
899 5344 1181 5398 terminus
1212 5340 1570 5407 imminebat,
1605 5355 1711 5393 nec

43 5434 132 5488 iter
174 5440 365 5492 statim
429 5436 681 5504 arripere
743 5438 986 5504 poterat,
1044 5437 1404 5485 exsecutores
1463 5445 1596 5482 suos
1644 5443 1710 5480 ea

46 5533 182 5580 nocte
219 5527 490 5593 detinuit,
535 5531 592 5578 et
625 5541 739 5595 qua
766 5524 915 5576 circa
946 5538 1147 5576 omnes
1187 5523 1386 5574 solitus
1426 5524 1549 5573 erat
1577 5533 1711 5571 usus

44 5611 399 5684 humanitate,
439 5631 655 5668 caenam
684 5613 1000 5667 secundum
1053 5613 1199 5665 vires
1245 5626 1374 5663 suas
1399 5609 1708 5673 instruens,

1818 556 1917 610 Dei
1948 556 2208 610 laudibus
2235 558 2578 630 hymnisque
2611 569 2971 630 pernoctans.
2998 565 3131 618 Orta
3159 567 3345 634 prima
3382 569 3505 622 luce

1818 651 1880 698 ut
1908 651 2047 715 quot
2075 647 2278 700 diebus
2311 650 2532 718 agebat,
2566 653 2898 720 psalmodia:
2931 657 2984 705 et
3018 655 3342 709 orationum
3376 663 3509 710 vota

1818 735 1932 786 Deo
1984 735 2306 802 persolvere
2339 737 2548 806 coepit:
2593 744 2712 791 tum
2758 740 2986 792 demum
3023 742 3118 793 ubi
3151 743 3204 795 id
3261 745 3503 814 peregit,

1817 823 2119 876 missarum
2145 826 2422 877 solemnia
2445 842 2675 879 exorsus
2695 828 2975 897 implevit.
3007 830 3281 900 Praecepit
3303 833 3506 886 deinde

1817 910 2094 981 discipulo
2155 919 2216 966 ut
2267 916 2695 968 exsecutoribus
2753 917 2868 970 suis
2920 917 3144 987 sibique
3202 921 3504 988 prandium

1818 1000 1962 1053 sicut
1990 1007 2184 1070 posset
2212 1002 2534 1057 instrueret.
2580 1005 2702 1072 Fili,
2748 1005 3036 1076 inquiens,
3077 1023 3214 1076 para
3245 1009 3407 1062 nobis
3439 1011 3508 1065 de

1819 1091 2135 1144 substantia
2174 1097 2366 1145 nostra
2395 1094 2737 1158 convivium,
2771 1099 2831 1148 ut
2861 1095 3161 1149 nobiscum
3196 1097 3367 1166 legati
3399 1114 3506 1152 no-

1818 1179 1918 1231 stri
1941 1179 2225 1248 pontiﬁcis
2247 1183 2584 1251 epulentur:
2607 1182 2848 1236 forsitan
2877 1183 3048 1236 addet
3079 1186 3223 1237 Deus
3256 1185 3508 1254 aliquem

1818 1283 2130 1336 pauperem
2164 1269 2262 1338 qui
2290 1269 2470 1338 possit
2509 1269 2567 1322 in
2601 1270 2804 1323 Christi
2849 1271 3124 1324 charitate
3157 1272 3350 1325 cibum
3397 1287 3512 1326 una

1819 1361 2134 1426 potumque
2163 1358 2477 1427 percipere.
2514 1359 2570 1412 Id
2597 1365 2659 1411 ut
2688 1359 2952 1412 homines
2992 1360 3271 1413 malivolas
3302 1361 3511 1414 mentis

1820 1447 1877 1495 et
1917 1443 2258 1511 jamdudum
2317 1445 2510 1498 animo
2559 1447 2810 1516 corrupti
2869 1447 3128 1500 mandari
3183 1448 3510 1514 audierunt,

1819 1531 1968 1584 ultra
1999 1547 2113 1584 non
2155 1533 2406 1586 valentes
2451 1540 2665 1604 pestem
2700 1535 2928 1588 malitiae
2971 1537 3214 1589 interna:
3246 1537 3513 1590 dissimu-

1820 1619 1960 1685 lare,
1992 1621 2131 1689 quid
2168 1627 2358 1674 mente
2390 1629 2592 1691 gerant
2626 1624 2970 1676 ostendunt:
3015 1630 3068 1677 et
3097 1629 3371 1694 tanquam
3412 1627 3511 1695 qui

1822 1724 2085 1777 perverse
2135 1710 2414 1762 viventem
2442 1712 2594 1779 juste
2635 1713 3123 1780 reprehenderent
3170 1713 3366 1764 aiunt:
3403 1713 3511 1765 Ne-

1825 1813 1935 1864 que
1961 1801 2015 1848 tu
2042 1797 2188 1850 bene
2216 1799 2358 1866 agis,
2383 1800 2479 1868 qui
2505 1799 2826 1868 legitimum
2855 1805 3079 1868 tempus
3101 1805 3158 1852 et
3173 1801 3512 1853 canonicum

1824 1886 2086 1938 sumendi
2145 1887 2254 1938 cibi
2304 1889 2656 1940 contemnis:
2703 1905 2890 1957 neque
2929 1904 3033 1941 nos
3066 1889 3167 1941 tibi
3211 1889 3314 1941 hac
3362 1889 3422 1942 in
3452 1905 3512 1943 re

1823 1975 2194 2027 consentimus
2231 1976 2369 2045 quin
2404 1983 2655 2028 maturas
2693 1977 2804 2029 dici
2840 1979 3009 2030 horas
3042 1977 3100 2030 in
3133 1977 3514 2047 percipiendis

1823 2063 1964 2115 escis
1996 2065 2403 2120 sustineamus.
2445 2067 2614 2128 Quasi
2661 2082 2901 2135 regnum
2943 2067 3042 2120 Dei
3083 2069 3154 2121 sit
3184 2084 3310 2122 esca
3342 2074 3399 2121 et
3418 2085 3516 2138 po-

1821 2157 1934 2218 tus,
1987 2155 2045 2205 et
2085 2168 2198 2206 non
2223 2154 2444 2222 justitia
2477 2160 2530 2206 et
2571 2171 2674 2223 pax
2726 2161 2780 2208 et
2825 2157 3106 2208 Charitas:
3153 2158 3238 2210 vel
3294 2158 3351 2211 in
3387 2158 3513 2212 cibo

1824 2242 2102 2294 sumendo
2134 2243 2366 2295 tarditas
2398 2243 2579 2312 magis
2611 2261 2782 2312 quam
2818 2246 3018 2298 modus
3049 2249 3103 2298 et
3135 2247 3516 2315 temperantia

1823 2331 2042 2382 valeat:
2077 2335 2175 2382 aut
2205 2331 2288 2382 vir
2319 2336 2544 2384 sanctus
2586 2333 2704 2384 haec
2737 2349 2903 2385 causa
2935 2334 3144 2386 ventris
3175 2340 3230 2387 et
3262 2351 3380 2388 non
3412 2335 3514 2388 be-

1824 2418 2163 2472 nevolentiae
2187 2425 2400 2489 ageret,
2427 2421 2524 2490 qui
2551 2433 2853 2490 propterea
2886 2422 3084 2491 utique
3116 2423 3306 2476 cibum
3337 2439 3512 2494 appa-

1824 2507 1940 2561 rari
1990 2514 2357 2578 praeceperat,
2411 2516 2470 2562 ut
2519 2527 2660 2579 quos
2714 2511 2991 2563 maturius
3040 2512 3327 2581 proﬁcisci
3371 2512 3514 2565 velle

1825 2600 2072 2666 putaret.
2116 2602 2350 2667 propter
2391 2597 2609 2651 itineris
2651 2599 2905 2652 laborem
2939 2616 3105 2653 mane
3147 2602 3426 2666 reﬁceret,
3459 2605 3516 2655 et

1825 2701 1896 2738 ne
1939 2685 2170 2754 jejuuos
2217 2685 2374 2738 abire
2435 2685 2687 2755 hospites
2733 2687 2964 2752 sineret,
3012 2687 3070 2740 in
3119 2689 3328 2757 quibus
3381 2689 3514 2742 licet

1824 2775 2074 2843 indignis
2123 2775 2412 2830 Christum
2461 2791 2518 2826 se
2565 2775 2876 2844 suscepisse
2920 2777 3213 2844 gauderet.
3273 2777 3341 2830 Ut
3372 2793 3510 2846 ergo

1825 2864 1952 2916 illos
1983 2863 2263 2917 obstinate
2304 2863 2410 2916 sibi
2450 2865 2709 2917 resistere
2742 2864 2880 2917 vidit
2911 2864 3268 2932 immodeste,
3299 2870 3364 2919 ut
3394 2872 3515 2920 erat

1825 2968 2052 3023 semper
2097 2953 2408 3022 tranquillo
2444 2953 2636 3006 animo
2683 2953 2861 3006 dixit:
2897 2955 3038 3007 Mala
3079 2955 3284 3007 domus
3316 2959 3418 3022 est,
3455 2956 3513 3008 in

1754 3053 1794 3105 (ς,
1825 3058 1940 3111 qua
1967 3043 2244 3094 Dominus
2276 3058 2388 3094 non
2430 3041 2683 3094 timetur.
2720 3043 2826 3094 Vos
2858 3047 3053 3095 autem
3094 3043 3140 3095 si
3174 3059 3302 3096 vere
3332 3045 3513 3097 Deum

1822 3130 2120 3196 timeretis,
2175 3131 2508 3183 charitatem
2556 3131 2753 3200 utique
2801 3147 2914 3183 non
2968 3133 3321 3186 recusaretis.
3370 3133 3515 3186 Dum

1823 3219 1945 3272 haec
1977 3220 2251 3289 loquitur,
2283 3219 2437 3272 venit
2470 3220 2591 3289 ejus
2621 3235 2767 3289 puer
2805 3225 2859 3272 et
2887 3220 3102 3274 indicat
3143 3222 3512 3291 peregrinum

1823 3313 1970 3361 stare
2001 3325 2104 3378 pro
2141 3308 2375 3361 foribus.
2409 3307 2528 3370 Quo
2565 3308 2760 3361 audito
2791 3309 3016 3378 gavisus
3051 3315 3133 3361 est
3186 3313 3241 3362 et
3287 3315 3514 3379 recepto

1822 3395 1882 3448 in
1913 3396 2150 3450 domum
2185 3396 2488 3466 peregrino
2517 3397 2616 3450 ait.
2642 3398 2776 3450 Ecce
2799 3413 2971 3467 quam
3007 3399 3219 3451 bonum
3254 3403 3308 3450 ct
3335 3413 3510 3467 quam

1819 3483 2136 3552 jucundum
2187 3485 2444 3538 habitare
2501 3485 2702 3537 fratres
2753 3485 2811 3538 in
2861 3485 3070 3538 unum!
3125 3487 3513 3556 Appositaque

1822 3588 2020 3626 mensa
2043 3573 2230 3625 cibum
2260 3589 2373 3626 una
2402 3589 2531 3626 cum
2561 3574 2866 3643 peregrino
2901 3578 2956 3626 et
2985 3574 3104 3643 ipsc
3137 3573 3305 3644 cepit.

2012 3682 2256 3736 limulis
2287 3683 2398 3734 suis
2430 3682 2692 3732 viaticum
2721 3680 3036 3748 suppeditat
3066 3683 3128 3734 B.
3159 3681 3320 3735 Goar.

1899 3796 1982 3848 13.
2018 3792 2383 3844 Exsecutores
2416 3786 2537 3839 hinc
2586 3785 2864 3850 videntes,
2913 3801 3042 3838 cum
3091 3786 3310 3855 ingenti
3358 3786 3515 3840 festi-

1821 3883 2057 3937 natione
2088 3883 2146 3933 et
2175 3876 2465 3931 alacritate
2499 3890 2630 3927 suos
2661 3891 2838 3944 equos
2876 3879 3218 3938 straverunt,
3261 3875 3513 3929 dicentes

1823 3978 1946 4026 tum
1993 3986 2051 4022 se
2109 3984 2212 4038 pro
2259 3970 2416 4020 certo
2466 3979 2692 4016 causam
2738 3963 3042 4030 invenisse,
3104 3980 3217 4034 qua
3271 3965 3514 4018 Goarem

1823 4074 2108 4124 accusare,
2173 4063 2228 4109 et
2275 4052 2561 4108 manifesti
2612 4051 2867 4105 criminis
2921 4053 3074 4122 apud
3135 4068 3268 4106 eum
3316 4069 3350 4106 a
3398 4068 3513 4123 quo

1826 4149 1986 4204 missi
2017 4142 2598 4201 fuerantinsimulare
2633 4141 2901 4196 valerent;
2935 4143 3298 4210 Rogaverunt
3320 4147 3514 4196 tamen

1825 4237 1904 4290 uti
1933 4251 2039 4306 pro
2084 4232 2276 4286 labore
2313 4228 2418 4282 via:
2448 4233 2505 4282 et
2533 4227 2754 4280 itineris
2804 4227 3135 4281 necessitate
3181 4228 3398 4298 aliquid
3432 4229 3513 4282 eis

1753 4352 1796 4406 ι)
1826 4325 1938 4380 cibi
1960 4328 2017 4377 et
2045 4326 2214 4392 potus
2245 4318 2394 4389 quod
2428 4317 2488 4370 in
2510 4317 2597 4369 via
2630 4315 2924 4387 percipere
2946 4321 3179 4387 possent
3213 4317 3513 4372 tribueret.

1820 4415 1882 4471 Id
1916 4413 2010 4466 ille
2042 4409 2140 4481 qui
2173 4409 2375 4480 plenus
2405 4422 2633 4474 semper
2653 4405 2945 4459 charitatis
2975 4411 3140 4468 esset,
3164 4409 3221 4457 et
3248 4404 3519 4458 omnibus

1821 4504 1995 4558 etiam
2033 4497 2274 4570 ingratis
2313 4495 2644 4550 benefacere
2685 4500 2918 4565 paratus
2950 4493 3205 4563 jucunde
3254 4492 3512 4562 accepit:

1820 4591 2149 4659 eisdemque
2180 4585 2296 4639 suis
2345 4583 2772 4637 exsecutoribus
2805 4597 2932 4651 quas
2977 4581 3263 4650 petierant
3291 4581 3350 4633 in
3381 4597 3516 4633 vasa

1819 4678 1955 4750 poni
1982 4675 2276 4748 praecepit.
2313 4674 2403 4727 Sic
2440 4673 2619 4726 accito
2649 4671 2709 4724 in
2739 4670 3071 4724 comitatum
3111 4668 3213 4720 viae
3245 4684 3360 4738 quo
3388 4673 3514 4721 ute-

1820 4768 1990 4822 batur
2023 4779 2248 4835 semper
2291 4761 2572 4824 ministro,
2624 4775 2738 4812 una
2769 4758 2878 4811 iter
2907 4757 2976 4810 ad
3024 4756 3222 4810 urbem
3253 4755 3514 4809 Treviro-

1818 4872 1947 4911 rum
1980 4868 2279 4924 aggressus
2311 4854 2414 4904 est.

2145 4970 2303 5021 Fame
2336 4983 2397 5018 ac
2427 4966 2523 5017 siti
2552 4963 2814 5016 divin-itus
2843 4965 3187 5029 torquentur.

1894 5079 1977 5130 14.
2035 5076 2160 5128 Jam
2209 5072 2518 5126 advenerat
2554 5067 2666 5122 dici
2718 5066 2975 5120 medium
3019 5071 3249 5135 tempus
3298 5069 3353 5119 et
3399 5066 3514 5120 illis

1820 5165 2086 5220 euntibus
2119 5162 2200 5214 sol
2232 5160 2491 5213 altiorem
2526 5157 2614 5210 sui
2647 5171 2846 5208 cursus
2889 5171 3052 5208 axem
3083 5155 3511 5221 conscenderat,

1817 5269 1946 5306 cum
1996 5265 2122 5304 ecce
2153 5248 2212 5300 in
2260 5246 2568 5299 vindictam
2600 5243 2690 5297 sui
2729 5243 2874 5296 servi
2915 5243 3075 5296 adest
3120 5243 3262 5296 ultio
3297 5242 3512 5307 divina,

1820 5347 1877 5395 et
1906 5340 2002 5409 qui
2035 5338 2205 5407 paulo
2233 5340 2362 5388 ante
2394 5334 2640 5387 oblatam
2673 5332 2779 5385 sibi
2811 5348 2914 5401 pro
2954 5331 3228 5385 charitate
3261 5331 3370 5384 cibi
3408 5348 3512 5401 po-

1821 5435 2024 5498 tusque
2074 5428 2420 5494 respueruut
2473 5423 2714 5493 copiam,
2768 5421 2986 5475 esurire
3035 5422 3410 5475 vehementer
3453 5438 3517 5474 ac

1821 5517 1974 5571 sitire
2017 5519 2330 5582 coeperunt,
2379 5518 2500 5564 tum
2551 5512 2721 5563 etiam
2763 5515 2921 5562 tanta
2954 5510 3290 5564 lassitudine
3337 5509 3510 5576 afﬁci,

1819 5608 2091 5677 quantam
2123 5607 2313 5654 essent
2337 5599 2556 5671 experti
2587 5615 2905 5669 nunquam.
2932 5600 3088 5652 Inter
3113 5599 3236 5652 hazc
3266 5601 3349 5652 vir
3375 5613 3513 5651 san—
