3846 6244
303 314 406 367 647

1400 309 1910 364 WANDALBERTI
1957 310 2374 365 PRUMIENSIS
2416 310 2729 365 MONACHI
3694 318 3762 363 his

305 452 427 499 ctus
460 446 517 498 in
563 444 729 497 laude
777 443 967 497 divina
1015 446 1072 495 et
1118 442 1352 495 Psalmis
1404 442 1807 507 meditabatur,
1855 441 1993 495 illud
2035 449 2077 495 A
2107 448 2293 511 gestas
2328 442 2585 496 viderant
2619 442 2963 497 mirantibus
2994 449 3164 514 atque
3204 444 3593 513 stupentibus,
3635 408 3799 527 capiil

305 533 559 604 Apostoli
601 547 955 602 exsequens:
989 531 1119 583 Sine
1160 533 1554 584 intermissione
1579 537 1746 595 orate,
1780 534 1835 583 in
1879 546 1996 584 om-

304 624 463 676 nibus
512 625 723 688 gratias
759 624 907 689 agite
942 621 996 689 (I
1039 622 1196 674 Thes.
1231 619 1303 688 ν).
1340 620 1595 690 Cumque
1621 621 1741 689 jam
1778 626 1995 673 sextum

304 712 411 765 via:
447 711 777 765 milliarium
812 710 1194 779 complessent
1220 714 1274 761 et
1318 708 1375 761 in
1408 725 1538 761 eum
1571 709 1758 775 locum
1802 708 1995 761 venis-

302 805 426 853 sent
448 800 546 870 qui
578 800 737 852 Pauli
758 814 990 867 campus
1022 797 1248 863 dicitur,
1281 797 1554 850 Albuinus
1574 798 1804 865 collegae
1825 797 1993 849 Adal-

304 888 449 941 wino
501 888 675 941 dixit:
728 888 921 940 Fames
966 902 1056 939 me
1106 886 1307 954 ingens
1365 891 1418 938 et
1472 886 1594 938 sitis
1645 885 1834 938 habet.
1894 886 1992 935 Cui

301 977 431 1031 ille:
468 979 538 1030 At
585 992 691 1045 ego
742 975 849 1028 nisi
890 975 1129 1028 celerius
1170 974 1384 1039 hibero,
1420 990 1449 1027 e
1482 974 1720 1042 vestigio
1758 976 1989 1027 moriar.

302 1066 694 1119 Coustiterunt
728 1064 918 1134 itaque
959 1064 1025 1116 ad
1068 1062 1377 1133 quemdam
1414 1062 1682 1125 rivulum,
1727 1077 1899 1131 quem
1932 1060 1989 1113 in

300 1154 487 1207 vicino
516 1158 790 1207 noverant
827 1151 1187 1217 descendere,
1226 1155 1287 1203 ut
1317 1166 1383 1203 ex
1419 1165 1485 1203 eo
1526 1149 1721 1203 bibere
1757 1154 1811 1202 et
1844 1148 1993 1202 circa

299 1242 456 1312 ripas
485 1242 608 1311 ejus
638 1241 829 1294 cibum
864 1256 1087 1293 sumere
1134 1240 1429 1292 deberent.
1482 1238 1589 1292 Sed
1624 1238 1722 1291 ubi
1762 1255 1828 1291 eo
1859 1254 1993 1291 ven-

300 1336 423 1384 tum
456 1337 555 1393 est,
597 1330 737 1384 nihil
780 1345 943 1399 aqua}.
976 1334 1205 1399 penitus
1247 1329 1628 1381 invenerunt:
1665 1327 1879 1397 quippe
1907 1326 1989 1380 eis

298 1420 359 1473 in
412 1419 620 1490 quibus
666 1419 899 1471 malitiae
950 1420 1031 1470 vis
1080 1422 1387 1483 exarserat,
1436 1432 1587 1486 aqua
1634 1416 1801 1469 rivuli
1845 1420 1991 1468 nutu

298 1509 582 1563 Creatoris
614 1513 859 1560 arnerat.
897 1506 1167 1559 Miserunt
1203 1505 1408 1559 deinde
1446 1521 1648 1558 manus
1680 1510 1740 1557 ut
1766 1520 1834 1557 ex
1867 1520 1989 1557 sac-

298 1598 438 1651 culis
470 1614 622 1651 escas
670 1614 812 1666 quas
844 1614 874 1647 a
907 1596 1026 1648 viro
1058 1600 1251 1648 sancto
1294 1596 1451 1648 datas
1484 1595 1863 1646 meminerant
1896 1610 1988 1645 su-

296 1692 559 1739 merent:
592 1687 686 1737 sed
721 1691 775 1737 et
808 1684 915 1753 ipsi
947 1684 1105 1736 vacui
1134 1688 1265 1735 sunt
1307 1682 1539 1751 reperti.
1578 1684 1641 1735 Et
1686 1688 1854 1745 recte,
1892 1682 1989 1751 qui

2106 532 2305 585 beatus
2337 534 2485 585 Guar
2534 532 2832 602 exquirere
2879 534 3014 603 quid
3060 550 3245 587 causa:
3286 540 3435 586 esset
3469 533 3624 603 quod
3670 534 3799 587 eum’

2108 621 2177 674 ad
2224 638 2281 674 se
2338 621 2639 690 episcopus
2687 621 3039 674 evocandum
3097 627 3373 690 putasset,
3432 622 3541 674 sibi
3594 602 3801 679 miraml

2107 710 2281 763 videri
2309 710 2445 779 quid
2475 710 2691 779 negotii
2720 726 2911 763 secum
2941 711 3193 779 pontifex
3225 710 3435 764 habere
3466 711 3624 763 velit.
3663 712 3770 763 Nam

2105 812 2230 863 nos,
2271 797 2561 866 inquiens,
2607 798 2994 851 obedientiam
3036 798 3287 868 praelatis
3332 798 3608 851 exhibere
3641 780 3803 851 debe‘

2109 900 2257 953 mus,
2290 901 2393 938 nec
2433 885 2551 937 sine
2597 902 2766 939 causa
2814 892 2900 939 est
2938 886 3090 956 quod
3137 887 3330 939 divina
3380 886 3531 939 circa
3560 903 3663 939 nos
3702 904 3769 954 po-

2104 975 2281 1027 tentia
2324 989 2427 1043 per
2456 974 2602 1027 feras
2636 974 2804 1028 hodie
2835 980 3154 1027 monstrare
3192 975 3429 1043 dignata
3459 980 3567 1028 est.
3610 974 3700 1027 sed
3730 984 3771 1027 ut

2104 1055 2435 1107 ostenderet
2491 1070 2661 1124 quam
2727 1060 2889 1122 gerat
2935 1070 3170 1107 suorum
3222 1070 3519 1107 servorum
3585 1070 3769 1107 curam.

2104 1148 2161 1194 et
2216 1157 2387 1211 quam
2448 1158 2564 1195 non
2629 1141 2853 1195 deserat
2905 1140 2964 1194 in
3017 1157 3074 1194 se
3130 1146 3449 1210 sperantes,
3522 1142 3770 1211 quoniam

2102 1236 2307 1298 potens
2366 1236 2451 1284 est
2510 1230 2783 1284 Dominus
2847 1245 3048 1298 parare
3113 1244 3370 1281 mensam
3423 1228 3481 1281 in
3550 1228 3771 1289 deserto,

2103 1324 2159 1371 et
2202 1335 2375 1388 quam
2426 1318 2788 1389 magniﬁcata
2830 1322 2963 1370 sunt
3003 1332 3174 1385 opera
3220 1322 3339 1375 tua.
3388 1317 3655 1369 Domine.
3699 1318 3771 1369 llic

2101 1404 2186 1458 illi
2238 1406 2441 1460 timore
2492 1412 2544 1459 et
2592 1410 2743 1458 metu
2787 1404 3043 1473 depressi
3086 1403 3229 1457 nihil
3282 1404 3657 1472 respondere,
3698 1404 3770 1455 sed

2101 1500 2302 1561 putare
2335 1511 2392 1547 se
2439 1500 2675 1564 repente
2719 1494 3070 1557 interituros,
3104 1492 3252 1562 quod
3288 1492 3349 1545 in
3382 1509 3545 1545 servo
3590 1492 3772 1545 Christi

2103 1586 2318 1634 tantam
2377 1589 2679 1636 cernerent
2726 1582 2948 1635 virtutis
2995 1580 3333 1641 efﬁcaciam,
3387 1598 3562 1651 quem
3614 1592 3773 1633 essent

2102 1669 2223 1720 ausi
2265 1670 2627 1739 aliquatenus
2666 1669 3026 1722 contristare.
3074 1670 3186 1721 lter
3221 1676 3346 1737 post
3390 1669 3512 1722 haec
3543 1675 3771 1739 agentes.

296 1774 574 1827 charitate
607 1791 735 1844 quae
762 1775 1044 1827 bonorum
1082 1772 1343 1825 omnium
1377 1777 1461 1824 est
1493 1771 1790 1841 plenitudo
1826 1770 1987 1823 vacui
2030 1749 2070 1802 Β
2106 1760 2284 1811 "Nlla
2314 1759 2404 1811 die
2440 1758 2699 1811 TNVil‘OS
2730 1763 3113 1828 pervenerunt
3137 1799 3149 1810 -
3183 1774 3297 1828 quo
3333 1765 3393 1811 ιιῑ
3425 1764 3661 1811 Ventum
3691 1764 3772 1817 ὧν

299 1868 477 1923 erant,
526 1878 698 1915 vacua
754 1863 1101 1915 invenerunt
1156 1878 1281 1914 vasa
1316 1861 1374 1913 in
1419 1860 1630 1930 quibus
1661 1861 1931 1913 alimenta
1961 1876 1992 1912 a

296 1952 420 2005 viro
454 1951 730 2005 charitate
762 1951 932 2021 pleno
955 1954 1348 2019 perceperant.

669 2067 723 2121 S.
769 2067 919 2119 Goar
948 2080 1031 2118 eos
1060 2064 1387 2117 mirabiliter
1416 2066 1611 2133 pascit.

370 2176 451 2227 15.
513 2174 609 2227 His
656 2172 993 2243 perturbati,
1047 2188 1174 2224 cum
1236 2171 1478 2224 necdum
1539 2170 1766 2239 culpam
1826 2186 1984 2222 suam

294 2263 461 2333 plene
493 2266 923 2331 cognoscerent,
957 2266 1013 2313 et
1042 2260 1177 2330 quid
1214 2260 1361 2313 circa
1388 2276 1445 2312 se.
1486 2265 1752 2329 ageretur
1782 2259 1989 2311 miran-

293 2358 395 2417 tes,
430 2351 539 2404 iter
572 2351 632 2403 iu
653 2350 815 2419 equis
850 2357 1083 2423 agerent
1111 2366 1123 2413 ;
1160 2365 1413 2418 eousque
1445 2348 1987 2401 excrevitlassitudo

294 2457 515 2507 eorum,
552 2444 612 2492 ut
644 2439 923 2492 Albuinus
956 2439 1023 2491 de
1057 2454 1206 2508 equo
1243 2440 1395 2490 velut
1429 2438 1703 2490 exanimis
1742 2438 1984 2502 caderet,

293 2538 349 2585 et
397 2530 723 2583 Adalwinus
770 2529 837 2581 ad
886 2530 1067 2581 virum
1128 2528 1227 2581 Dei
1281 2543 1338 2579 se
1389 2526 1706 2593 conferens,
1762 2528 1984 2595 magnis

291 2620 557 2689 precibus
610 2623 673 2670 ut
722 2617 809 2670 sui
858 2621 911 2672 et
941 2618 1177 2685 collega:
1226 2615 1594 2668 misereretur
1635 2621 1981 2685 exposceret.

290 2709 433 2761 Tum
473 2707 569 2760 ille
601 2706 699 2776 qui
730 2704 991 2773 legisset:
1035 2706 1095 2758 Si
1132 2706 1383 2759 esurierit
1415 2705 1666 2757 inimicus
1699 2708 1821 2757 tuus
1868 2704 1986 2756 ciba

290 2795 465 2859 illum,
498 2796 549 2847 si
576 2796 697 2846 sitit
736 2799 921 2861 potum
963 2792 1036 2845 da
1065 2794 1185 2855 illi;
1230 2794 1323 2845 hoc
1366 2794 1507 2844 enim
1551 2794 1760 2855 faciens
1791 2792 1985 2844 carbo-

289 2896 381 2935 nes
437 2884 583 2949 ignis
630 2896 879 2949 congeres
929 2896 1092 2945 super
1133 2884 1298 2947 caput
1347 2880 1463 2947 ejus
1511 2881 1683 2947 (Rom.
1736 2881 1879 2946 xu);
1928 2885 1987 2933 et

293 2969 601 3022 Dominum
635 2969 1063 3038 praecipientem
1100 2967 1457 3021 attenderet:
1493 2969 1716 3033 Diligite
1737 2970 1984 3020 inimicos

2101 1847 2446 1913 virsanctus,
2463 1852 2525 1899 ut
2551 1848 2630 1900 illi
2654 1848 2915 1917 perpetui
2936 1846 3106 1900 moris
3125 1854 3268 1909 erat,
3291 1847 3589 1900 ecclesiam
3614 1854 3695 1899 est
3715 1849 3773 1896 in-

2099 1952 2349 2005 gressus,
2375 1937 2457 1989 uti
2480 1952 2536 1989 se
2561 1942 2615 1989 et
2637 1952 2865 1989 causam
2890 1952 3050 1988 suam
3073 1936 3316 1989 Domino
3338 1935 3771 1988 commendaret.

2397 2052 2481 2105 Ab
2522 2054 2769 2120 episcopo
2808 2054 2863 2104 in
2896 2052 3225 2104 calumniam
3244 2054 3484 2118 rapitur.

2173 2164 2253 2213 l7.
2297 2160 2402 2223 Qui
2452 2165 2641 2213 autem
2691 2160 2856 2212 illum
2905 2159 3278 2223 deduxerant,
3332 2159 3399 2210 ad
3454 2157 3769 2226 episcopum

2096 2248 2433 2318 quantocius
2455 2249 2762 2313 venientes,
2796 2253 3000 2301 cuncta
3026 2264 3152 2317 qua:
3182 2248 3241 2299 in
3274 2248 3481 2301 itinere
3509 2249 3771 2315 contigis-

2094 2342 2239 2402 sent,
2270 2354 2511 2407 quzeque
2536 2337 2595 2390 in
2630 2337 2727 2389 Dei
2758 2336 2989 2388 homine
3022 2336 3455 2405 conspexissent
3484 2352 3551 2389 ex
3590 2336 3769 2388 ordine

2094 2424 2434 2477 retulerunt.
2472 2426 2570 2477 Ille
2616 2441 2742 2477 cum
2779 2424 3041 2477 debuerit
3072 2424 3129 2475 in
3175 2423 3623 2477 admirationem
3653 2425 3768 2475 divi-

2094 2528 2301 2565 norum
2326 2528 2563 2581 Operam
2587 2512 2858 2577 converti,
2896 2516 2950 2563 et
2982 2511 3161 2564 Deum
3195 2510 3253 2563 in
3288 2516 3483 2563 sancto
3514 2511 3645 2577 ejus
3673 2511 3768 2562 lau-

2095 2599 2251 2663 dare,
2284 2600 2343 2651 in
2384 2599 2635 2651 furorem
2675 2614 2943 2651 accensus
2984 2598 3153 2667 coepit
3191 2597 3298 2650 sibi
3344 2598 3670 2650 astantibus
3698 2597 3769 2649 dio

2092 2704 2237 2753 cere,
2268 2704 2332 2741 ea
2363 2704 2491 2758 qua;
2522 2689 2667 2741 Goar
2699 2687 2896 2757 egerit,
2931 2703 3043 2740 non
3071 2693 3186 2740 tam
3222 2703 3329 2755 ope
3364 2687 3581 2753 divina,
3616 2700 3769 2757 quam

2093 2776 2315 2846 magica
2347 2782 2465 2830 arte
2498 2781 2554 2830 et
2589 2776 2879 2830 maleliciis
2909 2776 2980 2829 ab
3015 2792 3082 2828 eo
3122 2791 3245 2829 esse
3283 2780 3544 2844 patrata:
3592 2791 3689 2827 nec
3725 2776 3767 2824 in

2093 2865 2193 2917 illo
2240 2865 2468 2935 aliquod
2519 2881 2667 2918 verae
2715 2864 2941 2917 virtutis
2988 2864 3265 2917 indicium
3318 2880 3485 2932 posse
3523 2865 3768 2927 existere,

2093 2953 2192 3023 qui
2222 2953 2373 3007 carni
2402 2958 2456 3007 et
2486 2953 2668 3006 ventri
2698 2953 2957 3006 subditus
3000 2968 3171 3006 mane
3203 2952 3473 3005 comedat
3499 2968 3563 3005 ac
3611 2953 3765 3013 bibat,

289 3063 512 3122 vestros,
539 3058 831 3122 benefacite
864 3059 947 3109 his
980 3059 1074 3123 qui
1098 3056 1326 3109 oderunt
1354 3070 1444 3109 vos
1485 3056 1539 3125 (I
1563 3057 1769 3109 Joann.
1795 3072 1808 3109 ι

2258 3041 2378 3095 nnii
2414 3041 2732 3111 inediteque
2761 3041 2834 3094 sit
2872 3042 3192 3110 mpatiens:
3237 3057 3367 3093 cum
3395 3041 3625 3111 antiqui
3659 3056 3767 3092 sau-

292 3148 391 3215 qui
445 3163 503 3200 se
546 3147 785 3215 rogabat
844 3145 1179 3214 respondit:
1239 3144 1365 3209 Fili,
1412 3144 1693 3197 recordari
1754 3150 1985 3214 oportet

291 3235 427 3305 quia
458 3236 608 3289 Deus
653 3234 899 3287 Charitas
942 3238 1024 3286 est
1056 3237 1111 3285 et
1138 3232 1235 3302 qui
1273 3238 1460 3285 manet
1511 3233 1568 3285 in
1615 3234 1889 3287 charitate
1924 3234 1982 3287 in

290 3326 405 3379 Deo
447 3328 661 3390 manet,
696 3328 751 3375 et
800 3324 947 3376 Deus
998 3321 1057 3373 in
1092 3338 1181 3374 eo.
1237 3322 1479 3374 Proinde
1512 3321 1683 3374 hodie
1728 3338 1858 3375 cum
1892 3338 1982 3376 me

288 3414 447 3468 vobis
487 3429 592 3484 pro
626 3427 820 3465 amore
863 3409 1071 3464 Christi
1112 3409 1303 3463 cibum
1346 3409 1676 3463 offerentem
1709 3417 1764 3464 et
1794 3411 1983 3481 ipsum

287 3502 700 3573 percipientem
742 3500 978 3566 vidistis,
1012 3515 1127 3552 non
1167 3498 1492 3552 debueratis
1528 3499 1819 3553 charitatis
1853 3501 1980 3554 offi-

288 3593 439 3646 cium
497 3606 779 3645 recusare.
833 3590 993 3642 Nunc
1050 3594 1241 3641 autem
1298 3588 1367 3640 ad
1413 3589 1823 3642 correctionem
1887 3607 1979 3644 ve-

289 3687 464 3735 stram
504 3685 773 3751 Operatur
812 3680 932 3733 haec
970 3679 1135 3743 Deus,
1172 3682 1233 3730 ut
1264 3679 1385 3747 ejus
1427 3678 1819 3732 admonitione
1864 3696 1981 3731 cor-

290 3770 427 3823 recti
489 3769 720 3823 discatis
782 3768 1117 3821 charitatem
1181 3783 1309 3838 quae
1366 3772 1450 3820 est
1500 3767 1790 3820 vinculum
1847 3785 1978 3837 per-

287 3857 548 3912 fectionis
579 3858 866 3927 amplecti.
908 3859 1051 3910 Dum
1081 3857 1202 3909 haec
1234 3855 1510 3925 loquitur,
1546 3855 1821 3925 conspicit
1850 3857 1983 3909 emi-

289 3962 395 4000 nus
446 3952 560 4000 tres
608 3962 800 4000 cervas
845 3944 1095 4014 ingentis
1147 3944 1369 4009 formw,
1413 3948 1685 4014 tanquam
1733 3960 1835 3997 suo
1869 3960 1981 3997 nu-

288 4050 447 4089 mero
500 4034 787 4088 Trinitatis
835 4034 1170 4102 mysterium
1227 4032 1665 4102 prmsignantes.
1719 4034 1980 4086 lnvocata

289 4139 421 4176 mox
458 4123 748 4176 Trinitatis
778 4122 1005 4185 virtute,
1038 4138 1230 4174 cervas
1254 4122 1559 4173 consistere
1594 4122 1783 4190 quoad
1814 4123 1981 4175 vellet

288 4210 410 4281 ipse
455 4211 748 4280 praecepit.
785 4210 900 4262 lllis
947 4210 1246 4262 confestim
1278 4209 1678 4261 obedientibus
1717 4214 1772 4261 et
1809 4210 1977 4263 bruto

286 4297 420 4351 licet
468 4314 634 4350 sensu
669 4297 890 4349 nomini
923 4296 1114 4349 divino
1162 4295 1520 4361 cedentibus,
1561 4311 1623 4348 ac
1671 4296 1839 4349 tacite
1876 4298 1973 4349 lio-

286 4386 512 4440 minum
542 4386 812 4439 duritiam
844 4390 900 4438 et
942 4384 1389 4437 inobedientiam
1430 4384 1842 4447 accusantibus,
1879 4401 1973 4437 va-

286 4477 507 4529 sculum
541 4474 757 4545 accepit
785 4479 841 4527 et
874 4474 938 4527 ad
971 4489 1163 4526 cervas
1192 4471 1528 4541 perveniens
1563 4488 1760 4525 earum
1800 4474 1979 4527 ubera

285 4563 497 4618 mulsit.
534 4565 677 4617 Tum
704 4580 799 4617 eas
838 4562 996 4615 abire
1033 4560 1395 4630 permittens,
1446 4561 1589 4613 lacte
1631 4561 1787 4630 quod
1831 4563 1975 4615 mul-

285 4659 437 4707 serat
466 4653 693 4706 illorum
726 4651 825 4722 qui
852 4656 911 4703 ut
941 4650 1229 4703 exanimes
1252 4648 1523 4717 jacebant
1552 4651 1809 4703 membra
1842 4668 1977 4720 pcr—

284 4733 565 4799 trectavit,
615 4733 923 4800 statimque
976 4748 1072 4783 eos
1105 4730 1361 4799 pristinae
1407 4730 1603 4782 virtuti
1654 4736 1709 4783 et
1755 4731 1977 4784 incolu-

285 4823 471 4877 mitati
516 4822 784 4876 restituit.
838 4819 1115 4889 Praecepit
1161 4818 1365 4871 deinde
1398 4824 1460 4871 ut
1503 4818 1573 4871 ad
1607 4819 1854 4873 rivulum
1889 4837 1975 4873 re-

284 4912 431 4966 versi
471 4928 679 4982 aquam
728 4909 1045 4976 haurirent,
1082 4926 1145 4962 ac
1194 4908 1262 4962 de
1322 4908 1559 4962 sacculis
1618 4909 1772 4963 cibos
1832 4911 1977 4963 acci-

284 5000 507 5068 pientes
555 4999 756 5069 jejuna
800 5013 1039 5066 corpora
1082 4998 1421 5051 relevarent.
1475 4998 1565 5051 Sic
1604 4998 1817 5052 factum
1870 5004 1973 5062 est,

284 5094 350 5142 ut
378 5088 477 5158 qui
516 5088 673 5158 prius
704 5093 941 5157 propter
971 5086 1245 5141 offensam
1281 5087 1385 5140 viri
1420 5088 1599 5141 sancti
1640 5103 1815 5141 vacua
1845 5103 1979 5140 vasa

288 5181 343 5231 et
372 5181 626 5229 arentem
658 5176 844 5228 rivum
876 5174 1232 5244 invenerant,
1267 5176 1389 5244 ejus
1421 5175 1786 5246 postmodum
1809 5174 1977 5229 venia

288 5262 591 5332 impetrata
638 5262 782 5316 etin
838 5262 955 5315 rivo
1000 5279 1208 5333 aquam
1254 5262 1633 5317 sufﬁcientem
1674 5269 1729 5317 et
1770 5263 1830 5316 in
1862 5279 1979 5316 vas-

288 5350 430 5403 culis
462 5350 580 5403 suis
610 5366 764 5403 escas
794 5366 935 5421 quas
965 5356 1275 5421 posuerant
1307 5352 1648 5421 reperirent.

623 5466 869 5520 Przelatis
900 5466 1249 5521 obediendum
1278 5482 1388 5521 esse
1417 5468 1631 5536 probat.

358 5570 443 5623 t6.
480 5569 569 5622 Eis
603 5586 740 5641 ergo
772 5571 1271 5639 manducantibus,
1306 5577 1361 5625 et
1390 5589 1518 5643 quas
1550 5588 1686 5643 erga
1726 5588 1784 5625 se
1824 5572 1977 5642 ipsos

2092 3130 2164 3183 cti
2222 3135 2278 3183 et
2322 3130 2465 3199 justi
2521 3146 2623 3200 per
2671 3129 2958 3199 jejunium
3026 3135 3081 3183 et
3134 3130 3542 3183 abstinentiam
3618 3136 3766 3198 atque

2092 3220 2482 3288 eleemosynas
2539 3221 2649 3272 Deo
2687 3219 3025 3288 placuerint.
3092 3220 3218 3271 Haec
3276 3218 3351 3271 ita
3400 3217 3764 3287 jactabantur.

2092 3311 2366 3377 tanquam
2423 3309 2542 3360 sola
2599 3307 2945 3361 abstinentia
3001 3308 3131 3377 quis
3178 3307 3514 3376 aliquando,
3569 3312 3625 3359 et
3678 3321 3765 3358 non

2090 3395 2362 3450 charitate
2403 3396 2745 3466 sinceroque
2775 3396 2832 3449 in
2866 3396 3047 3451 Deum
3089 3411 3282 3449 amore
3335 3402 3569 3449 sanctus
3613 3395 3767 3448 exsti-

2090 3484 2241 3537 terit.

2384 3575 2634 3642 Cappam
2665 3574 2739 3627 ad
2768 3574 2895 3628 solis
2923 3573 3144 3627 radium
3183 3573 3489 3643 suspendit.

2167 3679 2248 3731 18.
2285 3678 2430 3729 Dum
2464 3677 2579 3730 haec
2618 3678 2769 3747 apud
2804 3678 3136 3748 episcopum
3168 3685 3471 3747 geruntur,
3507 3684 3768 3748 praesente

2090 3766 2238 3819 clero
2286 3766 2560 3827 ecclesim,
2606 3768 2948 3821 venerabilis
2990 3768 3253 3821 sacerdos
3291 3768 3531 3821 domum
3576 3770 3636 3823 in
3676 3785 3770 3840 qua

2089 3870 2218 3907 cum
2250 3855 2367 3907 suis
2398 3855 2623 3908 rusticis
2658 3855 2959 3925 episcopus
2990 3857 3327 3909 consederat
3352 3857 3652 3926 ingressus
3682 3862 3767 3917 est,

2091 3943 2375 4013 cmpitque
2416 3944 2741 4013 prospicere
2777 3960 2949 4013 quam
2995 3945 3053 3997 in
3092 3949 3312 4015 partem
3349 3946 3431 3997 vel
3470 3946 3769 4015 discipulus

2089 4047 2203 4101 quo
2235 4032 2439 4085 comite
2491 4036 2723 4085 venerat
2770 4033 3130 4098 concederet,
3183 4034 3269 4086 vel
3323 4033 3444 4104 ipse
3494 4036 3769 4087 cucullum

2089 4136 2257 4174 suum
2291 4125 2486 4190 posset
2532 4122 2899 4191 appendere:
2936 4137 3063 4175 cum
3094 4137 3223 4175 ecce
3257 4121 3413 4175 videt
3462 4122 3522 4175 in
3572 4124 3769 4193 angulo

2090 4209 2296 4263 domus
2332 4214 2605 4280 tanquam
2639 4214 2854 4264 vectem
2899 4210 3153 4280 ligneum
3196 4210 3403 4279 parieti
3438 4211 3769 4271 haerentem,

2090 4299 2232 4367 (erat
2262 4302 2455 4351 autem
2485 4299 2616 4351 solis
2650 4299 2846 4352 radius
2884 4316 2985 4369 per
3019 4299 3304 4353 modicam
3346 4299 3663 4354 fenestram
3698 4302 3771 4354 in-

2088 4387 2373 4458 grediens)
2405 4387 2475 4440 ad
2506 4403 2678 4457 quem
2712 4388 3002 4453 accedens,
3028 4388 3298 4458 quoniam
3331 4393 3397 4440 ut
3423 4389 3649 4442 dictum
3680 4395 3770 4452 est,

2088 4482 2301 4530 vectem
2326 4476 2583 4546 putabat,
2614 4476 2674 4529 in
2707 4492 2774 4529 eo
2796 4492 3036 4547 cappam
3070 4493 3230 4529 suam
3259 4478 3560 4546 appendit,
3593 4479 3771 4547 juxta—

2087 4580 2199 4633 que
2220 4563 2566 4633 discipulum
2595 4568 2742 4617 stare
2771 4564 3061 4634 praecepit.
3099 4565 3295 4633 Neque
3329 4565 3666 4619 mirandum
3701 4572 3773 4618 est

2086 4652 2223 4705 solis
2247 4652 2473 4705 radium
2506 4652 2577 4705 ad
2607 4653 2948 4723 obsequium
2980 4653 3087 4706 viri
3116 4653 3294 4706 sancti
3332 4654 3475 4723 ligni
3508 4655 3771 4708 duritiam

2085 4740 2421 4811 praebuisse,
2452 4756 2581 4794 cum
2610 4742 2709 4812 qui
2742 4742 2996 4795 Creatori
3029 4742 3231 4795 devote
3263 4743 3599 4809 famulatur,
3636 4746 3687 4797 ei
3714 4745 3774 4795 sit

2088 4829 2259 4884 etiam
2286 4834 2547 4883 creatura
2568 4846 2633 4883 ex
2658 4830 2934 4884 Creatoris
2970 4832 3259 4884 voluntate
3292 4832 3568 4901 subjecta.

2336 4938 2561 5003 Magicae
2585 4940 2725 4991 artis
2751 4938 3080 4991 calumniam
3106 4955 3139 4990 a
3171 4953 3225 4991 se
3254 4939 3529 5006 propellit.

2164 5046 2246 5097 19.
2303 5044 2417 5097 Hoc
2474 5044 2611 5098 dum
2674 5045 2973 5115 episcopus
3033 5050 3312 5109 cerneret,
3369 5044 3551 5115 quaeri
3614 5045 3779 5113 coepit

2088 5132 2225 5202 quid
2258 5132 2368 5187 sibi
2397 5134 2585 5198 vellet,
2628 5134 2778 5204 quod
2821 5135 2887 5187 ad
2920 5134 3055 5187 solis
3096 5134 3321 5187 radium
3362 5139 3576 5187 vestem
3620 5118 3777 5187 suam

2088 5222 2232 5274 Goar
2265 5222 2654 5291 appenderet:
2685 5238 2800 5276 non
2840 5238 2961 5276 esse
3002 5223 3059 5276 id
3100 5222 3281 5275 divini
3313 5222 3597 5287 miraculi,
3632 5223 3777 5290 quod

2086 5308 2259 5363 homo
2311 5310 2576 5364 inlirmus
2629 5315 2787 5364 tanta
2824 5317 3167 5381 praesumat:
3220 5310 3402 5380 magis
3452 5312 3618 5364 illum
3661 5310 3777 5363 haec

2080 5397 2353 5466 jactantia
2390 5404 2445 5452 et
2488 5399 2798 5469 praestigiis
2847 5399 2983 5452 artis
3035 5398 3290 5467 magicas,
3339 5415 3514 5469 quam
3560 5399 3776 5452 virtutis

2086 5486 2290 5539 merito
2336 5487 2541 5541 facere.
2598 5487 2841 5542 Proinde
2890 5487 3177 5541 accederet
3226 5487 3462 5557 propius
3514 5493 3573 5541 et
3618 5488 3777 5541 ratio-

2086 5588 2221 5628 nem
2256 5591 2490 5630 suorum
2542 5592 2782 5646 operum
2829 5576 3127 5631 redderet:
3176 5575 3281 5629 sibi
3321 5576 3531 5630 mirum
3583 5576 3773 5633 videri.
