3846 6244
20 374 36 419 )
1113 372 1207 427 DE
1250 372 1417 427 VITA
1455 373 1543 427 ET
1582 372 1959 428 MIRACULIS
1998 374 2051 428 S.
2086 374 2359 428 GOARIS.

3378 371 3482 422 650

20 503 93 553 od
138 502 211 553 iu
252 518 370 572 quo
420 502 581 555 nulla
632 502 703 554 sit
760 502 1096 555 excellentia
1143 503 1478 567 sanctitatis,
1525 504 1672 556 feras
1711 508 1755 558 Α
1787 503 1911 556 ritis
1942 504 2062 573 ejus
2094 503 2332 567 actibus,
2369 518 2552 571 neque
2585 501 2631 553 ei
2668 517 2795 571 quae
2827 500 2893 552 de
2932 516 2989 553 se
3022 499 3167 553 ferat
3196 499 3477 553 innocen-

19 590 255 659 ilgeat,
294 596 351 643 et
382 591 514 643 solis
545 591 704 643 radio
728 607 832 659 pro
865 590 1021 660 ligno
1050 596 1261 644 utatur.
1290 593 1413 644 Haec
1446 593 1582 645 dum
1616 609 1679 645 ex

20 695 62 731 ιο
100 686 329 733 sancto
385 688 744 749 quaeruntur,
795 686 850 734 et
898 681 958 732 in
989 680 1310 749 simplicem
1361 698 1681 751 puramque

21 767 232 819 minis
263 769 365 820 Dei
402 768 807 821 conscientiam
837 768 1137 821 calumniae
1175 768 1562 835 instruuntur,
1597 770 1683 821 vir

20 862 201 908 ictus
243 857 346 926 qui
376 857 482 909 sibi
515 857 661 909 bene
691 862 836 909 esset
867 857 1141 922 conscius,
1170 857 1309 909 nihil
1342 874 1596 927 unquam
1624 874 1681 911 se

20 944 270 997 ilarum
333 945 545 997 artium
604 944 869 997 didicisse
952 944 1289 1013 simpliciter
1344 945 1677 1014 respondit:

29 1048 102 1083 us
156 1032 358 1101 judex
402 1032 611 1101 justus,
657 1032 820 1084 fortis
870 1037 926 1085 et
976 1032 1344 1102 longanimis,
1404 1039 1687 1085 scrutator

19 1120 242 1172 rdium
298 1126 356 1173 ct
415 1126 765 1173 secretorum
825 1120 1130 1188 inspector,
1182 1121 1343 1173 novit
1395 1137 1486 1173 me
1540 1121 1683 1174 nihil

20 1225 197 1261 orsus
292 1209 435 1261 artis
496 1208 729 1277 naagicze
786 1213 882 1261 aut
963 1209 1130 1261 scisse
1215 1210 1525 1279 aliquando
1588 1214 1687 1262 aut

20 1314 120 1359 re,
184 1314 393 1368 neque
454 1298 603 1366 parti
667 1298 917 1350 adversa:
994 1298 1051 1349 in
1106 1298 1296 1368 aliquo
1347 1299 1487 1351 velle
1536 1315 1683 1367 prte-

22 1403 87 1439 re
148 1402 534 1439 consensum.
620 1387 786 1439 Feras
865 1391 1058 1439 autem
1132 1386 1302 1439 mulsi
1380 1404 1496 1439 non
1558 1386 1687 1439 ullis

19 1474 494 1539 cantationibus,
551 1490 794 1543 quarum
849 1474 964 1526 scio
1016 1474 1250 1527 omnino
1300 1475 1542 1539 nullam,
1591 1476 1686 1528 sed

19 1564 112 1617 md
147 1564 225 1616 ad
271 1564 518 1615 salutem
556 1579 752 1615 eorum
788 1563 887 1632 qui
934 1579 1023 1615 me
1057 1564 1478 1616 comitabantur
1509 1564 1688 1633 pietas

22 1653 103 1704 ibi
141 1651 356 1704 divina
407 1651 688 1703 concessit
736 1656 791 1703 et
840 1651 1125 1703 ordinavit
1174 1652 1450 1719 implevi;
1501 1668 1687 1721 neque

20 1747 183 1793 stem
224 1756 424 1792 meam
457 1740 527 1793 de
552 1739 706 1805 solis,
742 1744 806 1791 ut
828 1739 1056 1801 dicitur,
1085 1739 1242 1792 radio
1262 1740 1514 1809 pendere
1547 1742 1681 1806 scio,

26 1831 56 1883 d
89 1831 163 1882 de
221 1829 380 1883 fuste
416 1829 679 1881 roboreo.
732 1828 890 1891 Quod
942 1834 1132 1881 autem
1172 1845 1337 1880 mane
1382 1830 1684 1881 comedere

20 1934 128 1969 eor
155 1922 217 1969 et
252 1917 482 1981 bibere,
520 1916 707 1969 videat
735 1917 833 1985 qui
866 1917 1100 1985 inspicit
1150 1918 1342 1969 omnia
1373 1922 1427 1970 et
1451 1916 1686 1985 judicet,

20 2008 119 2059 ala:
155 2006 307 2058 vitio
341 2005 657 2075 aliquando
688 2022 760 2057 an
788 2005 1080 2057 cbaritatis
1113 2006 1299 2057 officio
1330 2007 1567 2074 egerim.

192 2124 555 2175 Trevirorum
578 2136 687 2173 mos
705 2136 835 2189 erga
857 2123 1099 2187 infantes
1116 2124 1472 2189 emposititz’os.

44 2230 131 2281 ‘20.
173 2228 320 2281 Haec
357 2226 457 2279 illo
505 2225 751 2290 dicente,
803 2226 1133 2295 supervenit
1180 2242 1325 2295 puer
1359 2226 1591 2296 quidam
1625 2243 1688 2279 ex

20 2316 195 2368 lericis
232 2315 493 2368 ecclesiae
527 2314 758 2367 nomine
804 2316 1116 2384 Leobgisus
1148 2316 1203 2368 in
1254 2316 1403 2368 ulnis
1436 2316 1689 2368 infantu-

20 2421 95 2456 Jm
129 2408 395 2473 gestans,
455 2403 555 2472 qui
612 2403 681 2456 ab
741 2403 883 2456 hora
932 2403 1242 2456 nativitatis
1300 2408 1412 2455 tres
1471 2409 1689 2456 tantum

25 2498 173 2545 octes
206 2493 490 2561 implesse
518 2492 848 2560 putabatur,
874 2497 928 2544 et
949 2491 1108 2559 cujus
1136 2492 1232 2561 qui
1266 2497 1453 2545 essent
1486 2508 1690 2561 paren-

20 2598 66 2631 es
94 2581 505 2649 ignorabatur.
542 2580 714 2631 Moris
746 2580 959 2649 quippe
986 2586 1119 2632 tunc
1152 2580 1512 2632 Trevirorum
1548 2586 1689 2647 erat,

19 2675 46 2722 tt
75 2685 204 2721 cum
258 2685 400 2722 casu
457 2669 731 2737 quaelibet
784 2669 996 2721 femina
1046 2668 1325 2721 infantem
1380 2668 1692 2737 peperisset

25 2758 144 2825 ujus
172 2758 359 2810 nollet
386 2756 521 2809 sciri
554 2761 837 2826 parentes,
884 2762 982 2809 aut
1011 2762 1159 2809 certe
1210 2772 1381 2826 quem
1432 2772 1535 2825 pro
1572 2756 1692 2809 ino-

20 2846 84 2897 iia
112 2846 193 2898 rei
219 2845 531 2899 familiaris
566 2861 931 2914 nequaquam
984 2845 1205 2897 nutrire
1255 2845 1560 2910 sufficeret,
1596 2860 1693 2897 or-

20 2950 112 2985 um
143 2935 457 3003 parvulum
490 2935 548 2985 in
576 2933 822 3003 quadam
858 2948 1181 2985 marmorea
1222 2933 1441 2985 concha
1467 2949 1593 3002 quae
1625 2933 1691 2985 ad

20 3038 101 3073 ioc
132 3022 324 3091 ipsum
358 3026 571 3074 statuta
624 3025 745 3074 erat
790 3027 1103 3090 exponeret
1135 3041 1149 3086 ;
1180 3037 1307 3090 qua:
1347 3021 1521 3074 etiam
1557 3036 1692 3073 con-

22 3111 99 3162 :ha
129 3127 282 3163 nunc
318 3111 379 3164 in
420 3109 764 3163 monasterio
786 3109 1035 3173 Prumia,
1062 3109 1212 3163 dono
1239 3109 1466 3178 Pippini
1496 3109 1691 3161 claris-
1730 3097 1771 3153 (Ζ

23 3197 124 3249 aimi
153 3199 305 3267 regis
360 3197 727 3268 aquzrductui
780 3198 1120 3267 mancipata,
1171 3197 1438 3250 fratribus
1485 3212 1694 3267 aquam

24 3298 183 3338 :oram
208 3286 519 3340 refectorio
550 3286 811 3356 praebet;
869 3291 933 3339 ut
984 3302 1111 3338 cum
1162 3285 1452 3355 expositus
1507 3285 1695 3338 infans

26 3372 369 3439 reperiretur,
434 3373 702 3426 existeret
755 3373 961 3443 aliquis
1029 3373 1129 3442 qui
1174 3388 1306 3426 eum
1356 3378 1696 3441 provocatus

27 3460 367 3514 miseratione
402 3462 717 3531 susciperet
748 3467 804 3514 et
825 3461 1123 3514 enutriret.
1158 3460 1217 3515 Si
1262 3462 1490 3526 quando
1521 3461 1698 3530 igitur

29 3546 69 3596 id
96 3548 436 3617 contigisset,
470 3548 731 3601 custodes
752 3548 837 3601 vel
872 3548 1244 3601 matricularii
1271 3548 1521 3601 ecclesiae
1550 3565 1697 3618 pue-

31 3646 131 3685 rum
167 3635 533 3704 accipientes,
568 3634 906 3704 quaerebant
954 3635 1010 3687 in
1044 3635 1277 3705 populo,
1308 3636 1353 3688 si
1396 3636 1525 3705 quis
1553 3636 1697 3689 forte

34 3734 139 3773 eum
166 3724 455 3793 suscipere
487 3722 862 3775 nutriendum
895 3727 949 3774 et
970 3738 1075 3791 pro
1098 3739 1198 3775 suo
1231 3722 1499 3793 deinceps
1530 3723 1700 3777 habe-

35 3825 77 3859 re
103 3810 295 3877 vellet;
331 3811 430 3864 ubi
462 3810 535 3863 ad
565 3826 691 3863 eam
726 3826 847 3864 rem
878 3810 1111 3863 offerret
1141 3826 1199 3863 se
1246 3810 1477 3880 aliquis,
1510 3811 1698 3864 infans

38 3898 272 3965 quiesset
304 3898 598 3969 expositus
630 3899 893 3969 episcopo
924 3898 1306 3964 deferebatur,
1340 3905 1395 3952 et
1425 3900 1547 3968 ejus
1576 3898 1696 3968 pri-

40 3986 233 4054 vilegio,
256 3986 569 4041 auctoritas
582 3987 877 4040 nutriendi
899 3986 1261 4057 habendique
1283 3988 1506 4057 parvuli
1529 3988 1581 4040 ei
1600 3986 1699 4057 qui

42 4088 63 4122 α
88 4076 470 4129 matriculariis
501 4079 827 4145 susceperat
855 4074 1207 4128 ﬁrmabatur.

125 4191 353 4255 Infantis
383 4192 599 4259 loquela
628 4193 777 4244 (ἴσαν
805 4192 1165 4243 innocentiam
1191 4204 1346 4243 suam
1391 4194 1589 4243 tuetur.

96 4294 170 4344 ‘ll.
198 4294 251 4346 ld
279 4311 417 4365 ergo
470 4300 606 4348 tunc
650 4294 887 4348 accidit:
937 4299 993 4348 et
1039 4294 1226 4348 infans
1258 4294 1317 4347 in
1363 4294 1580 4369 concha
1612 4309 1701 4346 re-

1792 593 1886 645 tire
1946 592 2298 661 puritatique
2353 593 2657 653 credatur;
2720 594 2774 641 et
2807 604 2933 658 quae
2982 589 3189 656 egisset
3245 594 3478 641 eatenus

1792 687 1982 734 essent
2038 681 2330 733 maleficiis
2379 680 2607 749 penitus
2674 677 3035 730 ascribeuda:
3085 694 3261 746 quare
3311 688 3367 730 et
3419 679 3480 731 in

1792 786 1922 822 eum
1955 770 2212 839 capitalis
2244 767 2684 832 animadversio,
2714 771 2778 818 ut
2820 766 2877 818 in
2909 782 3139 833 magum
3173 766 3224 818 ei
3258 767 3480 820 malefi-

1792 875 1945 925 cum,
1974 859 2153 911 fieret.
2202 859 2344 910 Tum
2392 856 2476 908 vir
2524 854 2887 908 beatissimus
2943 854 3265 906 contristari
3319 856 3482 909 vehe-

1794 953 2017 1000 menter
2045 952 2099 999 et
2130 944 2307 1014 affligi
2340 945 2529 1014 erepit,
2565 944 2715 1013 quod
2754 943 2885 994 talia
2924 941 2978 994 ei
3007 957 3039 993 a
3068 958 3169 994 suo
3213 944 3481 1011 pontifice

1792 1035 2222 1099 mandarentur,
2256 1034 2313 1085 in
2347 1032 2555 1102 quibus
2583 1037 2639 1084 et
2668 1029 3013 1083 attentandis
3042 1030 3327 1083 videretur
3364 1048 3482 1084 esse

1794 1124 2071 1177 nonnulla
2092 1122 2485 1193 prmsumptio,
2509 1125 2564 1174 et
2582 1120 2910 1173 recusandis
2941 1119 3273 1172 difficillima
3291 1136 3484 1174 neces-

1795 1213 2028 1266 situdo:
2078 1212 2185 1265 sibi
2232 1228 2459 1280 semper
2508 1210 2911 1263 conscientiam
2963 1208 3252 1278 propriam
3285 1214 3341 1262 et
3389 1225 3486 1262 su-

1795 1302 1956 1371 perni
2008 1301 2207 1369 judicii
2257 1301 2648 1353 testimonium
2699 1299 3004 1360 suffecisse,
3056 1314 3168 1351 non
3221 1305 3484 1366 oportere

1795 1390 1930 1442 talia
1962 1389 2254 1458 imperari,
2286 1406 2397 1441 non
2432 1388 2553 1441 hazc
2584 1405 2685 1441 sua
2714 1387 2811 1456 qui
2840 1404 2895 1440 se
2928 1388 3096 1439 sciret
3128 1387 3185 1440 in
3218 1388 3486 1442 omnibus

1796 1483 2173 1548 peccatorem,
2207 1478 2303 1530 sed
2338 1483 2663 1529 sanctorum
2706 1492 2826 1529 esse
2876 1476 3168 1528 miracula.
3206 1476 3486 1540 Quoniam

1797 1572 1986 1619 tamen
2022 1567 2275 1636 episcopi
2303 1566 2603 1635 praeceptis
2637 1566 2896 1617 resistere
2948 1581 3063 1616 non
3112 1564 3355 1630 valebat,
3412 1566 3487 1618 si-

1800 1657 1916 1708 mul
1964 1661 2017 1707 et
2052 1672 2121 1707 ne
2171 1671 2371 1707 eorum
2422 1654 2521 1723 qui
2566 1672 2623 1705 se
2673 1654 2871 1705 audire
2925 1652 3076 1705 soliti
3124 1658 3308 1705 essent
3345 1670 3489 1706 con-

1800 1744 2035 1796 scicntia
2072 1744 2298 1795 inlirma
2352 1743 2410 1794 in
2457 1741 2545 1794 sui
2601 1741 2980 1793 testiuiatioue
3030 1741 3322 1793 falleretur
3372 1759 3488 1795 me-

1796 1837 1955 1884 tuere
1990 1835 2234 1899 poterat,
2269 1830 2333 1882 ad
2361 1846 2558 1899 preces
2588 1845 2892 1881 conversus
2926 1833 2979 1880 ct
3005 1829 3117 1881 Deo
3154 1830 3491 1897 suppliciter

1798 1936 2001 1972 manus
2038 1919 2365 1981 extendens,
2395 1919 2509 1971 ait:
2548 1918 2785 1982 Christe,
2839 1917 2937 1987 qui
2988 1918 3353 1987 temetipsum
3388 1935 3491 1989 pro

1798 2008 2191 2077 redemptione
2262 2007 2559 2059 hominum
2629 2007 2930 2058 exinanisti
2991 2011 3043 2057 et
3099 2006 3338 2060 formam
3408 2016 3494 2062 est

1798 2096 1942 2148 servi
1977 2097 2244 2163 dignatus
2274 2095 2546 2165 accipere,
2581 2096 2667 2148 fac
2700 2110 2922 2147 mecum
2957 2096 3217 2164 quamvis
3250 2097 3489 2166 indigno

1798 2189 1992 2237 tamen
2022 2182 2291 2235 clientulo
2342 2188 2440 2235 tuo
2494 2181 2962 2243 misericordiam,
3011 2188 3065 2234 et
3112 2182 3335 2235 virtutis
3378 2190 3491 2237 tua:

1799 2272 1857 2325 in
1890 2272 1993 2324 hac
2024 2273 2357 2324 necessitate
2408 2271 2727 2340 potentiam
2780 2270 3032 2336 ostende,
3086 2276 3147 2323 ut
3193 2279 3492 2341 cognoscat

1798 2376 2048 2428 prmsens
2079 2360 2380 2429 episcopus
2426 2364 2481 2411 et
2510 2359 2668 2428 plebs
2710 2359 2850 2427 ejus,
2910 2359 3042 2427 quia
3090 2366 3143 2411 te
3190 2359 3389 2427 diligo,
3435 2364 3490 2410 te

1799 2448 1995 2507 adoro,
2024 2448 2127 2499 tibi
2176 2464 2292 2499 non
2331 2448 2457 2500 ticte
2490 2448 2699 2499 servire
2752 2447 3036 2511 desidero,
3088 2448 3322 2501 Creator
3367 2464 3492 2500 om-

1799 2536 1959 2588 nium
1992 2540 2047 2588 ct
2078 2536 2443 2605 Redemptor.
2482 2535 2574 2588 llis
2605 2535 2786 2601 dictis,
2838 2536 2903 2587 ad
2954 2535 3208 2601 bajulum
3260 2536 3493 2589 infantis

1802 2624 2056 2691 accessit,
2111 2624 2487 2693 quaesivitque
2550 2629 2687 2693 quot
2746 2629 2938 2676 noctes
2995 2624 3181 2677 infans
3240 2625 3388 2677 idem
3422 2626 3493 2678 ab

1801 2718 1930 2765 ortu
1959 2713 2268 2780 implesset.
2305 2714 2441 2765 Cum
2474 2717 2588 2764 tres
2619 2712 2780 2764 illum
2805 2712 2922 2780 jam
2954 2729 2982 2762 a
3033 2713 3328 2765 nativitate
3358 2729 3491 2765 noc-

1804 2806 1884 2853 tes
1916 2800 2125 2853 habere
2159 2800 2411 2864 dixisset,
2446 2801 2530 2852 vir
2584 2800 2808 2852 Domini
2858 2800 3151 2869 subjuuxit
3186 2829 3195 2854 ε
3248 2801 3494 2854 Trinitas

1802 2893 2014 2955 sancta,
2046 2893 2098 2941 te
2129 2888 2352 2955 invoco,
2400 2894 2569 2957 atque
2615 2892 2686 2952 te,
2738 2888 2943 2953 infans,
2999 2888 3056 2939 in
3109 2888 3341 2941 nomine
3371 2889 3491 2942 Tri-

1800 2977 1994 3030 nitatis
2028 2977 2251 3046 adjuro,
2288 2982 2350 3029 ut
2382 2977 2671 3045 genitores
2703 2981 2832 3029 tuos
2879 2976 3221 3029 nominatim
3256 2980 3311 3028 et
3343 2979 3493 3031 clare

1803 3065 2085 3135 designes.
2119 3066 2261 3119 Tum
2304 3064 2492 3117 infans
2525 3069 2791 3134 protenta
2824 3066 2892 3118 ad
2932 3065 3261 3134 episcopum
3298 3082 3493 3131 manu,

1805 3154 2229 3207 absolutissimo
2290 3170 2550 3206 sermone
2600 3153 2937 3223 respondit:
2998 3155 3105 3205 Istc
3165 3159 3251 3207 est
3334 3159 3497 3223 pater

1804 3258 1966 3295 meus
1996 3242 2257 3295 Rusticus
2291 3241 2593 3311 episcopus
2626 3246 2683 3293 et
2716 3246 2895 3293 mater
2941 3257 3067 3294 mea
3116 3242 3303 3294 Flavia
3346 3258 3494 3295 nun-

1804 3334 2064 3398 cupatur.
2099 3329 2208 3393 Sic,
2237 3328 2556 3397 justissimo
2592 3328 2690 3380 Dei
2716 3326 2958 3396 judicio,
2991 3327 3127 3380 dum
3178 3327 3237 3380 in
3269 3344 3495 3381 servum

1808 3417 2033 3470 Domini
2063 3417 2243 3470 isdem
2276 3416 2579 3485 episcopus
2614 3415 2929 3469 calumnias
2957 3416 3209 3481 molitur,
3241 3421 3296 3468 et
3325 3431 3498 3485 Opera

1806 3522 1934 3575 qua)
1963 3506 2238 3558 debuerat
2284 3504 2555 3557 admirari
2606 3503 2857 3571 maligno
2903 3503 3123 3556 fraudis
3169 3508 3496 3557 commento

1805 3594 2010 3646 nititur
2039 3592 2336 3656 offuscare,
2367 3608 2494 3661 qua!
2525 3596 2712 3644 essent
2737 3591 2859 3659 ejus
2890 3591 3051 3657 facta,
3109 3591 3405 3661 qualisque
3439 3592 3497 3645 in

1805 3680 2035 3735 secretis
2076 3681 2191 3733 suis
2241 3680 2508 3732 existeret
2552 3678 2650 3748 qui
2690 3678 2881 3749 palam
2914 3678 2983 3732 de
3024 3678 3148 3731 aliis
3184 3679 3493 3749 judicaret,

1806 3769 2103 3823 manifeste
2133 3769 2350 3821 cunctis
2380 3766 2647 3820 innotuit.

1805 3905 2131 3971 EpiscoPum
2162 3900 2236 3954 ad
2267 3902 2637 3969 painitentiam
2668 3900 2951 3970 hortatur;
2995 3906 3268 3969 septenum
3304 3917 3404 3971 pro
3436 3918 3494 3957 eo

2296 3990 2668 4057 penitentiam
2693 3989 2985 4056 promittit.

1876 4124 1965 4174 ‘22.
2001 4122 2198 4191 Itaque
2229 4120 2328 4174 ubi
2358 4119 2649 4190 proditum
2680 4136 2737 4173 se
2763 4119 2907 4172 vidit
2935 4117 3263 4189 episcopus,
3295 4124 3351 4172 et
3372 4137 3497 4191 quae

1809 4209 1979 4262 celari
2014 4225 2175 4278 posse
2217 4208 2536 4261 crediderat
2580 4207 2847 4260 omnibus
2897 4208 3140 4259 revelata
3188 4210 3497 4278 conspexit,

1812 4296 2081 4350 confusus
2135 4296 2204 4349 ad
2245 4296 2395 4349 beati
2440 4295 2545 4347 viri
2590 4296 2767 4365 pedes
2806 4294 3071 4365 procidit,
3107 4294 3502 4349 indubitanter

49 4386 207 4446 pertus
248 4398 280 4435 a
333 4382 543 4436 clerico
607 4383 1016 4453 suprascripto,
1076 4383 1134 4436 in
1198 4382 1560 4453 praesentiam
1614 4386 1698 4435 est
1737 4374 1779 4429 D
1812 4391 1931 4438 tum
1967 4400 2024 4437 se
2055 4399 2363 4453 agnoscere
2408 4384 2599 4437 dicens
2630 4389 2888 4436 sanctum
2937 4387 2990 4435 et
3041 4385 3151 4436 Deo
3205 4389 3499 4454 acceptum

50 4467 259 4538 episcopi
299 4472 669 4542 ecclesiaaque
735 4472 978 4525 delatus.
1031 4472 1151 4534 Quo
1200 4472 1342 4537 viso,
1402 4471 1701 4540 episcopus

55 4554 105 4605 ad
125 4572 235 4609 suos
259 4576 604 4613 conversus:
640 4561 820 4627 Nunc,
874 4560 1082 4630 inquit,
1128 4559 1373 4628 probare
1404 4559 1567 4612 facile
1597 4576 1700 4629 po-

55 4643 266 4713 terimus,
300 4649 344 4701 si
373 4648 571 4702 Goaris
593 4664 769 4717 opera
798 4664 865 4701 ex
920 4650 1033 4701 Deo
1063 4648 1195 4714 sint,
1230 4664 1303 4700 an
1350 4664 1415 4700 ex
1447 4648 1704 4701 adversa-

61 4727 138 4781 rio.
168 4733 473 4790 Manifestet
504 4752 658 4789 nunc
693 4736 853 4789 nobis
879 4736 978 4806 qui
1024 4736 1138 4789 sint
1168 4736 1338 4803 hujus
1388 4735 1486 4805 qui
1516 4735 1704 4788 illatus

60 4824 124 4868 est
158 4826 305 4889 pueri
350 4830 661 4895 parentes;
697 4829 752 4877 et
793 4824 838 4876 si
881 4824 1072 4877 divina
1116 4824 1325 4876 virtute
1381 4822 1601 4887 nititur,
1646 4828 1705 4874 ut

65 4914 221 4963 contra
248 4918 462 4967 natura:
490 4929 681 4978 usum,
712 4913 901 4966 infans
934 4912 1108 4967 trium
1140 4913 1365 4966 dierum
1418 4913 1703 4981 loquatur,

67 5007 366 5070 suorumque
414 5007 717 5071 parentem
756 5000 991 5054 nomina
1021 5000 1233 5055 indicet
1274 4999 1456 5053 faciat.
1508 5002 1702 5053 Arcta-

70 5082 141 5132 tur
186 5085 275 5139 hac
326 5090 412 5143 vir
475 5089 703 5142 Domini
753 5089 1122 5154 conditione;
1182 5089 1501 5157 imperatur
1553 5088 1601 5139 ei
1635 5087 1703 5141 ab

75 5170 289 5243 ePiscopo
321 5183 384 5230 ut
414 5178 482 5230 ad
520 5177 1027 5230 demonstrandam
1066 5193 1302 5229 suorum
1358 5180 1587 5229 actuum
1621 5175 1708 5227 in-

76 5262 344 5317 nocentiam
365 5270 421 5317 et
451 5264 733 5333 simplicis
764 5264 944 5318 animi
989 5265 1341 5318 sanctitatem
1395 5264 1501 5317 hoc
1530 5263 1710 5316 mira-

82 5344 163 5395 culi
188 5364 311 5416 opus
337 5352 620 5405 exhibeat.
656 5352 873 5406 Debere
904 5352 1065 5405 illum
1106 5353 1217 5405 tale
1271 5351 1485 5421 aliquid
1521 5366 1710 5419 agere,

83 5440 167 5495 quo
193 5436 251 5488 ad
277 5440 625 5494 audiendum
646 5440 808 5493 illum
833 5440 1290 5509 imitandumque
1330 5438 1713 5492 dubitantium

88 5517 261 5576 animus
289 5529 624 5593 roboretur;
657 5528 757 5599 qui
814 5528 860 5581 si
908 5529 1015 5582 hoc
1063 5543 1231 5597 agere
1280 5528 1367 5580 vel
1412 5526 1576 5591 nolit,
1626 5524 1715 5578 vel

88 5604 274 5666 minime
302 5618 494 5685 possit,
544 5617 803 5670 futurum
851 5616 1123 5670 continuo
1155 5620 1239 5681 ut,
1288 5630 1475 5684 neque
1504 5617 1716 5683 priete-

378 5716 660 5780 PATROL.
712 5714 922 5779 CXXI.

1810 4488 1932 4526 esse
1965 4472 2227 4539 Goarem,
2260 4471 2423 4540 cujus
2452 4471 2685 4533 virtute,
2717 4471 2832 4523 imo
2864 4470 3061 4523 divina
3104 4486 3208 4540 pro
3237 4486 3304 4523 eo
3334 4472 3503 4525 ultio-

1810 4578 1883 4615 ne
1913 4561 2130 4613 crimen
2162 4560 2315 4629 quod
2348 4560 2571 4612 nullum
2605 4564 2815 4629 praeter
2849 4574 2905 4610 se
2938 4564 2995 4611 et
3024 4575 3150 4611 eam
3185 4559 3276 4612 cui
3308 4560 3500 4613 illicite

1809 4648 2011 4702 fuisset
2030 4648 2325 4713 admistus,
2355 4663 2650 4717 unumque
2673 4647 2976 4716 puerulum
3009 4663 3177 4700 suum
3206 4648 3367 4715 scire,
3406 4655 3504 4701 aut

1812 4737 2086 4789 sciturum
2120 4736 2431 4805 aliquando
2463 4740 2780 4804 putaverat,
2832 4749 2934 4802 per
2974 4733 3335 4789 innocentem
3370 4743 3503 4789 tunc

1813 4830 1869 4877 et
1890 4824 2132 4877 necdum
2166 4840 2231 4875 ex
2256 4839 2362 4875 usu
2394 4823 2725 4892 loquentem
2749 4821 3093 4874 infantulum
3125 4829 3381 4876 cerneret
3404 4842 3504 4894 pa-

1813 4912 2107 4966 tefactum.
2139 4912 2233 4963 Vir
2264 4916 2456 4963 autem
2486 4914 2711 4962 sanctus
2736 4925 2855 4961 rem
2880 4914 3097 4977 gestam
3122 4914 3503 4979 perpendens,

1817 5000 1999 5053 stabat
2045 4998 2391 5067 stupefactus
2437 5002 2492 5050 et
2544 4997 2786 5060 haerens,
2839 5002 3008 5064 atque
3058 5012 3126 5049 ex
3162 4996 3279 5049 imo
3324 5001 3507 5053 cordis

1817 5086 2063 5156 suspiria
2089 5084 2423 5155 gravissima
2458 5085 2691 5151 ducens,
2740 5088 2796 5137 et
2836 5100 3031 5135 versus
3078 5084 3145 5136 ad
3178 5086 3507 5157 episcopum

1819 5176 2089 5245 plangere
2120 5172 2307 5239 coepit,
2342 5170 2497 5241 quod
2547 5187 2650 5240 per
2680 5185 2737 5224 se
2782 5171 3067 5223 videretur
3108 5173 3362 5240 pontifex
3403 5191 3509 5244 pu-

1819 5262 2097 5324 blicatus;
2141 5258 2313 5311 fuisse
2346 5259 2539 5311 dicens
2583 5258 2881 5311 meliorem
2909 5265 3279 5328 spontaneam
3322 5280 3514 5317 secre-

1820 5354 2051 5418 tamque
2083 5346 2492 5399 confessionem
2520 5364 2533 5412 ;
2569 5346 2885 5417 oportuisse
2903 5364 3033 5400 eum
3067 5354 3374 5421 antequam
3405 5370 3515 5423 pu-

1822 5438 1967 5491 blice
2030 5439 2343 5496 notaretur,
2396 5435 2761 5488 conscientiae
2842 5442 3064 5489 reatum
3115 5442 3515 5496 emendatione

1827 5521 2148 5577 voluntaria
2180 5526 2236 5574 et
2281 5522 2665 5576 satisfactione
2721 5538 2974 5592 congrua
3028 5530 3268 5596 tergere,
3304 5530 3518 5602 quippe

1825 5627 2039 5677 veram,
2094 5610 2380 5679 fixamque
2439 5626 2560 5664 esse
2613 5612 2996 5665 sententiam:
3057 5616 3212 5669 Nihil
3275 5627 3517 5685 opm-(um

3125 5719 3199 5775 21
