3846 6244
15 373 71 423 “.3
1156 378 1244 432 DE
1286 377 1448 434 VITA
1487 381 1578 436 ET
1618 381 1993 437 MlRACULlS
2034 381 2086 435 S.
2133 383 2407 438 GOARIS.

3425 389 3528 442 654-

16 507 141 561 bre
185 512 386 565 valida
421 517 716 582 correptus
759 513 1040 582 aegrotare
1069 513 1258 582 erepit,
1293 518 1346 566 et
1378 515 1546 584 longo
1597 533 1721 569 cor-
1761 519 1803 570 A
1839 516 2055 581 Quibus
2088 517 2180 570 ille
2222 519 2510 586 respondit
2545 536 2556 573 :
2611 520 2812 573 Petitio
2846 537 2974 574 mea
3018 523 3135 576 sola
3177 522 3297 576 haec
3346 529 3431 578 est
3462 530 3528 579 ut

16 598 134 651 iris
195 601 583 655 incommodo
617 601 862 672 fatigari.
907 602 1050 666 Quid
1099 603 1306 672 plura?
1348 603 1438 658 Sic
1477 621 1566 658 res
1615 623 1713 659 ac-

15 686 112 740 dit
168 694 244 743 et
294 707 428 744 eum
481 690 682 744 habuit
731 691 965 755 exitum,
1015 695 1080 743 ut
1124 708 1297 761 quem
1343 696 1469 761 post
1509 694 1713 763 viginti

16 792 229 831 erum
285 795 591 834 excursum
638 779 888 832 visurum
942 796 1000 832 58
1050 795 1141 833 rex
1183 781 1560 835 aestimaverat
1613 800 1714 837 "PC

51 873 316 935 septem
371 885 651 921 annorum
692 869 873 937 spatio
905 868 1140 921 videret.
1191 875 1374 938 Atque
1424 888 1488 923 eo
1542 873 1713 925 modo

16 970 121 1006 rea
167 956 473 1009 famulum
525 971 692 1008 suum
742 956 931 1009 divina
991 956 1353 1010 Providentia
1385 958 1520 1027 agit,
1568 965 1627 1011 ut
1659 966 1714 1013 et

20 1047 339 1098 stantiam
373 1046 523 1114 regis
550 1045 614 1098 ad
647 1045 1040 1115 episcopatum
1073 1062 1130 1098 se
1165 1046 1445 1114 cupientis
1488 1064 1713 1116 promo-

16 1148 100 1184 τε
142 1133 504 1195 declinaret,
556 1141 607 1185 et
659 1133 809 1202 quod
855 1133 1120 1203 episcopo
1185 1134 1467 1202 pollicitus
1524 1135 1712 1188 fuerat

20 1227 218 1288 ptem
252 1223 462 1275 scilicet
487 1238 766 1274 annorum
793 1238 896 1290 pro
919 1238 984 1273 eo
1009 1221 1480 1291 supplicationem
1503 1222 1631 1276 licet
1655 1223 1711 1275 in

25 1311 342 1364 tirmitate
379 1311 596 1380 positus
628 1311 987 1378 adimpleret.
1041 1312 1179 1363 Nam
1211 1326 1337 1362 cum
1380 1311 1538 1363 omni
1583 1311 1710 1364 vitae

15 1416 91 1450 ire
131 1404 438 1468 tempore,
462 1404 586 1452 tum
619 1398 993 1451 maximeillis
1016 1404 1230 1467 septem
1261 1399 1422 1450 annis
1464 1399 1711 1452 orationi

16 1487 242 1552 icavit,
277 1504 449 1540 orans
482 1488 628 1540 sicut
657 1487 965 1556 Apostolus
999 1487 1260 1556 praecipit
1290 1503 1392 1556 pro
1444 1489 1711 1542 omnibus

16 1575 362 1638 ominibus,
399 1592 501 1644 pro
537 1575 765 1644 regibus
797 1578 852 1626 et
880 1574 1148 1626 omnibus
1184 1575 1279 1644 qui
1340 1575 1394 1626 in
1445 1575 1711 1628 sublimi-

15 1670 92 1715 ite
129 1669 312 1716 erant
335 1669 400 1716 ut
440 1663 695 1732 quietam
742 1670 796 1713 et
826 1662 1197 1732 tranquillam
1242 1664 1414 1715 vitam
1477 1670 1713 1732 agerent

15 1769 33 1804 ι
69 1752 255 1805 omni
287 1752 502 1822 pietate
533 1757 588 1804 et
617 1750 872 1803 castitate
908 1750 951 1819 (Ι
981 1753 1116 1803 Tim.
1143 1753 1218 1817 ιι).
1267 1751 1487 1804 Eisdem
1521 1756 1710 1804 autem

15 1842 162 1913 nnis
199 1846 424 1910 septem
473 1839 700 1906 exactis,
734 1838 856 1893 sine
902 1839 1216 1892 cessatione
1261 1840 1539 1909 lacrymas
1585 1840 1711 1892 fun-

16 1930 197 1996 ebat,
230 1936 286 1982 et
319 1929 546 1982 assidue
578 1928 884 1983 Dominum
930 1929 1292 1996 precabatur,
1338 1944 1561 1981 memor
1593 1929 1713 1998 ejus

16 2019 309 2070 _.-n'.entiae
360 2035 372 2070 :
419 2016 693 2088 quoniam
741 2015 838 2086 qui
889 2017 1176 2069 seminant
1218 2016 1274 2068 in
1337 2016 1600 2086 lacrymis
1653 2017 1711 2070 in

17 2107 217 2159 audio
261 2111 480 2160 metent
509 2107 673 2175 (Psal.
709 2104 866 2174 cxxv)
893 2121 906 2168 ;
940 2110 994 2156 et
1025 2105 1205 2157 sciens
1235 2105 1408 2157 tinem
1437 2105 1563 2158 vitae
1595 2122 1712 2159 suae

25 2213 106 2248 on
143 2197 405 2248 multum
435 2195 656 2259 abesse,
685 2193 1038 2263 cupiensque
1070 2192 1300 2245 dissolvi
1329 2199 1385 2245 et
1427 2209 1548 2246 esse
1581 2209 1709 2246 cum

15 2285 234 2336 ihristo
264 2284 488 2351 (Philip.
522 2284 605 2348 ιι).

178 2363 521 2456 Sigibe-rtum
551 2404 664 2456 prae
689 2389 1008 2454 inﬁrmitate
1035 2387 1188 2440 adire
1208 2404 1313 2441 non
1333 2394 1529 2456 potest.

61 2501 159 2550 '26.
227 2497 424 2565 Itaque
487 2500 789 2564 postquam
857 2509 1139 2547 annorum
1184 2500 1404 2562 septem
1461 2494 1709 2564 spatium

15 2587 306 2638 evolutum
339 2589 480 2648 erat,
517 2581 802 2652 Sigiberto
832 2582 954 2652 regi
991 2582 1050 2634 in
1083 2589 1330 2635 mentem
1371 2582 1526 2636 venit
1571 2583 1706 2653 quid

16 2691 186 2743 .uper
216 2678 412 2726 sancto
443 2674 624 2726 Goare
657 2677 773 2724 tam
799 2671 922 2725 sibi.
956 2687 1128 2740 quam
1160 2671 1375 2740 pepulo
1407 2676 1463 2724 et
1510 2687 1708 2741 proce-

19 2764 166 2816 -ibus
201 2761 402 2831 palatii
442 2760 775 2830 placuisset;
838 2765 1004 2828 atque
1053 2775 1082 2810 e
1112 2758 1351 2827 vestigio
1389 2760 1588 2828 legatis
1637 2761 1706 2813 ad

23 2853 176 2905 llum
229 2850 436 2912 missis,
488 2852 616 2901 orat
663 2847 745 2900 uti
791 2850 856 2899 ad
889 2862 946 2899 se
1000 2846 1193 2898 venire
1227 2846 1449 2899 debeat.
1484 2846 1594 2900 Sed
1624 2847 1710 2899 vir

15 2939 220 3006 spiritu
247 2938 340 2991 Dei
375 2937 602 3006 plenus,
635 2936 733 3005 qui
763 2935 932 2987 sciret
966 2933 1399 2987 dissolutionem
1436 2933 1543 2987 sibi
1584 2950 1708 2987 cor-

16 3028 164 3093 poris
198 3026 524 3091 imminere,
558 3023 759 3094 legatis
801 3022 1134 3093 prophetica
1172 3037 1310 3074 voce
1363 3022 1660 3091 respondit
1691 3037 1706 3075 :

17 3115 213 3180 Dicite,
247 3114 433 3178 tilioli,
459 3114 695 3166 domino
727 3115 934 3174 vestro,
977 3110 1249 3180 quoniam
1284 3110 1484 3162 faciem
1515 3125 1704 3166 meam
1746 3103 1786 3158 C

17 3219 120 3255 non
149 3209 239 3256 est
268 3203 327 3256 in
372 3201 643 3271 praesenti
692 3200 806 3252 vita
850 3199 1092 3265 visurus,
1128 3198 1236 3251 nisi
1264 3199 1411 3252 forte
1460 3199 1593 3251 velit
1635 3198 1706 3251 ad

19 3292 276 3344 :ellulam
322 3297 575 3344 nostram
625 3290 749 3358 ipse
803 3286 1014 3352 venire,
1063 3285 1338 3356 quoniam
1387 3286 1709 3340 infirmitati

21 3381 344 3446 gravissima
373 3379 844 3448 comprehensus,
890 3391 1170 3444 nusquam
1205 3375 1476 3444 progredi
1515 3375 1704 3441 valeo;

22 3483 342 3538 quanquam
388 3467 508 3519 hmo
559 3465 767 3518 divinas
816 3463 1042 3534 pietatis
1095 3462 1323 3533 ﬂagella
1373 3465 1542 3532 longe
1598 3463 1710 3517 sint

23 3557 154 3608 meis
184 3554 401 3607 meritis
432 3553 664 3606 leviora.
716 3553 843 3605 Haec
883 3566 1013 3603 cum
1063 3551 1231 3619 legati
1263 3551 1334 3604 ad
1382 3567 1575 3620 regem
1627 3567 1710 3603 re-

25 3659 223 3710 sponsa
271 3642 659 3713 pertulissent,
714 3639 1080 3692 contristatus
1124 3639 1220 3692 ille
1259 3639 1448 3692 dicere
1495 3637 1704 3706 ccepit:

28 3747 134 3785 non
165 3748 284 3785 esse
319 3748 377 3784 se
409 3730 647 3800 dignum
690 3729 862 3782 talem
897 3727 1109 3780 habere
1161 3727 1469 3787 doctorem,
1520 3741 1709 3795 neque

28 3820 244 3886 plebem
285 3836 412 3890 quae
443 3823 665 3872 tantum
690 3821 1008 3870 mereretur
1036 3815 1324 3885 possidere
1356 3814 1708 3884 pontiﬁcem.

28 3905 162 3960 Misit
192 3913 387 3961 tamen
413 3907 602 3960 adhuc
650 3905 809 3970 alios,
841 3920 946 3973 per
980 3919 1120 3973 quos
1161 3902 1332 3972 petiit
1375 3901 1599 3963 obnixe,
1647 3907 1708 3955 ut

31 4010 198 4066 usque
244 3997 308 4050 ad
332 4011 496 4048 suam
537 3993 898 4064 praesentiam
951 3991 1036 4043 vir
1082 3996 1305 4044 sanctus
1352 3989 1574 4060 fatigati
1627 3989 1714 4042 di-

33 4090 310 4149 gnaretur,
357 4099 544 4153 neque
581 4098 640 4135 se
691 4080 1037 4135 desideranti
1068 4095 1416 4149 magnopere
1465 4077 1713 4147 principi

35 4173 342 4244 denegaret.
392 4172 500 4235 Qui
552 4176 616 4224 ut
665 4174 948 4223 venerunt
995 4183 1219 4222 servum
1275 4167 1480 4221 Christi
1529 4168 1710 4219 multo

35 4263 260 4315 validius
292 4263 446 4316 febre
493 4260 855 4314 laborantem
889 4262 944 4310 et
990 4257 1267 4326 prolixius
1315 4260 1710 4325 aegrotantem,

40 4354 188 4419 atque
211 4354 266 4404 in
289 4351 387 4404 Dei
411 4349 675 4402 laudibus
691 4347 908 4416 jugiter
923 4345 1321 4415 persistentem
1347 4344 1708 4396 invenerunt.

41 4437 232 4499 Quibus
265 4439 412 4509 apud
447 4455 506 4492 se
537 4437 736 4507 positis
777 4437 859 4488 vir
892 4434 1280 4488 sanctissimus
1329 4432 1408 4484 ait.
1437 4447 1449 4484 :
1505 4429 1710 4493 Nolite,

46 4528 267 4592 otilioli,
289 4534 388 4580 aut
421 4543 522 4580 vos
552 4526 721 4595 ipsos,
775 4527 872 4577 aut
925 4539 1120 4592 regem
1171 4527 1424 4574 vestrum
1474 4518 1716 4573 ulterius

45 4613 279 4685 fatigare,
311 4616 586 4686 quoniam
619 4618 837 4666 certum
866 4612 1048 4672 habeo
1075 4615 1132 4663 et
1160 4611 1236 4662 ita
1267 4625 1330 4661 ex
1364 4608 1574 4678 pietate
1621 4621 1714 4658 su-

50 4717 203 4769 perna
232 4703 480 4768 confido,
535 4718 626 4756 me
671 4715 858 4770 neque
902 4704 1060 4752 extra
1103 4697 1350 4767 spatium
1398 4694 1507 4748 loci
1550 4694 1717 4747 istius

49 4794 267 4862 amplius
310 4806 701 4862 egressurum,
739 4804 924 4858 neque
956 4788 1132 4840 ullam
1163 4785 1514 4839 evectionem
1546 4782 1717 4835 aliam

50 4894 198 4948 quam
229 4882 293 4935 ad
317 4881 674 4949 sepulturam
703 4875 994 4946 propriam
1026 4874 1372 4927 subiturum.
1393 4873 1472 4925 Ita
1503 4871 1559 4923 in
1584 4885 1717 4940 pro-

51 4971 210 5036 posito
237 4983 600 5040 permanens,
641 4966 785 5019 fixus
833 4965 894 5018 in
941 4963 1039 5017 Dei
1070 4961 1334 5016 laudibus
1366 4965 1423 5013 et
1460 4959 1718 5012 oratione

55 5055 280 5111 durabat.

59 5169 326 5239 Sepultum
376 5187 488 5226 suae
544 5136 724 5223 locum-
766 5171 816 5221 et
866 5168 1142 5220 ministros
1208 5181 1242 5217 a
1287 5179 1406 5230 rege
1457 5162 1718 5232 postulat.

115 5290 190 5341 27.
222 5289 361 5341 Tum
389 5283 550 5339 missi
575 5282 658 5337 illi
689 5282 786 5352 qui
817 5281 885 5335 ad
924 5297 1055 5334 eum
1108 5283 1411 5343 venerant,
1445 5277 1581 5348 quid
1615 5275 1723 5329 sibi

65 5388 143 5442 per
169 5375 309 5446 ipsos
353 5375 422 5427 ab
478 5388 614 5442 rege
670 5369 842 5423 vellet
888 5367 1186 5439 impetrari
1243 5366 1726 5437 percontabantur

1825 607 1872 658 si
1907 607 1955 658 ei
1981 607 2182 674 placet,
2221 606 2288 659 de
2329 606 2434 660 hoc
2482 608 2605 660 loco
2637 609 3131 678 ampliﬁcationem
3181 611 3522 666 meritorum

1825 698 1880 746 et
1912 709 2136 746 causam
2199 693 2594 748 retributionis
2626 701 2853 750 aeternae
2903 698 3009 749 sibi
3039 699 3096 751 in
3131 715 3307 767 regno
3353 701 3522 754 ρατιο-

1823 799 1950 836 rum
1979 783 2263 852 acquirat;
2297 787 2349 836 et
2382 799 2512 836 cum
2546 789 2832 838 extremus
2861 785 3003 838 mihi
3027 786 3084 839 in
3117 787 3220 840 hac
3242 789 3357 841 vita
3398 790 3519 842 dies

1821 877 1877 924 et
1910 869 2135 924 debitus
2166 870 2296 922 tinis
2329 871 2639 938 advenerit,
2685 874 3022 928 auctoritate
3053 892 3153 927 sua
3185 880 3238 929 et
3270 876 3515 946 imperio

1822 959 1889 1012 ad
1935 975 2026 1011 me
2064 959 2446 1028 Agrippinum
2503 966 2558 1013 et
2608 962 2911 1014 Eusebium
2964 964 3282 1017 sacerdotes
3333 967 3524 1019 venire

1821 1048 2005 1112 faciat,
2063 1047 2161 1117 qui
2212 1063 2404 1101 meum
2453 1051 2859 1118 corpusculum
2911 1051 3156 1104 debeant
3214 1054 3521 1122 sepulturae

1821 1135 2113 1188 mandare.
2151 1136 2264 1187 [loc
2295 1141 2524 1205 accepto
2547 1152 2842 1206 responso,
2890 1139 2957 1191 ad
2995 1155 3188 1208 regem
3220 1140 3318 1208 qui
3365 1141 3521 1194 missi

1820 1221 2048 1274 fuerant
2101 1227 2484 1289 revertuntur,
2535 1225 2706 1276 verba
2755 1227 3058 1278 sacerdotis
3110 1233 3166 1280 et
3214 1245 3409 1297 preces
3455 1247 3519 1282 ex

1821 1310 2023 1362 ordine
2054 1310 2380 1364 referentes.
2420 1312 2491 1364 Ea
2519 1328 2611 1365 rex
2655 1318 2718 1365 ut
2749 1318 3034 1382 cognovit,
3083 1317 3332 1383 graviter
3361 1335 3524 1371 com-

1824 1398 2010 1445 motus
2047 1393 2347 1462 ingemuit,
2377 1395 2664 1465 faciesque
2695 1397 2816 1464 ejus
2867 1398 3170 1451 immutata
3219 1405 3320 1466 est,
3372 1419 3522 1470 quo-

1822 1480 1975 1534 niam
2031 1485 2254 1534 tantum
2311 1482 2495 1534 virum
2555 1483 2665 1536 cito
2741 1501 2800 1536 se
2850 1486 3198 1540 amissurum
3269 1489 3518 1542 videbat.

1821 1569 2055 1639 Moxque
2104 1570 2516 1640 suprascriptos
2566 1572 2632 1624 ad
2688 1588 2745 1623 se
2796 1574 3116 1627 sacerdotes
3185 1577 3520 1640 accersiens,

1821 1674 1924 1726 pro
1956 1659 2245 1710 voluntate
2275 1659 2378 1710 viri
2411 1659 2587 1712 sancti
2611 1676 2706 1711 eos
2737 1662 3017 1730 proﬁcisci
3050 1665 3116 1717 ad
3139 1665 3338 1718 cellam
3365 1665 3519 1719 illitis

1819 1746 2002 1816 jubet,
2037 1747 2392 1800 mandansut
2420 1763 2548 1817 quae
2579 1747 2672 1800 ille
2698 1749 3034 1819 praeciperet
3080 1767 3209 1806 cum
3247 1753 3404 1806 omni
3435 1754 3519 1806 di-

1827 1833 2057 1904 ligentia
2091 1838 2146 1886 et
2174 1833 2358 1887 studio
2379 1835 2776 1904 adimplerent.

2354 1925 2586 1976 Moritur
2619 1940 2680 1977 ac
2712 1926 2988 1992 sepelitur.

1891 2012 2199 2084 28.]!aque
2235 2015 2361 2079 post
2419 2011 2544 2063 illos
2593 2021 2637 2076 ει,
2674 2030 2814 2082 quos
2849 2013 3294 2067 memoravimus
3325 2030 3517 2084 supra,

1821 2104 2039 2168 septem
2076 2114 2276 2159 annos,
2312 2099 2557 2152 triennio
2587 2103 2642 2153 et
2672 2101 2853 2153 tribus
2905 2101 3200 2154 mensibus
3251 2103 3308 2156 in
3350 2103 3521 2156 infir-

1822 2187 2017 2239 mitate
2050 2192 2105 2238 et
2139 2186 2236 2239 Dei
2269 2187 2534 2240 laudibus
2563 2188 2771 2240 exactis
2803 2189 2889 2241 vir
2913 2189 3274 2242 beatissimus
3317 2193 3522 2260 plenus

1820 2275 2044 2328 dierum
2087 2279 2143 2327 et
2182 2274 2450 2344 operibus
2492 2275 2672 2341 bonis,
2727 2277 3063 2348 actibusque
3104 2278 3343 2347 justitiae
3383 2295 3518 2332 con-

1821 2369 2156 2427 summatus,
2187 2363 2382 2432 positis
2409 2379 2598 2416 coram
2639 2365 2977 2433 supradictis
3026 2367 3419 2421 sacerdotibus
3464 2373 3521 2420 et

1820 2451 2211 2522 compluribus
2269 2452 2392 2504 aliis
2430 2452 2595 2504 bonis
2643 2459 2698 2505 et
2755 2453 3007 2506 honestis
3057 2455 3404 2520 hominibus,
3457 2456 3520 2509 in

1819 2541 2021 2592 cellula
2052 2557 2151 2593 sua
2183 2540 2239 2592 in
2271 2557 2384 2609 qua
2414 2539 2622 2592 multos
2654 2557 2830 2593 annos
2865 2542 2978 2594 Deo
3010 2542 3259 2595 serviens
3300 2547 3515 2612 egerat,

1818 2628 2056 2682 decessit
2111 2629 2294 2697 pridie
2352 2628 2538 2681 Nonas
2598 2628 2796 2694 .lulias,
2877 2630 3205 2700 relinquens
3276 2647 3518 2700 corpore

1819 2718 2108 2778 saeculum,
2135 2717 2294 2786 cujus
2314 2718 2634 2785 voluptates
2657 2722 2713 2770 et
2732 2717 3014 2771 desideria
3035 2718 3169 2770 olim
3196 2735 3298 2788 pro
3319 2734 3516 2772 amore

1818 2806 2020 2874 patriae
2059 2821 2318 2874 supernae
2367 2804 2710 2874 reliquerat;
2741 2812 2796 2858 et
2825 2807 2894 2859 ad
2928 2823 3061 2860 eum
3098 2823 3269 2876 quem
3325 2807 3514 2860 inces-

1818 2898 2009 2946 santer
2033 2892 2431 2962 concupiverat
2478 2908 2672 2962 regem
2718 2893 3008 2948 Christum
3069 2894 3515 2966 felicitatemque

1817 2981 2059 3036 caelestis
2079 2981 2208 3034 vitae
2242 2981 2598 3050 perveniens,
2656 2981 2881 3035 futurus
2932 2982 3013 3035 ibi
3057 2982 3179 3035 sine
3224 2982 3338 3036 ﬁne
3381 2999 3514 3053 pos-

1817 3085 2005 3123 sessor
2043 3075 2390 3123 aeternorum
2440 3069 2744 3135 bonorum,
2789 3071 2888 3141 qui
2931 3071 3020 3124 hic
3053 3071 3202 3124 bona
3237 3087 3366 3141 quae
3416 3087 3518 3140 pu-

1817 3161 2010 3212 tantur
2039 3159 2331 3228 praesentis
2362 3159 2636 3228 temporis
2665 3175 2792 3212 cum
2833 3159 3081 3229 potuerit
3112 3159 3296 3212 noluit
3332 3159 3520 3230 possi-

1817 3248 1976 3314 dere,
2011 3252 2068 3300 et
2094 3247 2393 3300 habiturus
2424 3264 2553 3300 cum
2602 3248 2823 3303 Christo
2869 3249 3104 3302 domum
3153 3264 3268 3300 non
3309 3263 3514 3302 manu-

1816 3335 2021 3388 factam
2049 3341 2321 3388 aeternam
2346 3336 2401 3388 in
2427 3336 2602 3402 caelis,
2637 3336 2727 3390 cui
2758 3337 2816 3389 in
2839 3336 2954 3389 suis
2977 3336 3249 3389 membris
3278 3337 3517 3390 domum

1816 3440 1978 3478 suam
2026 3440 2339 3493 pauperem
2375 3431 2431 3476 et
2460 3429 2752 3478 terrenam
2798 3424 3007 3478 fecerat
3030 3425 3359 3494 frequenter
3413 3425 3518 3477 ho-

1817 3513 2073 3582 spitium.
2128 3513 2260 3581 Ejus
2306 3514 2426 3582 jam
2476 3512 2739 3566 exanime
2800 3528 3007 3581 corpus
3052 3511 3404 3582 Agrippinus
3460 3517 3517 3566 et

1816 3600 2110 3662 Eusebius,
2143 3601 2352 3669 aliique
2391 3601 2488 3669 qui
2535 3600 2776 3653 aderant
2823 3599 3142 3653 sacerdotes
3191 3606 3249 3652 et
3295 3599 3515 3654 nobiles

1815 3689 1921 3741 viri
1953 3704 2082 3741 cum
2127 3704 2351 3740 summo
2391 3688 2611 3740 honore
2659 3692 2716 3740 et
2769 3687 3086 3740 reverentia
3151 3692 3511 3754 curaverunt,

1817 3781 1988 3846 atque
2021 3777 2077 3828 in
2109 3776 2310 3829 eodem
2341 3776 2465 3828 loco
2489 3780 2543 3828 et
2583 3775 2822 3829 ecclesia
2869 3790 3044 3845 quam
3081 3774 3204 3845 ipse
3249 3780 3514 3829 constru-

1817 3869 1994 3929 xerat,
2028 3864 2336 3934 sepulturae
2369 3862 2733 3915 mandarunt.

2245 3953 2501 4004 Auctoris
2532 3950 2662 4018 ﬁdes
2695 3955 2744 4003 ct
2763 3951 3053 4020 peroratio.

1889 4043 1975 4092 29.
2011 4041 2138 4093 Haec
2164 4039 2338 4092 habui
2369 4038 2437 4092 de
2466 4039 2588 4092 Vita
2619 4039 2798 4092 sancti
2838 4039 2944 4092 viri
2976 4038 3172 4092 Goaris
3207 4053 3336 4109 quae
3382 4037 3516 4092 scri-

1820 4133 2006 4198 pturae
2039 4127 2392 4192 mandarem,
2423 4131 2649 4197 accepta
2678 4143 2747 4180 ex
2777 4128 3012 4180 vetustis
3053 4133 3110 4181 et
3156 4127 3518 4198 perantiquis

1821 4217 2270 4286 exemplaribus,
2307 4232 2556 4284 quorum
2606 4232 2798 4270 rerum
2859 4220 3148 4285 gestarum
3193 4217 3519 4269 narratione

1820 4307 2117 4358 veritatem
2144 4305 2252 4357 tide
2268 4305 2485 4374 integra
2513 4305 2886 4374 subsequens,
2903 4305 3079 4357 solam
3095 4304 3374 4357 sermonis
3391 4319 3521 4373 quae

1751 4399 1795 4451 D
1825 4392 2080 4446 eruditos
2101 4409 2214 4445 non
2247 4408 2450 4461 parum
2497 4393 2788 4446 offendere
2834 4397 3056 4461 poterat
3094 4392 3520 4462 simplicitatem

1824 4496 1928 4549 pro
1959 4484 2143 4534 vestra
2192 4481 2504 4545 voluntate,
2546 4481 2632 4533 vir
2681 4481 2990 4533 clarissime
3036 4484 3311 4548 paterque
3346 4496 3522 4532 vene-

1825 4568 2022 4630 rande,
2047 4567 2332 4638 corrigere
2363 4567 2575 4634 studui,
2614 4573 2815 4638 optans
2845 4572 2900 4619 et
2929 4567 3209 4636 meipsum
3244 4572 3298 4619 et
3321 4583 3522 4620 omnes

1826 4657 1925 4725 qui
1956 4657 2076 4710 haec
2106 4657 2304 4710 lecturi
2337 4661 2488 4717 sunt,
2523 4657 2666 4708 tanti
2695 4655 2798 4707 viri
2831 4654 3238 4723 intercessione
3286 4659 3342 4707 et
3401 4670 3524 4706 me-

1826 4746 1950 4799 ritis
1981 4746 2129 4814 apud
2156 4745 2404 4798 divinam
2439 4759 2666 4813 semper
2715 4743 2973 4810 adjuvari
3019 4742 3405 4806 clementiam,
3460 4747 3521 4796 ut

1827 4834 1926 4905 qui
1953 4850 2016 4887 ex
2048 4833 2380 4886 infirmitate
2411 4833 2599 4884 carnis
2629 4831 2895 4884 humanae
2927 4835 2982 4882 et
3012 4829 3338 4886 conditione
3365 4845 3521 4883 mor-

1827 4921 1956 4975 talis
1987 4921 2119 4974 vitae
2171 4921 2348 4972 multa
2397 4918 2654 4988 quotidie
2697 4919 2897 4969 contra
2941 4917 3096 4984 leges
3140 4916 3360 4970 divinas
3400 4917 3522 4987 agi-

1827 5025 1974 5073 mus,
2009 5008 2130 5076 ejus
2172 5007 2271 5076 qui
2310 5006 2492 5076 quoad
2549 5005 2685 5058 vixit
2732 5003 2956 5072 integre
3003 5003 3118 5071 legi
3157 5003 3364 5057 Christi
3405 5021 3524 5057 ser-

1828 5097 1966 5149 vivit
2024 5095 2367 5158 interventu,
2419 5098 2476 5146 et
2526 5095 2887 5162 peccatorum
2941 5090 3194 5158 pondere
3239 5091 3526 5146 sublevari

1831 5190 1887 5237 et
1917 5183 1984 5236 ad
2008 5182 2150 5234 bene
2181 5181 2490 5233 vivendum
2523 5193 2846 5234 mereamur
2876 5177 3167 5246 opitulari,
3205 5181 3526 5247 {praestante

1835 5269 2071 5324 Domino
2102 5269 2231 5320 .lesu
2274 5267 2520 5335 Christo,
2571 5265 2660 5319 cui
2692 5268 2774 5317 est
2817 5278 2946 5316 cum
2994 5265 3154 5317 Patre
3203 5271 3260 5318 et
3309 5267 3527 5337 Spiritu

1832 5362 2023 5410 sancto
2051 5355 2233 5407 honor
2264 5359 2320 5406 et
2349 5356 2532 5424 gloria
2559 5355 2618 5408 in
2663 5349 2868 5404 saecula
2909 5352 3270 5414 saeculorum,
3321 5357 3528 5410 Amen.

93 5473 295 5527 Libellus
325 5471 391 5525 de
428 5472 560 5526 γίια
577 5473 626 5524 ει
659 5468 870 5522 actibus
899 5468 1076 5521 εαηοιί
1105 5480 1168 5519 ac
1216 5464 1512 5518 beatissimi
1561 5462 1760 5596 crura?
1795 5452 2134 5578 qonfessom's,
2199 5449 2378 5504 editus
2433 5469 2468 5506 a
2523 5453 2944 5505 \VANDALBERTO
2974 5449 3218 5513 diacono,
3267 5455 3499 5518 exi-alica

1685 5544 1710 5582 θ
1736 5541 1804 5580 ac:
1831 5540 1906 5578 er.

1685 5540 1906 5582 eucuer.

124 5672 143 5695 ⁸
169 5665 275 5717 lmo
305 5680 372 5718 ex
404 5660 668 5733 primarii
708 5659 957 5733 auctoris
987 5661 1198 5733 mente,
1228 5658 1342 5708 tres
1362 5652 1500 5733 anni
1519 5651 1726 5722 quibus

73 5729 114 5784 S.
142 5736 268 5788 Goar
294 5727 507 5789 afﬂicta
539 5732 647 5786 fuit
692 5729 1041 5795 valetudine,
1089 5727 1242 5780 inter
1283 5730 1503 5794 septem
1549 5736 1728 5775 annos

1833 5643 1958 5696 illos
1988 5640 2360 5709 computandi
2394 5649 2544 5699 sunt.
