3846 6244
303 347 406 400 655

1392 341 1902 397 WANDALBERTI
1946 343 2030 396 PR
2045 340 2364 398 UMIENSIS
2404 341 2721 396 MONACHI
3717 344 3793 395 Ριξξι)

1640 612 2050 685 INCIPIT
2123 613 2469 684 ALTER

485 766 574 828 De
602 767 910 829 miraculis
940 786 1072 848 quae
1101 777 1269 846 gesta
1297 775 1435 825 sunt
1464 766 1628 846 apud
1654 766 2104 925 Memoriam/)9.
2144 767 2378 839 Goaris,
2415 786 2491 826 ea:
2519 786 2635 847 quo
2665 767 2912 827 ecclesia
2944 769 3079 847 ejus
3108 768 3413 849 zediﬁcarz'
3440 780 3646 848 coepta

1865 857 1951 905 est
2012 866 2042 905 e
2071 849 2262 906 iciter.

1865 857 1951 905 est
1983 849 2262 906 feliciter.

405 1172 661 1226 Auctoris
694 1171 974 1237 Prologus.
1020 1170 1341 1239 Scriptionis
1373 1170 1534 1238 hujus
1564 1170 1882 1222 auctoritas.

376 1273 423 1322 l.
458 1268 744 1337 Explicitis
764 1268 885 1335 jam
915 1282 1043 1335 quae
1079 1267 1145 1319 de
1190 1267 1317 1319 Vita
1349 1270 1405 1318 et
1435 1265 1665 1318 Actibus
1699 1266 1756 1317 Β.
1800 1262 1997 1318 Goaris

299 1357 594 1426 scriptura:
651 1372 683 1408 a
733 1356 1047 1424 majoribus
1104 1360 1393 1424 utcunque
1453 1353 1721 1407 mandata
1783 1352 1993 1421 reperi,

299 1462 546 1515 quaeque
589 1445 817 1497 hortatu
864 1449 1073 1508 vestro,
1142 1447 1305 1512 pater
1348 1443 1410 1495 in
1462 1442 1731 1495 omnibus
1776 1442 1995 1509 ample-

298 1534 520 1597 ctende,
572 1536 635 1585 ut
690 1530 851 1600 potui
900 1532 1191 1600 corrigere
1266 1530 1478 1590 studui,
1544 1528 1997 1598 aggrediendum

300 1621 442 1674 mihi
478 1638 685 1673 novum
709 1637 852 1689 opus
874 1620 1062 1685 video;
1092 1625 1170 1685 ut,
1195 1619 1684 1689 quemadmodum
1709 1617 1766 1669 in
1791 1616 1998 1685 prioris

296 1710 471 1763 libelli
506 1709 841 1778 praefatione
874 1708 1136 1777 promisi,
1171 1725 1237 1760 ea
1258 1724 1385 1777 quae
1416 1708 1484 1760 de
1520 1706 1808 1759 miraculis
1849 1706 1995 1775 apud

300 1799 739 1852 sacratissimam
785 1798 1120 1849 memoriam
1171 1795 1479 1865 supradicti
1528 1794 1864 1848 confessoris
1922 1795 2001 1848 di-

303 1886 515 1938 vinitus
537 1885 707 1954 gestis
737 1901 769 1936 a
802 1884 1067 1937 ﬁdelibus
1101 1885 1293 1949 didici,
1326 1885 1613 1937 memoriae
1637 1891 1997 1955 posterorum

302 1974 601 2027 scribendo
633 1990 948 2042 proponere
980 1973 1235 2026 debeam.
1272 1974 1493 2042 Quippe
1540 1990 1667 2043 quae
1718 1979 1834 2026 tam
1877 1990 1997 2026 esse

302 2066 452 2115 clara
491 2063 835 2132 pervideam,
878 2067 940 2113 ut
990 2063 1141 2131 quod
1179 2064 1454 2115 hactenus
1500 2066 1707 2131 praeter
1770 2062 1999 2131 paucis-
2034 2120 2037 2123 η

302 2151 474 2203 simos
506 2166 649 2219 quos
686 2150 765 2202 eis
795 2150 1069 2202 interesse
1112 2151 1198 2202 vel
1230 2150 1300 2203 ab
1346 2150 1436 2203 liis
1486 2151 1585 2220 qui
1634 2150 2000 2203 interfuerint

303 2240 527 2292 audisse
577 2238 836 2307 conligit,
886 2238 1122 2308 reliquis
1153 2248 1177 2271 ⁸
1222 2240 1460 2291 omnino
1514 2241 1827 2302 latuerunt,
1880 2254 1998 2291 non

302 2328 410 2381 levi
456 2329 637 2398 culpae
687 2328 1083 2397 deputandum
1143 2328 1453 2393 crederem,
1498 2328 1607 2380 nisi
1666 2328 1813 2379 hanc
1860 2326 1996 2379 scri-

299 2422 527 2486 ptorum
561 2422 850 2469 excusaret
894 2418 1112 2486 inepia,
1165 2422 1221 2469 et
1268 2432 1405 2468 usus
1449 2416 1544 2469 ille
1591 2416 1689 2485 qui
1720 2430 1993 2485 quorum-

300 2508 430 2560 dam
460 2507 675 2560 desidia
720 2510 776 2558 et
830 2511 1058 2575 torpore
1108 2506 1407 2575 surrepsit,
1459 2522 1571 2576 quo
1613 2504 1996 2574 negligentius

301 2596 492 2648 divina
519 2611 693 2665 opera
725 2595 1011 2663 suspicere
1063 2599 1119 2647 et
1165 2594 1441 2647 beneﬁcia
1480 2594 1687 2647 nostris
1734 2608 1997 2645 concessa

301 2684 657 2752 temporibus
716 2688 778 2735 ut
838 2682 983 2736 levia
1041 2684 1200 2751 parvi
1258 2684 1511 2751 pendere
1572 2682 1993 2735 consuevimus.

304 2773 421 2840 Ego
450 2788 584 2825 vero
618 2772 675 2824 in
708 2772 793 2824 his
824 2772 1209 2825 descriheudis
1253 2772 1423 2825 ﬁdem
1476 2788 1677 2824 eorum
1730 2771 1829 2840 qui
1878 2770 1999 2823 haec

302 2859 444 2912 mihi
473 2861 719 2914 retulere
745 2860 1075 2929 plenissime
1106 2860 1478 2929 subsequens,
1506 2876 1571 2913 ea
1599 2859 1997 2912 tantummodo

303 2949 788 3016 comprehendam
837 2964 968 3018 qum
1017 2950 1101 3000 vel
1153 2953 1461 3016 praesentes
1506 2965 1563 3001 se
1606 2948 1714 3017 ipsi
1771 2949 1996 3009 vidisse,

300 3036 388 3087 vel
423 3036 491 3088 ab
520 3037 603 3089 eis
639 3036 738 3105 qui
770 3036 1014 3089 viderint
1061 3037 1344 3104 accepisse
1390 3038 1750 3089 conlirmant.
1807 3036 1998 3098 Quan-

304 3140 477 3193 quam
506 3140 572 3176 ea
595 3139 823 3193 quoque
870 3128 952 3176 tot
989 3123 1102 3176 sint
1149 3140 1211 3175 ac
1250 3128 1425 3189 tanta,
1479 3130 1540 3176 ut
1582 3124 1625 3176 si
1672 3125 1865 3177 omnia
1912 3124 2001 3177 lit-

303 3210 442 3264 teris
482 3211 705 3264 tradere
737 3210 983 3279 cupiam,
1021 3212 1255 3264 modum
1298 3227 1369 3264 ne
1434 3212 1655 3265 videam
1710 3212 1854 3279 justi
1898 3229 1997 3265 vo-

303 3300 540 3352 luminis
566 3315 951 3351 excessurum.
981 3300 1134 3352 Unde
1165 3300 1446 3352 aestimare
1474 3299 1639 3352 facile
1672 3316 1995 3369 possumus,

305 3393 522 3457 quanta
550 3386 647 3440 illa
697 3386 925 3449 fuerint,
980 3404 1108 3457 qua:
1134 3404 1239 3457 per
1282 3389 1454 3457 longa
1495 3393 1645 3441 retro
1672 3393 1996 3457 temporum

304 3476 488 3546 spatia
526 3478 643 3545 geri
696 3475 918 3529 meritis
968 3476 1090 3544 ejus
1145 3475 1251 3528 viri
1307 3480 1363 3528 et
1416 3476 1622 3529 virtute
1684 3476 1996 3545 potuerint,

303 3581 433 3618 cum
458 3564 517 3616 in
543 3569 761 3617 tantam
793 3564 1148 3617 excreverint
1179 3565 1557 3634 quantitatem
1585 3581 1713 3635 quae
1741 3566 1809 3617 ab
1832 3565 1999 3617 annis

302 3653 432 3721 plus
472 3653 665 3706 minus
705 3658 921 3723 septem
969 3656 1027 3706 et
1055 3652 1417 3723 septuaginta
1466 3660 1625 3724 gesta
1670 3658 1724 3706 et
1773 3655 1842 3706 ad
1888 3670 1998 3706 no-

303 3745 479 3793 stram
515 3741 773 3794 notitiam
807 3742 1026 3811 perlata
1060 3748 1391 3795 noscuntur.
1435 3744 1628 3812 Neque
1678 3742 1831 3795 enim
1877 3758 1997 3797 cre-
2040 3759 2081 3814 ο

302 3828 477 3882 dibile
509 3835 592 3882 est
643 3830 821 3883 sancti
868 3830 975 3883 viri
1006 3830 1209 3883 merita
1241 3831 1297 3883 in
1342 3831 1690 3884 exhibitione
1764 3831 2004 3884 miracu-

300 3918 489 3970 lorum
521 3918 730 3971 nostris
780 3920 1034 3988 primum
1068 3920 1269 3973 diebus
1297 3920 1530 3989 coepisse
1562 3922 1893 3982 clarescere,
1948 3924 2003 3973 et

299 4023 419 4059 non
448 4006 619 4060 etiam
651 4007 831 4077 priori
879 4012 1140 4077 tempore
1189 4009 1390 4063 eadem
1433 4026 1561 4079 quas
1608 4026 1761 4063 nunc
1809 4009 2001 4063 confe-

300 4098 510 4148 runtur
560 4096 925 4149 credentibus
974 4101 1031 4149 et
1079 4096 1297 4150 devotis
1349 4113 1453 4165 per
1509 4098 1671 4150 illum
1728 4098 2003 4151 beneﬁcia

302 4198 425 4235 esse
456 4182 676 4242 collata,
705 4184 933 4235 tametsi
984 4200 1050 4236 ea
1098 4200 1226 4253 quae
1276 4184 1522 4252 posteris
1560 4185 1766 4255 scripto
1815 4186 2001 4239 trade-

304 4274 430 4322 rent
469 4270 717 4324 dcfuere.
765 4271 820 4323 Id
862 4271 1034 4323 etiam
1083 4276 1315 4325 cunctos
1364 4272 1421 4325 in
1457 4289 1703 4343 quorum
1736 4274 1858 4327 Ι]ωο
1888 4291 2005 4328 ma-

302 4374 411 4410 nus
456 4358 686 4411 venient
729 4359 871 4411 scire
925 4360 1115 4425 velim,
1177 4376 1267 4413 me
1319 4360 1378 4413 in
1431 4362 1634 4413 horum
1685 4362 2001 4416 assertione

302 4463 419 4499 non
443 4446 799 4516 quibuslibet
842 4446 1017 4499 ﬁdem
1065 4448 1548 4514 accommodasse,
1584 4450 1679 4503 sed
1725 4450 1859 4502 viris
1890 4451 2002 4505 ﬁde

300 4536 507 4603 dignis,
532 4540 586 4588 et
617 4535 683 4589 de
707 4552 954 4605 quorum
986 4535 1169 4589 veraci
1201 4536 1485 4589 relatione
1524 4553 1619 4589 vos
1659 4537 1788 4607 ipsi,
1822 4555 1999 4593 vene-

302 4624 498 4677 rabilis
524 4630 705 4693 pater,
740 4625 951 4677 arbiter
982 4624 1222 4690 fueritis,
1251 4625 1653 4695 praecipueque
1701 4626 1998 4691 llerirado,

300 4718 497 4765 vestrze
556 4714 1016 4783 congregationis
1076 4712 1356 4765 monacho
1406 4718 1573 4782 atque
1643 4713 1998 4784 presbytero,

300 4805 354 4853 et
378 4801 732 4867 Theodrado,
763 4802 917 4872 cellce
948 4802 1001 4855 S.
1037 4801 1233 4854 Goaris
1264 4801 1486 4867 clerico,
1521 4801 1620 4871 qui
1650 4806 1706 4854 et
1740 4804 1999 4872 zevojam

304 4890 645 4943 maturiores
694 4870 905 4955 essent,
954 4895 1009 4942 et
1048 4906 1080 4942 a
1126 4904 1305 4959 puero
1359 4890 1506 4944 circa
1561 4891 1751 4944 locum
1809 4890 1996 4962 ipsum

302 4977 569 5031 diversati
600 4978 862 5031 fuissent.

404 5090 448 5143 Ῑ.
492 5120 560 5129 -
592 5108 656 5142 DE
705 5104 1102 5147 TRANSLATIONE
1146 5107 1401 5145 CORPORIS
1440 5110 1617 5147 SANCTI
1672 5110 1887 5148 GOARIS.

301 5203 457 5257 Cella
489 5206 543 5258 ὃ.
585 5205 785 5257 Goaris
827 5209 1056 5270 Asuero,
1109 5207 1416 5260 Prumiensi
1464 5207 1655 5261 abbati
1701 5224 1734 5259 (ι
1766 5209 1998 5275 Pippino

369 5274 652 5327 tribuitur.
688 5275 929 5328 Ecclesia
967 5292 1072 5329 non
1105 5279 1221 5329 sine
1259 5279 1518 5330 miraculo
1558 5274 1922 5332 instauratur.

366 5391 419 5442 2.
452 5387 558 5441 Sed
592 5393 652 5441 ut
679 5389 748 5441 ad
796 5391 1184 5445 narrationem
1216 5391 1463 5460 veniam,
1515 5391 1657 5445 cella
1696 5392 1749 5445 S.
1801 5392 1999 5445 Goaris

2030 1172 2076 1223 A
2105 1171 2233 1249 post
2264 1169 2474 1221 multos
2505 1185 2678 1239 quam
2727 1170 2847 1240 ipse
2876 1169 3195 1223 decesserat
3224 1187 3429 1236 annos,
3464 1188 3613 1225 cum
3665 1173 3722 1226 in
3754 1190 3803 1227 ea

2101 1247 2223 1309 Jam
2245 1247 2435 1300 clerici
2468 1250 2568 1317 qui
2599 1249 2792 1302 divina
2836 1250 3024 1303 ofﬁcia
3067 1258 3305 1319 agerent
3350 1252 3556 1306 alendi
3607 1255 3799 1323 stipen-

2107 1335 2216 1387 diis
2242 1336 2494 1389 ecclesiaz
2528 1338 2896 1405 haberentur,
2929 1343 2984 1391 et
3018 1340 3215 1408 populi
3260 1340 3604 1410 frequentia
3648 1343 3802 1410 major

2104 1422 2167 1475 in
2191 1423 2310 1476 dies
2344 1431 2709 1492 exeresceret,
2756 1444 2789 1478 a
2818 1426 3106 1496 ‘religioso
3146 1427 3501 1481 Francorum
3562 1429 3799 1498 principe

2107 1511 2367 1580 Pippiuo,
2401 1519 2560 1581 patre
2593 1520 2851 1583 augustas
2884 1516 3175 1568 memoriae
3198 1515 3581 1585 imperatoris
3615 1518 3798 1577 Caroli,

2106 1600 2419 1653 venerabili
2444 1608 2679 1665 Asuero,
2714 1603 2811 1672 qui
2843 1608 2959 1656 tum
2992 1605 3339 1658 monasterio
3367 1607 3631 1658 Prumim
3672 1608 3797 1675 quod

2105 1687 2307 1740 tertius
2333 1704 2481 1741 nunc
2504 1691 2573 1742 ab
2624 1690 2739 1755 illo,
2794 1697 2954 1759 pater
3001 1693 3239 1759 optime,
3301 1694 3529 1762 regitis,
3604 1695 3800 1763 primus

2106 1780 2370 1843 praeerat,
2403 1780 2486 1828 est
2517 1778 2839 1843 commissa,
2868 1785 2928 1830 ut
2954 1779 3075 1847 ejus
3109 1780 3295 1832 studio
3318 1787 3373 1832 et
3424 1782 3591 1833 locus
3628 1784 3802 1833 meliu-

2106 1870 2346 1925 raretur,
2380 1869 2437 1916 et
2470 1864 2569 1933 qui
2601 1865 2658 1917 in
2690 1865 2814 1934 ipso
2846 1866 3119 1935 degerent
3166 1867 3356 1919 clerici
3412 1867 3471 1920 in
3522 1868 3803 1937 religionis

2106 1953 2258 2004 cultu
2285 1953 2541 2005 etstudio
2574 1953 2931 2006 docerentur.
2967 1954 3147 2016 Quam
3174 1955 3269 2007 ille
3291 1962 3633 2025 susceptam
3668 1956 3803 2008 omni

2108 2041 2237 2094 nisu
2294 2043 2552 2094 excolere
2619 2057 2683 2094 ac
2741 2042 3045 2094 nobilitare
3106 2043 3458 2109 desiderans,
3520 2044 3802 2097 basilicam

2107 2145 2279 2198 supra
2314 2146 2521 2198 corpus
2546 2129 2651 2181 viri
2678 2129 2854 2182 sancti
2885 2129 3164 2182 mdiﬁcare
3207 2132 3397 2200 coepit,
3443 2148 3580 2201 quae
3616 2138 3673 2184 et
3701 2148 3802 2183 am-

2106 2218 2389 2287 plitudine
2425 2217 2512 2270 sui
2543 2219 2755 2287 populo
2780 2217 3106 2287 recipiendo
3158 2218 3469 2283 sufﬁceret,
3514 2225 3576 2272 et
3619 2220 3799 2272 decore

2106 2307 2517 2375 congruentior
2561 2306 2779 2359 meritis
2814 2307 2871 2358 Β.
2906 2306 3240 2359 confessoris
3270 2307 3563 2361 existeret.
3596 2308 3797 2375 Quippe

2106 2394 2265 2463 prius
2305 2394 2383 2447 ibi
2442 2394 2565 2447 duae
2616 2394 2863 2447 ecclesiae
2909 2410 3025 2447 non
3073 2394 3255 2448 multo
3291 2411 3324 2447 a
3373 2411 3435 2448 se
3486 2397 3681 2465 spatio
3727 2397 3795 2448 di-

2108 2487 2320 2535 stantes
2342 2488 2525 2549 erant,
2557 2499 2800 2551 quarum
2832 2499 2959 2553 qua:
2991 2483 3103 2536 situ
3155 2484 3344 2536 minor
3401 2491 3550 2549 erat,
3613 2501 3797 2554 corpus

2108 2571 2432 2624 venerabile
2466 2571 2523 2623 in
2564 2576 2731 2623 terrm
2781 2571 2909 2623 sinu
2957 2572 3250 2625 continere
3300 2572 3670 2637 credebatur,
3717 2572 3795 2625 sed

2108 2659 2266 2712 locus
2298 2660 2420 2728 ipse
2455 2659 2699 2728 sepulcri
2734 2658 2983 2711 incertus
3014 2660 3280 2712 omnibus
3306 2666 3449 2713 erat.
3496 2663 3575 2714 Ea
3622 2662 3683 2714 in
3728 2662 3795 2713 sui

2109 2748 2436 2817 integritate
2463 2748 2673 2813 relicta,
2706 2747 3093 2799 fundamentis
3132 2764 3234 2817 per
3270 2749 3579 2802 circuitum
3625 2751 3792 2818 jactis.

2110 2836 2255 2888 hanc
2276 2853 2403 2906 quae
2428 2852 2588 2889 nunc
2608 2852 2787 2904 usque
2816 2842 3012 2889 manet
3042 2837 3461 2906 suprascriptus
3500 2838 3655 2891 abba
3684 2854 3793 2890 con-

2110 2925 2333 2991 struxit,
2360 2941 2463 2977 nec
2494 2925 2650 2993 prior
2682 2930 2766 2977 est
2793 2930 2924 2977 ante
2958 2925 3167 2990 diruta,
3215 2942 3391 2994 quam
3438 2943 3617 2980 omne
3668 2942 3792 2996 pia?-

2110 3013 2287 3066 sentis
2314 3014 2620 3066 aediﬁcium
2667 3014 3071 3082 compleretur.
3114 3014 3233 3076 Quo
3273 3015 3334 3066 in
3374 3018 3647 3085 tempore
3694 3032 3792 3067 rem

2110 3102 2316 3154 miram
2375 3101 2473 3171 qui
2525 3103 2663 3154 bene
2737 3107 3025 3154 noverunt
3088 3102 3422 3170 provenisse
3475 3108 3792 3156 testantur:

2109 3190 2261 3259 quod
2295 3190 2475 3243 donec
2501 3191 2780 3243 aediﬁcata
2820 3195 2906 3243 est
2938 3190 3165 3244 basilica
3199 3191 3407 3257 omnis,
3455 3193 3605 3245 nihil
3656 3208 3791 3261 aqua:

2108 3280 2336 3349 penitus
2367 3296 2433 3332 ex
2482 3279 2762 3332 imbribus
2794 3280 3021 3333 tametsi
3067 3280 3478 3348 copiosissimis
3522 3282 3583 3334 in
3638 3297 3786 3333 omne

2111 3368 2215 3421 loci
2265 3368 2512 3437 spatium
2553 3369 2624 3421 sit
2681 3368 3009 3437 delapsum;
3065 3369 3160 3422 sed
3204 3385 3334 3421 cum
3392 3370 3541 3423 forte
3602 3370 3789 3439 pluvia

2108 3458 2330 3520 ﬁerent,
2367 3457 2437 3510 ad
2469 3456 2723 3510 medium
2757 3457 2943 3511 Rheni
2977 3458 3224 3527 spatium
3246 3462 3303 3510 et
3327 3474 3606 3512 cacumen
3652 3438 3790 3511 mon-

2109 3546 2182 3599 tis
2231 3564 2333 3617 per
2379 3546 2682 3600 circuitum
2713 3545 2909 3615 pluvia
2955 3546 3254 3611 decidens,
3304 3547 3596 3616 reliquum
3653 3548 3787 3618 quod

2108 3635 2383 3689 intererat
2447 3634 2725 3687 intactum
2782 3635 3009 3704 penitus
3068 3636 3451 3704 relinquebat.
3487 3638 3567 3689 Ita
3624 3638 3790 3690 divino

2109 3724 2387 3778 miraculo
2434 3723 2624 3793 palam
2672 3722 2866 3789 fiebat,
2919 3739 3091 3793 quam
3137 3729 3362 3792 gratum
3403 3724 3544 3776 illud
3586 3724 3790 3777 aediﬁcii

2112 3830 2258 3884 opus
2297 3829 2543 3883 superno
2574 3812 2855 3881 respectui
2904 3812 3070 3878 foret,
3125 3812 3285 3881 cujus
3322 3813 3659 3867 instantiam
3706 3813 3790 3865 im-

2107 3904 2238 3957 bres
2259 3902 2617 3973 aliquatenus
2649 3900 2927 3968 impedire
2954 3900 3431 3970 prohibebantur.

2181 3992 2510 4045 3.Ecclesia
2567 3990 2871 4044 dedicatur.
2918 3989 3167 4042 Perfecta
3225 3989 3480 4055 basilica,
3544 3990 3645 4043 ubi
3692 3990 3789 4057 jam

2111 4085 2336 4148 tempus
2386 4095 2499 4149 quo
2537 4078 2731 4132 divino
2780 4077 3005 4131 nomini
3045 4081 3192 4131 esset
3230 4080 3629 4131 consecranda
3683 4095 3793 4130 suc-

2109 4168 2297 4235 cessit,
2353 4167 2509 4221 missi
2562 4172 2696 4219 sunt
2752 4166 2820 4218 ab
2882 4165 3361 4219 excellentissimo
3404 4167 3679 4237 principe
3717 4167 3791 4218 Ca-

2110 4258 2231 4310 rolo
2287 4258 2414 4310 LUL.
2487 4256 2724 4325 [Lullus]
2781 4255 3119 4325 Mogontiaci
3194 4254 3683 4326 archiepiscopus,
3724 4256 3792 4304 \ir

2110 4361 2174 4398 ex
2205 4347 2552 4414 Angelorum
2584 4349 2753 4414 gente
2788 4344 3042 4397 moribus
3080 4348 3138 4396 et
3166 4344 3277 4396 vita
3320 4344 3654 4408 laudabilis,
3706 4346 3791 4396 Ba-

2108 4433 2264 4486 sinus
2318 4434 2539 4487 Nemeti
2581 4449 2710 4502 quae
2754 4433 2948 4485 civitas
3006 4449 3158 4485 nunc
3207 4432 3372 4501 Spira
3435 4440 3696 4497 vocatur,
3748 4437 3793 4482 et

2109 4521 2485 4590 Mehingodus
2516 4522 2672 4575 urbis
2704 4537 2833 4591 quae
2875 4527 3031 4574 trans
3069 4521 3333 4575 Rhenum
3395 4520 3503 4574 sita
3547 4536 3793 4575 sermone

2108 4611 2348 4664 barbaro
2402 4612 2710 4664 Wirziburc
2758 4611 3094 4681 appellatur,
3144 4610 3417 4680 episcopi,
3467 4612 3571 4681 qui
3618 4624 3791 4665 omnes

2108 4715 2139 4752 a
2166 4700 2224 4752 Β.
2252 4698 2551 4752 Bonefacio
2582 4698 2849 4767 pontiﬁce
2883 4703 2939 4751 et
2968 4704 3216 4767 martyre
3255 4699 3487 4751 fuerant
3530 4698 3789 4757 ordinati,

2108 4792 2171 4841 ut
2190 4804 2295 4858 per
2320 4804 2415 4841 eos
2446 4792 2500 4840 et
2538 4787 2774 4841 ecclesia
2803 4788 3143 4851 consecrari,
3176 4791 3231 4839 et
3269 4802 3476 4857 corpus
3521 4788 3633 4841 viri
3680 4788 3789 4840 bea-

2107 4876 2311 4931 tissimi
2340 4876 2396 4929 in
2431 4892 2561 4929 eum
2582 4892 2694 4946 quo
2747 4891 2896 4929 nunc
2921 4875 3093 4928 situm
3138 4878 3223 4927 est
3272 4878 3460 4929 locum
3514 4873 3789 4930 transferri

2107 4966 2358 5020 deberet.

2109 5109 2379 5176 Reliquize
2417 5109 2478 5162 S.
2514 5107 2704 5162 Goaris
2742 5106 2998 5159 triduano
3039 5106 3251 5173 jejunio
3288 5110 3338 5159 et
3381 5109 3626 5159 oratione
3669 5122 3786 5175 qua-

2212 5184 2430 5232 runtur.
2464 5180 2716 5246 Iuventae,
2761 5179 3011 5230 clericum
3036 5192 3202 5229 manu
3227 5176 3454 5229 debilem
3487 5184 3702 5231 curant.

2178 5305 2229 5357 4.
2292 5304 2534 5357 Ventum
2591 5308 2709 5356 erat
2769 5302 2838 5356 ad
2898 5303 3087 5356 locum
3146 5306 3201 5354 et
3253 5309 3584 5357 consecrata
3642 5306 3790 5359 domo

2108 5391 2405 5445 translatio
2437 5392 2686 5461 corporis
2723 5391 3051 5460 parabatur,
3111 5391 3310 5445 aderat
3354 5394 3609 5445 Asuerus
3665 5394 3787 5447 abba

366 5554 390 5578 ⁸
422 5545 794 5601 Ciceroniana
815 5547 982 5616 plane
1012 5550 1216 5614 oratio,
1247 5550 1307 5602 in
1332 5548 1537 5602 scholis
1562 5548 1786 5617 alioqui
1809 5548 1991 5601 ferula
2032 5548 2383 5618 castiganda.
