3846 6244
277 305 380 357 659

1324 300 1838 355 WANDALBERTI
1879 299 2300 355 PRUMIENSIS
2341 298 2649 353 MONACIII

280 451 412 506 quae
462 451 580 489 non
634 436 806 504 longe
858 433 1045 503 posita
1077 432 1317 486 Wasalia
1349 431 1576 500 dicitur,
1632 431 1978 497 Frecholfus,
2020 432 2059 484 A
2096 428 2455 496 stultissimo,
2480 428 2595 482 imo
2626 426 3038 497 superbissimo
3071 426 3266 479 animo
3311 425 3422 479 loci
3451 426 3777 486 venerandi,

277 524 513 578 nomine
546 528 734 578 mente
779 527 996 594 captus,
1029 538 1160 575 cum
1203 526 1350 575 esset
1380 539 1411 574 a
1442 522 1558 575 suis
1589 522 1660 575 ad
1690 537 1970 575 veneran-

275 614 407 667 dam
439 613 778 667 memoriam
810 612 1105 674 deductus,
1141 612 1350 664 mentis
1390 611 1693 664 sanitatem
1730 609 1964 679 recepit.

525 731 599 782 De
632 728 900 783 Waltario
932 727 1144 780 homine
1173 726 1341 780 nobili
1371 725 1714 780 dmmom’aco.

351 844 434 896 lO.
472 841 776 895 Waltarius
816 841 1073 911 quidam,
1113 841 1285 894 homo
1334 840 1650 894 secundum
1698 840 1968 894 saeculum

275 930 500 996 nobilis,
543 930 643 1001 qui
692 946 843 983 nunc
874 947 1054 1000 usque
1111 934 1390 999 superest,
1444 946 1570 982 cum
1606 929 1968 982 vexationum

277 1019 672 1089 gravissimam
703 1023 1016 1088 pateretur,
1047 1023 1105 1072 et
1135 1018 1372 1071 indubie
1407 1018 1613 1087 spiritu
1651 1018 1968 1070 da'monico

277 1114 565 1178 ageretur,
597 1109 819 1162 insutus
847 1109 1002 1162 corio
1036 1108 1101 1161 ad
1147 1108 1528 1161 venerabilem
1564 1108 1854 1160 tumulum
1887 1112 1971 1159 est

278 1197 614 1267 deportatus
640 1217 654 1264 ;
685 1196 782 1250 ubi
813 1214 942 1250 cum
975 1197 1302 1267 aliquandiu
1359 1197 1643 1266 iacuisset,
1691 1195 1970 1265 protensis

278 1286 564 1352 manibus,
612 1287 858 1356 seipsum
895 1301 1108 1356 suaque
1165 1285 1356 1338 omnia
1401 1290 1592 1338 sancto
1645 1285 1810 1338 Goari
1842 1301 1965 1337 ma-

276 1389 405 1444 gnae
438 1373 588 1426 vocis
635 1373 987 1442 professione
1023 1372 1284 1442 subjecit,
1333 1379 1389 1426 et
1421 1374 1700 1441 optimam
1735 1372 1971 1441 insuper

276 1461 500 1515 vineam
554 1463 726 1528 dedit,
800 1478 928 1532 quae
979 1477 1131 1514 nunc
1182 1478 1357 1530 usque
1398 1461 1456 1514 in
1500 1462 1753 1530 ejusdem
1805 1461 1970 1514 Cella:

276 1551 634 1619 possessione
661 1551 964 1619 perdurat;
1015 1549 1402 1619 continuoque
1450 1566 1516 1602 ea
1547 1565 1720 1618 quam
1768 1549 1966 1601 diutis-

277 1639 420 1692 sime
449 1655 653 1708 passus
680 1639 866 1691 fuerat
896 1638 1144 1691 amentia
1169 1638 1366 1690 caruit.
1424 1639 1472 1689 Is
1517 1638 1803 1707 hodieque
1838 1637 1969 1690 licet

277 1727 338 1780 in
397 1727 657 1780 libertate
694 1726 928 1796 pr0pria
991 1731 1241 1789 maneat,
1291 1731 1344 1778 et
1393 1726 1679 1778 interdum
1720 1726 1971 1778 avaritia:

281 1821 420 1869 aestu
460 1832 765 1869 succensus
807 1816 951 1882 (uta
996 1814 1192 1866 multis
1239 1813 1553 1880 incusatur)
1611 1812 1797 1866 aliena
1841 1829 1975 1883 quo-

283 1917 394 1970 que
426 1900 679 1970 diripiat,
723 1915 946 1952 servum
990 1915 1047 1950 se
1092 1903 1285 1951 tamen
1327 1899 1507 1951 sancti
1557 1899 1774 1965 Goaris,
1816 1904 1872 1952 et
1905 1900 1974 1952 ab

283 2006 351 2042 eo
379 1994 640 2042 sanatum
673 2004 793 2040 esse
826 2003 956 2039 voce
988 1985 1276 2039 liberrima
1307 1990 1676 2056 protestetur.

284 2107 364 2159 De
396 2105 694 2171 Reginario
725 2103 967 2172 ejusdem
1020 2103 1279 2158 Wultarii
1322 2106 1528 2170 patruo
1571 2117 1673 2171 pro
1721 2102 1976 2171 superbia

1021 2175 1234 2242 punito.

356 2293 441 2342 tl.
506 2288 768 2358 Ejusdem
828 2287 1079 2340 Waltarii
1129 2290 1366 2355 patruus
1421 2285 1655 2339 nomine
1737 2285 1978 2355 Regina-

282 2378 422 2446 rius,
455 2377 630 2432 homo
660 2377 790 2430 licet
822 2375 1051 2439 nobilis,
1101 2375 1357 2429 moribus
1386 2379 1577 2428 tamen
1613 2379 1667 2428 et
1697 2380 1826 2428 actu
1856 2392 1978 2429 cru-

286 2465 506 2517 delitati
555 2469 725 2534 atque
787 2463 1039 2517 avaritiae
1084 2463 1364 2525 subditus,
1419 2479 1550 2520 cum
1624 2464 1806 2516 locum
1857 2479 1978 2516 san-

287 2560 442 2606 ctum
502 2557 810 2622 sperneret,
871 2557 927 2605 et
982 2568 1182 2605 omnes
1234 2553 1558 2606 Romanaeu
1618 2552 1865 2605 nationis
1916 2568 1979 2605 ac

287 2642 499 2711 lingua:
527 2640 772 2694 hominis
815 2640 893 2694 ita
923 2641 1171 2711 quodam
1222 2640 1504 2711 gentilitio
1553 2640 1685 2694 odio
1730 2656 1979 2694 exsecra-

290 2737 466 2796 retur,
498 2733 561 2782 ut
589 2747 656 2783 ne
690 2729 884 2782 videre
907 2729 1137 2800 quidem
1171 2745 1366 2782 eorum
1415 2729 1666 2800 aliquem
1715 2729 1977 2800 aequani-

289 2819 458 2873 miter
485 2819 671 2880 vellet,
706 2835 770 2872 ac
799 2818 846 2870 si
879 2834 1019 2888 quos
1050 2818 1190 2871 forte
1221 2834 1284 2871 ex
1327 2818 1526 2871 eadem
1575 2817 1793 2870 familia
1823 2833 1980 2870 com-

288 2907 641 2977 prehendere
673 2907 969 2977 potuisset,
1023 2907 1330 2961 crudeliter
1383 2922 1802 2977 nonnunquam
1860 2908 1979 2959 afﬁ-

2079 518 2455 588 virorumque
2498 518 2786 570 bonorum
2838 520 3176 586 conspectus
3245 515 3571 578 horruerat,
3645 515 3780 581 justu-

2081 607 2178 660 Dei
2207 607 2448 677 judicio,
2483 612 2539 659 et
2564 606 2689 660 luce
2717 604 3056 659 mortalibus
3076 602 3468 658 communiter
3499 603 3782 656 attribuza

2085 701 2140 748 et
2178 695 2292 748 vita
2323 695 2524 748 caruit.

2153 889 2229 939 De
2253 886 2497 954 piscibus
2527 886 2585 939 in
2604 885 2904 951 festivitate
2925 884 2981 938 S.
3008 883 3206 939 Goaris
3236 882 3510 935 diuinitus
3542 882 3718 935 datis.

2155 1057 2236 1107 l2.
2288 1053 2425 1106 Cum
2488 1055 2554 1106 ad
2613 1053 2976 1107 festivitatem
3031 1052 3210 1105 sancti
3258 1053 3457 1106 Goaris
3529 1051 3778 1122 quodam

2080 1128 2232 1194 anno
2263 1158 2331 1194 ex
2363 1142 2708 1195 monasterio
2755 1141 2988 1195 Prumia
3031 1145 3276 1195 Asuerus
3307 1140 3487 1193 abbas
3514 1140 3776 1192 venisses

2082 1245 2311 1298 unaque
2356 1245 2424 1281 ex
2481 1229 2770 1282 monachis
2828 1228 3113 1293 nonnulli,
3168 1226 3374 1279 accidit
3434 1232 3500 1278 ut
3551 1232 3777 1295 propter

2080 1317 2265 1371 Rheni
2321 1317 2577 1370 fluminis
2630 1317 3070 1370 inundationem
3122 1316 3303 1386 pisces
3350 1315 3454 1385 qui
3506 1315 3702 1367 abbati
3732 1323 3776 1366 et

2080 1405 2350 1458 fratribus
2382 1411 2616 1474 possent
2662 1405 2976 1458 ministrari
3031 1405 3307 1457 deessent.
3372 1404 3640 1473 Cumque
3664 1405 3770 1469 jam

2079 1494 2200 1562 ipse
2250 1493 2628 1546 solemnitatis
2667 1494 2786 1546 dies
2827 1493 3125 1554 illuxisset,
3187 1497 3244 1545 et
3299 1499 3431 1545 ante
3483 1493 3773 1544 ecclesiam

2087 1598 2254 1636 mane
2285 1582 2452 1652 pauci
2475 1599 2504 1635 e
2534 1583 2804 1636 fratribus
2835 1583 3173 1644 residerent,
3197 1581 3506 1650 Ansegilus
3548 1581 3770 1651 quidam

2082 1670 2246 1723 bona:
2293 1671 2421 1724 vitae
2473 1671 2784 1724 monachus
2837 1686 2948 1723 una
3002 1671 3257 1724 residens
3310 1686 3416 1740 per
3462 1670 3671 1739 jocum
3703 1669 3773 1721 lo-

2085 1763 2250 1812 cutus
2277 1758 2391 1812 ait:
2425 1759 2466 1812 Ο
2495 1759 2658 1812 beate
2714 1762 2880 1825 Goar,
2914 1775 3039 1812 ecce
3070 1776 3242 1828 quam
3283 1759 3471 1812 bonus
3521 1775 3582 1811 es
3628 1773 3770 1809 mer-

2083 1845 2236 1899 cedis
2267 1851 2752 1916 recompensator,
2788 1865 2892 1900 nos
2918 1847 3020 1900 tibi
3055 1849 3354 1907 servimus,
3392 1854 3448 1900 et
3476 1847 3539 1898 in
3573 1846 3773 1914 vigiiiis

2086 1938 2258 2004 atque
2296 1935 2615 2004 psalmodia
2663 1941 2777 1988 tuas
2828 1934 3146 1988 festivitatis
3187 1934 3372 2004 gratia
3422 1935 3770 1996 laboramus;

2085 2022 2258 2076 hodie
2306 2040 2377 2076 ne
2412 2041 2588 2077 unum
2639 2024 2870 2093 quidem
2902 2024 3070 2076 nobis
3101 2040 3216 2093 quo
3257 2023 3591 2076 reficiamur
3625 2024 3773 2092 pisci-

2084 2111 2276 2164 culum
2307 2112 2541 2181 praebes.
2599 2113 2701 2165 Vix
2748 2113 2868 2166 haec
2922 2111 3016 2166 ille
3063 2112 3231 2165 verba
3279 2113 3532 2178 finierat,
3586 2117 3643 2164 et
3671 2127 3769 2163 non

2085 2204 2214 2268 post
2241 2200 2476 2268 longum
2499 2200 2775 2269 temporis
2803 2199 3168 2254 intervallum
3199 2200 3258 2253 in
3287 2201 3434 2253 vasis
3467 2216 3536 2252 ex
3567 2200 3768 2252 vimine

2085 2287 2322 2341 salicum
2346 2289 2415 2342 ad
2447 2288 2784 2357 piscandum
2807 2289 3038 2358 paratis,
3067 2305 3195 2357 qua:
3225 2304 3408 2358 nuper
3434 2303 3469 2340 a
3498 2289 3767 2357 piscatore

2086 2375 2154 2428 de
2185 2376 2430 2446 quadam
2463 2375 2666 2428 arbore
2707 2376 2762 2428 in
2795 2377 3066 2445 praeripio
3097 2379 3120 2418 b
3169 2376 3427 2428 ﬂuminis
3479 2390 3762 2444 suspensa,

2084 2469 2443 2517 excrescente
2505 2469 2701 2533 postea
2745 2463 2982 2516 flumine
3037 2465 3097 2516 in
3153 2480 3300 2533 aqua
3359 2473 3763 2524 remanserant,

2088 2553 2200 2605 duo
2235 2569 2351 2606 non
2383 2553 2593 2606 modici
2624 2553 2822 2622 pisces,
2866 2569 3007 2622 quos
3048 2553 3219 2620 vulgo
3249 2551 3470 2605 selures
3511 2552 3759 2613 dicimus,

2087 2641 2299 2711 reperti
2329 2646 2480 2709 sunt,
2523 2645 2691 2710 atque
2743 2640 2800 2693 in
2853 2641 3216 2710 praesentiam
3279 2640 3526 2694 fratrum
3573 2656 3640 2693 eo
3667 2655 3763 2709 quo

2088 2730 2459 2783 consederant
2498 2729 2622 2782 loco
2651 2728 2842 2783 delati.
2895 2730 3010 2781 Hoc
3051 2735 3243 2782 autem
3289 2730 3444 2798 pisce
3494 2744 3662 2780 causa
3689 2726 3761 2779 in-

2089 2818 2380 2872 firmitatis
2401 2819 2573 2872 abbas
2602 2834 2719 2871 non
2749 2817 3037 2871 utebatur.
3069 2819 3210 2870 Tum
3242 2819 3337 2870 ille
3365 2817 3467 2887 qui
3498 2822 3554 2871 et
3589 2817 3761 2887 prius:

2092 2909 2200 2960 Pro
2254 2907 2440 2974 nobis,
2484 2907 2691 2976 inquit,
2740 2922 2890 2959 nunc
2937 2905 3082 2960 bene
3129 2906 3297 2976 egisti
3341 2906 3527 2976 pisces
3569 2911 3760 2959 nostra:

290 3001 476 3060 ceret;
512 3011 757 3066 cumque
788 2997 988 3049 eodem
1020 2997 1191 3049 stulto
1223 2995 1353 3048 odio
1405 3000 1459 3048 et
1493 2995 1686 3048 animo
1736 2995 1977 3048 barbaro
2020 3011 2058 3066 ρ,
2091 2997 2396 3050 refectione
2427 2996 2750 3066 providens,
2785 2995 2880 3049 sed
2909 2995 3072 3049 illum
3096 3011 3292 3049 senem
3319 2996 3590 3049 abbatem
3621 3001 3760 3047 tuum

291 3085 682 3138 venerabilem
703 3087 1005 3148 Asuerum,
1040 3084 1276 3152 ejusque
1315 3083 1626 3136 nonnullos
1673 3083 1981 3136 monachos

292 3172 692 3238 (lc-testaretur,
724 3188 856 3224 casu
899 3173 1023 3241 ipso
1057 3171 1259 3225 abbate
1307 3171 1368 3224 in
1399 3171 1540 3224 cella
1587 3171 1831 3239 degente
1882 3186 1982 3239 per

295 3260 480 3312 locum
543 3265 772 3313 coactus
825 3264 907 3312 est
960 3258 1181 3312 itineris
1232 3257 1567 3312 necessitate
1618 3257 1892 3323 transire;
1927 3263 1984 3311 et

294 3348 565 3418 cumjam
595 3347 840 3401 ecclesiae
893 3347 1349 3418 propiuquasset,
1401 3352 1564 3415 rogat
1618 3361 1842 3398 servum
1883 3346 1982 3414 qui

294 3435 695 3502 comitabatur,
734 3436 869 3488 utsi
898 3435 1077 3505 possit
1120 3453 1186 3488 ea
1233 3451 1290 3488 se
1338 3435 1426 3487 via
1458 3435 1663 3500 ducat;
1701 3449 1812 3502 qua
1845 3449 1981 3486 con-

295 3529 552 3592 spectum
598 3525 846 3578 basilicae
878 3524 1074 3579 Goaris
1104 3524 1609 3593 Romanorumque
1659 3521 1978 3584 hominum,

295 3613 494 3666 Asueri
527 3613 740 3666 scilicet
770 3613 988 3667 abbatis
1037 3617 1092 3666 et
1123 3614 1246 3682 ejus
1288 3612 1562 3666 comitum
1614 3611 1982 3681 praesentiam

296 3701 477 3755 valeat
497 3703 822 3768 declinare;
879 3707 1039 3756 tanta
1097 3703 1218 3772 ejus
1270 3702 1525 3754 animum
1572 3701 1768 3753 innata
1812 3716 1878 3752 ex
1908 3699 1985 3752 fe-

300 3790 461 3844 ritate
505 3791 801 3845 barbarica
842 3792 1122 3845 stoliditas
1171 3790 1649 3860 apprehenderat,
1708 3792 1769 3841 ut
1815 3803 1884 3840 ne
1923 3787 1982 3840 in

295 3880 535 3933 transitu
567 3880 801 3950 quidem
837 3881 1108 3934 Romanae
1141 3881 1353 3948 lingua-3
1389 3879 1471 3931 vel
1504 3877 1690 3947 gentis
1721 3875 1983 3929 homines

297 3973 352 4021 et
385 3969 533 4037 ipsos
565 3985 791 4038 quoque
825 3969 1003 4021 bonos
1035 3969 1182 4020 viros
1213 3984 1276 4021 ac
1306 3966 1525 4020 nobiles
1552 3965 1796 4018 libenter
1832 3963 1986 4034 aspi-

296 4073 422 4110 cere
453 4062 658 4125 posset.
695 4057 980 4110 Promittit
1009 4073 1204 4110 servus
1249 4072 1306 4108 se
1361 4071 1523 4123 posse
1565 4054 1716 4124 quod
1751 4053 1982 4122 peteba-

298 4151 392 4199 tur
419 4145 681 4214 implere.
721 4145 787 4198 Ut
816 4161 952 4213 ergo
994 4145 1218 4197 itineris
1262 4143 1686 4212 aliquantulum
1724 4142 1985 4194 confece—

298 4236 432 4284 runt
465 4236 519 4283 et
539 4231 610 4284 ad
641 4232 830 4300 ipsum
863 4231 1195 4284 monasterii
1243 4229 1607 4298 basilicaeque
1651 4228 1836 4282 locum
1871 4244 1987 4297 per-

300 4328 530 4374 ventum
572 4327 676 4387 est,
721 4326 916 4374 monet
955 4320 1255 4374 dominum
1303 4335 1515 4385 servus,
1553 4318 1599 4371 si
1650 4323 1985 4387 conspectus

298 4425 496 4462 eorum
529 4426 672 4479 quos
703 4410 929 4463 horreat
959 4409 1137 4462 vitare
1174 4409 1329 4475 velit,
1364 4407 1698 4461 brevissimo
1724 4415 1986 4475 tempore

297 4498 473 4567 pallio
503 4502 674 4566 caput
703 4497 938 4567 operiat.
984 4497 1081 4551 llle
1114 4513 1244 4550 cum
1275 4513 1304 4549 θ
1338 4496 1573 4566 vestigio
1603 4497 1756 4566 quod
1792 4512 1985 4549 mone-

296 4586 467 4640 batur
504 4587 817 4656 implesset,
850 4592 906 4638 et
955 4592 1113 4640 extra
1156 4585 1261 4638 loci
1307 4584 1556 4653 spatium
1592 4585 1983 4654 processisset:

300 4676 481 4742 Modo,
515 4675 705 4746 inquit
745 4691 960 4742 servus,
998 4679 1150 4727 retro
1179 4689 1310 4725 cave
1342 4673 1631 4741 respicias,
1660 4689 1792 4726 nam
1825 4674 1989 4727 aliter

297 4781 496 4818 eorum
541 4781 683 4835 quos
739 4769 797 4817 ut
839 4779 1029 4833 posses
1081 4761 1364 4815 declinare
1413 4761 1624 4831 petisti,
1673 4761 1987 4830 conspicies

298 4853 609 4905 neminem.
662 4851 761 4903 Vix
809 4866 871 4902 ea
919 4865 1113 4902 servus
1162 4848 1515 4918 impleverat,
1573 4848 1986 4918 confestimque

296 4945 350 4993 et
380 4939 485 4993 sub
512 4939 715 4993 eodem
748 4953 893 5008 pene
935 4943 1227 4991 momento
1254 4937 1590 5006 praedictum
1632 4937 1984 5006 reginarium

293 5027 508 5081 ventris
550 5025 931 5098 apprehendit
1005 5025 1223 5088 effusio,
1293 5040 1398 5077 nec
1447 5040 1652 5093 magna
1700 5040 1858 5077 mora
1890 5041 1984 5077 se-

294 5120 424 5169 cuta
457 5120 584 5186 post
667 5113 1044 5185 paucissimos
1106 5113 1227 5168 dies
1283 5113 1456 5166 vitam
1513 5113 1715 5166 finivit.
1772 5115 1854 5167 Ita
1885 5113 1986 5184 qui

362 5285 471 5339 “Id
500 5289 584 5338 est
608 5283 945 5338 Gallicanae:
997 5299 1136 5337 nam
1184 5283 1367 5336 Gallos
1407 5281 1653 5352 antiquis
1697 5282 1985 5336 Romanos

292 5355 472 5409 dictos
502 5372 619 5409 non
659 5355 835 5408 semel
893 5355 1338 5409 observavimus.
1380 5354 1447 5406 Et
1502 5353 1982 5422 Lutzemburgum

291 5426 587 5494 oppidum,
670 5425 762 5479 cui
847 5425 1081 5479 finitimi
1156 5431 1288 5478 sunt
1357 5425 1720 5478 Trevirenses
1786 5423 1984 5478 Gallia:

290 5496 530 5566 Belgicae
590 5496 808 5567 populi,
857 5500 1115 5567 Augusta
1169 5498 1560 5550 Romanorum
1611 5510 1645 5547 a
1691 5495 1984 5548 Ptolomeo

290 5567 633 5620 appellatur.

289 5569 633 5638 appellatur.

2091 3085 2384 3155 negligere
2419 3101 2536 3137 non
2567 3084 2772 3149 debes;
2825 3099 2940 3137 non
2989 3084 3142 3137 enim
3186 3083 3234 3136 is
3272 3084 3373 3138 ille
3417 3085 3630 3154 poterit
3675 3083 3760 3134 uti.

2092 3176 2221 3228 Hth
2277 3173 2626 3226 monachus:
2684 3178 2739 3226 et
2789 3173 3011 3226 modico
3058 3178 3317 3241 tempore
3359 3173 3546 3242 lapso,
3591 3186 3761 3226 cuma

2093 3261 2421 3315 molendino
2448 3260 2694 3314 farinam
2726 3261 2986 3314 navicula
3019 3263 3200 3331 pistor
3247 3262 3580 3328 deveheret,
3619 3260 3761 3331 piscis

2093 3367 2265 3421 quem
2287 3350 2501 3403 lucium
2529 3365 2813 3414 vocamus,
2848 3366 3052 3403 navem
3103 3351 3250 3403 saltu
3299 3350 3593 3421 ingressus
3626 3365 3758 3402 com-

2094 3440 2409 3510 prehensus
2435 3441 2520 3491 est
2551 3453 2584 3490 a
2613 3437 2849 3506 pistore,
2885 3444 2942 3490 et
2977 3439 3038 3491 in
3067 3454 3334 3492 consessu
3363 3439 3756 3492 monachorum

2094 3526 2361 3595 (necdum
2419 3525 2632 3595 quippe
2694 3525 2763 3578 de
2831 3525 2956 3578 loco
3024 3526 3416 3594 surrexerant)
3468 3525 3753 3595 expositus.

2093 3615 2272 3681 Nunc,
2322 3612 2509 3682 inquit
2585 3611 2915 3678 monachus,
2980 3614 3271 3681 integrum
3329 3631 3563 3677 munus,
3619 3614 3755 3667 beate

2093 3704 2260 3767 Goar,
2304 3701 2575 3770 implesti,
2621 3717 2750 3754 cum
2783 3706 2838 3754 et
2885 3701 3053 3756 nobis
3107 3708 3162 3755 et
3208 3703 3334 3755 seni
3373 3709 3474 3756 tuo
3513 3704 3756 3756 alimenta

2093 3806 2351 3860 congrua
2385 3789 2698 3859 providisti.
2759 3789 2866 3843 Res
2908 3790 3051 3842 mira
3095 3791 3342 3843 ludentis
3385 3791 3582 3860 potius
3614 3804 3758 3860 quam

2093 3877 2350 3946 rogantis
2382 3893 2544 3930 voces
2574 3882 2691 3930 tam
2730 3878 2895 3931 facile
2943 3877 3270 3932 exauditas!
3306 3880 3404 3932 sed
3447 3880 3572 3932 haec
3609 3876 3757 3932 meri-

2092 3967 2166 4018 tis
2206 3965 2357 4020 beati
2399 3966 2737 4019 confessoris
2785 3983 2901 4019 non
2949 3972 3084 4020 sunt
3127 3967 3470 4020 dissimilia:
3516 3967 3757 4038 quoniam

2095 4054 2196 4124 qui
2260 4055 2320 4106 in
2366 4070 2534 4108 carne
2578 4054 2771 4107 vivens
2819 4054 3209 4124 indigentibus
3259 4071 3362 4107 sua
3414 4071 3520 4125 pro
3571 4054 3758 4110 Christo

2095 4142 2394 4207 tribuerat,
2429 4147 2483 4195 et
2513 4141 2824 4212 hospitium
2859 4143 3343 4212 refectionemque
3376 4149 3600 4212 gratam
3631 4155 3756 4194 sem-

2095 4247 2200 4300 per
2246 4231 2542 4297 habuerat,
2593 4231 2799 4284 merito
2854 4237 2982 4300 post
3047 4231 3269 4284 obitum
3314 4249 3552 4303 quoque
3603 4230 3759 4302 potuit

2027 4334 2067 4386 ι)
2095 4319 2204 4373 sibi
2234 4318 2610 4372 servientibus
2632 4319 2767 4372 talia
2789 4335 3119 4389 procurare.
3155 4320 3296 4372 Nam
3324 4329 3610 4389 quantum
3635 4313 3756 4387 apud

2095 4409 2288 4464 divina
2333 4407 2549 4478 judicia
2597 4408 2865 4461 meritum
2911 4408 3116 4461 habeat
3164 4408 3340 4461 virtus
3382 4406 3758 4479 hospitalitatis

2097 4511 2270 4566 quam
2325 4494 2409 4546 vir
2464 4494 2664 4548 beatus
2721 4495 3085 4564 singulariter
3139 4495 3274 4549 dum
3326 4496 3467 4550 vixit
3525 4494 3752 4552 excoluit,

2096 4587 2492 4651 quantumque
2541 4582 2878 4635 reverentiae
2925 4582 3044 4635 loco
3080 4582 3162 4635 illi
3207 4582 3265 4634 in
3303 4599 3419 4652 quo
3463 4584 3628 4638 beata
3663 4584 3754 4649 ejus

2096 4669 2353 4722 membra
2386 4669 2683 4738 quiescant
2711 4670 2784 4722 sit
2820 4669 2977 4722 omni
3015 4673 3274 4737 tempore
3323 4670 3749 4739 dependendum,

2095 4761 2375 4810 testantur
2399 4773 2464 4810 ea
2497 4773 2621 4828 quae
2649 4759 2736 4811 vel
2777 4757 2943 4811 illum
2983 4757 3418 4827 frequentantes
3450 4759 3639 4813 divino
3678 4757 3752 4809 be-

2095 4845 2300 4898 neﬁcio
2331 4851 2778 4915 consequuntur,
2829 4846 2913 4898 vel
2958 4845 3319 4914 negligentes
3353 4850 3412 4898 et
3455 4848 3641 4917 aliqua
3667 4843 3750 4896 dis-

2093 4933 2460 4987 simulatione
2489 4938 2903 5003 przetereuntes
2937 4933 3128 4986 divino
3159 4933 3540 4987 nihilominus
3577 4929 3752 5004 judicio

2091 5022 2392 5091 patiuntur
2415 5039 2428 5088 ;
2450 5022 2602 5091 quod
2632 5022 2823 5091 ipsum
2859 5021 3214 5075 manifestius
3234 5023 3504 5093 exempla
3542 5024 3754 5091 subjecta

2097 5112 2512 5166 monstrabunt.

2164 5285 2189 5326 Β
2212 5283 2273 5338 Id
2301 5287 2384 5337 est
2413 5283 2476 5337 in
2516 5283 2640 5336 loco
2673 5283 2813 5352 ripa!
2842 5282 3136 5352 proximo:
3173 5299 3287 5353 quo
3327 5283 3607 5336 vocabulo
3650 5291 3749 5353 usus

2094 5358 2178 5406 est
2226 5354 2346 5408 Odo
2395 5355 2566 5408 abbas
2605 5348 3081 5407 Glannafoliensis
3135 5348 3208 5406 in'
3251 5353 3495 5422 epistola
3555 5354 3677 5406 Vite
3708 5348 3747 5400 S~

2093 5424 2431 5550 litliauigigasbb.
2461 5426 2798 5494 prazmissa:
2833 5431 2890 5478 et
2931 5424 3368 5478 Wandalbertus
3408 5426 3614 5478 iterum
3655 5435 3743 5487 cap-

2197 5511 2226 5548 e
2358 5535 2372 5549 .

2197 5511 2251 5548 Θῐ
2283 5511 2372 5549 25.
