3846 6244
8 261 110 313 361

176 398 274 449 De
326 402 627 455 lIcriwino
656 402 841 454 comite
863 402 1071 468 ﬂagello
1097 402 1281 454 rlieino
1310 403 1643 456 commonita.

92 504 207 557 13.
286 508 529 562 Comes
581 510 813 579 quidam
864 509 1097 562 nomine
1150 509 1488 574 Heriwinus,
1537 526 1665 562 cum
1701 526 1805 578 per

7 589 247 646 locum
294 599 614 651 transiens
643 598 1002 663 declinasset,
1048 604 1102 650 et
1140 598 1270 650 licet
1305 617 1336 650 υ.
1368 598 1484 650 suis
1518 604 1576 650 ut
1609 605 1800 651 oraret

7 678 433 737 admonitus
484 702 588 755 pro
635 685 963 738 festinantia
1024 685 1243 738 itineris
1300 686 1632 752 distulisset,
1685 702 1802 739 non

7 767 220 835 longe
266 774 592 839 profectus
626 775 694 827 de
726 788 876 842 equo
908 773 1126 837 cecidit,
1162 771 1611 842 gravissimoque
1640 775 1800 843 lapsu

7 858 387 913 contritus
415 862 486 915 ad
528 861 823 915 ecclesiam
855 876 1089 913 suorum
1137 860 1399 913 manibus
1431 867 1756 930 reportatur
1785 880 1797 916 :

10 944 105 996 ibi
167 946 388 1002 brevi
432 950 799 1012 decumbens,
849 948 1003 1018 apud
1044 948 1378 1001 memoriam
1421 951 1799 1004 venerandam

8 1033 354 1089 sanitatis
393 1045 479 1091 est
509 1037 854 1091 beneficium
885 1042 1197 1090 assecutus.

287 1147 387 1197 De
416 1146 655 1212 Eufimia
685 1144 965 1197 abbatissa
988 1145 1245 1197 similiter
1276 1144 1578 1197 emendata.

108 1247 213 1299 ti.
261 1249 509 1302 Eodem
564 1248 735 1302 modo
783 1249 1069 1301 abbatissa
1112 1249 1320 1301 nobilis
1370 1265 1437 1301 ex
1486 1250 1626 1301 urbe
1681 1266 1796 1303 me-

13 1336 576 1391 diomatricorum
624 1337 886 1403 Eutimia,
923 1353 1051 1389 cum
1083 1337 1192 1389 iter
1238 1354 1413 1404 agens
1461 1337 1593 1390 illuc
1624 1339 1799 1391 deve—

17 1423 271 1487 nisset,
332 1431 394 1478 et
443 1442 546 1479 nec
590 1430 834 1477 oratum.
888 1430 951 1478 ut
998 1442 1195 1478 omnes
1243 1432 1657 1479 consueverant
1700 1428 1796 1480 de-

22 1512 432 1577 scendisset,
480 1515 655 1584 paulo
699 1518 827 1583 post
870 1513 938 1567 de
992 1529 1139 1582 equo
1188 1514 1407 1575 cecidit,
1460 1522 1515 1567 et
1566 1514 1795 1567 etii-acto

23 1618 225 1653 crure
291 1619 438 1672 quae
493 1608 694 1672 sponte
744 1603 1007 1655 noluerat
1064 1603 1130 1654 ad
1181 1603 1475 1655 ecclesiam
1537 1610 1798 1672 portatur

30 1690 272 1749 invita,
324 1698 386 1744 et
439 1692 767 1759 sanitatem,
816 1707 990 1761 quam
1039 1707 1142 1744 suo
1190 1692 1534 1760 perdiderat,
1588 1694 1792 1747 merito

30 1779 215 1832 beati
257 1780 387 1832 viri
420 1781 653 1849 recepit.

88 1888 173 1937 De
200 1889 563 1954 impcratore
593 1887 783 1941 Carolo
814 1886 877 1940 ob
910 1887 1395 1941 dissimulationem
1423 1888 1754 1955 periclitato.

125 1997 233 2049 135.
294 1996 503 2065 Neque
545 1994 839 2047 dissimilis
893 1994 1223 2047 meritorum
1275 1995 1397 2063 ejus
1430 1995 1687 2064 potentia
1736 1994 1793 2048 in

44 2082 425 2149 puniendis,
462 2082 881 2151 monendisque
912 2082 1084 2135 etiam
1120 2082 1350 2149 regibus
1389 2082 1618 2134 exstitit.
1654 2083 1793 2135 Nam

42 2170 353 2236 Carolus,
409 2170 901 2223 excellentissima:
966 2171 1259 2223 memorias
1320 2170 1630 2239 imperator
1678 2173 1791 2223 Au-

48 2264 310 2326 gustus,
362 2274 394 2310 a
436 2258 651 2328 palatio
683 2275 785 2311 suo
821 2259 973 2327 quod
1016 2258 1077 2311 in
1116 2259 1401 2328 praeripiis
1450 2258 1631 2312 Rheni
1683 2261 1791 2311 ﬂu-

48 2346 247 2399 minis
301 2347 377 2400 ab
415 2346 542 2416 ipso
586 2352 974 2400 constructum
1018 2348 1371 2412 lngilinhcim
1404 2348 1611 2399 dicitur
1644 2364 1788 2417 quo-

47 2434 202 2488 dam
241 2440 522 2504 tempore
551 2435 873 2504 navigabat,
908 2434 969 2487 in
994 2436 1292 2488 castellum
1324 2436 1478 2504 quod
1509 2436 1683 2488 situm
1711 2441 1797 2489 est

52 2540 254 2592 super
315 2525 708 2576 conﬂuentem
776 2524 1019 2577 Mosellae
1075 2527 1131 2576 et
1190 2523 1371 2577 Rheni
1427 2524 1790 2590 descendere,

56 2612 285 2681 ibique
318 2611 633 2682 disponens
667 2617 830 2665 nocte
860 2628 1117 2678 manere,
1164 2613 1539 2681 sequentibus
1573 2628 1704 2665 eum
1735 2612 1794 2664 in

61 2702 338 2770 singulis
368 2701 607 2754 navibus
638 2700 774 2754 filiis
807 2701 1008 2755 Carolo
1036 2706 1203 2771 atque
1237 2701 1499 2771 Pippino.
1537 2701 1793 2771 Cumque

64 2790 137 2842 ad
184 2789 623 2843 monasterium
660 2789 1001 2843 confessoris
1046 2789 1222 2842 sancti
1260 2789 1575 2858 imperator
1627 2789 1792 2842 navi-

68 2878 173 2947 gio
250 2878 632 2948 pervenisset,
686 2877 887 2931 obvius
944 2878 1029 2930 illi
1090 2877 1270 2930 factus
1317 2878 1492 2932 abbas
1544 2882 1792 2932 Asuerus

67 2970 255 3033 rogat
302 2966 390 3018 uti
435 2965 507 3019 ad
553 2966 783 3019 beatum
832 2967 1071 3019 Goarem
1117 2966 1269 3018 exire
1300 2966 1448 3019 etin
1496 2968 1636 3018 cella
1667 2966 1790 3033 ejus

73 3053 431 3107 charitatem
474 3053 562 3124 (ut
608 3054 781 3107 verbo
816 3054 1019 3107 usitato
1070 3055 1292 3124 loquar)
1335 3054 1521 3108 facere
1566 3055 1785 3108 debeat.

78 3142 277 3211 Negat
318 3159 482 3195 suam
532 3142 896 3212 prmsentiam
942 3142 1270 3212 imperator,
1306 3147 1361 3196 et
1404 3149 1533 3213 post
1560 3160 1617 3195 se
1654 3160 1791 3196 con-

70 3246 287 3284 versus
340 3247 513 3284 manu
561 3231 893 3301 cognomini
937 3232 1057 3284 ﬂlio
1102 3231 1325 3296 annuit,
1383 3237 1447 3285 ut
1493 3232 1678 3284 navim
1724 3232 1793 3286 ad

77 3320 390 3373 ecclesiam
425 3325 693 3372 oraturus
732 3319 1077 3385 egrediatur,
1111 3321 1233 3389 ipse
1267 3320 1565 3389 proposito
1611 3320 1792 3373 tendit

76 3407 320 3462 itinere.
368 3409 605 3477 Egresso
657 3408 730 3461 ad
765 3415 974 3461 terram
1022 3408 1265 3478 Augusti
1307 3408 1444 3475 tilio,
1494 3410 1637 3461 alter
1669 3409 1791 3477 ejus

79 3496 243 3549 ﬁlius
276 3496 557 3566 Pippinus
607 3496 705 3566 qui
752 3501 879 3566 post
911 3498 1144 3550 fratrem
1175 3497 1301 3550 navi
1344 3496 1626 3562 veniebat,
1676 3514 1789 3566 pu-

77 3589 214 3637 tans
240 3586 425 3654 patris
452 3602 573 3638 esse
595 3585 787 3639 navim
810 3601 982 3655 quam
1013 3585 1189 3638 littori
1217 3585 1435 3638 videret
1466 3586 1788 3654 appulsam,

83 3688 358 3742 egressus
408 3678 464 3726 et
518 3674 637 3743 ipse
688 3679 793 3740 est,
837 3674 1114 3744 fratrique
1158 3672 1416 3727 nesciens
1452 3674 1511 3726 in
1560 3673 1792 3727 ecclesia

83 3762 361 3816 sociatus.
445 3762 529 3815 Ibi
595 3762 749 3833 quod
814 3762 965 3815 inter
1031 3778 1125 3815 eos
1191 3778 1388 3831 graves
1451 3762 1791 3831 aliquandiu

88 3851 413 3904 simultates
444 3857 500 3904 et
538 3851 857 3905 inimicitiae
898 3851 1143 3918 fuerant,
1184 3844 1791 3920 inspirantessuperna

88 3938 405 3993 clementia
444 3942 500 3992 et
529 3938 847 4008 opitulante
897 3936 1231 3991 confessoris
1277 3938 1621 3990 sanctissimi
1669 3954 1787 3991 me-

88 4026 219 4092 rito,
272 4027 337 4080 in
384 4026 697 4079 fraternam
756 4025 1119 4079 concordiam
1168 4030 1224 4079 et
1281 4025 1462 4079 foedus
1521 4025 1789 4079 amicitia:

92 4114 372 4168 coierunt.
428 4115 564 4169 Cibo
614 4114 823 4167 deinde
866 4120 1122 4184 potuque
1171 4120 1421 4183 sumpto,
1472 4114 1683 4166 alacres
1737 4118 1790 4165 et

94 4202 208 4256 laeti
239 4203 313 4256 ad
368 4203 558 4255 locum
599 4219 773 4271 supra
821 4202 1179 4255 nominatum
1226 4218 1396 4272 quem
1446 4218 1575 4255 cum
1627 4206 1788 4271 patre

94 4297 287 4360 petere
333 4296 645 4361 cmperant,
687 4290 953 4344 omnibus
997 4290 1115 4343 suis
1152 4289 1539 4343 incolumibus
1586 4306 1787 4360 perve-

94 4385 323 4434 nerunt.
378 4381 697 4448 Imperator
726 4394 856 4432 vero
888 4379 987 4449 qui
1020 4378 1150 4432 liliis
1194 4378 1435 4448 egressis
1475 4379 1626 4431 solus
1658 4394 1789 4431 eum

96 4468 207 4521 suis
237 4468 300 4521 in
348 4467 482 4520 navi
526 4471 900 4531 remanserat,
943 4483 1071 4520 cum
1104 4467 1171 4520 ad
1217 4466 1553 4536 praedictum
1598 4468 1789 4520 locum

96 4557 332 4610 tendere
379 4556 572 4620 vellet,
623 4560 820 4608 coorta
871 4561 1106 4626 repente
1156 4555 1497 4609 densissima
1534 4555 1686 4609 nube
1734 4560 1789 4609 et

98 4645 319 4699 nebulis
381 4643 854 4697 tenebrosissimis
913 4644 1245 4710 subsecutis,
1305 4644 1382 4697 ita
1441 4643 1501 4696 in
1552 4644 1790 4697 ﬂumine

97 4732 397 4798 deerravit,
427 4737 490 4785 ut
530 4748 717 4802 neque
754 4732 896 4801 ipse,
931 4749 1120 4801 neque
1158 4732 1433 4785 comitum
1481 4732 1789 4802 quispiam,

101 4822 186 4875 sed
234 4837 429 4892 neque
478 4821 637 4873 navis
680 4822 1033 4890 gubernator
1083 4837 1196 4890 quo
1262 4822 1562 4874 tenderent
1611 4837 1791 4890 quove

102 4908 285 4963 navim
335 4913 577 4979 agerent
622 4909 905 4962 ullatenus
953 4908 1116 4975 scire,
1152 4910 1239 4961 vel
1281 4910 1469 4962 videre
1519 4911 1788 4964 valerent.

101 4996 181 5050 Sic
210 5013 317 5067 per
348 4997 637 5066 reliquum
669 4996 820 5066 quod
862 5002 1157 5066 supererat
1189 4997 1303 5050 diei
1329 4997 1388 5050 in
1422 4998 1626 5067 pelago
1657 4998 1792 5051 fati-

104 5087 231 5154 gati,
281 5085 373 5137 vix
430 5091 739 5154 postquam
780 5101 941 5138 suam
983 5086 1211 5155 culpam
1260 5085 1576 5155 imperator
1615 5088 1792 5157 ag‘no-

104 5190 248 5228 scere
295 5177 353 5226 et
411 5172 578 5226 beato
626 5173 794 5225 Goari
826 5172 1146 5242 supplicare
1202 5173 1391 5242 coepit,
1447 5173 1631 5225 multa
1672 5173 1795 5241 jam

108 5263 189 5316 die
226 5266 283 5315 et
314 5261 623 5330 ingruente
667 5266 833 5314 nocte
873 5262 927 5313 in
965 5261 1354 5315 continentem
1398 5262 1608 5331 egressi
1643 5266 1794 5326 sunt,

109 5351 285 5404 tribus
316 5355 516 5403 tamen
546 5353 642 5403 aut
674 5351 844 5419 paulo
876 5350 1122 5419 amplius
1157 5368 1188 5403 a
1220 5350 1342 5403 loco
1375 5351 1432 5403 in
1465 5366 1634 5420 quem
1666 5366 1796 5419 pro-

112 5443 415 5508 posuerant
464 5437 658 5506 egredi
708 5437 979 5504 millibus,
1033 5437 1134 5491 ubi
1173 5444 1229 5491 et
1259 5455 1323 5491 ea
1365 5454 1599 5491 manere
1634 5442 1798 5490 nocte

111 5543 218 5581 non
250 5526 377 5579 sine
408 5541 604 5579 rerum
640 5525 1097 5580 necessariarum
1124 5526 1321 5597 inopia
1354 5527 1684 5597 compulsus
1715 5530 1799 5579 est

1225 272 1311 325 DE
1356 226 1514 326 ΥΙἸεΑ
1555 274 1645 327 ΕΤ
1685 273 2066 330 MIBACULIS
2106 276 2142 329 S
2216 274 2491 333 GOABIS.

3510 277 3613 329 662

1825 408 1871 459 Α
1901 404 2229 474 imperator.
2267 405 2548 475 Factoque
2580 403 2668 457 die
2698 404 2921 473 publica
2951 409 3189 458 testatus
3221 409 3323 473 est,
3362 406 3452 459 sui
3488 422 3610 459 esse

1914 492 2127 562 peccati
2156 498 2213 549 et
2249 492 2434 545 meriti
2471 493 2624 563 quod
2661 493 3011 563 periclitatus
3052 494 3110 546 in
3144 494 3404 563 ﬂumine,
3451 497 3610 564 quod

1913 599 1944 633 a
1975 582 2378 634 commoditate
2411 581 2633 634 itineris
2674 588 2730 635 et
2768 590 3044 652 apparatu
3086 584 3258 652 regiae
3295 584 3607 638 mansionis

1912 669 1983 722 sit
2014 670 2338 738 longissime
2388 670 2754 738 disparatus;
2796 687 2908 722 non
2951 671 3163 731 frustra,
3201 672 3311 724 sibi
3359 672 3480 725 haec
3514 690 3603 725 aC«

1912 758 2136 823 cidisse,
2170 757 2266 810 sed
2310 759 2543 810 beatum
2591 758 2831 810 Goarem
2879 774 3073 828 poenas
3122 776 3225 828 pro
3267 766 3597 831 contemptu

1912 847 2142 900 meritas
2200 846 2495 915 repetisse,
2544 863 2718 916 seque
2767 846 3048 916 supplicia
3097 848 3432 917 expendisse
3481 865 3602 902 me-

1910 944 2173 1003 rentem;
2222 953 2421 990 vovere
2453 953 2511 989 se
2551 941 2605 988 ot
2647 938 2975 989 ﬁrmissime
3005 937 3262 1006 polliceri
3305 955 3601 1009 nunquam

1910 1025 2095 1077 locum
2140 1025 2247 1077 viri
2293 1025 2633 1077 sanctissimi
2677 1025 2791 1078 ulla
2833 1025 3092 1094 quamvis
3134 1042 3339 1094 magna
3382 1027 3601 1081 itineris

1908 1112 2254 1179 festinantia,
2292 1113 2339 1165 si
2368 1113 2438 1166 ad
2471 1130 2601 1166 eum
2625 1113 2684 1165 in
2712 1114 2894 1166 vicino
2922 1115 3128 1179 veniat,
3156 1114 3598 1180 declinaturum,

1910 1217 2081 1269 quem
2128 1201 2228 1253 tali
2274 1200 2637 1254 incommodo
2672 1202 2742 1253 sit
2783 1209 3051 1270 expertus
3087 1218 3253 1271 posse
3287 1203 3353 1256 de
3385 1203 3471 1255 his
3504 1204 3602 1273 qui

1910 1303 1966 1339 se
2007 1288 2419 1358 negligendum
2461 1290 2790 1358 putaverint
2834 1295 3098 1358 expetere
3136 1307 3306 1360 quam
3358 1291 3603 1344 voluerit

1910 1376 2203 1429 ultionem.
2239 1376 2335 1429 [lis
2368 1377 2509 1429 votis
2558 1377 2625 1429 ad
2660 1378 2873 1431 Cellam
2923 1378 3127 1447 viginti
3172 1379 3347 1432 libras
3381 1380 3602 1448 argenti

1908 1469 1965 1515 et
2010 1464 2161 1532 palia
2209 1465 2527 1517 lioloseriea
2570 1466 2681 1517 duo
2730 1466 2906 1531 misit,
2970 1484 3070 1520 nec
3119 1468 3383 1537 deinceps
3435 1468 3593 1520 omni

1908 1552 2019 1604 vita
2074 1569 2176 1606 sua
2240 1554 2389 1622 quod
2447 1560 2674 1607 voverat
2731 1555 2923 1624 aliqua
2971 1572 3035 1609 ex
3083 1572 3250 1609 causa
3321 1556 3591 1626 neglexit.

1906 1639 2160 1710 Denique
2189 1640 2237 1693 is
2272 1640 2372 1712 qui
2404 1647 2524 1695 tum
2552 1643 2725 1712 regite
2760 1644 2916 1696 navis
2957 1644 3304 1712 gubernator
3357 1644 3467 1697 fuit
3496 1646 3602 1697 hn-

1902 1744 2115 1797 cusque
2156 1736 2436 1799 superest,
2470 1730 2670 1800 reique
2716 1738 2888 1798 gesta:
2929 1732 3305 1786 indubitabile
3336 1734 3592 1786 testimo-

1902 1816 2064 1869 nium
2113 1817 2399 1887 perhibet.
2450 1821 2562 1873 Nec
2620 1820 2908 1874 immerito
2963 1836 3162 1891 regum
3219 1821 3303 1873 illi
3349 1822 3490 1875 tides
3541 1826 3596 1875 et

1903 1905 2128 1959 devotio
2159 1907 2430 1975 subjacet,
2465 1908 2562 1977 qui
2601 1925 2700 1978 pro
2733 1909 2954 1963 Christo
2986 1926 3101 1962 non
3133 1910 3314 1962 solum
3358 1926 3596 1979 magnos

1902 1998 1958 2046 et
1987 1994 2343 2063 appetibiles,
2382 1996 2481 2048 sed
2522 2012 2720 2048 omnes
2753 1997 2981 2066 penitus
3013 1998 3213 2050 mundi
3243 1998 3495 2051 honores
3531 2004 3586 2051 et

1901 2082 2138 2135 caducas
2168 2082 2476 2151 dignitates
2521 2085 2898 2154 contempsit;
2933 2089 2987 2137 et
3029 2102 3155 2138 cum
3201 2092 3413 2155 posset,
3465 2087 3588 2155 epi-

1901 2186 2102 2239 scopus
2130 2171 2254 2224 fieri
2289 2171 2488 2238 noluit,
2525 2173 2827 2242 potiusque
2861 2174 2915 2225 in
2948 2173 3152 2226 humili
3183 2179 3331 2227 statu
3364 2190 3595 2227 manere

1902 2257 2113 2326 delegit
2147 2274 2318 2328 quam
2362 2259 2646 2313 honorum
2688 2260 2933 2313 fascibus
2982 2262 3347 2330 praegravari.
3399 2264 3592 2326 Quan—

1901 2362 2073 2415 quam
2126 2348 2186 2399 in
2238 2348 2570 2401 Christianis
2624 2349 2977 2419 principibus
3037 2350 3156 2403 haec
3202 2350 3351 2402 circa
3401 2367 3594 2403 servos

1902 2435 2001 2487 Dei
2031 2436 2252 2489 affectio
2292 2442 2408 2490 tam
2460 2438 2532 2490 sit
2580 2444 2894 2507 spontanea
2933 2442 2988 2490 et
3036 2439 3258 2504 devota,
3310 2454 3483 2508 quam
3537 2456 3595 2489 se

1900 2529 2184 2577 noverunt
2238 2528 2396 2577 tanto
2450 2526 2628 2594 magis
2676 2527 2788 2578 Deo
2846 2525 3124 2595 gratiores
3175 2527 3316 2593 fore,
3375 2532 3592 2596 quanto

1900 2612 1999 2680 qui
2026 2613 2093 2665 ad
2126 2619 2352 2682 tempus
2381 2613 2589 2666 elevari
2615 2630 2718 2683 per
2744 2620 3026 2667 tumorem
3064 2615 3380 2685 majestatis
3420 2615 3594 2684 regia:

1900 2704 2183 2769 poterant,
2218 2701 2441 2771 eligunt
2471 2701 2644 2754 servis
2675 2702 2880 2755 Christi
2918 2720 2975 2754 se
3008 2708 3200 2756 mente
3232 2703 3587 2756 submittere.

2264 2818 2339 2869 De
2374 2819 2565 2884 regina
2595 2818 2872 2872 Fastrada
2902 2817 2979 2871 ibi
3007 2823 3223 2871 sanata.

1976 2933 2058 2983 l6.
2112 2930 2372 3000 Ejusdem
2425 2931 2700 3002 principis
2749 2933 2954 3000 conqu
3000 2932 3267 2986 Fastrada
3316 2948 3448 2985 cum
3494 2949 3589 2985 ve-

1833 3000 2331 3072 Chementissimo
2383 3000 2643 3073 dentium
2702 3021 2899 3074 dolore
2971 3025 3357 3090 torqueretur,
3425 3025 3483 3074 et
3524 3021 3594 3075 ad

1900 3106 2088 3159 locum
2134 3107 2205 3159 ob
2249 3108 2571 3162 remedium
2623 3110 2744 3178 ejus
2793 3108 3004 3162 doloris
3053 3116 3277 3163 oratum
3328 3109 3591 3173 venisset,

1900 3195 2174 3249 continuo
2206 3202 2270 3249 ut
2289 3198 2526 3267 supplex
2560 3197 2706 3250 facta
2732 3203 2835 3265 est,
2872 3197 3238 3251 incommodo
3268 3197 3486 3262 caruit;
3523 3198 3595 3250 ob

1900 3299 2074 3351 quam
2108 3300 2226 3337 rem
2259 3285 2390 3339 data
2422 3292 2505 3339 est
2532 3287 2603 3339 ab
2637 3285 2983 3356 imperatore
3019 3286 3152 3339 villa
3181 3302 3310 3356 quae
3349 3285 3594 3339 Nasonia

1899 3380 2283 3444 nuncupatur,
2315 3376 2452 3428 etin
2478 3376 2607 3445 jure
2641 3375 2744 3428 loci
2776 3376 3048 3427 hactenus
3078 3373 3375 3426 retinetur.

2000 3491 2068 3541 De
2091 3504 2147 3542 eo
2177 3491 2275 3556 qui
2303 3490 2587 3543 ambulans
2601 3504 2774 3613 ιειιρῖγ·
2801 3490 3026 3611 glaciem
3054 3489 3397 3556 periclitatus
3417 3493 3492 3541 est

2569 3576 2593 3611 e
2650 3575 2712 3612 sa
2738 3575 2803 3612 va
2832 3574 2914 3612 us.

2569 3574 2620 3612 et
2650 3574 2914 3612 satvams.

1974 3677 2055 3726 l7.
2085 3675 2188 3725 Per
2216 3672 2367 3726 idem
2400 3679 2626 3742 tempus
2657 3673 2858 3726 accidit
2886 3673 3067 3727 Rheni
3090 3672 3345 3725 ﬂuminis
3377 3689 3588 3743 aquam

1900 3760 2078 3813 nimio
2111 3760 2319 3830 frigore
2368 3763 2787 3829 congelascere,
2836 3762 2912 3813 ita
2960 3766 3021 3814 nt
3060 3760 3314 3813 incessus
3365 3777 3592 3830 quoque

1896 3865 2141 3920 quorum
2192 3850 2326 3903 libet
2372 3850 2706 3903 animalium
2753 3856 2806 3901 et
2848 3849 3245 3902 vehiculorum
3293 3849 3441 3903 ferre
3494 3865 3590 3902 va-

1897 3939 2057 3991 leret.
2100 3940 2227 3992 Erat
2266 3938 2500 4009 quidam
2547 3938 2716 4007 regite
2757 3938 2905 3991 villae
2940 3938 3174 3990 colonus
3207 3952 3377 4007 quam
3417 3951 3592 4005 supra

1903 4026 2201 4079 Wasaliam
2240 4027 2488 4080 diximus
2531 4027 2831 4096 appellari,
2877 4028 3037 4096 cujus
3068 4025 3234 4079 vinea
3267 4024 3416 4078 haud
3453 4039 3589 4094 pro-

1897 4116 1987 4167 cul
2028 4132 2059 4167 a
2090 4115 2436 4169 monasterio
2484 4115 2662 4168 vineis
2709 4117 2768 4169 Β.
2801 4116 2994 4168 Goaris
3037 4114 3399 4179 cohaerebat;
3443 4117 3499 4166 et
3532 4117 3594 4166 ut

1899 4219 2317 4274 nonnunquam
2341 4205 2548 4269 evenit,
2583 4204 2686 4257 hac
2713 4204 2808 4258 ille
2840 4204 3135 4257 occasione
3167 4203 3384 4257 solebat
3414 4200 3591 4255 inter-

1834 4279 1872 4331 D
1903 4291 2038 4346 dum
2078 4293 2385 4361 particulas
2426 4293 2644 4363 aliquas
2677 4294 3009 4346 earumdem
3039 4292 3351 4363 prieripere
3392 4292 3588 4344 vinea-

1898 4396 2047 4442 rum,
2078 4388 2134 4433 et
2165 4398 2279 4434 suae
2320 4381 2521 4435 fraude
2558 4382 2799 4435 humani
2841 4382 3055 4451 ingenii
3096 4382 3332 4434 sociare.
3369 4378 3421 4432 Is
3462 4395 3592 4432 cum

1899 4468 1989 4521 die
2024 4470 2271 4539 quadam
2304 4486 2474 4540 super
2501 4471 2743 4539 glaciem
2785 4470 3042 4524 ﬂuminis
3073 4469 3412 4533 ambularet,
3442 4472 3497 4519 et
3523 4467 3592 4519 ad

1899 4556 2022 4626 ejus
2057 4558 2309 4611 medium
2353 4574 2533 4628 prope
2572 4560 2837 4623 venisset,
2878 4562 3113 4626 repente
3156 4557 3214 4610 in
3246 4555 3593 4624 multiplices

1898 4650 2090 4714 partes
2136 4662 2241 4714 per
2285 4647 2632 4700 latissimum
2664 4645 2920 4700 ﬂuminis
2969 4644 3217 4714 spatium
3265 4640 3476 4712 glacies
3508 4647 3594 4694 est

1899 4734 2166 4796 resoluta,
2207 4739 2375 4804 atque
2421 4735 2515 4787 ille
2570 4734 2771 4805 glaciei
2818 4734 3007 4786 fracta:
3057 4728 3588 4800 superincumbens,

1900 4822 2213 4874 secundum
2246 4823 2458 4875 ﬂumen
2484 4823 2617 4875 ferri
2648 4828 2897 4874 tremens
2925 4826 2981 4873 et
3009 4819 3212 4872 anxius
3241 4818 3430 4887 cmpit.
3463 4818 3594 4870 Erat

1901 4926 1991 4964 res
2028 4909 2237 4963 summi
2269 4909 2510 4977 periculi
2543 4914 2597 4961 et
2622 4907 3037 4979 desperationis
3070 4911 3358 4971 extremae,
3401 4904 3593 4957 homi-

1900 5015 2031 5052 nem
2066 4998 2125 5051 in
2149 4998 2403 5051 ﬂuminis
2424 4997 2769 5065 rapidissimi
2788 5002 2959 5066 atque
2979 4994 3242 5048 latissimi
3265 4994 3591 5063 fragmento

1902 5086 2102 5155 glaeiei
2140 5084 2491 5138 tenuissimae
2524 5085 2677 5151 ferri,
2706 5100 2810 5138 nec
2841 5100 2960 5136 esse
2993 5081 3236 5135 remedii
3268 5080 3589 5150 quidquam

1904 5173 2174 5244 quoniam
2209 5172 2312 5236 illi,
2349 5173 2835 5242 quemadmodum
2867 5172 3123 5225 humano
3151 5170 3361 5223 auxilio
3392 5169 3593 5222 subve-

1904 5262 2056 5314 niret
2082 5264 2271 5329 posset
2302 5267 2422 5312 erat
2450 5261 2683 5313 omnino
2713 5260 2876 5313 nihil.
2901 5261 3044 5313 Tum
3074 5259 3169 5312 ille
3199 5258 3289 5311 cui
3321 5255 3599 5311 evadendi

1905 5348 2222 5418 periculum
2244 5364 2345 5401 nec
2358 5364 2486 5418 spes
2502 5349 2637 5413 ulla,
2659 5364 2761 5401 nec
2774 5348 3008 5418 aliquod
3026 5348 3330 5401 consilium
3346 5362 3601 5417 superes-

1907 5441 2008 5503 set,
2035 5436 2237 5490 divinae
2265 5437 2626 5491 solummodo
2652 5436 3058 5491 misericordiae
3085 5438 3425 5509 snpplicare,
3460 5435 3599 5488 etB.

1912 5524 2109 5579 Goaris
2130 5524 2335 5579 merita
2363 5524 2424 5579 in
2444 5525 2535 5580 sui
2566 5525 2970 5580 liberationem
2990 5540 3319 5596 exposcere,
3343 5523 3602 5594 magnis-
