3846 6244
214 201 313 251 663

213 343 326 397 que
348 325 577 380 vocibus
593 327 816 379 veniam
839 337 895 380 et
919 326 1196 380 auxilium
1219 328 1495 397 ﬁagitare.
1521 329 1601 381 Ad
1632 330 1900 384 ultimum
1940 334 1985 386 A

211 431 342 468 cum
357 415 595 469 salutem
611 417 836 484 penitus
859 414 1232 484 desperasset,
1250 417 1511 470 eductam
1532 417 1813 471 manicam
1837 419 1906 472 de

212 520 386 556 manu
418 503 676 573 projccit,
704 503 1132 574 respiciensque
1154 505 1466 572 basilicam,
1490 507 1714 561 vineam
1744 524 1906 560 suam

209 593 389 646 sancti
434 592 538 644 viri
569 591 827 645 dominio
877 593 1130 646 tradidit.
1167 595 1276 646 Nec
1317 610 1477 647 mora
1517 601 1661 659 acta,
1698 596 1907 649 virtute

214 680 405 732 divina
437 680 645 750 glacies
679 681 857 734 instar
889 682 1164 734 navicula-3
1204 683 1273 734 ad
1305 682 1464 735 littus
1496 685 1681 737 evexit
1718 684 1906 737 homi-

213 785 366 837 nem,
390 774 445 822 et
470 770 816 823 incolumem
841 769 898 822 in
921 771 1313 824 continentem
1337 773 1626 840 exposuit;
1657 773 1756 842 qui
1781 789 1909 826 mox

210 858 459 919 vineam,
483 858 550 911 de
572 875 685 928 qua
712 857 956 911 diximus
985 875 1174 928 supra,
1196 859 1446 913 ecclesiae
1467 861 1826 930 mancipavit,
1849 862 1910 915 in

211 946 373 1015 cujus
405 963 558 999 nunc
587 947 759 1000 etiam
803 947 927 1016 jure
967 953 1307 1017 perseverat.
1343 949 1434 1002 Sic
1478 950 1534 1001 Β.
1570 949 1910 1002 confessoris

214 1035 482 1086 meritum
507 1036 798 1088 hominem
831 1041 887 1089 et
910 1052 1009 1106 pro
1039 1037 1206 1105 culpa
1234 1037 1724 1106 quemadmodum
1747 1054 1912 1108 opor-

212 1122 320 1176 tuit
339 1123 700 1192 castigavitet
714 1125 947 1178 anxium
966 1125 1034 1177 de
1049 1124 1301 1194 periculo
1322 1125 1662 1178 mirabiliter
1676 1125 1906 1194 eripuit.

268 1232 340 1282 De
371 1230 603 1298 quodam
625 1230 947 1292 Iscmloardo,
980 1234 1330 1297 procuratore
1349 1231 1492 1284 villa:
1518 1233 1700 1298 regiae,
1728 1246 1860 1285 cwso

905 1306 955 1354 et
992 1305 1200 1354 sanato.

290 1409 372 1460 18.
412 1406 770 1472 Isanhardus,
805 1405 924 1459 ﬁsci
963 1407 1106 1475 regii
1145 1411 1503 1474 procurator,
1539 1423 1668 1459 cum
1711 1407 1911 1478 inique

215 1497 396 1549 multa
422 1501 620 1548 contra
659 1495 936 1548 familiam
968 1496 1028 1547 Β.
1063 1494 1255 1548 Goaris
1288 1501 1502 1564 ageret,
1557 1496 1814 1549 visitatus
1839 1497 1910 1549 ab

214 1585 312 1638 illo
356 1600 458 1654 per
505 1584 795 1636 somnium
844 1587 947 1650 est,
986 1588 1042 1636 et
1085 1588 1216 1653 post
1263 1583 1712 1652 increpationem
1751 1601 1908 1638 seve-
1949 1611 1990 1665 B

216 1672 439 1726 rissime
469 1687 685 1736 caesus;
723 1672 801 1724 ita
835 1676 895 1723 ut
935 1671 1026 1724 die
1073 1675 1306 1740 postero
1338 1686 1535 1739 gressu
1572 1687 1685 1723 non
1720 1673 1910 1725 valens

224 1762 508 1819 incedere.
539 1759 670 1812 navi
707 1760 774 1813 ad
810 1759 1100 1812 ecclesiam
1152 1759 1474 1823 duceretur,
1507 1759 1602 1812 ubi
1649 1760 1910 1829 aliquan-

215 1850 309 1902 diu
339 1849 627 1902 decubans
660 1848 943 1917 integram
974 1847 1270 1900 sanitatem
1309 1853 1540 1917 excepto
1571 1849 1911 1916 genitalium

218 1937 470 2007 pondere.
514 1937 760 2001 meruit;
796 1953 923 2005 quae
955 1934 1129 1988 etiam
1174 1935 1478 1988 inﬁrmitas
1515 1935 1913 1991 indubitanter

217 2043 385 2078 causa
417 2026 612 2078 salutis
642 2025 725 2077 illi
757 2024 955 2078 relicta
980 2025 1357 2093 cognoscitur,

293 2117 419 2169 llaec
467 2114 614 2166 inter
647 2113 759 2165 alia
799 2130 926 2182 quze
980 2113 1305 2182 compendii
1368 2129 1537 2166 causa
1597 2113 1909 2182 suppressi,

216 2202 572 2266 temporibus
617 2202 819 2255 Asucri
872 2201 1089 2255 abbatis
1129 2201 1321 2255 divina
1351 2201 1410 2254 in
1449 2203 1572 2255 loco
1618 2203 1826 2256 virtute
1857 2207 1913 2255 et

217 2292 556 2345 confessoris
596 2291 748 2344 beati
798 2291 1004 2343 merito
1058 2296 1479 2360 provenerunt;
1530 2291 1728 2343 diebus
1777 2307 1911 2344 vero

216 2380 510 2444 Tancradi,
545 2379 644 2449 qui
683 2383 900 2432 Asuero
941 2379 1183 2432 feliciter
1212 2395 1276 2431 ex
1326 2379 1430 2432 hac
1470 2378 1586 2431 vita
1617 2380 1908 2433 subtracto

219 2467 275 2518 in
309 2465 588 2533 regimine
631 2464 962 2518 monasterii
1015 2465 1263 2518 Prumiae
1307 2465 1596 2533 simulque
1647 2466 1804 2518 cellae
1854 2465 1909 2519 S.

220 2554 416 2607 Goaris
450 2552 736 2616 successit,
779 2555 898 2606 haec
927 2570 1054 2622 qua!
1089 2569 1338 2622 superna
1380 2552 1769 2606 misericordia
1814 2554 1912 2607 tri-

219 2644 430 2696 buente
461 2642 741 2710 subjicere
764 2641 932 2710 cupio
956 2641 1340 2710 contigerunt,
1375 2657 1502 2710 quae
1526 2647 1583 2694 et
1603 2641 1686 2694 illi
1705 2642 1914 2712 quibus

223 2730 597 2783 referentibus
627 2731 836 2782 horum
868 2730 1130 2782 notitiam
1164 2729 1328 2798 attigi
1369 2729 1619 2782 maxima
1659 2746 1722 2782 ex
1755 2734 1914 2800 parte

221 2835 412 2872 coram
443 2819 611 2887 positi
640 2823 1001 2887 aspexerunt.

1256 201 1766 256 WANDALBERTI
1811 202 2231 257 l’ItUMlENSlS
2271 203 2581 258 MONACHI
3669 202 3730 249 ε

3705 221 3766 250 '1'“!

2120 335 2194 386 De
2225 334 2447 386 muliere
2475 332 2715 400 quadam
2752 335 2978 389 Scoticae
3003 337 3247 390 nationis
3279 336 3362 389 ibi
3393 338 3657 389 sanata-

2086 449 2173 500 20.
2220 447 2419 500 Mulier
2466 447 2731 516 quaedam
2762 448 2832 502 de
2875 449 3105 503 natione
3139 449 3451 503 Scotorum
3499 447 3772 500 nomine

2019 535 2265 606 Brigida,
2301 535 2500 589 debilis
2523 553 2722 605 gressu
2747 553 2782 590 a
2809 538 3144 607 parentibus
3175 539 3294 591 suis
3327 544 3386 591 et
3415 538 3678 590 civibus
3705 539 3772 588 ab

2017 625 2157 677 urbe
2205 625 2576 677 redeuntibus
2624 642 2777 688 zrgra
2811 626 2890 679 ibi
2936 627 3126 680 relicta
3176 633 3278 681 est.
3333 627 3402 679 Et
3450 641 3619 680 cum
3657 624 3768 676 ali-

2018 713 2360 780 quantulum
2393 713 2471 766 ibi
2501 717 2774 783 temporis
2805 715 3192 784 transegisset,
3225 715 3336 768 sub
3371 716 3467 768 die
3513 714 3767 767 solem-

2018 801 2213 854 nitatis
2247 819 2474 865 annuae,
2509 806 2726 856 astante
2758 803 2942 872 plebis
2977 803 3374 867 multitudine,
3411 808 3658 856 sanata
3689 811 3770 853 es:

2019 895 2074 942 et
2100 895 2305 944 erecta.

2217 1009 2285 1060 De
2314 1007 2516 1060 ancilla
2537 1006 2824 1076 cujusdam
2849 1007 3157 1061 Hadebaldi
3184 1008 3268 1061 bis
3297 1013 3544 1061 sanata.

2087 1124 2175 1173 2|.
2214 1122 2353 1173 Item
2387 1121 2701 1174 Hadebaldi
2727 1121 3021 1189 cujusdam
3056 1123 3172 1174 noti
3205 1122 3470 1175 hominis
3502 1121 3768 1182 ancilla,

2019 1225 2149 1278 qua:
2180 1213 2234 1260 et
2283 1224 2428 1261 caeca
2461 1214 2608 1262 esset
2633 1214 2690 1262 et
2719 1214 2896 1275 muta,
2931 1209 3002 1262 ad
3043 1209 3390 1262 memoriam
3449 1225 3768 1263 veneran-

2021 1297 2151 1349 dam
2197 1297 2409 1366 populo
2459 1301 2603 1350 teste
2633 1301 2830 1350 sanata
2869 1302 2972 1350 est.
3020 1296 3124 1351 Sed
3176 1314 3308 1350 cum
3349 1297 3448 1350 his
3503 1298 3769 1367 agnitis,

2020 1384 2290 1437 dominus
2320 1384 2421 1454 qui
2471 1384 2760 1437 inﬁrmam
2807 1385 3060 1447 miserat,
3105 1386 3172 1439 ad
3204 1402 3379 1439 suum
3430 1387 3768 1438 servitium

2012 1473 2133 1542 jam
2161 1473 2504 1526 incolumem
2545 1480 2874 1540 revocasset,
2915 1491 3040 1528 mox
3076 1475 3133 1527 in
3171 1477 3334 1528 illam
3368 1475 3540 1546 prior
3579 1475 3767 1528 debi-

2019 1562 2149 1614 litas
2196 1560 2382 1615 rediit.
2433 1563 2671 1616 Coactus
2720 1562 2913 1632 itaque
2962 1563 3214 1616 evidenti
3264 1564 3568 1616 miraculo
3637 1564 3768 1630 ejus

3833 1574 3835 1644 l

2020 1651 2286 1703 dominus
2337 1651 2751 1704 manumissam
2801 1651 2869 1703 ad
2919 1651 3107 1704 locum
3158 1652 3368 1704 reverti
3426 1652 3614 1717 fecit;
3659 1667 3768 1704 nec
3834 1659 3835 1675 ‘

2024 1739 2204 1792 multo
2236 1743 2358 1808 post
2387 1738 2596 1791 sanitas
2627 1756 2756 1809 quia
2787 1740 2994 1792 collata
3024 1745 3154 1793 ante
3183 1739 3395 1803 fuerat,
3433 1742 3536 1794 sed
3570 1747 3770 1793 teme-

2022 1828 2190 1881 ritate
2237 1828 2488 1881 hominis
2532 1828 2864 1897 prmpedita,
2910 1835 3165 1882 correcta
3213 1829 3456 1882 domino
3510 1829 3768 1882 ancillas

2023 1922 2107 1969 est
2153 1916 2454 1980 restituta;
2499 1933 2627 1986 quae
2661 1921 2716 1969 et
2760 1916 3049 1986 reliquum
3080 1917 3210 1971 vita:
3241 1934 3359 1971 suae
3407 1919 3475 1971 in
3527 1918 3760 1971 eodem

2022 2005 2145 2058 loco
2176 2005 2415 2074 peregit.
2456 2005 2708 2074 Denique
2739 2004 2927 2058 adhuc
2961 2005 3034 2057 ibi
3070 2022 3233 2058 soror
3276 2006 3400 2075 ejus
3451 2005 3661 2076 degit,
3701 2010 3758 2056 et

2021 2093 2337 2147 certissima
2363 2093 2446 2147 rei
2473 2098 2629 2164 geste
2659 2093 2817 2146 testis
2847 2093 3074 2147 assistit.

2671 2211 2746 2262 De
2771 2209 2886 2262 alia
2911 2224 3069 2262 cwca.

2092 2316 2179 2366 22.
2208 2314 2312 2366 Per
2343 2313 2495 2366 idem
2526 2317 2754 2383 tempus
2784 2318 2840 2367 et
2877 2314 2988 2366 alia
3020 2314 3226 2367 mulier
3274 2331 3429 2368 caeca
3484 2315 3604 2368 sub
3645 2314 3749 2367 ab-

2023 2400 2168 2454 batis
2218 2401 2492 2454 Tancradi
2538 2402 2844 2470 praesentia
2891 2401 3071 2454 visum
3125 2402 3358 2471 recepit,
3410 2404 3754 2472 pluresque

2022 2489 2103 2543 ibi
2133 2495 2328 2560 postea
2357 2489 2500 2543 vixit
2529 2506 2730 2543 annos.

2144 2605 2223 2658 De
2248 2605 2534 2672 cujusdam
2565 2606 2775 2659 ancilla:
2799 2606 2916 2669 ﬁlio
2940 2607 3172 2674 parvulo
3201 2621 3332 2659 caeo
3353 2610 3406 2658 et
3435 2612 3621 2659 muto.

2095 2721 2184 2772 23.
2209 2717 2464 2781 Quodam
2497 2717 2636 2770 item
2668 2722 2927 2788 tempore
2958 2723 3239 2787 praesente
3277 2719 3482 2772 eodem
3520 2720 3742 2772 abbate

2025 2822 2154 2859 cum
2197 2807 2430 2876 populo,
2483 2806 2747 2876 quaedam
2792 2823 2858 2859 ex
2891 2807 3113 2859 ancillis
3158 2807 3494 2861 monasterii
3541 2808 3747 2861 ﬁlium

1955 2908 1994 2961 ρ
2027 2894 2326 2963 parvulum
2359 2893 2458 2962 qui
2491 2893 2561 2947 ab
2607 2899 2737 2947 ortu
2766 2909 2948 2946 caecus
2999 2893 3264 2946 manebat
3298 2899 3355 2946 et
3401 2897 3633 2959 mutus,
3672 2895 3744 2946 ad

278 2953 368 3004 ΙΙΙ.
410 2981 479 2991 -
511 2968 784 3006 amicum
825 2968 985 3004 FACTA
1023 2965 1276 3003 TEMPORE
1313 2965 1579 3002 uacuam
1617 2966 1857 3004 ABBATIS.

224 3068 295 3118 De
340 3067 514 3118 nimia
562 3067 733 3118 rivali
781 3064 1144 3117 erundatione
1183 3068 1233 3116 et
1294 3066 1568 3118 turricula
1615 3067 1916 3119 salvatione

480 3160 483 3163 -
933 3135 1201 3187 mirabili.

299 3244 379 3294 t9.
417 3240 642 3295 Accidit
686 3240 994 3308 aliquando
1025 3257 1092 3292 ex
1143 3240 1466 3310 pluviarum
1515 3242 1680 3310 copia
1728 3242 1914 3296 subito

225 3330 472 3383 rivulum
509 3346 680 3400 quem
717 3330 1042 3382 Woccaram
1084 3328 1373 3382 nominari
1412 3329 1473 3382 in
1513 3330 1704 3384 libello
1737 3331 1918 3400 priori

221 3419 485 3485 diximus,
519 3419 660 3472 adeo
691 3418 1024 3485 exundasse,
1066 3423 1126 3472 ut
1157 3418 1216 3471 in
1256 3434 1522 3488 magnam
1575 3420 1784 3473 molem
1818 3437 1914 3473 ex-

223 3523 479 3576 surgens,
517 3506 682 3560 obvia
719 3523 964 3576 qumque
1015 3523 1130 3560 non
1169 3507 1290 3559 sine
1337 3507 1590 3575 periculo
1623 3512 1677 3560 et
1708 3508 1918 3561 damna

224 3597 538 3649 multorum
567 3595 800 3650 eruerit.
851 3595 1072 3664 Quippe
1109 3611 1237 3648 cum
1272 3595 1557 3648 exundare
1589 3596 1775 3665 primo
1813 3613 1918 3651 coe-

223 3684 414 3754 pisset,
449 3685 729 3738 incertum
764 3701 877 3754 quo
929 3685 1220 3738 obstaculo
1264 3701 1294 3736 a
1326 3700 1491 3737 cursu
1526 3700 1629 3737 suo
1662 3685 1918 3755 prohibi-

223 3779 334 3840 tus,
387 3773 865 3827 descendentibus
916 3789 980 3825 ex
1024 3774 1370 3826 concavitate
1428 3773 1711 3826 montium
1752 3773 1917 3843 aquis

225 3861 283 3914 iu
308 3867 532 3915 tantum
550 3862 814 3926 excrevit,
843 3867 903 3913 ut
923 3863 992 3914 ad
1012 3863 1278 3915 ultimum
1304 3861 1486 3931 ruptis
1507 3861 1767 3915 obicibus
1790 3878 1919 3930 pro-

225 3951 426 4015 fluens,
461 3951 632 4004 etiam
667 3950 912 4018 grandes
943 3955 997 4003 et
1027 3950 1381 4003 ﬁrmissimas
1415 3950 1615 4003 domos
1646 3967 1678 4003 a
1709 3950 1916 4004 funda-

227 4039 432 4092 mentis
461 4044 652 4091 erutas
702 4039 761 4090 in
810 4039 1076 4091 Rhenum
1121 4039 1175 4090 vi
1206 4055 1309 4090 sua
1354 4038 1642 4106 dejecerit.
1685 4039 1806 4102 Quo
1857 4038 1918 4091 in

223 4131 479 4194 tempore
501 4142 586 4178 res
613 4125 886 4178 miraculo
912 4126 1086 4196 digna
1105 4125 1396 4194 provenit:
1424 4127 1562 4178 Nam
1587 4125 1645 4178 in
1669 4127 1915 4196 quadam

2023 2980 2318 3036 ecclesiam
2364 2981 2706 3052 deportavit,
2757 2998 2932 3052 quam
2995 2987 3056 3035 ut
3104 2988 3188 3034 est
3233 2998 3377 3052 puer
3425 2983 3742 3053 ingressus

2023 3067 2296 3120 continuo
2327 3083 2458 3120 cum
2489 3071 2671 3120 matre
2701 3068 2860 3138 loqui
2893 3075 2949 3121 et
2979 3069 3225 3122 basilicae
3264 3069 3516 3138 picturas
3553 3070 3611 3123 ei
3645 3071 3734 3123 di-

2023 3155 2142 3224 gito
2173 3155 2344 3225 cuzpit
2372 3156 2691 3209 ostendere.
2727 3156 2925 3210 Mirata
2957 3172 3077 3209 rem
3118 3164 3319 3222 mater,
3351 3158 3447 3211 sed
3482 3164 3735 3228 propter

2024 3244 2391 3313 repentinum
2421 3249 2690 3297 eventum
2722 3244 2999 3322 insperati
3034 3245 3293 3298 miraculi
3325 3262 3440 3298 non
3466 3251 3555 3299 est
3587 3262 3732 3300 ausa

2023 3333 2250 3402 publice
2281 3333 2434 3403 quod
2467 3333 2687 3386 viderat
2735 3333 3015 3387 conﬁteri.
3067 3333 3203 3396 Quae
3233 3349 3363 3386 mox
3395 3339 3461 3386 ut
3495 3339 3585 3387 est
3620 3335 3733 3388 do-

2023 3437 2184 3474 mum
2217 3437 2471 3491 regressa
2501 3437 2631 3474 cum
2662 3423 2920 3491 parvulo,
2955 3422 3256 3476 confestim
3285 3423 3345 3475 in
3377 3423 3542 3475 illum
3578 3423 3734 3476 debi-

2023 3510 2151 3563 litas
2180 3510 2421 3579 pristina
2461 3510 2676 3564 rediit:
2719 3515 2781 3563 ut
2824 3512 3010 3580 palam
3058 3510 3241 3574 ﬁeret,
3292 3526 3408 3563 non
3457 3511 3725 3564 debuisse

2025 3603 2269 3650 matrem
2296 3597 2452 3667 quod
2480 3597 2672 3652 divino
2703 3598 2812 3651 sibi
2843 3599 3121 3652 benelicio
3157 3600 3430 3651 collatum
3463 3605 3615 3652 esset
3647 3600 3727 3652 si-

2025 3686 2204 3739 lentio
2220 3701 2503 3756 premere.
2526 3687 2724 3756 Itaque
2745 3685 3083 3740 causamilla
3099 3692 3453 3756 pertractans
3477 3687 3731 3757 culpam-

2026 3790 2138 3844 que
2169 3773 2518 3858 inteﬁigens,
2553 3779 2848 3843 arreptum
2877 3775 3078 3827 festiue
3107 3775 3289 3827 tilium
3321 3774 3390 3827 ad
3425 3775 3725 3828 ecclesiam

2025 3859 2238 3924 retulit,
2274 3863 2330 3912 et
2360 3874 2482 3912 rem
2504 3875 2733 3912 omnem
2769 3863 2828 3911 ut
2850 3876 2906 3911 se
2938 3859 3174 3912 haberet
3204 3859 3395 3911 abbati
3421 3865 3478 3911 et
3507 3861 3721 3929 populo

2025 3947 2310 4017 patefecit.
2368 3948 2478 4000 Nec
2526 3947 2768 4000 dilatum
2819 3952 2903 4000 est
2949 3947 3046 4000 diu
3093 3947 3458 4014 beneﬁcium,
3515 3948 3606 4000 cui
3653 3948 3722 3999 ad

2025 4036 2227 4089 horam
2256 4036 2442 4089 fuerat
2487 4035 2900 4104 impedimento
2945 4035 3221 4088 timiditas
3255 4036 3495 4102 matris;
3530 4037 3627 4090 sed
3661 4039 3719 4088 ut

2026 4125 2125 4178 illa
2152 4125 2329 4178 tinem
2356 4123 2629 4177 narrandi
2668 4123 2819 4192 fecit,
2870 4123 3323 4177 incolumitatem
3375 4123 3531 4176 illico
3582 4139 3723 4194 puer

225 4231 423 4267 earum
458 4230 587 4284 quae
629 4219 808 4267 erutae
851 4220 983 4266 sunt
1027 4214 1355 4279 domorum,
1389 4214 1664 4267 turricula
1697 4215 1766 4268 de
1808 4232 1920 4285 qua
1962 4201 2005 4254 Ῑ)
2035 4213 2296 4267 obtinuit.

223 4305 386 4373 signa
443 4302 762 4371 penderent
805 4301 989 4354 stabat
1040 4306 1348 4368 exstructa,
1395 4318 1524 4372 quae
1580 4319 1918 4373 nuncusque

224 4397 370 4445 tecto
409 4390 661 4444 ecclesia:
709 4390 1072 4459 superposita
1118 4394 1350 4454 manet;
1394 4406 1523 4459 quae
1571 4406 1700 4443 cum
1737 4392 1918 4445 multo

225 4479 556 4533 inﬁrmioris
595 4483 744 4532 esset
774 4482 1075 4532 structurae
1106 4493 1280 4547 quam
1311 4478 1514 4530 domus
1563 4478 1685 4547 ipsa
1713 4479 1772 4532 in
1805 4496 1918 4549 qua

225 4569 552 4639 parabatur,
612 4574 670 4622 et
725 4567 888 4638 aquis
948 4565 1486 4636 supervenientibus
1543 4566 1616 4619 ad
1667 4567 1917 4621 medium

226 4659 405 4711 ferme
445 4673 645 4710 cursus
678 4656 961 4726 impetum
998 4657 1145 4708 esset
1174 4655 1341 4707 obvia
1372 4653 1539 4719 facta,
1571 4655 1803 4723 penitus
1833 4661 1918 4708 ta-

227 4763 360 4801 men
391 4746 569 4799 illaasa
601 4745 864 4810 duravit;
895 4743 1166 4813 quodque
1213 4743 1445 4811 majoris
1487 4743 1746 4796 miraculi
1778 4743 1907 4810 fuit,

227 4834 433 4888 domus
465 4834 526 4887 in
572 4850 684 4904 qua
717 4833 900 4886 stabat
941 4831 1179 4901 integris
1225 4831 1648 4901 compactisque
1682 4830 1830 4885 inter
1859 4849 1918 4885 se

225 4921 540 4991 parietibus
571 4926 755 4986 eruta,
790 4935 978 4989 neque
1020 4935 1214 4973 secum
1255 4919 1410 4972 illam
1449 4919 1672 4973 trahere
1706 4920 1913 4989 potuit,

225 5015 282 5064 et
311 5027 424 5081 qua
454 5025 582 5062 eam
616 5009 705 5062 sui
753 5013 1021 5077 apertura
1050 5013 1105 5061 et
1144 5007 1428 5061 solutione
1473 5007 1762 5061 transierit
1810 5024 1917 5061 nu-

226 5099 313 5151 lus
342 5097 646 5151 hominum
675 5097 943 5165 deinceps
973 5097 1113 5150 scire
1142 5097 1230 5150 vel
1267 5097 1694 5166 deprehendere
1719 5096 1916 5150 valuit.

230 5186 484 5256 Denique
504 5189 806 5255 postquam
828 5201 1034 5254 agmen
1066 5185 1205 5238 illud
1227 5201 1506 5255 aquarum
1532 5185 1829 5255 praeteriit,
1858 5185 1918 5238 in

228 5272 345 5326 imo
375 5273 497 5343 ejus
536 5274 828 5326 turricula:
867 5273 996 5327 duae
1040 5290 1170 5328 cum
1203 5275 1328 5327 oleo
1375 5275 1644 5344 ampullae
1676 5277 1917 5343 reperta:

228 5366 384 5426 sunt,
416 5376 558 5431 quas
589 5361 688 5431 qui
721 5360 1023 5416 hominum
1075 5362 1330 5433 posuerit
1361 5362 1450 5416 vel
1481 5362 1632 5416 unde
1676 5361 1917 5432 provisae

229 5448 345 5502 sint
376 5463 711 5519 nuncusque
734 5449 1001 5504 nescitur.

2277 4323 2350 4374 De
2380 4321 2601 4373 muliere
2631 4319 2826 4373 clauda
2855 4334 2923 4372 ex
2947 4318 3078 4372 urbe
3109 4319 3472 4384 Mogontiaco.

2098 4428 2184 4479 24.
2216 4427 2287 4479 Ex
2320 4426 2461 4480 urbe
2493 4424 2843 4495 Mogontiaco
2883 4425 2952 4477 ad
2998 4423 3362 4476 festivitatem
3416 4425 3477 4475 Β.
3530 4423 3718 4478 Goaris

2028 4513 2236 4567 mulier
2264 4513 2468 4566 clauda
2497 4513 2680 4582 posito
2724 4528 2918 4566 coram
2961 4512 3165 4566 abbate
3197 4511 3496 4564 Tancrado
3547 4513 3713 4578 venit,

2028 4607 2084 4656 et
2131 4619 2259 4655 cum
2302 4602 2362 4655 in
2407 4601 2731 4671 vigiliarum
2783 4601 2853 4655 de
2905 4599 3217 4670 vespertini
3264 4599 3477 4668 psalmi
3507 4615 3539 4651 a
3569 4601 3710 4652 clero

2027 4692 2478 4759 complerentur,
2512 4696 2709 4743 sanata
2739 4695 2840 4742 est.

2063 4808 2135 4859 De
2157 4805 2338 4871 ﬁgulis
2364 4805 2426 4858 ob
2455 4808 2820 4874 contemptum
2850 4804 3081 4871 punitis,
3115 4805 3165 4855 et
3192 4802 3409 4865 infante
3437 4800 3679 4854 liberato.

2097 4924 2185 4974 25.
2211 4921 2322 4975 Sed
2360 4926 2421 4974 ut
2449 4936 2516 4974 ea
2547 4936 2699 4973 nunc
2733 4935 2963 4990 quoque
3007 4933 3484 4982 commemorem,
3516 4917 3715 4986 quibus

2028 5010 2216 5080 palam
2245 5009 2342 5063 ﬁat
2371 5010 2468 5080 qui
2499 5009 2650 5062 beati
2676 5009 2782 5062 viri
2807 5009 3074 5062 meritum
3101 5013 3157 5060 et
3187 5005 3571 5060 reverentiam
3593 5021 3716 5058 con-

2029 5105 2281 5152 temnere
2303 5097 2663 5167 aliquatenus
2679 5099 3192 5166 praesumpserunt,
3217 5093 3708 5172 quemadmodum

2026 5185 2113 5238 vel
2154 5185 2439 5239 emendati
2467 5185 2600 5252 sint,
2631 5185 2720 5238 vel
2763 5184 2982 5254 puniti:
3015 5183 3267 5254 quodam
3303 5187 3569 5250 tempore
3593 5197 3709 5234 cum

2025 5290 2129 5343 per
2159 5274 2422 5327 Rhenum
2444 5273 2660 5326 ﬂumen
2694 5273 2926 5343 quidam
2959 5271 3120 5342 ﬁguli
3142 5271 3285 5324 ollas
3307 5271 3496 5339 pretio
3531 5270 3714 5324 distra-

2025 5361 2240 5415 hendas
2284 5361 2344 5414 in
2394 5361 2655 5414 navicula
2698 5362 2992 5428 veherent,
3043 5359 3244 5413 accidit
3290 5375 3406 5411 una
3450 5373 3580 5410 cum
3616 5357 3713 5412 illis

2026 5449 2298 5502 feminam
2328 5450 2638 5518 quamdam
2667 5449 2896 5503 ﬁdelem
2920 5465 3049 5502 cum
3077 5447 3317 5530 parvulo
3343 5445 3465 5500 ﬁlio
3496 5445 3712 5499 adverso

3833 1784 3835 1852 l

3833 1855 3835 1883 l
