3846 6244
1106 342 1196 395 DE
1240 341 1396 395 VITA
1438 340 1527 394 ET
1568 338 1945 395 MIRACULIS
1983 341 2037 394 S.
2079 341 2356 397 GOABIS.

3380 346 3482 398 666

13 480 187 531 :nine
230 481 554 551 navigare.
601 481 857 551 Cumque
898 482 966 534 ad
1002 481 1415 535 monasterium
1446 484 1678 533 ventum
1717 481 1763 531 Α
1795 481 1866 532 De
1931 480 2257 545 Willigclmo
2315 481 2548 547 quodam
2612 481 2869 534 daemonio
2932 480 3137 534 tradito
3196 487 3246 534 et
3298 485 3485 548 postea

13 574 97 631 et,
156 576 372 638 rogat
420 570 630 622 mulier
672 570 926 635 comites,
971 570 1053 622 uti
1088 575 1185 622 aut
1224 586 1422 622 omnes
1457 575 1682 622 oratum

13 656 380 710 ecclesiam
414 662 675 727 pergant,
712 663 810 710 aut
842 658 888 709 si
917 658 970 710 id
1001 658 1203 721 nolint,
1237 658 1476 727 appulsa
1503 657 1683 710 littori

13 744 217 796 :icula
260 762 336 797 se
384 746 443 798 in
487 747 877 799 continentem
911 752 1219 815 exponant,
1267 747 1684 815 paululumque

40 833 186 885 loco
240 840 427 886 certo
476 834 819 899 sustineant,
865 835 1043 888 donec
1074 835 1254 904 possit
1286 834 1407 904 ipsa
1439 836 1509 888 ab
1551 851 1685 887 ora-

14 934 88 970 ne
128 920 405 971 reverti.
447 920 685 989 Egressa
716 921 907 990 itaque
941 922 1059 973 sola
1088 921 1277 990 pergit
1308 926 1556 984 oratum,
1590 937 1682 973 re-

13 1014 67 1057 to
107 1005 176 1057 in
223 1007 384 1058 navi
422 1024 552 1059 cum
588 1008 890 1061 comitibus
921 1009 1038 1061 filio
1070 1008 1379 1062 admodum
1426 1009 1680 1078 parvulo.

14 1136 38 1149 ..
72 1094 366 1146 deducta
398 1094 458 1146 in
492 1096 845 1163 superiorem
876 1097 1065 1150 locum
1100 1097 1250 1161 navi,
1284 1114 1414 1149 cum
1439 1112 1563 1149 eam
1587 1096 1685 1149 ali-

19 1181 215 1233 :mdiu
255 1182 706 1249 sustinuissent,
740 1199 929 1236 moras
961 1185 1084 1252 ejus
1125 1200 1241 1237 non
1284 1184 1549 1249 ferentes,
1586 1184 1685 1235 ab-

18 1276 111 1321 cta
150 1270 307 1322 navi
348 1270 465 1323 iter
494 1272 849 1341 propositum
891 1279 1344 1343 persequuntur;
1395 1273 1491 1325 sed
1541 1272 1684 1325 ultio

14 1358 138 1409 rina
169 1374 330 1410 mox
368 1365 678 1412 consecuta
708 1366 812 1426 est,
842 1377 955 1430 qua
988 1361 1355 1414 manifestum
1386 1362 1548 1414 fieret
1571 1377 1683 1413 non

16 1445 223 1497 bnisse
260 1445 413 1498 illos
446 1448 533 1498 vel
568 1448 814 1501 abeunte
846 1448 943 1500 illa
970 1449 1455 1518 opportunitatem
1484 1448 1683 1502 orandi

19 1534 284 1604 gligere,
326 1535 424 1587 vel
456 1535 628 1587 ﬁnem
662 1537 982 1590 sustinendi
1014 1555 1201 1589 moras
1223 1539 1345 1607 ejus
1368 1538 1683 1607 praesertim

17 1640 148 1676 eves
182 1628 607 1676 contemnere.
645 1626 783 1678 Nam
815 1642 945 1679 cum
978 1626 1210 1678 adverso
1234 1626 1470 1679 ﬂumine
1494 1626 1683 1679 navim

13 1717 184 1769 rentes
231 1718 460 1765 contra
510 1729 641 1765 eum
692 1715 881 1767 locum
927 1716 1233 1779 venissent,
1268 1715 1364 1767 ubi
1405 1732 1469 1767 ex
1502 1716 1683 1768 laten-

14 1819 95 1854 ω]
132 1801 247 1853 sub
289 1818 456 1871 aqua
490 1818 755 1854 saxorum
796 1804 1064 1872 voragine
1105 1810 1162 1857 et
1202 1804 1485 1857 undarum
1523 1803 1683 1856 colli-

14 1907 108 1943 me
143 1890 561 1958 rapidissima,
596 1891 788 1960 gravia
817 1908 966 1961 saepe
998 1892 1330 1961 navigantes
1358 1891 1686 1945 discrimina

14 1978 296 2041 itiuntur,
334 1977 447 2046 qui
477 1978 635 2029 locus
666 1978 724 2031 in
758 1980 996 2034 ﬂumine
1028 1982 1098 2033 ab
1127 1981 1363 2033 ecclesia
1394 1982 1453 2033 Β.
1489 1982 1687 2034 Goaris

14 2066 221 2117 assibus
272 2065 412 2118 fere
454 2071 680 2118 centum
721 2074 819 2120 aut
857 2069 1029 2137 paulo
1061 2069 1285 2135 longius
1316 2069 1491 2135 abest,
1528 2074 1689 2138 rapta

14 2154 404 2223 inmersaque
456 2155 714 2207 navicula
759 2155 1070 2223 perierunt.
1132 2156 1235 2210 Sed
1294 2156 1512 2210 inutilis
1565 2174 1687 2211 esse

14 2259 79 2294 on
120 2241 323 2310 potuit
372 2242 593 2294 devota)
636 2242 893 2295 mulieris
937 2243 1138 2309 oratio,
1172 2244 1333 2313 cujus
1366 2245 1470 2297 etsi
1502 2246 1688 2298 comi-

14 2347 49 2383 :s
76 2346 227 2400 aqua
274 2330 620 2395 submersit,
657 2330 837 2383 tilium
870 2336 1065 2384 tamen
1098 2331 1291 2384 divina
1330 2332 1539 2385 virtute
1571 2333 1689 2384 sal-

14 2425 159 2471 atum
199 2422 259 2473 et
296 2418 517 2471 merito
560 2420 739 2471 sancti
781 2424 1097 2488 protectum
1144 2438 1508 2490 nequaquam
1554 2438 1689 2490 per-

18 2524 101 2559 ere
133 2507 349 2559 valuit.
394 2506 614 2575 Quippe
654 2507 750 2558 illa
794 2512 854 2558 ut
892 2507 961 2558 ab
1002 2507 1259 2560 oratione
1294 2509 1519 2562 rediens
1550 2512 1689 2562 ollas

15 2612 142 2664 uper
180 2611 414 2664 aquam
464 2594 599 2647 ferri
652 2595 963 2663 conspexit,
1015 2595 1297 2648 intellexit
1342 2598 1492 2665 quod
1547 2603 1686 2661 erat,

14 2684 153 2734 ocias
193 2698 532 2751 navemque
579 2682 809 2750 perisse,
850 2682 1203 2752 solliciteque
1233 2699 1335 2753 pro
1367 2684 1486 2737 filio
1517 2701 1687 2755 quem

14 2788 95 2824 ina
120 2772 426 2841 perditum
462 2772 874 2841 suspicabatur,
907 2772 1098 2824 oculos
1131 2788 1257 2825 cum
1284 2772 1418 2824 ﬂetu
1441 2772 1688 2824 maximo

14 2876 85 2912 iac
114 2860 370 2929 illacque
409 2859 777 2924 circumtulit,
810 2860 904 2912 sed
935 2865 1169 2928 repente
1201 2860 1352 2913 videt
1384 2861 1686 2923 undarum,

14 2947 154 2999 iorso
176 2947 478 2999 sublatum
505 2964 631 3015 par»
646 2946 806 2999 ulnm
829 2946 966 3015 ripa:
996 2947 1247 2999 fluminis
1280 2948 1687 3016 propinquare.

14 3037 281 3105 Tantaque
328 3038 440 3090 fuit
491 3035 749 3089 miraculi
796 3036 1046 3103 claritas,
1090 3042 1153 3089 ut
1193 3037 1473 3089 infantem
1514 3041 1693 3089 mater
1731 3070 1768 3122 Ο

16 3126 275 3195 excipiens
306 3126 599 3179 invenerit
633 3142 763 3179 eum
792 3142 824 3179 a
860 3125 1046 3179 medio
1078 3126 1397 3196 corpusculi
1419 3142 1583 3195 aquae
1606 3142 1695 3178 su-

15 3220 419 3281 perexstantem
452 3213 649 3266 littora
678 3214 954 3282 attigisse,
987 3215 1140 3283 quod
1171 3232 1240 3268 ne
1272 3216 1527 3267 virorum
1562 3214 1696 3283 qui-

16 3302 126 3353 dem
161 3303 314 3355 ullus
356 3302 674 3371 aliquando
708 3302 944 3355 natandi
983 3302 1185 3372 peritia
1229 3308 1286 3357 et
1326 3302 1543 3356 viribus
1574 3320 1693 3355 cor-

15 3390 153 3457 poris
182 3392 379 3460 potnit
416 3391 695 3445 obtinere.

18 3587 82 3638 De
115 3588 322 3651 infante
370 3590 470 3656 qui
516 3602 649 3655 equo
695 3592 847 3641 trans
891 3588 1134 3641 Rhenum
1183 3587 1464 3641 incolumis
1519 3592 1696 3641 vectus

800 3681 896 3729 est.

79 3836 159 3886 26.
210 3838 273 3889 In
323 3835 593 3890 dissimili
648 3850 815 3889 causa
864 3850 980 3889 non
1034 3834 1309 3889 dissimile
1354 3836 1695 3889 miraculum

26 3922 113 3973 sub
159 3924 355 3976 eodem
406 3930 667 3992 tempore
710 3922 942 3987 exstitit,
978 3924 1126 3991 quod
1163 3929 1397 3992 propter
1428 3924 1695 3977 similitu-

27 4008 195 4062 dinem
246 4011 324 4063 rei
374 4016 549 4081 gestze
589 4010 939 4079 praecedenti
970 4011 1261 4079 subjunxi.
1298 4012 1473 4065 Mater
1502 4015 1695 4080 cujus-

32 4096 141 4149 dam
178 4100 409 4153 infantis
457 4102 575 4153 fere
622 4101 1033 4170 quinquennis,
1077 4117 1205 4154 cum
1249 4116 1316 4155 eo
1365 4102 1463 4171 qui
1506 4102 1693 4171 ipsum

32 4183 280 4240 infantem
320 4190 391 4242 de
432 4205 589 4241 sacro
631 4189 788 4242 fonte
834 4194 1159 4258 susceperat
1195 4189 1327 4242 navi
1364 4190 1513 4242 circa
1541 4190 1695 4259 ripas

32 4276 183 4325 tracta
214 4292 315 4344 per
353 4278 595 4330 ﬂuvium
636 4276 992 4341 ascendebat,
1028 4293 1387 4347 puerumque
1418 4294 1566 4347 equo
1600 4295 1695 4331 su-

38 4364 357 4430 perpositum
388 4365 472 4433 (id
504 4365 655 4418 enim
690 4381 755 4419 ex
797 4370 978 4417 matre
1020 4369 1076 4417 et
1113 4370 1353 4435 patrono
1398 4382 1541 4435 puer
1578 4366 1696 4435 ipse

39 4448 272 4515 petierat)
297 4454 466 4520 juxta
496 4454 553 4506 in
596 4454 781 4505 littore
816 4468 1020 4522 parens
1065 4460 1305 4521 uterque
1337 4454 1547 4506 fecerat
1579 4470 1696 4506 am-

44 4532 226 4592 bulare.
270 4542 415 4594 Tum
448 4557 628 4611 equus
660 4546 725 4593 ut
764 4540 883 4593 sine
920 4546 1139 4593 rectore
1170 4541 1333 4606 liber,
1367 4541 1698 4610 navigantes

44 4626 336 4688 prateriens
366 4635 571 4698 sponte
600 4646 658 4681 se
692 4629 751 4681 in
782 4630 1000 4681 flumen
1032 4628 1188 4681 dedit
1218 4644 1345 4681 cum
1370 4644 1569 4697 puero,
1596 4643 1698 4679 nec

48 4716 256 4767 revocari
314 4719 383 4770 ab
441 4719 636 4787 aliquo
687 4716 887 4786 potuit.
937 4718 1194 4787 Cumque
1252 4716 1418 4769 saluti
1466 4717 1697 4769 infantis

48 4812 211 4854 omnes
235 4804 523 4871 timerent,
558 4806 772 4875 quippe
805 4822 976 4875 quem
1008 4806 1065 4885 ion
1101 4805 1523 4874 rapidissimum
1548 4805 1698 4857 altis-

53 4886 329 4961 simumque
373 4896 616 4947 ﬂuvium
670 4910 733 4946 ac
780 4894 1119 4947 latissimum
1166 4910 1314 4963 equo
1355 4910 1525 4963 quem
1561 4892 1696 4945 reti-

53 4988 158 5028 nere
191 4982 434 5051 nequivit
464 4982 599 5036 ferri
630 4982 1042 5052 conspicerent,
1070 4987 1124 5035 et
1146 4982 1341 5036 Goaris
1362 4982 1697 5051 suffragium

54 5068 237 5133 magnis
286 5072 549 5141 precibus
600 5072 971 5140 postularent,
1023 5087 1205 5141 equus
1248 5087 1379 5124 cum
1426 5070 1698 5123 incolumi

58 5163 199 5215 puero
228 5162 514 5213 transnato
548 5160 784 5212 ﬂumine
814 5159 872 5211 in
915 5159 1242 5211 ulteriorem
1285 5160 1466 5228 ripam
1503 5158 1692 5211 exivit.

60 5236 164 5297 Quae
203 5260 284 5297 res
335 5249 535 5317 utique
594 5262 802 5315 magno
863 5246 1136 5298 miraculo
1194 5246 1478 5315 provenit,
1531 5250 1593 5297 ut
1642 5250 1699 5298 et

64 5338 201 5393 equus
247 5332 359 5387 sine
405 5339 628 5387 rectore
674 5339 899 5386 tantum
949 5334 1163 5386 ﬂumen
1208 5334 1332 5386 loco
1379 5332 1697 5402 praesertim

64 5422 252 5482 propter
285 5437 413 5475 saxa
463 5420 802 5475 difficillimo
848 5426 906 5474 et
949 5420 1270 5490 periculoso
1313 5420 1599 5483 transiret,
1642 5426 1700 5473 et

68 5497 208 5555 infans
234 5508 326 5575 qui
362 5527 431 5563 ne
477 5510 540 5562 in
589 5508 746 5561 arido
787 5508 1023 5579 quidem
1069 5525 1215 5579 equo
1255 5509 1452 5563 sedere
1484 5513 1695 5574 nosset,

68 5583 155 5640 sine
182 5594 411 5659 periculo
445 5596 570 5649 ullo
605 5595 881 5649 evaderet.

1725 1775 1765 1827 Β

2552 557 2719 605 erute.

1863 659 1952 709 27.
2007 656 2113 710 Sed
2171 660 2233 709 ut
2292 656 2650 725 propositum
2718 673 3047 727 persequar,
3109 656 3484 725 Willigelmus

1794 744 2052 814 quidam,
2110 744 2210 814 qui
2270 760 2609 814 nuncusque
2665 751 2943 813 superest,
2993 761 3123 797 cum
3179 745 3401 798 vineam
3451 760 3484 796 a

1795 837 1976 885 matre
2008 834 2200 886 datam
2233 834 2300 886 de
2325 834 2455 903 jure
2490 840 2545 885 et
2578 833 2930 902 possessione
2958 832 3207 886 ecclesia:
3247 834 3300 886 S.
3337 834 3483 885 Goa-

1796 921 1872 974 ris
1908 922 2298 989 subtraxisset,
2342 938 2488 973 saevo
2523 921 2812 974 daemonio
2843 927 2927 973 est
2956 922 3327 990 mancipatus.
3378 922 3483 973 De-

1796 1010 1970 1080 nique
2004 1010 2074 1063 ab
2102 1027 2168 1063 eo
2200 1015 2434 1062 vexatus
2458 1010 2683 1062 vineam
2716 1010 2962 1063 reddidit
3002 1015 3057 1063 et
3086 1010 3272 1063 curari
3305 1010 3484 1061 conti-

1796 1116 1910 1152 nuo
1942 1099 2168 1162 meruit,
2206 1103 2266 1151 ut
2297 1098 2401 1151 hoc
2433 1100 2693 1167 exemplo
2725 1099 2913 1152 caeteri
2938 1102 3329 1164 monerentur,
3357 1104 3485 1150 voto

1794 1193 2099 1257 parentum
2141 1203 2229 1239 res
2267 1187 2383 1255 juri
2432 1187 2683 1239 ecclesia:
2724 1188 3074 1256 mancipatas
3120 1186 3378 1239 subtrahi
3417 1186 3486 1239 ab

1794 1275 2117 1331 hacredibus
2148 1275 2280 1327 filiis
2312 1292 2424 1328 non
2458 1281 2740 1345 oportere.

2150 1419 2223 1469 De
2254 1416 2487 1483 quodam
2521 1416 2772 1470 Wolvonc
2797 1415 3127 1483 presbytero.

1864 1541 1952 1591 28.
1990 1538 2187 1590 Wolvo
2220 1538 2452 1607 quidam
2509 1538 2577 1591 ab
2625 1538 2860 1590 ineunte
2913 1542 3078 1591 astate
3126 1538 3206 1591 ibi
3239 1554 3271 1590 a
3305 1542 3487 1591 matre

1794 1626 2062 1692 nutritus,
2091 1642 2218 1679 cum
2253 1631 2450 1695 postea
2482 1626 2775 1695 presbyter
2806 1632 2971 1690 esset,
2997 1626 3245 1679 decimas
3271 1643 3400 1696 qua:
3422 1642 3487 1678 ex

1794 1715 1977 1767 multo
2004 1715 2123 1783 jam
2162 1724 2421 1784 tempore
2454 1714 2703 1767 ecclesiae
2739 1716 2800 1767 B.
2834 1714 3032 1767 Goaris
3061 1730 3332 1783 agrorum
3359 1715 3490 1783 jure

1793 1808 2205 1871 competerent,
2249 1803 2365 1855 suis
2414 1803 2611 1855 usibus
2654 1802 2787 1855 dolo
2839 1803 2988 1855 malo
3041 1802 3333 1854 conduxit.
3380 1804 3490 1856 Nec

1794 1905 2006 1959 magna
2036 1890 2418 1959 subsequente
2461 1905 2622 1942 mora
2669 1905 2848 1942 caecus
2896 1894 2952 1941 et
2999 1895 3191 1942 mutus
3232 1889 3487 1953 effectus,

1794 1978 1864 2031 ad
1896 1978 2189 2031 basilicam
2226 1978 2331 2030 viri
2364 1976 2707 2030 sanctissimi
2757 1994 2789 2029 a
2839 1977 2956 2029 suis
3004 1978 3364 2046 perducitur;
3410 1977 3490 2029 ibi

1794 2083 1883 2119 res
1933 2066 2263 2135 patrimonii
2317 2067 2405 2119 sui
2449 2083 2579 2119 cum
2629 2065 2908 2119 restitutis
2954 2065 3189 2118 decimis
3234 2065 3486 2132 tradidit,

1796 2160 1850 2208 et
1878 2155 2201 2220 sanitatem,
2230 2154 2450 2224 placato
2484 2171 2549 2207 eo
2577 2170 2750 2224 quem
2781 2154 3117 2216 offenderat,
3154 2154 3381 2207 meruit.

1798 2319 1870 2369 De
1911 2317 2240 2381 ncgotiatorc
2279 2316 2492 2367 nomine
2538 2313 2825 2367 Badoardo
2864 2318 3086 2382 propter
3135 2328 3325 2366 czrsum
3370 2327 3489 2365 scr-

2451 2400 2577 2437 vum
2607 2390 2832 2438 mortuo.

1867 2513 1954 2563 29.
1992 2509 2320 2577 Negotiator
2364 2508 2600 2577 quidam
2651 2508 2894 2562 Badoart
2943 2508 3123 2560 dictus
3170 2523 3300 2559 cum
3340 2506 3489 2559 Rhe-

1799 2615 1934 2651 num
1968 2600 2096 2649 navi
2128 2597 2479 2659 ascenderet,
2514 2612 2661 2648 unus
2686 2612 2977 2648 servorum
3015 2596 3113 2664 qui
3146 2596 3309 2647 illum
3346 2595 3491 2647 forte

1797 2687 2112 2740 offenderat
2156 2684 2503 2755 supplicium
2538 2689 2798 2737 metuens
2858 2684 2926 2737 de
2960 2686 3090 2736 navi
3131 2683 3399 2753 prosiliit,
3436 2687 3494 2735 et

1798 2775 2053 2828 concitus
2084 2774 2151 2827 ad
2185 2774 2478 2827 ecclesiam
2510 2773 2676 2842 fugit.
2709 2773 2851 2825 Tum
2887 2772 2978 2824 ille
3008 2771 3313 2840 fugitivum
3337 2786 3496 2823 secu-

1799 2870 1888 2916 tus
1936 2864 2004 2915 ab
2054 2862 2287 2915 ecclesia
2345 2862 2568 2913 trahere
2626 2859 2814 2928 ccepit,
2866 2859 3201 2928 prohibente
3259 2858 3383 2910 fieri
3439 2862 3495 2909 et

1801 2952 2035 3005 nomine
2067 2950 2263 3005 Goaris
2296 2954 2535 3017 rogante
2576 2949 2745 3000 simul
2785 2953 2842 3001 et
2880 2946 3261 3000 comminante
3294 2962 3492 2998 mona-

1800 3041 1905 3093 cho
1949 3040 2219 3093 Herirado
2260 3038 2359 3108 qui
2391 3053 2639 3108 praesens
2684 3037 2829 3089 forte
2870 3035 3175 3099 residebat,
3218 3050 3331 3104 quo
3376 3033 3496 3085 haec

1805 3128 1929 3197 ipsa
1970 3128 2251 3181 referente
2301 3125 2557 3195 cognovi.
2607 3124 2715 3178 Sed
2762 3123 3089 3193 negotiator
3138 3123 3327 3175 furore
3370 3137 3495 3174 suc-

1804 3233 2004 3270 census
2034 3232 2162 3269 cum
2195 3216 2540 3267 monachum
2582 3219 2881 3282 rogantem
2938 3228 3101 3280 teque
3153 3211 3493 3263 minantem-

1804 3322 1915 3376 que
1948 3308 2360 3366 contemneret,
2394 3318 2497 3371 pro
2529 3301 2747 3355 foribus
2775 3300 3026 3353 ecclesias
3046 3300 3117 3352 ad
3140 3303 3499 3367 contemptus

1805 3396 2183 3461 augmentum
2223 3395 2465 3443 tractum
2515 3389 2584 3442 ab
2634 3388 2799 3441 altari
2842 3404 3068 3441 servum
3112 3387 3335 3440 cecidit.
3387 3387 3499 3439 Nec

1803 3482 2049 3533 multum
2083 3479 2251 3548 spatii
2286 3477 2626 3543 intercessit,
2665 3482 2727 3529 ut
2756 3476 2918 3544 cujus
2949 3475 3185 3527 arbitrio
3216 3474 3501 3544 paruisset

1805 3584 2047 3638 quemve
2083 3565 2513 3635 contempsisset
2546 3569 2897 3633 agnosceret,
2931 3562 3232 3615 immundo
3270 3560 3495 3627 spiritui

1804 3656 2069 3723 traditus,
2130 3654 2287 3707 brevi
2340 3653 2515 3705 vitam
2568 3652 2761 3704 nimiis
2819 3649 3163 3702 cruciatibus
3216 3652 3496 3700 extortam

1805 3744 2004 3799 finivit.

1804 3908 1878 3958 De
1928 3902 2214 3972 cujusdam
2266 3901 2555 3967 Hum/ridi
2609 3915 2758 4024 slervo
2807 3916 2842 3952 α
2888 3899 3117 3952 vinculis
3162 3896 3497 3951 mirabiliter

2557 3986 2613 4024 so
2639 3976 2748 4024 uto.

2557 3976 2748 4025 soluto.

1875 4101 1962 4153 30.
2000 4100 2139 4151 Item
2168 4096 2450 4149 Humfridi
2481 4094 2776 4164 cujusdam
2807 4092 2998 4147 clerici
3024 4090 3273 4145 ecclesiae
3302 4106 3495 4143 servus

1803 4204 1933 4240 cum
1977 4202 2082 4256 pro
2129 4186 2295 4254 culpa
2337 4185 2399 4237 in
2437 4184 2733 4237 dominum
2776 4181 3077 4235 commissa
3110 4198 3141 4234 a
3172 4185 3334 4250 tergo
3372 4179 3496 4232 vin-

1804 4283 1927 4328 ctus
1957 4274 2191 4328 brachia
2219 4274 2560 4337 traheretur,
2595 4277 2650 4325 et
2680 4272 2961 4342 supplicia
3011 4286 3139 4339 qua:
3189 4268 3298 4321 sibi
3345 4268 3496 4321 infe-

1735 4369 1777 4421 D
1810 4364 1985 4416 renda
2023 4363 2210 4427 sciret,
2252 4363 2443 4415 animo
2490 4361 2973 4429 perhorresceret,
3020 4357 3294 4428 quoniam
3335 4356 3501 4409 aliter

1809 4451 2037 4507 Domini
2068 4450 2432 4519 praesentiam
2464 4449 2859 4518 subterfugere
2894 4464 3007 4500 non
3048 4445 3290 4510 valebat,
3324 4445 3500 4497 eccle-

1806 4540 1948 4593 siam
1982 4538 2254 4608 respexit,
2289 4544 2347 4591 et
2377 4538 2447 4590 ad
2478 4554 2604 4591 eam
2656 4553 2847 4590 secum
2888 4551 3056 4605 prece
3095 4533 3295 4586 tacitus
3332 4532 3497 4584 incli—

1806 4629 1981 4681 navit.
2018 4628 2127 4681 Res
2155 4626 2329 4695 digna
2359 4624 2667 4679 miraculo!
2702 4623 3004 4677 confestim
3036 4620 3260 4672 vincula
3292 4616 3499 4687 quibus

1807 4717 2015 4786 ligatus
2046 4716 2382 4781 ducebatur,
2421 4715 2572 4768 dicto
2603 4714 2769 4766 citius
2804 4714 2987 4763 laxata
3020 4714 3153 4761 sunt
3196 4714 3253 4760 et
3282 4706 3493 4769 soluta;

1807 4810 2124 4874 exutusque
2165 4802 2403 4855 vinculis
2453 4818 2646 4854 servus
2694 4801 2760 4852 ad
2811 4797 3103 4850 ecclesiam
3152 4810 3271 4845 sese
3320 4792 3499 4862 prori-

1806 4895 1948 4963 puit,
1984 4908 2087 4945 nec
2115 4891 2394 4959 repetitus
2425 4906 2456 4941 a
2478 4889 2714 4941 domino
2740 4888 3009 4940 offensam
3034 4881 3497 4952 suppliciumque

1806 4982 2021 5034 vitavit.
2053 4982 2298 5034 Tantum
2334 4978 2482 5046 apud
2512 4977 2963 5046 omnipotentem
3001 4975 3175 5026 Deum
3212 4968 3494 5040 supplica-

1806 5071 1887 5123 tio
1926 5069 2095 5122 tacite
2140 5068 2262 5119 viro
2308 5070 2499 5118 sancto
2543 5066 2665 5117 fusa
2705 5062 3011 5126 convaluit,
3046 5076 3148 5114 nec
3185 5074 3380 5129 passus
3413 5060 3497 5109 est

1806 5159 2061 5213 Christus
2092 5172 2222 5209 eum
2254 5170 2485 5207 manere
2518 5154 2779 5222 ligatum,
2812 5151 2910 5221 qui
2937 5149 3269 5203 necessitate
3304 5152 3358 5199 et
3378 5144 3497 5196 ani-

1808 5262 1901 5298 mo
1949 5245 2018 5298 ad
2066 5242 2243 5295 sancti
2284 5241 2478 5294 altaris
2526 5240 2799 5293 auxilium
2847 5237 3211 5307 confugisset,
3260 5240 3324 5286 ut
3363 5232 3496 5285 hinc

1807 5348 2033 5403 quoque
2079 5330 2312 5383 daretur
2351 5328 2619 5397 intelligi,
2656 5335 2936 5398 quantum
2978 5323 3311 5379 intercessio
3341 5321 3496 5374 illius

1806 5420 1874 5473 ad
1933 5418 2256 5471 animarum
2319 5416 2586 5469 solvenda
2644 5415 2868 5468 vincula
2924 5414 3277 5483 praevaleret,
3334 5408 3497 5477 cujus

1808 5507 2091 5561 invocatio
2148 5510 2309 5558 tanta
2369 5503 2639 5557 facilitate
2699 5503 3009 5572 ligamenta
3067 5499 3323 5570 corporis
3379 5496 3499 5549 dis-

1809 5595 2081 5648 solvisset.
