3846 6244
380 308 483 361 6117

385 459 463 510 Dc
512 460 702 513 abbate
748 463 1058 514 Mirari/tino
1110 463 1171 514 ob
1219 465 1706 518 (Ιϊιςςὶιηιιίιιίίωιιιηι
1744 470 2070 534 jura-litato,

1047 535 1141 585 scil
1174 538 1399 587 salvam.

452 646 536 695 31.
594 644 849 707 Quodam
914 652 1169 715 tempore
1231 650 1433 701 abbate
1486 651 1773 705 'l‘aucrado
1830 654 1883 705 in
1937 656 2078 707 cella

380 729 583 796 posito,
640 733 975 785 Maximinus
1020 738 1352 789 monasterii
1403 740 1455 791 ὃ.
1511 740 1778 792 Gcreonis
1827 752 1869 807 λι,
1922 744 2077 811 quod

379 818 531 883 apud
570 820 770 872 urbem
814 822 1208 891 Agrippinam,
1244 841 1367 892 quae
1403 843 1549 877 nunc
1583 828 1815 879 Colonia
1846 830 2072 895 dicitur,

378 906 549 957 situm
584 912 686 971 est,
720 909 891 960 abbas
926 928 952 961 ει
984 912 1274 978 provincia
1308 914 1661 981 Vangionum
1694 916 1985 987 l'lt’tiriiics,
2012 935 2075 971 ex

376 992 683 1047 vindemiis
728 1014 857 1048 cum
899 1008 1105 1051 onusta
1154 1001 1283 1053 vino
1324 1003 1450 1053 navi
1492 1008 1546 1054 et
1588 1020 1701 1056 non
1745 1008 1939 1073 paucis
1985 1025 2075 1059 co-

380 1082 617 1134 mitibus
679 1085 1084 1152 descendi-bat;
1145 1096 1198 1141 ct
1266 1107 1393 1142 cum
1452 1092 1569 1159 jam
1643 1094 1822 1145 sancti
1883 1098 2076 1148 (ioaris

383 1173 728 1223 monasterio
796 1176 1263 1245 propiut‘piasset,
1331 1182 1601 1231 suadetur
1668 1200 1697 1232 a
1763 1184 1928 1234 sociis
1994 1186 2075 1237 uti

378 1261 618 1327 appulsa
674 1262 731 1313 in
788 1265 1177 1317 continentem
1233 1268 1360 1318 navi
1416 1275 1636 1322 oratum
1689 1271 2075 1342 ad'sanctum

378 1348 613 1400 Goarem
670 1352 955 1404 ascendat.
1010 1354 1109 1405 llle
1161 1370 1348 1406 moras
1396 1356 1502 1408 sibi
1554 1375 1668 1410 non
1726 1362 2075 1413 necessarias

376 1434 480 1487 hac
522 1436 581 1487 in
632 1454 688 1489 re
733 1440 853 1491 ticri
899 1441 1108 1505 dicere,
1146 1444 1263 1495 fore
1308 1448 1778 1512 opi'toi'tiiniorei‘n
1816 1455 2073 1519 tempore

376 1524 486 1574 alio
542 1527 741 1578 orandi
800 1531 1179 1583 occasionem.
1243 1534 1331 1583 Sic
1398 1535 1707 1586 tteliortatis
1772 1540 2074 1590 comitibus

377 1615 739 1680 propositum
780 1617 890 1669 iter
926 1620 1312 1687 persequitur,
1356 1624 1449 1673 sed
1498 1641 1609 1673 non
1642 1625 1876 1692 impune
1910 1628 2069 1679 illum

379 1701 520 1753 ultio
563 1702 754 1755 divina
786 1706 1025 1757 transire
1068 1709 1345 1775 permisit.
1383 1710 1602 1779 Quippe
1638 1715 1785 1765 utin
1830 1732 2069 1783 conspe-

376 1795 531 1841 ctum
566 1791 720 1842 celle
766 1794 919 1845 navis
958 1802 1080 1846 acta
1116 1798 1393 1862 pervenit,
1433 1806 1661 1867 repente
1709 1819 1768 1853 ex
1824 1804 2071 1856 maxima

376 1876 463 1927 sui
504 1884 661 1945 parte
695 1880 969 1945 demersa,
1012 1885 1296 1953 lapsisque
1346 1887 1402 1938 in
1454 1906 1660 1956 aquam
1713 1908 1838 1959 qtuc
1885 1901 2071 1959 gesta-

374 1973 529 2019 verat
583 1970 746 2032 vasis,
808 1973 1105 2037 pra-sentis
1158 1973 1397 2041 jactura:
1453 1984 1507 2026 et
1564 1978 1799 2045 periculi
1851 1986 2069 2033 metum

372 2056 589 2107 cunctis
638 2058 884 2109 incutsit.
931 2060 1185 2112 Clamare
1228 2078 1425 2114 omnes
1467 2068 1521 2116 et
1561 2065 1838 2117 auxilium
1888 2070 2067 2137 lacry-

372 2143 663 2197 mabilitcr
690 2145 1019 2214 implorare,
1054 2150 1279 2218 culpam
1313 2152 1457 2203 abba
1491 2155 1764 2217 confiteri,
1799 2162 1847 2207 et
1874 2158 2068 2208 tioaris

371 2232 639 2284 meritum
675 2250 928 2288 exorare.
976 2238 1113 2289 [tem
1163 2238 1305 2290 abba
1353 2241 1676 2292 'l‘ancradus
1717 2260 1780 2293 ex
1816 2244 1937 2294 loco
1974 2262 2068 2295 su-

368 2319 582 2385 periori
612 2322 989 2389 conspiciens,
1025 2330 1077 2375 et
1118 2334 1331 2393 quanto
1372 2327 1427 2378 in
1474 2330 1727 2396 periculo
1772 2347 2065 2383 versaren-

368 2412 463 2457 tur
497 2410 685 2461 cuncti
716 2411 1105 2479 considerans,
1140 2430 1267 2464 suos
1298 2416 1570 2483 nvestigio
1602 2418 1797 2483 mittit,
1835 2422 2067 2472 mandat

367 2496 685 2549 subsidium
736 2500 1124 2553 laborantibus
1171 2504 1326 2555 ferri.
1383 2506 1753 2558 Deducuntur
1793 2510 2062 2562 continuo

366 2600 553 2643 naves,
597 2592 653 2638 et
693 2587 1009 2640 subsidium
1047 2591 1227 2641 modis
1259 2592 1468 2660 quibus
1502 2600 1623 2645 erat
1656 2595 1921 2663 possibile
1958 2600 2061 2649 mi-

368 2673 658 2726 nistratur.
688 2675 768 2727 Ita
793 2692 918 2728 cum
948 2677 1163 2730 abbatis
1190 2681 1397 2731 auxilio
1422 2687 1473 2733 et
1495 2683 1700 2734 sudore
1729 2686 2061 2747 multorun‘i,

365 2764 487 2811 tum
524 2762 768 2814 maxime
802 2764 859 2815 B.
900 2764 1094 2816 Goaris
1132 2766 1510 2833 opitulatione
1543 2778 1872 2839 recuperata
1908 2774 2059 2839 navi,

366 2848 627 2917 vasisque
665 2852 907 2920 receptis
939 2860 995 2905 et
1040 2854 1260 2923 Opibus,
1296 2855 1598 2909 incolumis
1630 2861 1695 2911 ad
1727 2861 1886 2913 littus
1918 2864 2063 2915 abba

366 2941 750 3003 progreditur.
806 2941 1071 3009 Egressus
1121 2942 1310 2995 navim
1362 2950 1583 2997 oratum
1631 2946 1881 3011 festinat,
1931 2968 2059 3018 per-

366 3040 594 3075 suasum
627 3026 732 3078 sibi
764 3031 1093 3095 perenniter
1125 3031 1434 3097 aftirmans,
1470 3049 1539 3083 ne
1570 3035 1758 3087 locum
1789 3040 1928 3089 tanti
1956 3040 2059 3092 viri

369 3111 581 3163 meritis
624 3114 906 3183 insignem
953 3118 1117 3169 facile
1165 3136 1417 3187 unquam
1459 3122 1580 3174 sine
1626 3127 2057 3193 supplicationis

366 3215 603 3252 munere
638 3205 1053 3256 transeundum
1087 3208 1373 3259 existimet
1402 3211 1443 3259 Ι).

506 3318 576 3367 Dc
608 3317 839 3383 quodam
872 3321 1089 3372 Frcsonc
1116 3323 1368 3374 similiter
1391 3340 1561 3392 prope
1584 3329 1910 3393 periclitata.

434 3431 519 3479 32.
552 3429 845 3482 Consimiti
875 3448 1054 3501 prope
1091 3440 1294 3487 eventu
1334 3452 1463 3490 cum
1492 3438 1723 3507 quidam
1758 3460 1823 3494 ex
1858 3444 2052 3498 Freso-

361 3532 497 3567 num
532 3523 699 3585 gente
734 3521 1061 3589 negotiator
1091 3538 1292 3575 navem
1327 3524 1471 3577 circa
1504 3526 1688 3596 ripam
1720 3531 2052 3588 ulteriorem

358 3611 569 3673 ageret,
613 3622 799 3677 neque
840 3609 1015 3661 littori
1048 3610 1105 3663 in
1142 3627 1255 3680 quo
1294 3616 1707 3669 monasterium
1756 3618 1927 3672 situm
1969 3627 2053 3675 est

360 3693 747 3763 propinquare
780 3696 1124 3766 disponeret,
1168 3700 1261 3752 ubi
1284 3702 1349 3753 ad
1375 3705 1635 3773 scopulos
1658 3706 1804 3771 illos,
1833 3709 1899 3761 de
1928 3712 2049 3779 qui-

360 3781 462 3832 bus
493 3799 663 3852 supra
695 3786 963 3847 diximus,
999 3789 1157 3842 navis
1198 3796 1316 3841 acta
1351 3795 1626 3860 pervenit,
1664 3796 1850 3849 saluto
1888 3806 2051 3867 rapta

358 3870 507 3923 etin
558 3875 843 3943 gurgitem
896 3878 1175 3931 undarum
1226 3879 1490 3934 violentia
1540 3888 1733 3951 tracta,
1780 3889 2049 3954 praesenti

356 3964 588 4012 cunctos
622 3963 951 4017 discrimine
986 3968 1242 4033 perculit.
1282 3970 1388 4021 Sed
1428 3986 1554 4023 cum
1590 3973 1857 4026 dominus
1891 3977 2048 4029 navis

356 4047 551 4099 fioaris
593 4066 741 4118 saépe
794 4068 1003 4104 nomen
1056 4061 1112 4107 et
1158 4058 1424 4109 meritum
1476 4059 1686 4112 iterans
1729 4064 2044 4119 subsidium

356 4136 701 4202 expetiisset,
746 4139 798 4191 in
836 4148 1066 4209 portum
1107 4144 1382 4197 continuo
1415 4147 1575 4200 navis
1604 4149 1781 4202 illaesa
1813 4153 2042 4207 devehi-

354 4229 476 4286 tur;
523 4224 617 4276 itle
667 4232 729 4278 ut
780 4231 1168 4282 continentem
1224 4233 1433 4301 attigit,
1488 4241 1711 4289 oratum
1771 4244 2039 4309 perrexit,

356 4325 418 4361 ac
447 4326 551 4378 pro
585 4314 784 4366 salutis
810 4332 1044 4369 munere
1068 4324 1279 4373 vestem
1302 4321 1679 4377 holosericam
1705 4332 2041 4385 Veneranda}

357 4402 651 4455 memoriae
683 4404 902 4471 tribuit,
936 4422 1064 4474 quae
1105 4408 1275 4461 etiam
1316 4412 1482 4462 vestis
1514 4418 1705 4479 postea
1738 4415 1806 4467 ab
1848 4434 1911 4469 eo
1944 4419 2042 4487 qui

356 4486 475 4539 haec
506 4490 650 4542 mihi
680 4494 877 4545 retulit
906 4494 1234 4548 ’l‘heodrado
1266 4498 1469 4551 clerico
1500 4501 1570 4553 ad
1604 4504 1891 4558 Prumiam
1924 4523 2044 4559 mo-

352 4578 661 4632 nasterium
696 4586 779 4633 est
808 4582 1014 4635 delata.

351 4695 421 4745 Dc
480 4700 831 4762 negotiatoris
884 4713 1035 4751 servo
1093 4717 1159 4752 ea:
1214 4717 1369 4769 aqua:
1418 4707 1654 4772 periculo
1712 4712 2041 4765 mirabiliter

1111 4778 1280 4824 eruta.

421 4874 506 4924 33.
546 4872 685 4925 Item
718 4873 978 4927 illaturus
1018 4892 1141 4928 sum
1174 4880 1626 4946 praecedentibus
1661 4885 1891 4953 quidem
1924 4904 2041 4941 non

348 4959 586 5011 omnino
633 4961 989 5027 dissimilem,
1039 4966 1132 5017 sed
1175 4983 1301 5036 qua:
1353 4969 1609 5023 miraculi
1657 4974 1870 5043 aliquid
1917 4994 2037 5029 am-

349 5047 498 5115 plius
530 5048 756 5113 habeat,
792 5056 845 5103 et
873 5052 1034 5120 cujus
1067 5058 1151 5106 tot
1178 5056 1293 5108 sint
1324 5074 1468 5126 pene
1494 5060 1810 5115 ﬁdelissimi
1844 5070 2036 5130 testes,

348 5143 485 5203 quot
530 5136 636 5189 loci
676 5138 852 5206 ipsius
891 5141 1238 5198 habitatores
1289 5152 1547 5217 tempore
1597 5168 1709 5220 quo
1754 5159 1914 5220 gesta
1956 5160 2040 5207 est

417 5294 440 5320 a
474 5282 872 5336 Monasterium
917 5287 969 5339 S.
1017 5289 1284 5343 Cerconis
1319 5292 1467 5345 intra
1500 5311 1694 5347 muros
1730 5296 2036 5349 Colonien-

348 5367 432 5401 scs
466 5351 772 5418 inclusum,
808 5356 862 5407 in
912 5358 1268 5429 collegiatam
1321 5365 1610 5417 ecclesiam
1648 5368 1767 5431 jam
1812 5369 2036 5425 pridem

347 5437 685 5505 qonversum
737 5432 852 5505 est;
906 5446 1017 5497 qua
1066 5434 1133 5483 de
1184 5435 1417 5505 ecclesia
1462 5437 1736 5499 legendus
1784 5440 2036 5505 .r‘ligidius

349 5492 613 5575 Gelenius
645 5496 701 5547 in
736 5496 831 5575 lib.
865 5492 1019 5552 III-de
1050 5504 1285 5575 Colonia
1317 5492 1608 5575 Syntagm.
1646 5511 1695 5558 2.

417 5565 442 5604 b
482 5563 579 5617 llic
625 5581 767 5633 mos,
813 5568 998 5640 inquit
1042 5572 1305 5625 Gelenius
1353 5563 1749 5639 morti/citatus,
1795 5578 1854 5630 in
1899 5596 2038 5648 prae-

1463 316 1971 373 \\'ANDALBERTI
2016 320 2434 381 PRUMIENSIS
2477 327 2781 385 MONACHI

2114 461 2156 510 Α
2184 472 2300 509 esse
2333 462 2643 526 potuerint.
2686 467 3016 531 Negotiator
3056 487 3121 524 ex
3163 490 3336 543 supra
3377 478 3536 529 dicta
3586 480 3811 535 Frem-ia:

2187 552 2353 611 gente
2401 566 2601 603 navem
2642 570 2744 621 per
2776 556 3041 611 Rhenum
3076 562 3291 615 flumen
3327 567 3561 632 agebat,
3599 576 3650 619 et
3678 580 3723 621 ut
3750 552 3825 631 γε

2188 633 2263 685 ris
2309 640 2408 701 est,
2456 641 2590 707 quia
2637 643 2868 696 adverso
2910 646 3146 701 tlumine
3178 654 3511 721 navigabat,
3550 658 3677 709 fune
3708 680 3729 709 a
3756 636 3825 713 θιμ1

2190 739 2391 777 navem
2449 728 2596 780 circa
2652 731 2808 785 littus
2858 736 3193 791 trahendam
3245 753 3573 796 curaverat.
3638 748 3825 817 Cumje‘

2184 814 2301 881 jam
2345 816 2499 867 cellar.
2548 819 2751 872 vicinia
2788 825 3087 893 attigisset,
3125 837 3391 883 monetur
3424 852 3455 885 a
3492 836 3616 885 suis
3652 842 3813 905 arma

2188 902 2245 953 in
2292 904 2547 958 fluminis
2584 911 2851 979 prasripio
2882 917 3343 983 consistentibus,
3382 922 3467 974 uti
3500 924 3571 974 ad
3610 942 3815 977 umens

2188 993 2373 1045 navim
2408 998 2605 1063 egredi
2652 999 2872 1053 debeat.
2925 1004 3022 1056 llle
3072 1007 3180 1058 sibi
3212 1009 3334 1075 ejus
3378 1015 3517 1063 tunc
3552 1013 3634 1065 rei
3663 1032 3815 1083 δίψης

2188 1097 2301 1133 non
2332 1100 2452 1134 esse
2487 1085 2695 1153 dicere,
2738 1089 2998 1157 impediri
3037 1110 3193 1147 mora
3235 1101 3605 1166 propositum
3638 1120 3765 1153 cura

2187 1186 2289 1221 nec
2318 1188 2373 1222 sc
2398 1189 2561 1240 posse
2586 1175 2693 1226 nisi
2716 1179 3050 1232 continuato
3076 1185 3301 1251 navigio
3328 1188 3546 1255 quietis
3572 1207 3779 1243 conare
3798 1214 3817 1243 :i

2186 1259 2372 1310 loc-im
2421 1262 2721 1329 attingere.
2772 1268 2851 1319 Ita
2900 1270 3093 1322 animo
3144 1274 3257 1325 fixo
3301 1278 3493 1328 navim
3532 1280 3723 1345 agite:
3752 1302 3819 1347 ,ςυπ

2188 1346 2240 1395 in
2277 1364 2342 1397 ea
2380 1349 2599 1402 clavum
2651 1368 2849 1421 regens
2882 1372 3012 1409 cum
3053 1375 3167 1411 uno
3209 1378 3509 1417 servorum
3547 1368 3747 1423 residet.
3775 1390 3825 1419 rs

2186 1434 2323 1502 liqui
2360 1438 2543 1490 navim
2595 1456 2697 1508 per
2742 1443 2931 1495 littora
2966 1448 3216 1500 trahunt.
3260 1452 3390 1504 Erat
3426 1454 3581 1506 inter
3617 1472 3701 1506 ρος
3731 1476 3819 1507 υνιὲ

2184 1524 2280 1591 qui
2316 1536 2545 1577 cunt-tos
2579 1533 2919 1584 antet'tctlens
2949 1541 3201 1590 extrema
3235 1540 3387 1592 funis
3420 1543 3591 1594 dorso
3625 1562 3671 1595 t'i
3784 1562 3820 1593 τη

2185 1612 2598 1668 circnmvoluta
2626 1626 2864 1673 teneret.
2901 1624 3141 1676 Ventum
3181 1635 3301 1679 erat
3336 1630 3406 1680 ad
3444 1634 3693 1684 fluminis
3720 1636 3758 1683 it
3794 1654 3821 1686 ξ

2185 1701 2252 1752 de
2287 1718 2398 1770 qua
2432 1704 2487 1755 in
2524 1708 2912 1774 superioribus
2954 1713 3174 1779 egimus
3216 1717 3589 1785 rapiditatem
3641 1723 3685 1772 11ι
3714 1741 3819 1771 ::,:~

2182 1790 2313 1854 lem,
2369 1808 2497 1844 eum
2550 1801 2781 1862 repente
2834 1815 3033 1851 navem
3089 1803 3257 1855 undae
3316 1806 3731 1859 \i()l€[)tt>.~'itii‘a-
3772 1830 3818 1861 r...

2181 1878 2364 1945 piunt,
2418 1897 2517 1932 nec
2561 1885 2945 1947 gubernatore
2991 1890 3105 1941 ullo
3157 1894 3423 1959 pra‘sidio
3476 1898 3694 1947 valente.

2181 1972 2325 2017 sterc
2360 1968 2690 2037 longissime
2736 1991 2765 2023 a
2815 1975 3000 2027 littore
3045 1978 3408 2033 subtrahunt.
3450 1984 3523 2034 Ea
3561 1993 3707 2051 rapta
3735 2006 3813 2037 1:11,

2178 2057 2324 2106 ferre
2380 2074 2493 2108 non
2546 2066 2770 2125 possunt
2814 2063 3006 2114 funem
3054 2065 3151 2133 qui
3198 2084 3299 2135 per
3348 2069 3503 2137 ripas
3556 2074 3817 2126 trahitur.

2180 2144 2308 2195 victi
2343 2147 2704 2215 relinquunt;
2741 2151 2836 2202 sed
2872 2151 2914 2202 is
2947 2154 3045 2221 qui
3076 2161 3309 2207 cunctos
3344 2174 3723 2224 prmeessersiv,
3750 2172 3816 2211 ac-

2178 2232 2287 2283 cito
2338 2236 2617 2301 expticare
2661 2256 2717 2287 se
2761 2240 2892 2290 fune
2934 2258 3050 2293 non
3093 2246 3283 2295 valens
3320 2246 3512 2299 navim
3564 2266 3759 2300 secant;
3786 2267 3817 2299 tri

2176 2322 2461 2389 gurgitem
2512 2326 2770 2389 trahitur,
2815 2344 2996 2396 neque
3047 2331 3097 2383 id
3146 2332 3418 2385 dominus
3470 2339 3632 2388 navis
3674 2356 3747 2405 qu;
3786 2356 3815 2387 J:

2176 2412 2357 2478 puppi
2398 2412 2650 2463 residens
2684 2414 2996 2473 laborabat.
3034 2419 3491 2476 animadvertere
3531 2430 3684 2493 potui
3721 2446 3781 2479 :1,

2176 2498 2314 2567 liqui
2340 2499 2436 2568 qui
2462 2518 2491 2550 a
2512 2500 2646 2552 tunc
2672 2504 3018 2571 refugerant,
3039 2510 3221 2575 magis
3244 2512 3477 2563 vocibus
3500 2516 3632 2565 navi
3653 2526 3695 2564 et
3796 2540 3811 2555 μ

2176 2588 2273 2655 qui
2304 2590 2405 2640 sub
2439 2606 2585 2658 aqua
2618 2593 2950 2646 trahebatur
2984 2613 3150 2664 oprm
3196 2598 3450 2653 divinam
3492 2609 3547 2655 et
3582 2605 3637 2654 Β.
3680 2618 3705 2651 ιη

2177 2677 2375 2727 merita
2411 2694 2739 2731 suctzurrere
2775 2684 3169 2751 postulabant;
3211 2694 3488 2755 tantaque
3542 2696 3658 2743 tum
3705 2710 3797 2757 sig;

2174 2764 2254 2814 vis
2282 2772 2337 2816 et
2368 2766 2648 2820 undarum
2683 2786 2890 2838 vorago
2923 2772 3045 2837 fuit,
3086 2780 3146 2825 ut
3178 2790 3290 2827 non
3324 2784 3455 2829 ante
3490 2783 3644 2831 navis
3666 2782 3809 2831 iuta.-

2173 2870 2295 2904 sum
2325 2854 2496 2923 dirigi
2527 2863 2737 2924 posset,
2772 2874 2943 2927 quam
2978 2860 3309 2927 longissime
3342 2866 3511 2932 pulsa
3544 2868 3601 2919 in
3635 2870 3808 2919 utter.»-

2172 2958 2290 2994 iem
2325 2943 2507 3012 ripam
2544 2962 2656 2997 non
2691 2948 2810 2999 sine
2846 2964 3049 3015 magno
3084 2951 3470 3018 plurimorum
3506 2963 3659 3009 metu
3689 2966 3808 3023 atq»

2100 3030 2408 3102 Chorrorc
2467 3040 2885 3103 exportaretur.
2951 3038 3281 3105 Negotiator
3340 3059 3475 3095 vero
3538 3052 3599 3097 ut
3654 3052 3805 3096 terra:

2169 3120 2375 3187 attigit,
2410 3121 2601 3173 funem
2639 3124 2736 3191 qui
2770 3126 2897 3176 navi
2942 3126 3235 3179 cohaerens
3285 3146 3387 3197 per
3426 3150 3637 3202 aquam
3674 3135 3804 3186 iiii“:~

2170 3214 2395 3273 tractus,
2431 3226 2461 3261 a
2494 3227 2653 3263 servo
2690 3213 2878 3282 colligi
2913 3216 3163 3277 mandat,
3202 3219 3301 3285 qui
3332 3221 3574 3273 collecto
3600 3224 3655 3274 in
3682 3237 3807 3273 exrc-

2169 3312 2259 3347 ma
2292 3297 2409 3363 ejus
2444 3304 2603 3367 parte
2651 3317 2843 3353 servus
2893 3302 3036 3354 sicut
3076 3306 3387 3372 implicitus
3422 3309 3610 3362 fuerat
3642 3312 3807 3363 invi;-

2165 3390 2276 3436 tur.
2319 3386 2424 3447 Qui
2458 3388 2889 3455 diligentissime
2926 3397 3311 3446 contrectatus
3356 3403 3412 3448 et
3460 3401 3645 3451 modis
3690 3416 3805 3449 vita:

2167 3480 2539 3541 pertentatus,
2570 3492 2686 3528 non
2718 3478 2873 3531 aliud
2907 3482 3088 3547 potuit
3115 3482 3469 3551 deprehendi
3501 3504 3671 3555 quam
3700 3505 3755 3538 ωε
3776 3508 3805 3536 :-

2164 3569 2314 3615 tuus.
2382 3565 2636 3634 Denique
2686 3567 2941 3620 adhibito
2991 3571 3239 3637 plurimo
3291 3576 3569 3629 stramine
3622 3584 3672 3628 et
3717 3578 3803 3629 iw

2162 3651 2528 3704 circumcirca
2577 3670 2863 3719 succenso,
2916 3656 3057 3709 nihil
3108 3660 3309 3711 caloris
3350 3664 3588 3730 penitus
3626 3682 3806 3732 persae

2160 3740 2286 3803 tirc,
2334 3742 2418 3793 vel
2469 3742 2695 3811 aliquod
2749 3743 2874 3795 vitae
2919 3745 3198 3799 indicium
3245 3751 3428 3818 potuit
3480 3754 3664 3805 edere.
3704 3759 3802 3815 Qui

2161 3829 2361 3897 plura?
2394 3830 2690 3883 devehitur
2730 3848 2923 3885 rursus
2967 3834 3025 3885 in
3066 3835 3393 3891 citeriorem
3436 3840 3622 3910 ripam
3672 3859 3723 3893 ac
3760 3844 3801 3889 ei»;

2159 3919 2277 3969 sola
2308 3919 2600 3986 sepultura
2631 3920 2895 3972 dominus
2928 3923 3047 3989 ejus
3076 3930 3130 3975 et.
3160 3927 3394 3978 comites
3425 3938 3605 3996 agunt
3638 3948 3648 3981 :
3681 3946 3798 3981 ruet-

2157 4011 2250 4057 tur
2283 4006 2533 4058 ecclesiae.
2566 4013 2753 4060 custos
2786 4016 2847 4061 ut
2883 4010 2947 4061 ad
2982 4012 3371 4079 sepeliendum
3411 4024 3694 4071 mortuum
3728 4020 3765 4067 1η·
3793 4034 3799 4063 t

2156 4094 2395 4163 alicujus
2424 4096 2645 4164 copiam
2683 4097 2870 4149 faciat.
2913 4099 2990 4151 Eo
3024 4100 3272 4167 obtcnto,
3307 4103 3446 4156 dum
3492 4108 3795 4176 sepulturae

2154 4185 2440 4249 aperiunt,
2476 4184 2705 4237 interim
2740 4186 2977 4237 cadaver
3009 4194 3068 4240 ut
3117 4206 3245 4242 vere
3298 4194 3607 4260 putabatur
3652 4193 3799 4246 evani~

2156 4288 2243 4323 me
2275 4272 2333 4323 in
2374 4272 2623 4325 custodis
2664 4274 2734 4325 ad
2767 4274 2961 4327 horam
3006 4278 3299 4332 mansione
3340 4280 3660 4350 deponitur.
3694 4284 3797 4334 Tum

2082 4346 2124 4398 D
2154 4378 2269 4413 non
2314 4366 2442 4429 post
2475 4362 2709 4431 longum
2739 4365 3011 4432 temporis
3046 4365 3409 4421 intervallum
3458 4371 3655 4441 incipit
3684 4387 3795 4421 reri-

2154 4448 2379 4511 lcscere,
2418 4452 2471 4499 et
2504 4449 2775 4515 paulatim
2813 4467 2872 4501 os
2905 4453 3142 4520 aperire,
3188 4471 3250 4507 ac
3300 4458 3567 4524 stiritum
3616 4460 3794 4513 ducere.

2158 4535 2369 4588 Dehinc
2400 4540 2581 4588 totum
2619 4554 2677 4590 se
2724 4538 2949 4591 elevans
2995 4558 3193 4609 parum
3238 4548 3536 4613 sanguinis
3579 4565 3667 4602 ore
3695 4548 3797 4611 reje-

2152 4623 2245 4688 eit,
2281 4629 2336 4676 et
2366 4624 2659 4677 confestim
2697 4628 2940 4679 surrexit
2979 4629 3306 4691 ineolumis,
3356 4634 3433 4686 ita
3485 4642 3549 4688 ut
3590 4636 3797 4688 orationv‘

2152 4711 2294 4763 facta
2338 4718 2393 4763 et
2434 4713 2747 4780 gratiarum
2793 4716 3011 4769 actione
3063 4719 3131 4771 ab
3183 4722 3451 4774 omnibus
3492 4725 3720 4785 reddita,
3749 4722 3795 4771 ai

2153 4800 2470 4853 ducendam
2525 4802 2669 4856 sicut
2716 4807 2870 4871 prius
2916 4807 3074 4859 navis
3132 4825 3260 4860 cum
3320 4812 3487 4863 sociis
3542 4808 3796 4865 festinant.

2154 4890 2227 4941 lia
2260 4890 2579 4957 negotiator
2618 4898 2680 4944 ut
2709 4894 2869 4959 vidit,
2916 4897 3285 4949 emendatum
3330 4916 3407 4964 se,
3458 4907 3515 4952 et
3546 4918 3641 4971 pro
3672 4900 3795 4965 cutpr

2148 4979 2485 5048 castigatum
2512 4997 2859 5051 magnopere
2884 4987 3177 5053 gratulans
3202 4991 3423 5055 argenti
3452 4990 3648 5043 libram
3670 4984 3795 5039 altari

2150 5084 2307 5120 sacro
2338 5071 2631 5137 persolvit,
2666 5077 2721 5123 ct
2760 5078 2944 5140 coepto
2988 5074 3194 5126 dehinc
3240 5077 3463 5135 itinere,
3512 5080 3624 5131 suis
3660 5074 3792 5129 omni.

2149 5156 2253 5208 bus
2299 5157 2684 5211 incolumibus
2730 5161 2888 5213 abiit.
2946 5163 3201 5215 Vidrrint
3245 5166 3381 5233 quid
3432 5167 3503 5219 de
3546 5184 3605 5221 re
3640 5166 3791 5231 hujus-

2149 5305 2365 5354 sentem
2399 5302 2549 5355 diem
2587 5311 2929 5373 perseverat.
2974 5308 3195 5375 Quippe
3224 5309 3379 5360 nefas
3426 5316 3623 5377 putant
3651 5310 3790 5360 locum

2150 5372 2306 5423 illum
2344 5372 2778 5441 przetervehere,
2824 5377 2930 5429 nisi
2984 5372 3191 5446 injecto
3238 5381 3288 5430 in
3334 5372 3543 5433 collum
3594 5378 3791 5433 vincula.

2150 5459 2268 5494 sese.
2311 5452 2504 5496 sancto
2547 5448 2715 5499 Goari
2760 5448 3211 5517 mancipaverint
3251 5467 3261 5501 :
3300 5453 3458 5518 quod
3492 5454 3651 5504 etiam
3680 5466 3792 5517 prm—

2149 5518 2302 5563 stant
2336 5516 2661 5569 Novatorcs,
2700 5519 2848 5583 apud
2897 5516 3038 5588 quos
3071 5516 3377 5589 ipsumque
3416 5524 3617 5593 vulgus
3643 5516 3789 5589 ignoti

2151 5584 2385 5653 hujusce
2419 5586 2710 5655 religionis
2738 5590 2901 5641 ratio.
