3846 6244
16 355 20 382 ’
1121 353 1208 408 DE
1257 357 1412 409 VlTA
1453 357 1538 410 ET
1580 357 1962 414 MlltACU-LIS
2001 361 2055 413 S.
2099 360 2370 413 GUARIS.

3395 366 3498 416 670

16 480 74 531 di
151 487 390 539 caeteri
431 485 700 539 sentiant.
754 488 866 555 Ego
911 486 1391 540 conﬁdentissime
1441 488 1689 542 dixerim
1728 494 1771 544 A
1800 505 1920 542 rem
1969 491 2290 559 subjiciam,
2325 491 2630 545 mulierum
2655 492 2882 545 Scoticie
2940 492 3186 545 nationis
3219 494 3366 545 cives
3424 495 3492 547 ab

15 567 78 620 .ti
145 571 288 624 viri
359 574 564 626 merita
614 579 769 626 tanto
811 590 929 624 esse
981 579 1106 643 post
1154 574 1370 626 obtium
1420 574 1680 639 clariora,

16 662 159 708 nutu
237 661 562 715 sollicitius
619 663 754 714 dum
812 663 1024 714 viveret
1065 664 1342 715 humanas
1379 663 1574 716 laudes
1633 668 1687 715 et

15 748 313 802 tantiam
361 750 616 820 fugerit;
679 767 862 820 neque
919 751 978 802 in
1035 751 1363 820 hujusmedi
1409 752 1585 821 signis
1633 757 1687 804 et

16 838 263 890 'aculis
323 839 658 892 exliibendis
697 843 966 910 cuiquam
1023 845 1369 903 sanctorum,
1412 840 1686 908 apostolis

16 923 404 978 :larissimis
436 928 698 980 Ecclesiae
734 928 1078 997 martyribus
1119 929 1390 980 duntaxat
1438 928 1687 996 exrzeptis

15 1030 99 1064 im
135 1014 517 1068 inferiorem
545 1016 724 1070 videri
758 1017 1008 1086 :quippe
1034 1016 1134 1086 qui
1167 1017 1220 1068 in
1255 1016 1546 1085 diligendo
1573 1016 1686 1067 Di-o

15 1103 335 1168 proximo
380 1121 496 1158 non
553 1105 711 1157 facile
761 1122 1050 1174 quoquam
1112 1105 1343 1158 illorum
1397 1105 1688 1172 judicetur

16 1189 222 1254 erior,
269 1193 498 1262 quique
530 1194 748 1245 tametsi
796 1193 853 1245 in
901 1192 1013 1245 vita
1046 1209 1160 1244 non
1200 1191 1394 1245 multis
1435 1209 1563 1261 quae
1597 1192 1690 1244 lio-

16 1295 124 1330 nes
161 1282 466 1334 noverint
493 1281 780 1334 miraculis
804 1282 1026 1347 claruit,
1063 1282 1160 1334 sed
1195 1297 1258 1333 ea
1290 1298 1417 1350 qua:
1445 1281 1687 1332 miracu-

28 1367 357 1421 omnibus
390 1369 584 1438 potior
613 1374 696 1422 est
725 1370 996 1423 charitate
1042 1370 1388 1422 clarissimus
1445 1369 1685 1434 exstitit;

25 1473 204 1525 eque
247 1463 393 1526 post
425 1459 648 1511 obitum
682 1459 938 1528 quotidie
987 1459 1045 1511 iu
1092 1458 1403 1511 viventium
1445 1457 1556 1510 ﬁde
1607 1462 1690 1510 tot

16 1547 272 1615 itisque
305 1547 612 1600 virtutibus
642 1548 837 1600 claret.

42 1663 124 1711 De
157 1662 391 1714 lumine
429 1662 696 1716 divinitus
723 1665 781 1716 in
808 1664 1038 1716 lucernis
1068 1663 1294 1716 ecclesia:
1315 1677 1579 1714 succenso.

16 1777 104 1828 3i.
149 1777 467 1830 Praeterea
509 1778 813 1831 Heriradus
863 1779 1197 1843 monachus,
1250 1777 1370 1846 qui,
1427 1783 1485 1829 ut
1537 1793 1686 1845 saepe

16 1870 176 1917 :tum
239 1872 358 1934 est,
420 1868 624 1920 horum
689 1868 825 1919 mihi
871 1867 1278 1919 miraculorum
1339 1865 1686 1917 certissimus

15 1960 172 2006 lator
232 1955 462 2007 exstitit
511 1962 567 2008 et
615 1955 963 2019 verissimus,
1005 1955 1092 2008 bis
1143 1972 1198 2006 se
1231 1955 1479 2007 afﬁrmat
1529 1955 1685 2006 nullo

20 2045 333 2092 monente
369 2041 710 2092 extrinsecus
743 2040 876 2108 igne
926 2041 1270 2108 lampadem,
1323 2057 1451 2109 quae
1491 2056 1683 2092 coram

15 2128 264 2179 emoria
293 2129 618 2181 veneranda
641 2129 941 2198 dependet,
964 2129 1150 2180 infuso
1173 2129 1442 2182 divinitus
1472 2128 1686 2180 lumine

21 2214 345 2267 lenduisse
376 2233 389 2268 :
425 2216 580 2285 quod
608 2216 794 2284 ipsum
824 2217 1092 2285 przesenti
1122 2232 1272 2268 anno
1303 2233 1417 2285 quo
1452 2216 1558 2268 ista
1588 2216 1688 2268 de-

16 2303 322 2370 ripsimus
381 2310 437 2356 et
491 2305 765 2374 superiori
801 2304 1102 2373 contigisse
1157 2306 1256 2374 qui
1304 2305 1689 2357 interfuerunt

16 2393 304 2444 ﬁrmant.
336 2393 440 2446 Sed
471 2393 524 2446 id
558 2410 658 2446 suo
694 2394 815 2445 loco
847 2393 953 2446 erit
975 2393 1296 2446 dicendum.

32 2483 123 2532 33.
191 2482 489 2534 Hactenus
547 2499 612 2534 ea
665 2482 1063 2550 descripserim
1116 2499 1243 2552 quae
1281 2481 1484 2534 abbate
1542 2482 1686 2533 Tan-

16 2568 141 2620 'ado
179 2570 251 2621 in
306 2571 410 2622 hac
449 2570 566 2623 vita
611 2572 913 2638 superstite
973 2571 1118 2624 facta
1171 2571 1318 2623 inter
1375 2570 1484 2622 alia
1543 2569 1688 2622 refe-

16 2663 209 2710 intur.
251 2659 417 2712 Nunc
456 2660 715 2727 adjutore
765 2659 986 2713 Christo
1041 2660 1110 2712 ad
1157 2658 1456 2712 clarissimi
1510 2659 1692 2710 Patris

16 2747 346 2800 .arcuvardi
377 2753 640 2816 tempora
672 2747 766 2818 qui
802 2749 904 2800 hoc
930 2747 1120 2816 ipsum
1153 2747 1295 2800 mihi
1328 2763 1472 2817 opus
1506 2747 1691 2815 impo-

16 2835 109 2899 iit,
148 2841 385 2889 servato
415 2841 474 2889 ut
501 2837 771 2906 proposui
803 2836 1004 2889 ordine
1033 2837 1280 2888 veniam.

15 2949 64 3000 ν.
109 2981 181 2987 —
227 2967 495 3004 IIRACULA
549 2967 723 3004 FACTA
761 2966 1006 3004 TEMPORE
1049 2966 1400 3004 MARCUVARDI
1451 2965 1689 3002 ABBATIS.

15 3067 58 3114 te
91 3066 429 3132 imperatore
457 3066 724 3118 Ludovico
780 3065 859 3119 ibi
903 3082 937 3118 α
966 3066 1166 3134 pedum
1198 3065 1390 3132 dolore
1437 3067 1688 3119 relevato.

55 3182 140 3232 36.
181 3181 246 3232 Et
302 3185 365 3234 ut
411 3181 529 3235 haec
574 3181 694 3251 ipsa
753 3199 946 3237 rerum
1002 3188 1291 3254 gestarum
1341 3182 1542 3235 ordine
1594 3181 1692 3233 ali-

18 3269 338 3334 [uantulum
373 3272 690 3340 postposito
722 3272 954 3325 exordio
985 3272 1209 3325 clariori
1251 3271 1521 3341 incipiam
1555 3287 1566 3323 :
1602 3287 1692 3323 ex-

18 3357 414 3411 ellentissimee
479 3359 708 3428 pictatis
789 3361 1208 3431 singularisque
1269 3360 1580 3412 clementiae
1639 3363 1693 3409 ct

17 3461 124 3514 erga
171 3447 561 3501 Christianam
593 3449 933 3520 religionem
986 3451 1245 3503 omnium
1278 3450 1692 3518 imperatorum

18 3534 454 3589 Itudiosissimus
498 3537 837 3601 Ludovicus,
875 3538 976 3606 qui
1021 3537 1206 3591 adhuc
1228 3553 1475 3607 superna
1522 3536 1692 3588 mise-

18 3621 243 3676 'icordia
274 3624 605 3693 providente
634 3642 827 3679 rerum
857 3643 1083 3680 summa
1131 3627 1370 3696 potitur,
1421 3641 1549 3678 cum
1601 3625 1696 3676 do-

21 3726 112 3763 ore
143 3713 358 3781 pedum
393 3713 917 3779 vehementissimo,
953 3731 1066 3784 qua
1082 3716 1220 3768 olim
1244 3713 1579 3767 inﬁrmitate
1615 3713 1696 3764 vir

19 3799 108 3862 lle,
150 3801 256 3854 etsi
281 3817 398 3854 non
421 3802 713 3867 continue,
740 3803 1067 3874 frequenter
1091 3808 1283 3856 tamen
1309 3802 1600 3871 aflligitur,
1621 3802 1691 3854 la-

18 3894 243 3953 Joraret,
278 3893 450 3957 atque
483 3904 547 3940 ex
575 3890 784 3957 palatio
815 3907 917 3942 suo
949 3890 1101 3960 quod
1131 3890 1193 3942 in
1214 3890 1402 3942 littore
1437 3888 1694 3940 llumiuis

17 3973 178 4026 Rheni
226 3977 401 4029 situm
457 3978 803 4042 lngilinheim
858 3995 1030 4047 supra
1081 3979 1328 4031 diximus
1395 3975 1692 4047 appellari,

20 4064 290 4116 rvcctione
326 4065 512 4117 navali
539 4065 929 4131 descenderet,
980 4072 1203 4120 oratum
1248 4067 1316 4119 ad
1349 4067 1404 4120 S.
1455 4066 1694 4119 Goarem

20 4149 151 4215 exiit,
186 4152 274 4204 vix
301 4152 359 4204 in
394 4158 604 4206 terram
636 4153 809 4222 pedes
839 4171 955 4222 prie
1011 4155 1205 4207 dolore
1245 4154 1426 4206 nimio
1483 4167 1694 4222 ponere

19 4238 186 4291 {alens
211 4284 223 4303 ,
269 4246 323 4294 et
354 4243 802 4296 sustententium
839 4243 1021 4312 magis
1050 4259 1220 4312 quam
1254 4243 1367 4294 suis
1407 4242 1695 4310 gressibus

19 4324 208 4380 nitens.
234 4327 494 4398 Cumque
539 4329 596 4382 in
629 4329 922 4383 ecclesiam
970 4332 1336 4400 pervenisset,
1388 4337 1516 4382 ante
1571 4346 1694 4380 me—

19 4415 243 4468 moriam
275 4419 661 4471 venerandam
693 4419 1016 4476 humillime
1064 4436 1122 4471 se
1169 4436 1232 4471 ac
1263 4420 1462 4472 devote
1513 4419 1695 4486 depo-

22 4503 131 4566 suit,
161 4510 217 4557 et
254 4506 312 4557 in
347 4511 497 4558 terra
545 4511 752 4558 stratus
808 4507 1020 4559 diutius
1071 4509 1377 4577 peroravit.
1429 4507 1530 4560 Ubi
1562 4521 1694 4558 vero

25 4594 266 4657 surrexit,
299 4594 367 4646 ad
399 4594 663 4646 abbatem
714 4600 769 4647 et
822 4594 1197 4648 clarissimum
1245 4597 1427 4648 virum
1472 4596 1696 4648 Gerun-

24 4694 137 4745 gum
159 4683 298 4734 olim
342 4681 539 4752 palatii
586 4683 832 4746 aedilem,
876 4699 1026 4736 nunc
1077 4684 1419 4737 monachum
1463 4699 1696 4736 conver-

27 4783 145 4820 sus:
200 4770 336 4833 Deo,
386 4770 595 4839 inquit,
649 4771 880 4835 gratias,
930 4787 1079 4824 nunc
1124 4771 1340 4824 meritis
1391 4772 1444 4824 S.
1499 4770 1696 4824 floaris

27 4854 262 4910 levamen
296 4858 436 4910 mihi
483 4859 677 4910 datum
715 4860 1019 4926 persentio,
1067 4877 1253 4928 neque
1286 4878 1352 4911 eo
1396 4860 1514 4928 jam
1567 4875 1693 4912 cum

28 4959 120 5009 quo
152 4947 261 4998 huc
282 4947 409 4998 veni
440 4946 640 4999 dolore
686 4948 906 5000 laboro.
939 4948 1027 5000 Sic
1076 4965 1106 5001 a
1150 4948 1428 5001 memoria
1475 4965 1696 5016 regres-

28 5045 103 5082 sus
130 5034 290 5086 lthus
319 5035 592 5086 etalaeer
623 5034 775 5086 diem
806 5040 990 5088 totum
1023 5035 1199 5088 duxit.
1239 5037 1368 5089 Hiec
1415 5035 1539 5103 ipso
1594 5035 1697 5087 ab-

30 5117 132 5173 bate
160 5121 259 5192 qui
291 5139 482 5175 coram
520 5122 699 5174 adfuit
724 5123 1003 5176 referente
1039 5124 1309 5193 cognovi;
1367 5139 1697 5193 quanquam

33 5221 109 5258 nec
133 5226 236 5279 ego
267 5213 391 5279 ipse
422 5211 669 5262 multum
700 5197 1001 5278 abfuerim,
1037 5213 1137 5282 qui
1184 5211 1370 5280 pridie
1417 5213 1538 5281 ejus
1586 5212 1698 5266 diei

34 5293 411 5364 imperatorem
469 5299 739 5366 praedicto
794 5299 988 5352 dolore
1033 5301 1366 5369 gravissime
1433 5302 1697 5354 laboran-

35 5387 120 5438 tem
154 5389 210 5440 in
239 5388 450 5458 palatio
484 5387 740 5441 viderim.

152 5506 221 5556 De
246 5503 474 5555 muliere
506 5502 711 5556 Scotica
737 5504 816 5556 ibi
843 5521 873 5557 a
905 5505 1299 5559 claudicatione
1339 5511 1554 5560 sanata.

95 5608 169 5661 37.
203 5607 312 5661 Sed
340 5613 403 5660 ut
430 5607 564 5660 huic
607 5609 686 5661 rei
719 5614 893 5679 gesto:
927 5615 1185 5681 tempore
1227 5611 1395 5682 paulo
1443 5610 1696 5680 superio-

1796 579 1934 630 urbe
1962 579 2270 631 redeuntes
2303 594 2515 647 aegram
2548 587 2601 632 et
2632 597 2829 648 gressu
2858 582 3103 634 debilem
3135 580 3212 633 ibi
3245 583 3493 650 relique-

1795 673 1943 720 runt.
1976 667 2051 719 Ea
2086 673 2387 736 postquam
2419 683 2514 719 sex
2565 668 2622 720 in
2657 669 2775 719 loco
2810 685 3031 721 menses
3065 669 3198 736 egit,
3252 671 3354 721 sub
3403 670 3493 722 die

1795 755 2172 808 solemnitatis
2203 772 2407 808 annum
2441 772 2570 825 quae
2603 757 2793 824 agitur
2827 757 3006 825 pridie
3044 773 3220 809 nonas
3249 758 3380 809 Julii
3405 758 3490 810 in-

1797 849 1884 897 ter
1935 844 2288 913 vespertinus
2339 845 2591 897 Psalmos
2629 862 2856 914 gressus
2897 845 3195 897 sanitatem
3257 847 3490 914 recepit.

1804 969 1880 1020 De
1906 971 2116 1034 infante
2145 967 2468 1021 dwmoniaco
2509 969 2658 1034 apud
2691 971 2998 1020 memoriam
3037 972 3094 1020 S.
3131 972 3328 1021 Goaris
3369 987 3492 1038 pro-

2255 1041 2423 1092 missa
2453 1055 2485 1091 α
2514 1047 2672 1106 patre
2703 1043 2799 1107 api
2828 1047 3033 1104 curato,

1869 1158 1955 1206 38.
1991 1153 2282 1223 Superiori
2315 1171 2463 1207 anno
2500 1160 2628 1223 post
2658 1173 2721 1207 ea
2755 1171 2881 1223 quae
2909 1156 2974 1206 de
3011 1155 3355 1224 imperatore
3403 1173 3496 1208 re—

1799 1245 2054 1305 tulimus,
2091 1243 2296 1295 accidit
2330 1249 2387 1293 ut
2410 1244 2644 1312 quidam
2695 1259 2758 1294 ex
2791 1244 3014 1296 rusticis
3058 1244 3236 1296 lilium
3290 1261 3495 1313 parvu-

1796 1333 1915 1385 lum
1950 1333 2208 1384 daemone
2241 1332 2475 1400 plenum
2505 1331 2574 1383 ad
2607 1333 2903 1384 ecclesiam
2935 1350 3061 1384 cuni
3107 1335 3242 1385 ﬁetu
3275 1339 3329 1386 et
3361 1350 3494 1402 sup-

1795 1422 2100 1492 plicatione
2133 1422 2395 1474 deferret.
2421 1422 2598 1484 Quem
2633 1438 2762 1474 cum
2796 1429 2925 1473 ante
2986 1423 3320 1475 memoriam
3373 1422 3495 1492 eju-

1799 1510 1922 1562 lans
1976 1510 2166 1561 multis
2227 1510 2600 1578 praisentibus
2650 1510 3018 1578 exposuisset,
3077 1516 3268 1562 sancte
3325 1512 3492 1575 Goar,

1798 1598 2004 1667 inquit,
2043 1598 2214 1650 redde
2243 1614 2393 1650 nunc
2440 1597 2580 1650 milii
2626 1614 2816 1650 meum
2862 1599 3040 1650 ﬁlium
3096 1604 3149 1650 et
3187 1601 3349 1668 pulso
3397 1599 3497 1668 qui

1798 1703 1930 1738 eum
1961 1693 2126 1738 vexat
2159 1686 2418 1738 daemone
2442 1702 2606 1749 sana;
2647 1703 2753 1753 ego
2797 1687 2901 1739 tibi
2934 1703 3036 1755 pro
3072 1703 3307 1739 munere
3338 1689 3493 1756 apim

1729 1789 1766 1840 Β
1798 1791 1973 1827 unam
2003 1775 2102 1842 (sic
2135 1774 2287 1826 enim
2330 1791 2529 1827 vocare
2565 1774 2757 1826 rustici
2788 1790 3026 1825 examen
3056 1790 3226 1843 apum
3256 1791 3497 1826 consue-

1795 1869 2018 1928 verunt)
2052 1864 2160 1915 huc
2195 1863 2455 1931 protinus
2506 1862 2760 1915 alteram.
2797 1865 2913 1916 Non
2970 1864 3155 1914 inanis
3199 1863 3300 1915 fuit
3362 1864 3496 1916 sim-

1797 1952 1924 2020 plex
1955 1952 2072 2003 hmc
2125 1952 2373 2004 hominis
2422 1951 2616 2004 rustici
2661 1953 2966 2020 postulatio
3005 1969 3016 2004 :
3080 1952 3176 2003 sed
3225 1952 3496 2004 continuo

1798 2046 2060 2093 sanatum
2117 2040 2483 2108 integerrime
2542 2040 2845 2109 parvulum
2913 2041 3075 2092 laetus
3130 2045 3184 2091 et
3241 2041 3496 2107 gaudens

1797 2134 1959 2198 pater
1991 2129 2226 2180 domum
2279 2128 2510 2180 revexit.
2552 2128 2806 2197 Denique
2847 2145 3078 2180 examen
3121 2145 3294 2197 apum
3341 2130 3496 2198 quod

1799 2223 1861 2269 ut
1892 2217 2176 2286 pollicitus
2207 2216 2392 2268 fuerat
2439 2217 2667 2282 obtulit,
2713 2217 2999 2286 hodieque
3052 2217 3110 2268 in
3160 2217 3344 2270 hortis
3396 2219 3493 2270 Ec-

1798 2306 1981 2358 clesiae
2030 2310 2346 2374 permanet.
2408 2307 2535 2359 lla3c
2589 2321 2718 2358 cum
2791 2305 3094 2375 saepedicto
3161 2305 3496 2359 Tlicodrado

1797 2399 1922 2448 tum
1957 2393 2270 2447 Ekkihaldo
2300 2393 2481 2462 ipsius
2512 2393 2616 2446 loci
2645 2395 2952 2462 praiposito
2984 2395 3102 2447 viro
3151 2411 3284 2447 sane
3330 2395 3496 2448 docto

1799 2489 1971 2552 atque
2006 2482 2188 2534 veraci
2222 2487 2488 2534 narrante
2519 2482 2784 2551 cognovi.

1978 2592 2050 2642 De
2074 2591 2274 2642 lumine
2306 2589 2386 2642 bis
2409 2591 2466 2640 in
2483 2589 2735 2657 lampade
2756 2604 3002 2642 succenso
3031 2590 3317 2641 divinitus.

1873 2698 1957 2749 39.
1991 2695 2056 2747 Et
2089 2693 2309 2746 utillud
2353 2694 2593 2747 inferam
2644 2695 2798 2763 quod
2847 2711 3017 2764 supra
3067 2694 3265 2747 leviter
3315 2694 3496 2763 tetigi,

1803 2799 1954 2836 anno
1989 2781 2276 2852 praeterito
2312 2782 2369 2834 in
2401 2782 2491 2834 die
2516 2783 2870 2835 sanctissimo
2901 2782 3148 2846 l’aschie,
3174 2798 3304 2835 cum
3347 2799 3500 2850 prae-

1805 2872 2020 2942 positus
2074 2870 2425 2924 Ekkibaldus
2486 2871 2589 2924 sub
2648 2871 2767 2941 ipso
2815 2871 2958 2924 lucis
3019 2877 3214 2924 exortu
3301 2871 3500 2923 missas

1804 2977 1972 3028 agere
2005 2959 2193 3026 vellet,
2227 2959 2481 3028 itemque
2527 2959 2634 3012 hoc
2667 2960 2864 3012 eodem
2907 2975 3056 3012 anno
3084 2975 3196 3029 quo
3227 2959 3333 3012 ista
3365 2975 3500 3011 con-

1805 3048 2133 3117 scripsimus
2165 3062 2293 3099 cum
2335 3047 2486 3100 idem
2520 3047 2578 3099 in
2622 3047 3065 3117 Quadragesima
3114 3047 3312 3100 missas
3361 3063 3497 3116 age-

1801 3142 1906 3198 ret,
1940 3141 1995 3189 et
2022 3137 2217 3188 lumen
2239 3135 2489 3188 ecclesize
2531 3135 2724 3188 deesse
2766 3141 3141 3206 quaereretur,
3197 3140 3502 3204 custosque

1801 3220 2060 3290 deposita
2086 3220 2349 3289 lampade
2383 3236 2447 3272 ac
2478 3221 2598 3274 sine
2629 3220 2762 3290 igne
2812 3226 3058 3290 reperta,
3093 3237 3196 3290 pro
3230 3237 3296 3273 eo
3355 3220 3501 3273 defe-

1803 3309 1980 3361 rendo
2007 3308 2323 3373 festinaret;
2358 3309 2546 3361 subito
2577 3309 2942 3362 cernentibus
2971 3309 3164 3362 multis
3211 3313 3411 3378 sponte
3443 3308 3502 3360 in

1802 3395 2067 3465 lampade
2114 3398 2308 3449 lumen
2355 3413 2652 3449 accensum
2699 3395 2924 3459 enituit,
2959 3396 3114 3465 quod
3157 3395 3235 3448 ibi
3281 3395 3503 3448 crebro-

1803 3484 2013 3538 factum
2048 3486 2240 3555 plures
2291 3485 2393 3537 viri
2444 3485 2638 3538 ﬁdeles
2692 3485 2792 3554 qui
2841 3484 3150 3536 interfuere
3196 3488 3498 3536 testantur.

1804 3596 1876 3646 De
1919 3595 2132 3657 infante
2174 3591 2366 3646 claudo
2413 3597 2460 3644 el
2507 3590 2672 3643 surdo
2719 3594 2769 3642 et
2826 3592 2951 3642 item
2995 3589 3182 3656 puclla
3233 3601 3370 3640 caeca
3425 3586 3503 3639 ibi

2542 3664 2771 3714 sanatis.

1872 3763 1958 3814 40.
2015 3759 2123 3813 Sed
2154 3763 2214 3810 ut
2266 3757 2385 3810 haec
2441 3755 2714 3808 miracula
2767 3769 2961 3806 rerum
3013 3751 3345 3821 nuperrime
3400 3767 3498 3820 ge-

1803 3854 2020 3902 starum
2052 3843 2377 3898 narratione
2410 3843 2479 3896 de
2507 3842 2776 3912 praesenti
2805 3841 3162 3906 concludam,
3208 3841 3312 3893 sub
3347 3840 3498 3893 idem

1805 3942 2028 4004 tempus
2060 3949 2173 4003 quo
2206 3933 2293 3985 his
2328 3931 2712 3985 describendis
2763 3945 2997 3982 manum
3056 3929 3325 3998 imposui,
3364 3945 3501 3981 nec-

1803 4024 1941 4076 dum
1972 4021 2164 4074 libello
2194 4019 2345 4072 edito
2376 4035 2505 4071 cum
2537 4020 2605 4072 ad
2638 4034 2888 4071 annuam
2922 4018 3100 4070 beatae
3128 4016 3502 4086 depositionis

1805 4109 2223 4162 solemnitatem
2251 4123 2460 4175 magna
2493 4106 2873 4176 undecunque
2902 4106 2978 4158 ita
3011 4104 3090 4158 uti
3123 4105 3267 4157 solet
3309 4103 3502 4156 homi—

1808 4214 1942 4251 num
1995 4194 2302 4248 multitudo
2352 4196 2686 4254 conllueret,
2749 4199 2884 4245 nota
2941 4209 3004 4246 ex
3055 4192 3240 4245 vicino
3296 4191 3500 4244 mulier

1806 4285 2038 4339 advenit
2084 4299 2212 4337 cum
2267 4283 2384 4334 ﬁlio
2433 4283 2548 4335 fere
2593 4281 2874 4352 septenni,
2919 4284 3018 4351 qui
3070 4283 3140 4335 ab
3190 4286 3317 4334 ortu
3377 4281 3502 4350 ipso

1734 4382 1775 4434 Ι)
1805 4373 2056 4432 claudus,
2093 4376 2301 4435 mutus,
2327 4368 2646 4439 surdusque
2678 4384 3042 4437 permanens,
3078 4368 3290 4421 infelici
3333 4367 3500 4436 geni-

1803 4461 1932 4514 trici
1959 4476 2132 4512 novos
2165 4457 2422 4528 quotidie
2449 4457 2636 4511 luctus
2677 4462 2731 4508 et
2763 4456 2990 4508 dolores
3045 4456 3290 4508 ati'erret.
3346 4456 3504 4507 Hunc

1809 4553 1989 4599 mater
2017 4547 2129 4599 ﬁde
2171 4545 2370 4598 devota
2418 4561 2549 4597 cum
2600 4544 2748 4597 inter
2793 4549 3097 4595 nocturnas
3147 4543 3370 4610 vigilias
3409 4558 3500 4593 co-

1807 4652 1927 4688 ram
1981 4635 2243 4704 sepulcro
2305 4633 2618 4686 venerabili
2671 4631 3041 4700 exposuisset,
3110 4629 3259 4681 circa
3327 4630 3502 4682 ﬁnem

1809 4725 2161 4777 Psalmorum
2201 4721 2636 4785 matutinorum,
2701 4735 2831 4771 cum
2876 4717 3158 4769 canticum
3215 4715 3504 4784 Evangelii

1806 4811 1991 4864 clerus
2039 4809 2289 4862 ecclesiae
2339 4812 2586 4873 caneret,
2637 4805 2948 4858 infantulus
2990 4805 3138 4855 lento
3181 4797 3501 4855 adnisu’re-

1808 4906 1977 4970 pente
2009 4897 2272 4964 surrexit,
2303 4913 2365 4949 ac
2393 4895 2633 4966 pedibus
2667 4910 2810 4963 quos
2857 4908 3031 4960 usque
3068 4891 3135 4942 ad
3181 4891 3237 4942 id
3280 4895 3500 4959 tempo-

1807 4991 1884 5041 ris
1918 5002 2213 5056 nunquam
2247 4991 2412 5036 terra:
2445 4985 2641 5036 ﬁxerat
2670 4981 2917 5044 adstans,
2971 4985 3212 5032 matrem
3253 4979 3502 5031 clamore

1807 5077 2012 5129 iterare
2071 5073 2308 5126 vocavit.
2365 5073 2528 5125 Flens
2576 5087 2690 5138 prie
2740 5068 2949 5136 gaudio
3001 5067 3274 5119 continuo
3322 5073 3502 5120 mater

1807 5168 2068 5231 accurrit,
2129 5172 2182 5219 et
2230 5166 2410 5219 ﬁlium
2462 5180 2633 5234 quem
2685 5167 2771 5214 tot
2814 5176 3071 5228 pressum
3127 5161 3504 5214 incommodis

1809 5259 2169 5326 deposuerat,
2230 5253 2621 5305 ambulantem
2679 5249 2846 5302 simul
2900 5254 2958 5300 et
3020 5248 3351 5316 loquentem
3400 5265 3504 5302 au-

1807 5346 2174 5412 dientemque
2203 5341 2434 5408 recepit.
2471 5341 2663 5409 Neque
2697 5338 2805 5390 fuit
2836 5337 3060 5389 Christo
3091 5337 3343 5401 difﬁcile,
3400 5353 3503 5406 pro

1809 5433 1895 5486 sui
1947 5431 2152 5483 merito
2193 5428 2548 5492 confessoris,
2606 5442 2722 5478 uno
2767 5426 3084 5495 eodemque
3135 5432 3390 5494 tempore
3449 5432 3506 5478 et

1810 5519 2245 5591 possibilitatem
2308 5515 2578 5587 loquendi
2613 5529 2811 5582 puero,
2877 5519 2930 5565 et
2975 5514 3270 5568 scientiam
3333 5530 3505 5583 quam

1812 5609 2056 5678 majores
2083 5604 2369 5659 audiendo
2413 5619 2703 5673 nunquam
2757 5609 3130 5672 perceperant
3179 5602 3334 5667 dare,
3378 5619 3506 5654 cum
