3846 6244
366 311 458 361 671
1216 313 1733 368 WANDALBERTI
1770 316 1859 369 DE
1901 315 2058 368 VITA
2101 317 2188 371 ET
2227 318 2598 377 MIRACULIS
2637 325 2691 378 s.
2735 324 3013 382 coms.

363 443 436 496 sit
465 444 585 512 ipse
614 443 892 512 sapientia
941 446 1036 497 Dei
1086 462 1216 515 quae
1269 448 1453 515 aperit
1502 465 1601 501 ora
1654 454 1966 516 mutorum,
1998 455 2058 503 et
2095 454 2506 521 Aprovocatns
2564 461 2977 515 monasterium
3040 467 3501 537 suprascriptum
3553 468 3819 531 constt-um?

359 530 583 600 linguas
613 530 916 583 infantium
962 532 1202 586 disertas
1236 534 1385 587 facit.
1436 534 1580 588 Tum
1614 552 1744 589 vero
1796 538 2059 592 omnium

361 618 460 687 qui
517 619 753 671 aderant
806 625 1029 673 mentes
1080 622 1228 674 tanti
1278 624 1460 692 replet
1521 631 1721 694 stupor
1772 625 2055 695 miraculi,

360 709 535 757 totam
569 706 800 758 laudem
848 706 1057 760 Christi
1104 709 1424 763 conclamat
1476 712 1731 777 ecclesia,
1781 718 1837 766 et
1888 714 2058 767 unius

358 792 628 846 infantuli
659 795 810 847 salus
861 796 1135 850 mirabilis
1185 798 1501 852 multorum
1548 800 1615 853 ad
1670 801 1846 855 ﬁdem
1886 803 2058 856 corda

358 883 671 936 succendit.

429 970 515 1023 41.
552 971 880 1041 Eodemque
914 972 1002 1025 die
1033 989 1163 1026 cum
1198 973 1501 1028 missarum
1534 977 1814 1030 solemnia
1865 995 2053 1048 popu-

358 1054 445 1107 lus
478 1062 779 1124 spectaret,
815 1062 869 1110 et
891 1058 1083 1111 divina
1113 1076 1145 1112 a
1176 1062 1461 1114 sacerdote
1504 1064 1775 1133 mysteria
1810 1081 2058 1134 ageren—

355 1146 469 1205 tur,
504 1146 695 1213 puella
725 1145 921 1197 eadem
953 1162 1129 1215 prope
1162 1164 1276 1217 qua
1307 1150 1612 1219 praedictus
1662 1152 1848 1205 infans
1893 1159 2056 1207 aetate

357 1230 453 1283 diu
514 1248 679 1298 cmca,
729 1249 856 1302 quae
918 1240 1037 1287 tum
1102 1254 1133 1288 a
1180 1239 1513 1305 parentibus
1563 1240 1807 1295 ﬁdeliter
1859 1243 2057 1295 fuisset

354 1317 512 1371 illata
544 1360 559 1380 ,
592 1321 862 1373 amissum
895 1321 1090 1375 lumen
1115 1325 1353 1393 recepit.
1402 1328 1483 1379 Ita
1515 1328 1744 1396 gemino
1779 1329 2054 1382 miraculo

353 1406 457 1458 sub
493 1424 604 1461 uno
655 1409 744 1461 die
782 1414 837 1462 et
888 1411 1068 1463 sancti
1131 1412 1237 1465 viri
1269 1414 1541 1467 meritum
1596 1416 1784 1483 palam
1840 1417 2055 1470 cunctis

351 1495 573 1558 enituit,
607 1503 660 1550 et
684 1501 1053 1567 prazsentium
1100 1502 1239 1554 fides
1277 1503 1482 1555 Christi
1531 1506 1831 1557 clementia
1880 1522 2051 1576 quam

351 1599 466 1635 non
529 1586 676 1637 desit
733 1586 1126 1639 invocantibus
1181 1588 1395 1658 ubique
1438 1607 1725 1659 praesens,
1799 1593 2048 1661 agnovit.

419 1671 505 1723 42.
542 1673 720 1725 Haec“
748 1673 817 1726 de.
856 1674 1141 1727 miraculis
1194 1676 1253 1729 Β.
1304 1676 1498 1729 Goaris
1558 1678 1765 1731 merito
1811 1680 2052 1733 ostensis

348 1762 519 1829 atque
553 1762 822 1814 exhibitis
844 1779 1025 1832 pauca
1056 1763 1213 1816 brevi
1246 1769 1302 1817 et
1334 1772 1531 1833 aperto
1563 1773 1845 1836 quantum
1891 1770 2049 1837 potui

349 1864 612 1901 sermone
640 1849 866 1918 digessi,
914 1852 1299 1905 narrationem
1335 1854 1404 1906 ad
1457 1871 1672 1908 annum
1724 1858 1825 1910 839
1873 1859 2052 1910 lucar-

349 1936 597 1989 nationis
642 1938 951 1991 Dominicae
983 1940 1320 2008 perducens,
1371 1958 1552 2011 eaque
1604 1949 1827 1996 tantum
1881 1945 2049 2015 (utin

346 2022 527 2076 libelli
562 2025 730 2093 hujus
760 2027 1043 2096 principio
1076 2028 1364 2094 adnotavi)
1399 2031 1695 2100 scriptura:
1752 2034 2046 2100 mandans,

346 2127 475 2180 quze
506 2114 687 2166 relatu
718 2115 970 2167 virorum
1003 2116 1259 2169 fidelium
1292 2118 1485 2181 didici,
1531 2136 1773 2189 qumque
1813 2137 1927 2174 non
1967 2122 2049 2174 eis

345 2200 515 2252 modo
561 2201 660 2270 qui
708 2204 973 2269 retulere,
1028 2204 1126 2257 sed
1175 2206 1442 2259 omnibus
1487 2224 1635 2276 pene
1688 2210 1876 2262 locum
1934 2210 2046 2263 fre-

344 2291 749 2357 quentantibus
789 2292 987 2345 haberi
1034 2294 1330 2348 notissima
1382 2298 1656 2366 comperi.
1708 2298 2045 2368 Quanquam

342 2393 455 2429 non
491 2379 685 2431 omnia
719 2396 847 2450 quae
877 2382 945 2433 ab
977 2382 1057 2435 eis
1088 2382 1226 2451 ipsis
1262 2400 1507 2453 quorum
1540 2385 1675 2438 fidei
1724 2388 2046 2456 specialiter

342 2466 691 2519 credendum
742 2469 937 2537 putavi
979 2471 1155 2523 relata
1202 2478 1333 2525 sunt
1385 2474 1736 2543 scripserim,
1787 2477 2042 2545 alioquin

340 2556 438 2602 aut
470 2553 701 2607 modum
725 2558 972 2625 suscepti
1016 2560 1205 2628 operis
1256 2563 1640 2622 excessissem.
1679 2568 1776 2615 aut
1824 2565 2044 2617 audito-

342 2639 496 2692 ribus
529 2642 932 2713 longiorjusto
979 2648 1371 2719 prolixiorquc
1414 2650 1668 2703 fuissem.
1712 2652 1904 2720 Neque
1936 2653 2042 2705 hoc

340 2742 508 2795 opere
541 2729 866 2783 facultatem
901 2732 1027 2785 aliis
1059 2734 1125 2786 dc
1167 2735 1253 2787 his
1284 2736 1569 2789 scribendi
1604 2738 1901 2806 praeripui,
1944 2740 2041 2791 sed

338 2814 533 2868 ethmc
564 2817 685 2885 ipsa
722 2834 851 2887 quae
906 2822 1197 2891 utcunque
1246 2824 1515 2877 videntur
1553 2842 1584 2877 a
1616 2841 1707 2878 me
1743 2842 1862 2879 esse
1906 2843 2039 2896 pro-

336 2903 542 2971 posita,
566 2910 839 2974 poterunt
881 2909 981 2977 qui
1020 2911 1210 2963 volent
1250 2927 1352 2980 pro
1400 2912 1619 2966 ratione
1663 2914 1893 2983 dignius
1941 2931 2037 2967 ex-

336 2989 590 3058 planare,
627 2998 681 3045 et
704 3010 830 3063 quae
862 2995 921 3048 in
967 2996 1252 3051 similibus
1301 3000 1592 3053 miraculis
1636 3001 1781 3054 forte
1836 3019 2037 3071 prove-
2078 3024 2117 3078 ρ

335 3076 517 3141 nient,
573 3083 836 3150 exemplo
878 3100 910 3135 a
964 3085 1141 3151 vobis,
1202 3088 1366 3139 Pater
1417 3089 1768 3157 amplissime
1827 3092 2039 3144 Marcu-

333 3164 526 3231 varde,
558 3171 615 3218 et
648 3184 677 3219 a
708 3184 796 3222 me
826 3176 1053 3240 sumpto
1097 3173 1435 3228 describere.
1488 3176 1708 3247 Quippe
1754 3178 1799 3230 si
1845 3179 2036 3232 divina

333 3266 508 3320 opera
558 3253 723 3307 nobis
783 3256 1155 3325 gloriﬁcanda
1212 3261 1547 3329 dignissime
1608 3272 2030 3334 proponuntur,

332 3346 569 3409 oportet
619 3347 680 3395 ut
730 3360 843 3396 non
888 3351 1141 3399 cessante
1207 3348 1434 3401 virtutis
1493 3351 1698 3405 divinae
1754 3352 2033 3408 beneﬁcio

331 3427 506 3481 etiam
560 3430 846 3485 scribendi
896 3448 1010 3486 non
1069 3439 1247 3488 cesset
1312 3436 1589 3504 intentio;
1625 3444 1679 3493 et
1714 3441 1893 3494 donec
1933 3443 2031 3513 qui

329 3515 555 3583 explere
586 3517 826 3587 possint,
860 3519 1114 3575 existunt
1168 3523 1375 3577 litteris
1422 3526 1597 3597 digna
1649 3530 2029 3584 admiratione
2096 3548 2107 3554 ·

328 3603 643 3657 tradantur.
678 3606 861 3669 Quare
908 3609 1081 3663 etiam
1131 3619 1392 3667 vacantes
1463 3632 1838 3687 pergamenas
1899 3620 2029 3673 huic

328 3690 521 3745 libello
544 3694 822 3764 subjicere
844 3698 1080 3766 placuit,
1113 3703 1176 3753 ut
1214 3702 1362 3757 edito
1414 3720 1586 3774 opere
1621 3708 1890 3776 praesenti
1941 3708 2028 3761 fu-

329 3779 470 3832 turis
522 3786 651 3849 post
688 3783 808 3837 haec
856 3789 1210 3857 temporibus
1251 3806 1379 3861 qua:
1426 3792 1727 3848 inserenda
1773 3798 2026 3866 prudens

325 3869 531 3939 aliquis
551 3872 931 3942 eestimaverit,
968 3884 1289 3947 opportune
1328 3882 1506 3951 possit
1537 3883 1808 3939 inserere.
1865 3923 1870 3927 -

328 3999 389 4050 V.
434 4028 501 4038 ε-
536 4002 988 4084 ‘Cqunenoanio
1046 4011 1496 4075 quemadmodum
1552 4020 1601 4068 et
1648 4032 1682 4068 α
1736 4034 1838 4084 quo
1890 4020 2025 4072 cella

395 4074 571 4143 sancti
598 4074 787 4127 Goaris
834 4078 1007 4140 fuerit
1039 4074 1357 4136 monasterio
1401 4086 1645 4139 Prumia?
1690 4074 1896 4142 sociata
1924 4093 2020 4143 in-

394 4142 529 4208 cipit
548 4144 804 4205 feliciter.

394 4260 482 4314 43.
543 4262 804 4317 Decursis
852 4266 970 4335 jam
1029 4285 1157 4339 quae
1217 4272 1285 4325 de
1357 4273 1648 4328 miraculis
1679 4276 1786 4330 viri
1843 4280 2019 4332 sancti

324 4347 624 4402 scribenda
653 4367 1035 4423 susceperam,
1074 4358 1299 4413 videtur
1344 4361 1487 4414 mihi
1521 4363 1841 4416 necessario
1877 4380 2016 4433 pau-

322 4435 401 4486 cis
445 4452 566 4490 esse
612 4442 1018 4497 montrandum
1074 4450 1129 4498 et
1180 4452 1313 4515 post
1369 4449 1555 4503 editos
1603 4451 1827 4505 libellos
1876 4453 2019 4505 duos

321 4525 575 4594 quodam
604 4531 990 4586 extraliminio
1024 4538 1485 4606 memorandum,
1528 4542 2018 4610 quemadmodum

320 4618 375 4665 et
406 4630 515 4682 qua
542 4631 611 4668 ex
642 4633 811 4670 causa
851 4620 991 4672 cella
1047 4624 1104 4675 Β.
1150 4623 1346 4676 Goaris
1391 4629 1733 4681 monasterio
1774 4630 2017 4683 Prumia:

318 4699 489 4753 fuerit
514 4702 746 4768 sociata,
783 4709 847 4757 ut
889 4707 1045 4759 omni
1081 4712 1342 4778 tempore
1373 4713 1477 4766 sub
1512 4714 1792 4783 regimine
1832 4722 1887 4770 et
1916 4734 2017 4787 po-

318 4792 519 4842 testate
560 4790 779 4843 abbatis
814 4793 911 4862 qui
944 4794 995 4846 ei
1042 4799 1385 4851 monasterio
1427 4806 1656 4855 auctore
1704 4804 1819 4857 Deo
1865 4821 2017 4875 pree-

317 4874 512 4943 fuerit,
546 4876 670 4946 ipsa
700 4894 929 4950 quoque
962 4898 1082 4936 esse
1115 4886 1362 4940 deberet.

654 5000 981 5056 Prumiensis
1005 5010 1322 5061 monasterii
1343 5011 1670 5078 primordia.

389 5109 475 5162 44.
542 5112 1038 5172 Excellentissimee
1113 5123 1407 5178 memoria:
1485 5143 1586 5183 rex
1670 5130 2013 5185 Francorum

316 5196 593 5265 Pippinus
620 5206 781 5290 pater
808 5203 1171 5275 imperatoris
1202 5211 1564 5270 famosissimi
1594 5218 1799 5282 Caroli,
1854 5228 2012 5290 post-

318 5298 491 5351 quam
525 5291 585 5339 ut
615 5289 884 5345 omnibus
914 5310 1090 5366 prope
1121 5304 1323 5353 notum
1354 5306 1437 5356 est
1482 5320 1675 5360 amore
1725 5289 1931 5362 Christi
1958 5317 2013 5364 et

320 5372 512 5425 uxoris
560 5391 675 5429 suae
730 5386 937 5435 sanctae
993 5388 1401 5443 recordationis
1455 5394 1741 5448 Bertrada:
1807 5404 2009 5467 rogatu

388 5523 607 5579 ‘Totus
663 5527 767 5582 iste
806 5532 1077 5589 articulus
1130 5539 1279 5607 apud
1337 5540 1566 5596 Surium
1632 5545 2004 5617 desideratur,

2168 546 2489 599 constitutis
2520 547 2579 601 in
2602 565 2669 603 eo
2703 553 3001 606 monachis
3033 555 3130 625 qui
3177 556 3291 609 Deo
3323 558 3429 611 sub
3478 560 3727 627 regulari
3766 574 3819 615 λῖιτέ

2169 630 2301 685 dine
2325 633 2656 700 militarent,
2690 640 3080 693 venerabilem
3116 642 3302 696 virum
3320 648 3611 698 Asnernm
3646 651 3819 716 regini.

2169 722 2254 775 nis
2309 725 2564 793 praefecit
2619 727 2828 782 officio.
2895 730 3002 793 Qui
3051 731 3221 784 etiam
3272 733 3462 787 eidem
3526 736 3657 787 loco
3711 744 3819 793 annis

2168 812 2423 882 quinque
2472 819 2528 867 et
2574 817 2958 887 quadraginta
3016 819 3344 874 felicissime
3399 824 3661 892 praefuit.
3722 828 3819 882 Har:

2165 915 2297 952 cum
2338 916 2442 969 pro
2493 918 2609 955 sua:
2658 903 2787 957 vitae
2830 906 3035 959 merito
3076 908 3394 976 plurimum
3444 910 3687 973 coleret,
3730 916 3820 980 ﬁas

2167 988 2322 1041 modi
2365 990 2788 1044 constitutionis
2829 994 2881 1046 ei
2930 996 3332 1050 auctoritatem
3380 998 3574 1065 dedit,
3636 1005 3691 1051 ut
3728 1004 3819 1061 fma

2165 1075 2274 1128 iter
2296 1093 2470 1146 agens
2504 1079 2570 1131 ad
2596 1080 2847 1149 aliquem
2873 1082 3021 1151 juris
3052 1085 3195 1154 regii
3240 1085 3433 1140 locum
3480 1088 3743 1146 venisset.
3778 1090 3820 1141 te

2165 1169 2359 1218 center
2387 1183 2514 1236 qua:
2548 1167 2768 1221 itineris
2799 1174 2986 1223 essent
3024 1174 3342 1226 necessaria
3390 1180 3677 1228 sumeret.
3728 1178 3820 1230 Cum

2165 1267 2300 1321 ergo
2333 1255 2581 1323 quodam
2616 1260 2875 1326 tempore
2906 1258 3015 1312 iter
3052 1276 3084 1312 a
3132 1262 3483 1315 monasterio
3524 1263 3588 1315 in
3632 1264 3820 1323 Vana/is»

2165 1355 2303 1392 num
2329 1340 2614 1413 [ll/’ormes]
2650 1344 3003 1412 provinciam
3058 1352 3271 1415 ageret,
3310 1354 3369 1401 et
3410 1349 3715 1403 occasione
3757 1354 3820 1403 vi:

2163 1428 2232 1481 ad
2288 1434 2546 1483 sanctum
2589 1431 2828 1486 Goarem
2878 1434 3244 1500 declinasset,
3292 1436 3392 1489 ubi
3449 1443 3583 1490 tum
3642 1446 3820 1491 rectam

2164 1518 2397 1571 nomine
2446 1526 2689 1587 praeerat
2747 1522 2981 1590 quidam
3034 1524 3314 1594 Erpingns
3368 1527 3639 1589 nomine,
3688 1544 3820 1595 nequa

2162 1607 2627 1661 commoditatem
2685 1610 2937 1680 aliquam
2991 1629 3185 1665 rerum
3231 1615 3689 1668 necessariarum
3721 1633 3820 1667 nae-

2162 1695 2291 1747 cisci
2319 1695 2618 1764 potuisset,
2644 1712 2763 1749 rem
2798 1703 2854 1750 ut
2885 1704 3006 1752 erat
3034 1706 3191 1769 gesta
3223 1702 3396 1770 paulo
3440 1709 3577 1771 post
3626 1704 3819 1769 principi

2163 1784 2374 1849 retulit,
2410 1785 2722 1852 pessimum
2756 1801 2875 1837 esse
2918 1786 3111 1839 dicens
3157 1804 3221 1841 eo
3270 1790 3392 1842 loco
3444 1791 3819 1844 humanitatem

2159 1870 2565 1940 hospitalitatis
2597 1889 2824 1925 omnem
2857 1875 3071 1943 negari,
3105 1876 3201 1929 ubi
3232 1879 3531 1947 quondam
3566 1881 3671 1933 sub
3702 1881 3819 1931 beam

2160 1956 2279 2009 viro
2321 1957 2686 2026 singulariter
2731 1960 2906 2013 virtus
2952 1963 3150 2017 eadem
3208 1966 3507 2035 viguisset.
3556 1970 3820 2022 Polliceiur

2160 2059 2255 2095 rex
2280 2044 2399 2096 fore
2430 2046 2551 2097 limc
2581 2047 2939 2100 emendanda
2970 2066 3099 2103 cum
3140 2054 3419 2121 temporis
3458 2058 3820 2125 opportunitas

2156 2132 2455 2185 arrisisset.
2492 2136 2685 2204 Itaque
2732 2152 2848 2188 non
2879 2139 3059 2191 multo
3100 2145 3225 2209 post
3264 2143 3488 2210 positus
3532 2145 3597 2197 in
3648 2146 3819 2214 palatia

2156 2222 2311 2291 quod
2343 2222 2687 2275 Attiniacum
2744 2222 2996 2294 [Attigny
3025 2226 3084 2279 in
3117 2229 3425 2299 Campania
3456 2233 3527 2285 ad
3579 2232 3815 2303 Axonamj

2155 2315 2402 2373 vocatur,
2434 2327 2563 2363 cum
2586 2312 2655 2364 ad
2684 2315 3012 2381 generalem
3058 2317 3255 2385 p0puli
3284 2326 3638 2373 conventum
3688 2322 3816 2371 simi

2154 2397 2299 2450 abba
2329 2402 2576 2451 Asuerns
2608 2400 2870 2467 venisset,
2906 2409 3203 2457 evocatum
3240 2407 3309 2458 ad
3344 2423 3403 2458 se
3456 2408 3717 2475 princeps
3748 2427 3812 2457 sa-

2155 2501 2254 2553 per
2298 2487 2384 2538 his
2444 2504 2569 2556 qua:
2599 2488 2668 2541 de
2698 2490 2835 2542 cella
2879 2490 3030 2544 beati
3066 2492 3343 2546 viridicta
3377 2494 3449 2546 ab
3494 2512 3566 2548 eo
3631 2496 3811 2548 {ueram

2152 2576 2614 2643 commonefacit,
2657 2578 2823 2647 eique.
2868 2580 3175 2647 regendam
3220 2584 3556 2650 committit,
3598 2584 3809 2636 hortatu:

2149 2668 2215 2716 ut
2236 2680 2359 2716 eam
2390 2681 2641 2734 congrue
2690 2667 3012 2735 disponere,
3045 2673 3216 2738 atque
3264 2672 3651 2740 hospitalitati
3679 2690 3810 2741 quin]

2150 2750 2206 2802 in
2244 2767 2309 2804 ea
2339 2769 2457 2805 non
2496 2753 2565 2805 sit
2601 2759 2866 2823 expertus
2897 2762 3319 2826 competentem
3354 2760 3588 2815 efﬁcere
3631 2762 3806 2815 debes:

2148 2902 2423 2957 Contentio
2454 2903 2518 2956 de
2554 2905 2687 2958 cella
2717 2905 2775 2959 S.
2827 2907 3025 3030 Goartis
3065 2924 3099 2960 a
3134 2908 3324 2964 Carolo
3369 2912 3583 2980 Magno
3635 2928 3814 2979 comis-

2909 2993 2967 3029 m
2998 2995 3083 3030 ur.

2909 2993 3083 3032 natur.

2216 3107 2303 3159 45.
2340 3107 2467 3160 Haec
2513 3107 2698 3177 prima
2730 3108 2837 3161 fuit
2878 3110 3034 3163 cellae
3060 3112 3354 3180 jamdicta:
3397 3131 3527 3168 cum
3564 3121 3807 3168 monaste-

2144 3193 2229 3246 rio
2258 3196 2488 3249 Prumia
2515 3196 2661 3249 facta
2692 3214 2757 3250 ex
2790 3198 2942 3267 regis
2982 3200 3211 3270 Pippini
3242 3203 3511 3256 mandato
3544 3210 3607 3257 et
3648 3207 3806 3255 volun-

2141 3287 2257 3337 tate
2288 3285 2634 3353 conjunctio,
2665 3287 2894 3355 quando
2929 3304 3042 3341 non
3086 3290 3196 3359 ipsi
3230 3292 3581 3347 monasterio
3614 3298 3670 3345 et
3713 3310 3805 3343 mc-

2141 3372 2340 3425 nachis
2370 3374 2642 3443 subjecta,
2689 3375 2785 3428 sed
2832 3376 3024 3429 abbati
3070 3382 3293 3433 tantum
3342 3385 3426 3433 est
3469 3382 3727 3435 beneficii
3761 3380 3804 3430 ai

2138 3462 2460 3531 regendum
2493 3463 2624 3531 jure
2659 3464 2983 3517 commissa.
3034 3467 3330 3536 Regnante
3378 3486 3511 3523 vero
3569 3476 3691 3540 post
3730 3486 3806 3537 pa-

2136 3548 2238 3600 tris
2285 3549 2507 3603 obitum
2556 3552 2757 3620 Magno
2804 3552 3027 3619 Carolo,
3076 3560 3200 3607 orta
3267 3561 3351 3609 est
3396 3559 3550 3612 inter
3592 3558 3805 3612 Treviri"

2136 3652 2264 3689 rum
2300 3638 2629 3706 pontificem
2670 3646 2807 3693 tunc
2839 3642 3212 3697 Weomadum
3253 3650 3309 3697 et
3350 3646 3624 3701 abbatem
3670 3653 3805 3699 Asue-

2135 3740 2263 3777 rum
2296 3742 2398 3795 pro
2438 3727 2636 3779 eadem
2685 3727 2826 3781 cella
2865 3731 3178 3795 contentio,
3233 3740 3525 3787 asserente
3573 3736 3803 3805 episcoth

2136 3829 2260 3865 eam
2284 3814 2354 3866 ad
2402 3831 2518 3867 sua:
2562 3816 2822 3869 Ecclesia:
2864 3819 2958 3885 jus
3013 3820 3320 3889 pertinere,
3382 3822 3594 3877 abbate
3647 3830 3804 3875 contra

2134 3901 2358 3955 dicente
2393 3918 2514 3956 esse
2562 3903 2720 3957 illam
2761 3906 2911 3974 regis
2942 3906 3067 3973 lege
3119 3908 3483 3963 liaareditaria
3530 3910 3800 3982 possessio-

2133 4004 2285 4055 nem,
2322 4006 2505 4059 neque
2538 3991 2597 4043 in
2632 4009 2698 4045 ea
2745 4009 2909 4061 posse
2948 3995 3057 4047 sibi
3102 3996 3323 4065 aliquid
3374 4000 3617 4052 ecclesia
3662 3998 3800 4050 vindi-

2131 4093 2280 4143 care,
2314 4094 2444 4148 quas.
2476 4084 2530 4132 et
2560 4079 2668 4133 sibi
2700 4087 2847 4134 esset
2877 4099 2907 4134 a
2949 4099 3081 4151 rege
3114 4085 3356 4154 Pippino
3404 4090 3724 4149 commissa,
3764 4096 3801 4135 ei

2130 4164 2189 4217 in
2249 4166 2571 4220 dominium
2646 4169 2943 4224 clarissimi
2998 4172 3183 4226 Caroli
3238 4175 3617 4229 successionis
3702 4176 3799 4241 jure

2130 4255 2482 4309 transmissa.
2532 4258 2616 4310 Ita
2667 4258 2749 4310 eis
2810 4258 2908 4312 diu
2952 4262 3316 4331 multumque
3368 4264 3714 4317 certantibus
3762 4266 3799 4313 et

2130 4357 2189 4394 re
2220 4342 2290 4395 ad
2339 4345 2785 4399 controversiam
2831 4364 2981 4417 saepe
3038 4349 3301 4414 deducta,
3345 4351 3548 4404 directi
3598 4361 3796 4405 suntex

2127 4432 2303 4483 latere
2339 4432 2491 4500 regis
2521 4437 2575 4486 et
2622 4434 2797 4487 semel
2853 4441 2906 4488 et
2954 4436 3161 4490 iterum
3223 4454 3288 4491 ac
3345 4440 3518 4493 tertio
3554 4441 3717 4511 legati
3750 4440 3797 4489 ti-

2128 4518 2350 4571 dissimi
2392 4526 2447 4572 et
2494 4537 2735 4587 veraces,
2786 4523 2883 4593 qui
2934 4541 3163 4578 causam
3203 4526 3514 4597 diligenter
3570 4530 3795 4599 inquire-

2126 4612 2271 4667 rent,
2327 4607 2600 4677 litemque
2649 4626 2898 4679 congrue
2957 4613 3361 4681 terminarent;
3412 4617 3635 4686 quique
3704 4630 3797 4668 rem

2126 4694 2542 4753 examinantes,
2575 4712 2688 4748 non
2732 4698 2887 4750 aliud
2935 4715 3107 4768 quam
3141 4702 3295 4770 quod
3336 4702 3510 4755 abbas
3544 4708 3799 4773 protesta-

2124 4787 2216 4835 tus
2283 4782 2469 4835 fuerat
2521 4782 2885 4849 invenerunt,
2944 4788 3090 4858 regii
3143 4790 3355 4843 scilicet
3403 4792 3559 4860 [Sun
3618 4793 3793 4863 potius,

2125 4887 2299 4940 quam
2348 4872 2708 4926 ecclesiastici
2758 4875 2906 4942 juris
2962 4877 3379 4945 possessionem
3430 4881 3540 4933 loci
3584 4880 3793 4950 smpedi~

2122 4958 2197 5011 cti
2230 4959 2490 5012 existere.

2191 5047 2280 5101 46.
2313 5047 2423 5101 Sed
2456 5063 2587 5100 cum
2618 5048 2884 5119 episcopo
2914 5050 3036 5103 haec
3068 5068 3433 5123 nequaquam
3469 5058 3789 5115 sufﬁcerent,

2120 5133 2534 5189 famosissimus
2567 5138 2853 5207 princeps,
2889 5139 3083 5194 habito
3121 5142 3181 5195 in
3212 5144 3455 5197 Saxonia
3492 5163 3666 5216 super
3690 5146 3787 5198 fon-

2121 5230 2236 5276 tem
2269 5224 2367 5293 qui
2399 5224 2600 5295 Lippia
2650 5226 2834 5296 [Surio
2876 5230 3074 5299 Lupia]
3125 5231 3333 5285 dicitur
3390 5236 3653 5300 generali
3690 5248 3790 5287 con-

2119 5316 2315 5373 ventu,
2369 5313 2472 5367 sub
2504 5315 2811 5383 praesentia
2848 5318 3020 5370 totius
3052 5336 3229 5390 prope
3279 5324 3443 5391 regni
3483 5325 3785 5393 primatum,

2118 5406 2175 5454 et
2228 5403 2523 5472 utriusque
2573 5404 2793 5458 ordinis
2854 5406 3302 5462 clarissimorum
3355 5410 3638 5477 virorum,
3693 5425 3786 5463 rem

2118 5566 2293 5621 quem
2324 5568 2390 5604 ex
2422 5553 2619 5606 eodem
2657 5554 2875 5625 Remig.
2914 5556 3401 5629 deprompsimus.
3438 5561 3599 5616 Conf.
3640 5580 3691 5617 n.
3718 5562 3781 5615 36.
