3846 6244
15 262 37 311 ἲ
757 268 1126 324 ΑΡΡΕΝΟΙΧ.
1152 301 1218 308 -
1257 270 1534 325 TRANSL.

1353 270 1693 327 ANSLATIO
1731 271 1824 326 SS.
1871 272 1995 327 MM.
2039 273 2427 329 CIIRYSANTI
2471 278 2558 329 ET
2600 276 2862 331 DABIJE.

15 413 40 448 r
94 414 177 451 se
228 406 737 459 examinandam
771 407 1037 475 suscepit,
1073 407 1450 477 omniumque
1498 409 1595 478 qui
1635 413 1756 462 tum

16 481 227 537 tuere
266 489 558 555 judicio,
588 492 966 561 jurisjurandi
1008 493 1262 546 conditio
1312 493 1600 547 causidico
1633 511 1760 548 mo—

16 575 264 637 sterii,
348 585 508 633 tunc
555 582 798 634 Raberto
859 581 1090 634 nomine
1139 587 1221 634 est
1269 584 1595 642 constituta.
1647 600 1760 653 qua

16 676 33 711 ξ
74 670 366 729 postea
424 684 556 721 cum
588 670 715 722 aliis
765 669 1070 723 duodecim
1131 669 1400 735 ﬁrmavit,
1452 673 1756 740 possessio-

16 765 89 802 m
159 756 606 823 saepedictam
649 774 763 810 non
810 758 1071 811 Ecclesiae
1114 758 1497 827 Trevirorum,
1541 761 1636 813 sed
1669 761 1761 813 do-

16 840 154 893 .nio
203 844 429 913 regio
476 851 701 899 tantum
747 851 1094 916 competere.
1142 848 1252 899 lloc
1311 863 1444 917 ergo
1496 848 1666 901 modo
1700 865 1758 901 re

16 926 237 983 ﬁnita
300 938 383 987 et
440 934 709 1003 episcopo
762 936 994 989 tandem
1046 937 1460 1005 acquiescente,
1496 935 1757 989 famosis-

16 1033 163 1069 nus
206 1035 350 1073 rex
398 1038 529 1075 cum
560 1038 795 1075 suorum
852 1038 1133 1076 consensu
1181 1025 1379 1077 cellam
1432 1025 1610 1077 sancti
1653 1024 1760 1077 viri

15 1109 407 1163 onasterio
460 1111 707 1165 Prumim
749 1111 1001 1177 tradidit,
1055 1112 1209 1165 edito
1248 1112 1571 1166 traditionis
1615 1115 1760 1183 ejus-

28 1211 98 1247 m
144 1199 539 1269 privilegio,
586 1216 700 1271 quo
728 1200 980 1253 ﬁrmavit
1008 1205 1362 1272 testatusque
1400 1207 1503 1266 est,
1547 1219 1604 1255 se
1654 1219 1758 1271 pro

16 1300 191 1336 nore
236 1286 489 1341 Christi
526 1293 581 1341 et
611 1290 973 1358 eleemosyna
1003 1295 1307 1358 parentum
1330 1307 1584 1352 suorum,
1625 1291 1760 1361 Pip-

16 1374 95 1424 ni
132 1372 469 1428 videlicet
499 1377 646 1446 regis
675 1382 730 1429 et
760 1378 973 1446 reginae
1008 1378 1309 1443 Bertradaa,
1340 1380 1539 1432 cellam
1574 1379 1758 1448 ipsam

16 1476 76 1512 ιε
112 1462 292 1528 lege
330 1464 621 1532 jamdicto
653 1466 1001 1519 monasterio
1054 1466 1315 1531 subdere,
1374 1472 1438 1519 ut
1471 1467 1629 1519 omni
1660 1467 1755 1520 de-

16 1567 206 1618 ιρυρε
288 1557 573 1622 tempore
624 1558 872 1606 rectores
920 1554 1255 1607 monasterii
1315 1555 1571 1623 ejusdem
1631 1572 1757 1608 eam

16 1654 233 1703 mere,
283 1646 359 1693 et
395 1642 563 1693 rebus
603 1642 723 1710 ejus
774 1642 951 1694 libera
984 1643 1310 1696 conditione
1354 1644 1412 1695 in
1447 1660 1579 1696 usus
1619 1660 1757 1696 suo-

15 1742 126 1780 um
166 1729 452 1799 Deoque
486 1730 859 1783 servientium
892 1731 1131 1783 fratrum
1176 1733 1523 1784 necessarios
1552 1732 1657 1797 uti,
1696 1748 1758 1784 ac

16 1832 113 1866 ine
205 1818 358 1869 ulla
410 1818 751 1888 cujusquam
812 1820 1283 1887 contradictione,
1345 1836 1471 1890 qua!
1522 1820 1758 1873 utilitati

16 1906 346 1958 ommuni
397 1913 789 1976 competerent
821 1908 888 1960 de
936 1925 1002 1960 ea
1043 1908 1226 1970 facere
1261 1914 1316 1960 et
1356 1908 1619 1962 ordinare
1660 1909 1758 1962 de-

16 1998 224 2046 »erent
259 2013 281 2058 ;
334 2012 527 2065 neque
560 1996 729 2048 rebus
762 1997 1126 2050 solummodo
1180 2014 1321 2067 quas
1369 2002 1629 2067 tempore
1660 2014 1757 2051 eo-

3463 281 3566 333 674

1796 412 1837 464 Α
1870 409 2000 464 dem
2032 411 2187 464 cellas
2220 411 2543 465 dominium
2575 412 2870 482 retineret,
2902 414 2999 468 sed
3028 419 3086 468 et
3116 414 3228 468 illis
3247 432 3375 485 quae
3409 416 3563 469 futu-

1870 498 1947 551 ris
2008 499 2459 553 successionibus
2503 501 2835 571 acquisisset
2877 502 3007 571 jure
3058 503 3389 557 ﬁrmissimo
3440 510 3560 557 ute-

1869 587 2087 636 rentur.

1939 671 2025 723 47.
2062 672 2191 725 Haec
2249 672 2735 742 quemadmodum
2779 675 2894 727 sint
2933 680 3088 744 gesta
3138 674 3309 747 atque
3353 681 3564 730 statuta

1868 760 2083 827 poterit
2112 760 2210 831 qui
2241 762 2392 814 volet
2419 760 2627 814 relecto
2657 762 2854 815 eodem
2906 764 3004 832 qui
3061 764 3343 833 hodieque
3382 764 3438 817 in
3473 780 3562 817 ar-

1868 847 2043 900 chivis
2072 848 2252 917 ipsius
2275 850 2606 902 monasterii
2654 850 3062 920 integerrimus
3094 857 3286 905 manet
3330 852 3563 921 privile-

1867 936 1962 1005 gio
1996 937 2165 991 scire.
2206 938 2376 991 Nobis
2409 954 2528 990 rem
2579 937 2831 992 breviter
2873 954 3355 992 commemorasse
3388 940 3563 993 suile-

1867 1025 2026 1088 cerit,
2063 1041 2133 1078 ne
2172 1026 2229 1078 id
2264 1026 2417 1096 quod
2465 1031 2612 1079 esset
2644 1028 2781 1080 utile
2838 1028 3186 1097 cognitioni,
3240 1028 3468 1097 penitus
3497 1029 3566 1080 si-

1867 1112 2062 1178 luisse,
2088 1119 2143 1167 et
2175 1113 2233 1167 in
2256 1115 2361 1167 hac
2392 1119 2550 1183 parte
2579 1114 2726 1167 circa
2756 1114 2815 1168 B.
2843 1116 3079 1169 Goarem
3106 1116 3292 1168 ofﬁcio
3316 1115 3563 1169 defuisse

1868 1202 2071 1255 merito
2094 1206 2593 1272 redarguercmur.

1937 1292 2024 1343 48.
2063 1291 2318 1361 Denique
2349 1307 2477 1344 cum
2514 1292 2633 1343 haec
2678 1290 3080 1357 scriberemus,
3136 1290 3283 1344 sicut
3322 1290 3382 1344 in
3416 1292 3564 1361 regi-

1868 1377 2020 1431 mine
2054 1378 2391 1431 monasterii
2438 1378 2708 1440 Prumize,
2753 1378 2830 1431 sic
2882 1379 3053 1431 etiam
3104 1379 3162 1431 in
3203 1379 3565 1446 possessione

1867 1468 2020 1519 cellae
2054 1466 2108 1520 S.
2157 1467 2354 1520 Goaris
2408 1472 2622 1520 Asuero
2661 1468 3005 1530 Tancradus,
3058 1473 3114 1521 et
3164 1467 3216 1520 ei
3242 1468 3563 1520 Marcuvar-

1869 1555 1974 1607 dus
2001 1555 2209 1607 vicaria
2240 1555 2556 1608 mutatione
2592 1562 2997 1609 successerant.

1938 1645 2025 1695 49.
2064 1645 2139 1695 De
2174 1644 2373 1696 abbate
2414 1660 2587 1712 porro
2619 1647 2836 1697 Asuero
2886 1649 2942 1696 et
2971 1644 3111 1697 cella
3153 1644 3325 1696 sancti
3356 1644 3461 1696 viri
3496 1660 3563 1697 ea

1868 1747 1996 1801 quae
2029 1732 2217 1800 primo
2269 1732 2566 1783 retulimus
2608 1731 2686 1784 ita
2717 1748 2837 1784 esse
2870 1736 3045 1800 gesta,
3084 1732 3318 1801 quidam
3369 1748 3436 1784 ex
3476 1749 3565 1785 se-

1869 1819 2128 1873 nioribus
2161 1836 2271 1872 non
2306 1820 2577 1889 indignus
2609 1819 2717 1871 ﬁde
2755 1819 2822 1871 ab
2872 1820 3071 1873 eodem
3106 1820 3307 1873 abbate
3356 1836 3413 1871 se
3463 1837 3560 1872 au—

1870 1907 2018 1961 disse
2046 1914 2131 1961 est
2161 1912 2526 1978 protestatus.

1800 1685 1837 1737 Β

1332 2306 2281 2429 APPENDIX

281 2635 978 2744 HISTORIA
1063 2635 2227 2743 TRANSLATIONIS
2318 2636 3328 2764 RELIQUIARUM

1482 2827 1601 2888 SS.
1652 2826 2155 2889 MARTYRUM

1016 2968 1822 3071 CHRYSANTI
1891 2970 2068 3069 ET
2141 2968 2614 3070 DARI/E

1343 3138 1432 3198 Ex
1467 3139 1621 3198 urbe
1655 3139 1861 3199 Roma
1894 3138 1953 3197 in
1986 3138 2278 3199 Galliam.

863 3272 1032 3337 (Apud
1090 3273 1288 3322 Mabill.
1342 3274 1451 3323 Act.
1510 3272 1598 3321 SS.
1655 3274 1770 3323 ord.

793 3506 919 3560 CAP.
962 3507 1007 3558 Ι.

116 3578 288 3630 Anno
344 3576 653 3630 Dominicm
686 3577 1100 3631 Incarnationis
1131 3577 1255 3644 8M,
1290 3576 1609 3647 imperante
1639 3577 1745 3630 Lo-

50 3646 234 3699 thario
268 3650 554 3717 Augusto,
586 3648 704 3701 tilio
752 3646 1101 3700 serenissimi
1148 3646 1513 3718 imperatoris
1560 3649 1748 3701 Ludo—

56 3718 176 3777 vici.
208 3719 609 3785 Marcwardus,
636 3718 779 3771 abba
830 3720 1077 3771 Prumiae
1119 3720 1470 3782 monasterii,
1507 3720 1746 3771 Romam

56 3788 131 3859 ire
161 3790 503 3858 disponens,
545 3788 843 3841 memorati
888 3789 1159 3859 principis
1207 3789 1535 3858 impetravit
1575 3789 1749 3841 licen-

54 3858 188 3912 tiam
215 3867 274 3913 et
306 3860 577 3928 epistolas
598 3861 664 3912 ad
693 3860 1023 3928 pontiﬁcem
1070 3860 1217 3912 sedis
1254 3860 1582 3929 apostolica:
1615 3860 1749 3912 Gre-

60 3930 301 3996 gorium,
334 3931 395 3983 in
447 3930 656 3999 quibus
715 3931 873 3999 regia
920 3930 1364 3983 conveniebatur
1410 3930 1746 3983 auctoritate

60 4006 116 4070 ut
143 4001 384 4070 alicujus
416 4000 830 4070 praeclarissimi
860 4001 1125 4070 martyris
1155 4017 1362 4069 corpus
1407 4001 1458 4053 ei
1492 4000 1615 4054 dari
1645 4000 1748 4054 de-

58 4067 209 4124 beret
237 4067 783 4136 famae—celebrioris,
832 4071 901 4124 de
954 4067 1117 4140 cujus
1171 4067 1434 4140 passione
1480 4087 1543 4123 ac
1575 4086 1746 4123 vene-

64 4141 271 4194 ratione
333 4142 524 4194 nullus
580 4141 835 4194 ﬁdelium
891 4146 1079 4209 posset
1132 4141 1443 4211 ambigere.
1503 4144 1746 4209 Arrepto

64 4226 301 4281 namque
341 4214 463 4279 jam
509 4212 733 4275 itinere,
785 4228 914 4265 cum
971 4212 1341 4281 comperisset
1393 4212 1745 4265 antedictum

67 4296 258 4349 papam
294 4282 485 4335 obisse
517 4283 871 4351 Gregorium,
907 4282 1200 4351 aliumque
1230 4298 1331 4351 pro
1362 4299 1429 4335 eo
1462 4282 1745 4335 constitu-

68 4356 173 4404 tum
208 4353 445 4406 nomine
475 4353 760 4421 Sergium,
797 4354 969 4405 missa
1025 4353 1094 4405 ad
1144 4353 1548 4422 imperatorem
1598 4353 1745 4405 rela-

68 4421 227 4487 tione,
260 4424 620 4492 receptisque
661 4439 789 4475 mox
827 4423 893 4476 ad
924 4439 1111 4491 nuper
1139 4421 1392 4476 creatum
1433 4422 1746 4475 antistitem

72 4494 356 4563 mandatis,
391 4495 623 4546 tandem
662 4498 789 4562 post
818 4494 989 4562 longa
1035 4494 1258 4546 itineris
1292 4493 1473 4563 spatia
1504 4494 1746 4547 Romam

72 4562 394 4633 ingreditur.
420 4566 725 4634 Susceptus
744 4564 994 4633 denique
1016 4562 1417 4617 honoriﬁce’ab
1435 4565 1746 4634 apostolico

72 4648 220 4705 papa,
256 4636 529 4705 epistolas
568 4635 616 4687 ei
649 4634 832 4703 regias
884 4634 1140 4688 tradidit.
1199 4635 1319 4697 Ille,
1363 4635 1537 4702 jussis
1569 4634 1748 4705 impe—

77 4704 305 4774 rialibus
338 4706 578 4774 ejusque
626 4705 998 4773 petitionibus
1052 4705 1437 4758 favorabiliter
1481 4705 1538 4757 in
1567 4704 1748 4758 omni-

77 4772 162 4827 bus
220 4772 505 4853 annu'ensﬁ,
563 4772 985 4853 spbpondithse
1015 4780 1255 4853 _cuncta_
1281 4777 1563 4853 facturum
1607 4791 1741 4853 quae
1782 4801 1825 4853 ι)

76 4851 429 4917 suggesserat.
466 4848 599 4899 Post
624 4846 745 4899 haec
774 4845 931 4898 misit
976 4847 1028 4899 ei
1058 4861 1161 4915 per
1210 4846 1484 4899 Marinum
1528 4845 1743 4915 episco-

79 4930 193 4981 pum
218 4918 431 4970 librum
459 4922 787 4969 sanctorum
833 4917 1223 4970 continentem
1270 4917 1583 4986 passiones,
1629 4916 1747 4985 jus-

79 4987 236 5057 sitque
265 4989 593 5057 passionem
632 4987 809 5040 sancti
859 4987 1158 5057 Chrysauti
1208 4992 1263 5040 et
1312 4987 1493 5040 Darim
1542 4987 1745 5040 litteris

80 5060 294 5119 tradere,
356 5057 645 5126 pollicitus
706 5073 907 5112 eorum
965 5072 1207 5126 corpora
1254 5073 1312 5110 se
1367 5057 1417 5109 ei
1451 5058 1740 5111 daturum.

82 5127 370 5182 Constituta
400 5129 591 5197 itaque
618 5128 710 5182 die
754 5128 820 5181 ad
883 5129 1314 5181 Lateranensem
1362 5133 1632 5197 properat
1661 5144 1747 5181 ec-

80 5197 303 5268 clesiam.
385 5201 641 5268 Cumque
687 5200 882 5268 jussus
944 5198 1014 5251 ad
1082 5200 1408 5252 Romanum
1455 5199 1744 5268 ingressus

83 5266 245 5323 fuisset
272 5266 625 5339 pontiﬁcem,
654 5266 858 5338 positis
885 5269 945 5323 in
976 5270 1175 5323 locello
1207 5285 1379 5339 super
1410 5266 1585 5323 altare
1613 5284 1744 5322 cor—

134 5447 249 5498 ‘De
297 5445 442 5497 cella
482 5444 680 5515 sancti
738 5444 957 5509 Goaris,
1021 5461 1085 5498 ac
1131 5444 1200 5499 de
1251 5445 1375 5515 ejus
1434 5445 1742 5500 donatione

84 5514 264 5569 Asuero
297 5514 618 5568 Prumiensi
653 5531 756 5584 per
784 5516 1094 5585 Pippinum
1120 5514 1314 5585 regem
1355 5516 1519 5583 facta,
1547 5518 1742 5586 legen-

1822 3273 1873 3322 S.
1926 3274 2116 3322 Bened.
2174 3278 2306 3323 tom.
2362 3273 2450 3335 ιν,
2502 3288 2552 3337 p.
2607 3274 2741 3337 6H.)

1786 3509 1825 3563 C
1859 3506 2113 3575 poribus,
2161 3509 2333 3576 atque
2382 3522 2447 3559 ex
2492 3510 2731 3575 utraque
2781 3510 2941 3575 parte
2987 3505 3269 3560 stantibus
3317 3504 3558 3559 clerico—

1858 3594 1987 3630 rum
2020 3577 2340 3637 ordinibus,
2373 3581 2428 3629 et
2458 3577 2812 3637 canentibus,
2838 3576 3072 3629 tradidit
3103 3578 3153 3629 ei
3176 3592 3303 3629 cum
3329 3592 3555 3628 summa

1857 3648 2224 3700 veneratione
2272 3652 2327 3699 et
2377 3646 2594 3699 honore
2644 3647 3014 3715 praefatorum
3069 3652 3381 3716 martyrum
3430 3663 3554 3698 cor-

1858 3733 2021 3786 pora,
2062 3718 2165 3770 sub
2218 3717 2578 3769 invocatione
2626 3717 2876 3769 nominis
2934 3717 3160 3770 Domini
3210 3718 3550 3786 prmeipiens

1858 3805 1988 3841 eum
2022 3787 2171 3841 circa
2202 3787 2627 3839 venerationem
2660 3803 2858 3839 eorum
2889 3788 3205 3846 intendere,
3242 3804 3355 3857 quo
3399 3792 3554 3839 uter-

1859 3875 1970 3928 que
2006 3858 2103 3911 Dei
2136 3858 2543 3927 omnipotentis
2576 3858 2848 3910 offensam
2906 3857 3081 3927 possit
3114 3858 3399 3927 ctfugere:
3432 3858 3554 3926 ipse

1858 3930 2090 3999 quidem
2126 3929 2278 3999 quod
2314 3928 2553 3993 dederit,
2608 3929 2701 3981 ille
2733 3944 2865 3980 vero
2918 3929 3071 3999 quod
3128 3929 3270 3980 datis
3303 3928 3553 3981 debitam

1858 3998 1971 4052 non
2032 3998 2345 4069 providerit
2398 4000 2849 4051 venerationem.
2907 3998 3163 4052 Tradidit
3214 3999 3265 4051 ei
3321 4014 3554 4069 quoque

1858 4071 2132 4139 reliquias
2164 4069 2547 4139 quadraginta
2593 4086 2690 4122 sex
2738 4074 3067 4122 sanctorum
3115 4075 3455 4138 martyrum,
3492 4085 3553 4121 ac

1858 4141 2129 4209 przecepit
2158 4141 2218 4193 in
2244 4141 2467 4193 tumulo
2501 4157 2593 4193 eas
2640 4146 3087 4193 memoratorum
3135 4140 3369 4193 recondi
3414 4154 3552 4192 san-

1857 4216 2097 4263 ctorum.
2151 4211 2435 4280 Susceptis
2487 4211 2681 4280 itaque
2727 4227 2858 4264 cum
2905 4227 3129 4264 summa
3186 4210 3551 4264 veneratione

1856 4282 2210 4350 corporibus,
2249 4297 2450 4334 omnes
2476 4281 2840 4351 praecipitans
2872 4298 3060 4335 moras
3084 4282 3390 4351 maturavit
3420 4295 3554 4349 pro-

1857 4352 2184 4404 fectionem.
2218 4351 2493 4405 Omnibus
2524 4352 2699 4420 igitur
2728 4352 3135 4415 incolumibus,
3185 4353 3550 4422 quinquage-

1858 4423 2001 4474 simo
2034 4422 2124 4494 die
2154 4429 2459 4492 postquam
2511 4423 2579 4474 ab
2614 4423 2759 4475 Urbe
2794 4440 3051 4494 gressum
3104 4421 3444 4494 extulerant,
3490 4421 3550 4494 in

1857 4492 2281 4561 possessionem
2326 4494 2563 4545 veniunt
2606 4492 2961 4557 monasterii,
3012 4494 3279 4545 videlicet
3324 4492 3384 4544 in
3438 4492 3551 4544 cel-

1858 4564 1967 4615 lam
1995 4563 2172 4615 sancti
2217 4563 2411 4616 Goaris
2440 4572 2494 4616 εξ
2551 4563 2648 4615 ubi
2697 4580 2799 4633 per
2846 4564 3084 4615 biduum
3137 4565 3546 4626 commoratus,

1857 4633 2137 4686 ordinatis
2165 4633 2456 4697 fratribus,
2490 4648 2618 4685 cum
2646 4634 2988 4687 venerandis
3019 4633 3354 4701 corporibus
3394 4647 3549 4700 pra:-

1858 4703 2031 4756 mittit
2062 4720 2157 4756 eos
2187 4705 2255 4757 ad
2286 4703 2576 4757 Prumiam
2606 4704 3037 4767 monasterium,
3068 4718 3315 4772 quorum
3348 4702 3548 4754 fratres

1856 4774 2101 4828 adventu
2127 4780 2438 4843 comperto,
2474 4790 2602 4827 cum
2655 4774 2898 4826 maxima
2948 4773 3330 4842 gratulatione
3377 4772 3548 4824 sacris

1856 4844 2041 4898 induti
2072 4845 2339 4897 festinant
2375 4860 2671 4897 occurrere
2700 4860 2827 4896 cum
2882 4843 3233 4896 candelabris
3282 4847 3340 4896 et
3370 4843 3547 4895 cruci-

1855 4915 1980 4967 bus.
2013 4914 2149 4977 Qme
2179 4931 2311 4967 vero
2342 4914 2401 4967 in
2448 4914 2553 4966 hoc
2596 4916 2778 4983 spatio
2828 4913 3049 4967 itineris
3094 4914 3364 4966 miracula
3399 4914 3547 4966 Deus

1854 4985 1926 5037 ad
1960 4984 2312 5038 ostendenda
2356 4988 2682 5037 sanctorum
2715 5000 2948 5036 suorum
2984 4984 3188 5036 merita
3219 4984 3544 5036 declarave-

1852 5056 1947 5120 rit,
1980 5054 2351 5107 translatione
2384 5070 2583 5107 eorum
2618 5058 2844 5123 peracta
2892 5054 3211 5123 expediam.
3264 5054 3408 5107 Cum
3452 5053 3540 5106 in-

1851 5125 2011 5195 genti
2051 5125 2242 5193 itaque
2267 5124 2570 5177 devotione
2601 5130 2656 5177 et
2678 5124 2884 5192 gaudio
2909 5126 3181 5193 susceptis
3213 5128 3543 5177 sanctorum

1850 5194 2129 5263 reliquiis,
2164 5195 2544 5263 omnibusque
2579 5211 2705 5264 qua:
2738 5195 2986 5263 tempori
3027 5195 3423 5264 congruebant
3450 5212 3539 5248 ca-

1851 5264 2140 5330 nentibus,
2177 5280 2229 5317 Iv
2259 5265 2445 5317 Nonas
2473 5264 2609 5318 Julii
2664 5265 2929 5319 deferunt
2981 5281 3077 5318 eas
3136 5266 3196 5318 in
3247 5265 3543 5319 Prumiam

1850 5444 1953 5498 dus
1984 5442 2369 5497 Wandalberti
2420 5442 2570 5497 liber
2616 5442 2684 5496 de
2741 5440 3035 5496 miraculis
3093 5441 3270 5496 sancti
3328 5440 3541 5506 Goaris,

1856 5531 1978 5584 cap.
2014 5518 2068 5583 5,
2102 5530 2293 5584 supra.
