3846 6244
3771 80 3783 210 l

257 229 358 280 675
1439 226 1780 284 ΑΡΡΕΝΟῘΧ
1819 230 1912 282 AD
1953 227 2560 284 WANDALBERTUM.

261 356 710 411 monasterium:
757 356 1175 411 .iacueruntt'lue
1225 356 1280 408 in
1333 373 1396 408 eo
1447 373 1559 411 ouo
1594 358 1780 410 delata
1825 359 1944 411 fue-
1988 366 2023 411 Δ
2059 360 2192 411 illuc
2227 359 2478 411 veniens.
2509 359 2670 411 cuius
2702 375 2866 411 aures
2895 365 3192 411 perpetua!
3223 358 3578 411 surditatis
3625 234 3793 411 tuear-ri

261 356 670 431 monasterium
698 372 724 431 ;_
755 356 1175 431 jacueruntque
1225 356 1280 431 in
1333 373 1396 408 co
1447 373 1559 426 quo
1594 358 1780 410 delata
1825 359 1944 411 fue-
1987 366 2024 417 Α
2059 360 2192 412 illuc
2227 359 2478 420 veniens,
2509 359 2670 428 cujus
2702 375 2866 414 aures
2895 365 3192 431 perpetua
3223 358 3578 414 surditatis
3625 365 3770 412 tuear-.-

260 436 390 480 rant
421 428 627 479 feretro
661 427 728 478 ad
782 426 1071 478 dexteram
1115 429 1310 479 altaris
1355 445 1533 497 usque
1579 445 1632 480 x1
1669 431 1950 482 Kalenda—

259 514 384 550 rum
422 497 823 570 Novembrium
855 497 966 570 die,
1019 498 1232 550 scilicet
1280 515 1576 568 quousque
1625 517 1757 568 pars
1797 517 1951 570 quae-

258 570 388 622 dam
433 568 650 636 antiqui
701 569 900 636 templi
956 571 1312 637 complanata
1345 571 1400 622 in
1461 571 1708 638 spatium
1767 568 1950 639 proli-

256 641 381 692 xius
412 641 830 704 extenderetur,
886 641 1109 691 tumulo
1161 641 1366 708 dignus
1421 643 1782 694 conderetur.
1831 644 1951 705 Quo

259 711 482 779 expleto
518 713 796 778 tempore,
850 716 1163 762 memorata
1212 711 1302 762 die
1347 713 1618 763 translata
1664 717 1796 764 sunt
1827 729 1952 764 san-

258 788 476 833 ctorum
505 795 744 848 corpora
777 785 828 830 et
859 781 927 830 ab
961 781 1225 850 episcopo
1273 783 1666 846 Thcganberto
1698 795 1721 822 α
1752 785 1947 834 adum-

258 853 393 904 dum
449 851 712 919 religioso
747 867 838 902 Vlll
883 850 1267 903 Kalendarum
1316 853 1743 911 Novembrium,
1792 857 1945 906 vide-

259 923 390 975 licet
429 922 708 991 passionis
765 937 962 972 eorum
1011 923 1122 988 die,
1168 922 1379 975 inloco
1426 939 1539 991 quo
1589 939 1742 976 nunc
1780 940 1948 977 vene-

257 999 478 1058 rantur,
523 993 734 1044 scilicet
776 993 834 1043 in
883 993 1235 1059 possessione
1287 997 1464 1045 sancti
1512 995 1840 1061 Salvatoris,
1887 997 1945 1048 in

259 1065 402 1120 cella
435 1079 562 1132 quae
595 1064 806 1114 Novum
844 1063 1245 1116 Monasterium
1279 1071 1530 1128 vocatur,
1565 1081 1693 1117 cum
1724 1082 1949 1118 summo

260 1135 477 1188 honore
504 1134 877 1201 omniumque
911 1135 1290 1201 gratulatione
1333 1136 1638 1188 tumulata:
1676 1136 1770 1188 ubi
1801 1153 1950 1190 nunc

261 1221 458 1258 eorum
490 1204 988 1256 intercessionibus
1019 1205 1086 1256 ad
1121 1205 1345 1257 laudem
1379 1206 1464 1256 sui
1501 1207 1750 1258 nominis
1781 1223 1948 1260 oran-

259 1281 344 1328 tes
375 1276 628 1328 Christus
661 1276 902 1340 exaudit,
939 1276 1085 1326 sicut
1123 1292 1188 1327 ex
1240 1276 1506 1344 subjectis
1547 1279 1952 1346 comprobatur

260 1346 567 1399 miraculis.
603 1346 708 1398 Sed
741 1353 1048 1413 antequam
1083 1346 1178 1398 illa
1212 1363 1339 1415 qua:
1369 1353 1494 1416 post
1525 1364 1724 1400 eorum
1757 1355 1948 1401 tumu-

261 1417 530 1470 lationem
583 1422 704 1489 acta
762 1421 894 1466 sunt
947 1418 1220 1468 miracula
1279 1419 1666 1486 proferantur,
1709 1435 1774 1471 ea
1823 1436 1950 1489 qua).

260 1491 432 1556 paulo
466 1488 728 1556 superius
765 1489 1156 1555 promisimus,
1183 1489 1472 1542 reddenda
1505 1506 1664 1558 prius
1693 1491 1750 1542 in
1781 1488 1948 1544 initio

261 1559 546 1611 videntur.

989 1629 1113 1680 (lar.
1159 1629 1224 1682 ΙΙ.

333 1717 512 1784 Igitur
561 1732 692 1768 cum
733 1715 802 1767 ab
850 1716 1010 1767 Italia
1057 1717 1309 1786 degressi
1350 1717 1418 1769 ad
1476 1718 1764 1770 basilicam
1803 1718 1952 1770 beati

265 1787 459 1841 Goaris
507 1802 763 1854 gressum
803 1787 1150 1858 dirigerent,
1219 1788 1433 1840 femina
1491 1790 1776 1858 quaedam,
1839 1806 1952 1841 non

265 1859 459 1922 ignota
488 1859 702 1909 civibus
729 1857 866 1918 suis,
899 1873 1026 1908 cum
1057 1859 1234 1910 nimio
1281 1857 1828 1911 reniumteneretur
1853 1861 1951 1912 do-

267 1934 404 1992 lore,
434 1929 625 1980 audito
659 1933 979 1979 sanctorum
1014 1931 1278 1995 adventu,
1325 1932 1488 1998 petiit
1519 1947 1575 1982 se
1605 1946 1804 1982 eorum
1848 1931 1952 1982 ob-

265 2001 412 2050 viam
464 1999 612 2050 duci.
661 1999 916 2066 Cumque
967 1999 1096 2050 hinc
1123 2000 1254 2051 inde
1288 2016 1319 2050 a
1350 2001 1568 2052 duobus
1618 2006 1949 2061 sustentata,

263 2071 350 2121 vix
388 2070 454 2121 ad
487 2071 675 2120 locum
717 2069 1085 2135 [)L'I'\Clli5:t‘t.,
1146 2086 1274 2122 mox
1332 2079 1392 2122 ut
1452 2071 1634 2136 tetigit
1681 2073 1953 2124 feretrum

266 2157 378 2210 quo
413 2147 604 2192 sancta
647 2139 1002 2210 vehebantur
1039 2143 1316 2204 membra,
1373 2144 1560 2193 omnis
1612 2143 1688 2194 ita
1731 2145 1955 2210 fugatus

267 2217 350 2262 est
379 2211 561 2268 dolor.
589 2215 650 2261 ut
689 2209 952 2260 omnibus
985 2211 1415 2280 inspicienlibus
1453 2213 1628 2264 libero
1672 2209 1811 2264 ante
1857 2229 1953 2277 ge-

266 2281 566 2333 statorium
600 2297 790 2350 gressu
816 2289 1085 2334 curreret.
1137 2284 1260 2334 llaic
1307 2284 1494 2350 prima
1541 2283 1702 2334 nobis
1735 2291 1955 2335 saneto-

265 2369 393 2405 rum
439 2353 647 2404 enituit
695 2353 909 2402 virtus:
963 2353 1090 2404 licet
1137 2353 1320 2405 fidelis
1373 2360 1498 2420 post.
1540 2353 1643 2404 viri
1683 2354 1956 2406 relatione

267 2423 694 2490 comperissem,
745 2423 928 2473 adhuc
979 2423 1139 2475 nobis
1189 2426 1245 2474 in
1292 2424 1450 2476 Italia
1497 2423 1718 2492 positis,
1781 2425 1958 2476 simili

267 2497 434 2546 modo
464 2509 661 2544 eorum
694 2492 1045 2546 orationibus
1086 2495 1390 2562 quamdam
1425 2495 1694 2547 feminam
1739 2505 1960 2547 contra-

268 2571 418 2617 ctam
451 2564 622 2616 fuisse
655 2569 919 2615 erectam.

972 2635 1097 2689 CAP.
1155 2635 1244 2688 llI.

341 2722 573 2776 Femina
605 2722 863 2791 quaedam
897 2729 1016 2775 erat
1037 2739 1150 2774 non
1174 2723 1462 2791 ignobilis,
1485 2739 1629 2777 uxor
1663 2724 1958 2792 cujusdam

273 2795 535 2862 \Vaningi
569 2794 819 2857 nomine,
846 2795 1005 2860 cujus
1037 2794 1210 2862 pedes
1239 2801 1295 2847 et
1338 2811 1505 2847 crura
1553 2797 1628 2847 ita
1661 2796 1959 2848 intumue—

269 2871 418 2931 rant,
453 2873 512 2916 ut
535 2881 680 2933 pene.
711 2864 856 2915 lecto
883 2865 1252 2916 detineretur.
1283 2866 1429 2929 Haec,
1460 2867 1655 2918 audita
1685 2867 1958 2934 opinione

2063 432 2405 503 obtinuerat,
2441 447 2566 483 cum
2593 437 2920 484 sanctorum
2942 433 3156 486 ibidem
3190 431 3682 503 praestolaretur
3707 435 3793 484 tie-1

2063 509 2226 554 votus
2275 502 2635 570 suffragium,
2686 505 3055 556 sanctissimis
3102 501 3312 556 eorum
3361 501 3620 554 meritis
3655 507 3799 564 ate-it.

2061 578 2182 625 tum
2213 573 2305 624 diu
2336 573 2442 625 sibi
2474 573 2818 641 denegatum
2855 577 3103 644 recipere
3137 575 3404 628 meruit.

2760 655 2885 708 Car.
2941 657 3050 708 VII.

2131 734 2272 786 Item
2291 733 2524 802 quidam
2543 733 2742 786 debilis
2763 733 3016 800 brachio,
3047 731 3122 788 ita
3149 741 3210 788 ut
3235 735 3312 786 ab
3343 733 3632 786 humero
3655 733 3782 784 detu—

2059 820 2182 856 sum
2219 805 2492 872 penderet.
2521 804 2770 869 aridum,
2793 811 3072 872 praeterea
3102 806 3418 858 surditate
3457 804 3780 858 damnatus;

2059 891 2186 927 cum
2218 876 2288 927 ad
2320 880 2644 928 sanctorum
2679 876 3002 943 sepulcrum
3035 893 3164 929 cum
3207 877 3334 929 ﬁde
3377 874 3724 937 accederet,
3749 893 3784 929 ἥ

2058 946 2352 998 brachium
2381 945 2684 1014 pristinum
2725 947 3055 1014 recognovit
3103 946 3414 1009 officium,
3477 953 3544 998 et
3591 947 3788 997 obstra-

2057 1022 2161 1068 ctae
2194 1033 2357 1068 aures
2389 1017 2642 1070 auditum
2681 1033 2965 1086 recepere.

2745 1095 2872 1150 CAP.
2921 1097 3060 1150 VIII.

2128 1173 2284 1226 Alius
2315 1173 2549 1243 quidam
2602 1173 2710 1226 fuit
2757 1175 2856 1243 qui
2916 1176 2994 1228 ita
3051 1191 3283 1228 manum
3359 1190 3528 1228 cum
3577 1173 3788 1226 brari-tia

2059 1245 2306 1296 debilem
2340 1246 2605 1310 habebat,
2637 1250 2697 1297 ut
2729 1261 2958 1314 semper
2980 1246 3248 1300 deorsum
3281 1251 3600 1316 pendens
3631 1261 3788 1298 ornat

2059 1316 2164 1368 bus
2186 1315 2441 1384 corporis
2491 1315 2689 1368 officiis
2743 1317 3078 1370 redderetur
3134 1315 3406 1372 inutilis.
3489 1319 3600 1370 Hic
3655 1321 3788 1368 fast-:3-

2059 1388 2250 1438 culum
2285 1387 2382 1438 lini
2419 1387 2612 1438 manui
2645 1387 2914 1440 innexum
2945 1389 3116 1440 aridze
3147 1404 3280 1440 cum
3313 1389 3402 1441 ad
3449 1389 3788 1440 memori-1m

2059 1461 2145 1522 (ut
2175 1457 2492 1525 oportebat)
2527 1457 2769 1510 venisset
2801 1465 3136 1527 martyrum,
3175 1466 3354 1528 atque
3399 1475 3610 1526 super
3633 1461 3788 1510 altare

2061 1533 2320 1596 poneret,
2370 1529 2630 1596 protinus
2660 1546 2692 1581 a
2731 1530 3032 1599 regiditatc
3085 1545 3185 1582 sua
3233 1531 3604 1584 resolutum
3661 1532 3790 1598 priter

2025 1615 2030 1618 '
2061 1599 2229 1651 rediit
2253 1600 2450 1651 virtus.

2784 1679 2893 1733 CAP
2932 1679 3019 1732 IX.

2135 1764 2404 1827 Quaedam
2439 1765 2572 1818 item
2611 1765 2838 1818 femina
2871 1768 3106 1836 cupiens
3150 1769 3259 1820 Deo
3295 1774 3351 1821 et
3395 1768 3642 1820 sanctis
3673 1783 3794 1818 mar-

2063 1838 2282 1908 tyribus
2313 1837 2428 1888 illic
2468 1837 2866 1896 servientibus,
2903 1839 3168 1892 subsidiis
3200 1839 3640 1908 corporalibus
3675 1838 3784 1890 sub-

2065 1907 2277 1962 venire.
2306 1913 2576 1980 onustum
2601 1909 2919 1976 plaustrum
2941 1925 3068 1961 cum
3095 1907 3312 1978 paneet
3337 1917 3533 1980 potu,
3561 1909 3788 1977 aliisque

2065 1979 2396 2050 necessariis
2453 1994 2647 2050 secum
2705 1980 2934 2044 ducens,
2999 1980 3064 2032 ad
3139 1979 3346 2033 locum,
3405 1980 3786 2050 properabat.

2067 2048 2274 2100 Verum
2314 2065 2443 2100 cum
2476 2050 2596 2117 jam
2639 2049 2696 2100 in
2736 2051 2995 2118 proximo
3037 2057 3205 2114 esset,
3265 2048 3596 2120 praecessit
3635 2051 3786 2118 plau-

2068 2124 2268 2170 strum.
2305 2123 2559 2188 Cumque
2591 2123 2913 2187 sepulcrqu
2964 2121 3200 2174 minime
3235 2138 3376 2174 auro
3412 2125 3520 2174 vel
3560 2128 3786 2188 argento

2067 2197 2324 2240 cerneret
2383 2191 2622 2257 fulgere,
2683 2195 2746 2242 ut
2802 2192 3025 2244 stolidae
3077 2201 3135 2244 et
3189 2193 3562 2259 irreligioso?
3617 2193 3788 2242 Solent

2067 2266 2308 2333 mentes,
2371 2261 2628 2329 despexit
2667 2267 2720 2312 et
2779 2261 3235 2333 irrisitlocum;
3298 2271 3490 2333 atque
3559 2278 3778 2314 suorum

2068 2331 2288 2382 obviam
2309 2333 2540 2403 concito
2583 2347 2804 2384 reversa
2849 2332 3051 2401 gradu,
3095 2334 3266 2401 jussit.
3304 2331 3408 2386 eos
3447 2351 3580 2403 qua
3627 2349 3776 2384 vene-

2067 2409 2197 2452 rant
2227 2401 2432 2466 redire,
2495 2403 2684 2454 dicens
2743 2403 2882 2454 nihil
2953 2403 3030 2456 ibi
3091 2405 3413 2457 sanctitatis
3467 2401 3770 2456 contineri.

2066 2473 2222 2524 Tunc
2281 2473 2558 2526 multione
2595 2471 3092 2543 [al.,multatione]
3145 2481 3486 2528 sanctorum
3563 2490 3770 2526 carrum

2069 2543 2423 2615 confractum
2455 2549 2554 2605 est,
2589 2551 2871 2612 potusque
2922 2544 3181 2610 ditI‘usus,
3226 2552 3403 2615 atque
3455 2546 3666 2598 omnia
3693 2561 3774 2595 su-

2067 2614 2357 2682 perposita
2391 2614 2465 2664 ita
2511 2615 2764 2682 dispersa
2813 2619 2965 2678 sunt,
3001 2621 3062 2667 ut
3105 2617 3264 2668 nullo
3301 2614 3434 2668 usui
3491 2623 3632 2684 apta
3665 2615 3772 2666 reii-

2069 2686 2358 2736 derentur.
2395 2685 2517 2752 Ipsa
2551 2686 2800 2754 denique
2831 2686 2996 2738 tertia
3045 2686 3136 2738 die
3188 2688 3260 2740 ob
3295 2688 3630 2741 vindictam
3661 2701 3770 2737 cou-

2071 2761 2323 2823 temptus
2346 2755 2548 2807 mortis
2571 2771 2743 2824 poena
2773 2756 3013 2808 multata
3041 2762 3142 2810 est.

2780 2845 2904 2898 CAP.
2949 2847 3012 2899 X.

271 2929 618 2990 sanctorum.
649 2935 1168 3006 sulivectioneequi
1201 2929 1964 3006 obsc.-queiitiuniqueadmi-
2003 2943 2042 2998 C
2143 2929 2266 2982 Alia
2307 2929 2444 2982 Ποω
2467 2929 2678 3006 femina
2709 2947 2834 2984 Cum
2869 2932 3055 3006 )‘alida
3092 2931 3302 2994 scabie,
3347 2932 3768 3006 onmi_pretne-

271 3007 461 3058 niculo
485 3007 706 3058 obviam
741 3005 927 3070 ducta,
983 3005 1066 3056 vix
1103 3011 1248 3056 tacto
1295 3007 1504 3059 feretro
1537 3007 1617 3059 ita
1665 3024 1797 3058 sana
1831 3009 1965 3060 etl'e-

271 3082 359 3129 cta
391 3083 492 3141 est,
531 3083 592 3128 ut
644 3092 744 3144 per
803 3081 986 3127 totum
1045 3083 1322 3140 montem,
1375 3077 1538 3144 cujus
1593 3079 1653 3129 in
1685 3078 1796 3129 illis
1827 3079 1963 3130 locis

271 3147 450 3200 nimia
501 3149 772 3215 asperitas
809 3153 866 3196 et
901 3146 1138 3197 altitudo
1171 3153 1274 3211 est,
1308 3162 1423 3199 una
1453 3152 1600 3199 esset
1641 3163 1706 3200 ex
1737 3153 1963 3214 gestan-

275 3219 424 3270 tibus
471 3216 765 3270 feretrum.
815 3218 1044 3268 Postero
1087 3221 1278 3268 autem
1319 3217 1428 3282 die,
1481 3234 1610 3270 cum
1659 3218 1963 3272 missarum

272 3288 550 3340 solemnia
583 3288 1030 3352 celebrarentur,
1065 3286 1334 3339 ancillula
1375 3295 1705 3341 memor-alie
1739 3289 1966 3343 feminae

273 3359 424 3411 inter
481 3358 782 3412 missarum
829 3357 1268 3410 celebrationem
1311 3359 1389 3410 ita
1437 3365 1720 3410 contracta
1767 3366 1869 3422 est,
1905 3366 1966 3412 ut

274 3445 401 3499 qua:
454 3429 694 3498 pedibus
737 3433 988 3493 venerat,
1037 3429 1269 3481 alterius
1309 3430 1572 3481 manibus
1619 3431 1961 3483 tolleretur:

275 3503 603 3568 ignoramus
635 3507 827 3554 tamen
851 3501 989 3570 quid
1029 3515 1211 3550 causa!
1250 3499 1440 3552 fuerit.
1471 3501 1674 3570 Opinio
1705 3517 1836 3553 vero
1859 3500 1967 3554 fuit

274 3572 426 3640 quod
470 3571 763 3625 servitium
815 3571 1160 3624 recusaverit
1210 3575 1558 3634 sanctorum,
1594 3573 1785 3624 volens
1840 3587 1964 3623 eam

274 3641 504 3694 domina
521 3659 620 3695 sua
640 3642 754 3696 illis
775 3643 1057 3711 delegare.
1083 3643 1278 3693 Postea
1300 3643 1550 3712 denique
1564 3658 1693 3694 cum
1711 3642 1966 3695 triduum

273 3712 332 3764 in
373 3713 570 3765 eadem
623 3715 859 3767 ecclesia
911 3713 1006 3766 ubi
1055 3716 1342 3765 contracta
1393 3723 1475 3766 est
1523 3713 1753 3778 faceret,
1795 3719 1965 3782 atque

274 3799 376 3851 pro
407 3800 473 3836 ea
512 3789 736 3837 oratum
773 3789 937 3850 esset,
973 3783 1327 3836 orationibus
1358 3790 1682 3836 sanctorum
1711 3784 1967 3836 restituta

273 3858 357 3906 est
387 3855 613 3907 sanitati
644 3873 655 3916 ;
681 3857 932 3925 itemque
960 3870 1089 3907 cum
1125 3855 1360 3925 domum
1393 3859 1790 3920 reverteretur,
1829 3871 1966 3907 con-

273 3930 454 3977 tracta
485 3935 587 3988 est,
638 3923 960 3994 iterumque
1017 3925 1224 3978 virtute
1271 3923 1599 3978 sanctorum
1647 3933 1966 3994 martyrum

275 3996 524 4064 priorem
563 3998 775 4066 recepit
807 3996 1200 4049 valitudinem.

998 4085 1106 4137 Car
1147 4083 1240 4136 IV.

345 4155 481 4206 Item
518 4153 728 4206 femina
757 4154 1042 4222 quautam,
1072 4169 1200 4205 cum
1237 4153 1314 4204 ita
1353 4152 1742 4206 membrorum
1775 4153 1972 4206 debili-

277 4227 390 4276 tate
423 4229 712 4275 contracta
761 4231 1054 4276 teneretur
1101 4229 1162 4274 ut
1193 4223 1455 4276 vehicqu
1511 4225 1833 4288 duceretur,
1879 4241 1968 4276 ro-

2075 3007 2230 3053 retur
2260 3017 2516 3071 corpore,
2571 3002 2711 3055 adeo
2758 3009 2820 3055 ut
2867 3004 3024 3072 lepra
3071 3011 3392 3072 putaretur,
3447 3004 3558 3057 sed
3615 3002 3764 3054 etiam

2073 3072 2296 3124 diutino
2331 3072 2526 3124 morbo
2573 3073 2716 3125 lecto
2752 3078 3064 3136 teneretur,
3107 3080 3388 3142 praeterea
3425 3089 3624 3143 neque
3669 3089 3762 3124 uie-

2074 3144 2333 3195 dicorum
2383 3143 2499 3194 ulla
2547 3143 2824 3211 potuisset
2871 3149 2991 3196 arte
3041 3143 3262 3209 curari;
3326 3146 3452 3198 1]ωο
3507 3161 3642 3196 cum
3691 3158 3764 3194 au-

2075 3213 2247 3265 disset
2278 3230 2308 3265 a
2343 3213 2539 3266 vicinis
2587 3229 2816 3266 cereum
2869 3215 2926 3266 in
2979 3215 3194 3267 honore
3255 3223 3585 3284 martyrum
3635 3213 3758 3268 ﬁeri.

2074 3299 2305 3336 accensa
2367 3284 2478 3336 fide
2529 3285 2864 3354 particulam
2913 3301 3049 3338 cera?
3109 3293 3456 3354 coemptum,
3533 3285 3666 3338 fecit
3717 3284 3760 3333 in

2074 3357 2274 3407 eodem
2319 3355 2540 3407 misceri
2587 3371 2769 3407 cereo.
2804 3359 2944 3410 Cum
2987 3357 3180 3425 itaque
3230 3372 3432 3410 cereus
3473 3356 3550 3409 ad
3593 3354 3760 3422 sepul-

2075 3440 2232 3476 crum
2267 3425 2485 3496 delatus
2525 3425 2725 3477 fuisset
2753 3431 3083 3496 martyrum,
3141 3426 3352 3480 mirum
3403 3429 3462 3480 ir.
3519 3426 3756 3482 modum.

2075 3511 2205 3567 mox
2236 3501 2300 3547 ut
2349 3495 2472 3565 igni
2505 3512 2770 3548 accensus
2809 3495 2910 3562 est,
2959 3497 3138 3550 sensit
3187 3513 3343 3566 aegra
3384 3500 3562 3567 longe
3599 3497 3758 3566 posita

2073 3566 2360 3638 virtutem,
2407 3573 2628 3638 atquee
2678 3573 2854 3620 stratu
2915 3583 3154 3636 surgens
3202 3566 3514 3638 pristinam
3563 3567 3762 3634 recepit

2075 3637 2331 3705 corporis
2353 3637 2677 3691 sanitatem.

2795 3709 2922 3762 CAP.
2965 3709 3052 3762 XI.

2147 3805 2284 3856 Item
2348 3804 2458 3857 alia
2499 3803 2748 3857 inclusos
2794 3804 3002 3873 digitos
3055 3811 3226 3875 atque
3269 3805 3488 3875 rigidos
3537 3804 3750 3864 habens,

2079 3874 2371 3946 admonita
2395 3875 2668 3928 divinitus
2703 3880 2762 3928 ut
2787 3876 2858 3928 ad
2892 3874 3230 3930 memoriam
3261 3874 3608 3946 preperaret
3644 3889 3752 3926 san-

2077 3949 2318 4010 ctorum,
2353 3945 2463 3998 fide
2520 3947 2706 4010 ducta,
2741 3947 2808 3998 ad
2863 3946 3052 4000 locum
3113 3947 3190 4000 ita
3245 3945 3388 4000 sana
3413 3963 3636 4000 reversa
3667 3949 3754 3998 est.

2079 4031 2140 4068 ac
2171 4016 2217 4068 si
2245 4017 2388 4069 nihil
2423 4032 2678 4086 unquam
2713 4017 2959 4070 laesionis
2986 4019 3332 4087 pertulisset.

2788 4116 2915 4169 CAP.
2947 4115 3058 4169 XII.

2151 4211 2393 4273 Quidam
2449 4211 2659 4264 nobilis
2693 4212 2776 4265 vir
2829 4229 3020 4266 amore
3054 4213 3255 4266 ductus
3307 4223 3636 4266 sanctorum
3673 4223 3752 4258 r0-

278 4293 431 4362 gavit
483 4311 540 4345 se
587 4295 809 4346 obviam
852 4293 982 4347 duci
1039 4299 1388 4345 sanctorum.
1451 4295 1579 4346 [Itec
1618 4281 1966 4348 orationibus
2009 4281 2230 4345 D18bat
2263 4283 2454 4335 locum
2500 4283 2834 4362 adire-“ch
2859 4283 3162 4362 coniugem
3213 4299 3395 4362 suam,
3428 4285 3679 4362 Ῡὶοξὲδψδ
3705 4283 3753 4329 υἱ

277 4381 476 4436 eorum
513 4365 586 4436 ita
617 4365 768 4416 salva
809 4365 1074 4430 surrexit,
1111 4372 1173 4416 ut
1221 4363 1474 4433 propriis
1511 4365 1736 4418 ﬁrmata
1767 4367 1970 4436 gressi-

275 4435 382 4487 bus
415 4435 718 4488 incederet.

1010 4506 1135 4557 CAP.
1181 4505 1239 4555 V.

350 4594 488 4646 Cum
521 4610 653 4646 vero
697 4594 816 4662 jam
849 4593 1290 4645 decerneremus
1321 4592 1380 4645 in
1433 4593 1646 4658 locum,
1680 4594 1775 4648 ubi
1821 4611 1972 4647 nunc

281 4665 614 4726 adorantur,
649 4671 974 4716 sanctorum
1022 4663 1226 4714 deduci
1257 4679 1518 4732 corpora,
1553 4665 1859 4718 multitudo
1893 4666 1972 4717 in-

279 4735 653 4788 numerabilis
701 4735 981 4806 processit
1029 4734 1303 4786 mundare
1361 4735 1477 4787 vias
1523 4752 1626 4804 per
1680 4752 1819 4806 quas
1847 4737 1974 4788 reli-

279 4807 430 4876 quiat
464 4805 811 4858 deducenda:
847 4809 1009 4876 erant
1053 4808 1390 4876 martyrum.
1433 4807 1572 4860 Cum
1609 4805 1783 4876 igitur
1814 4823 1970 4876 quie-

279 4875 410 4930 dam
453 4876 839 4928 succideretur
875 4875 1062 4938 arbor,
1100 4875 1332 4946 quidam
1367 4893 1480 4928 non
1529 4875 1857 4946 prircavens
1886 4893 1976 4930 ca-

281 4963 430 5011 sum,
465 4947 668 4998 cecidit
697 4961 869 5014 super
900 4961 1049 4998 eum.
1084 4945 1226 4998 Cum
1263 4949 1452 5016 itaque
1480 4945 1780 5016 putaretur
1820 4964 1974 5000 mor-

279 5023 434 5082 tuus,
471 5023 660 5068 amota
687 5018 910 5080 arbore,
943 5021 1005 5067 ut
1035 5017 1338 5082 credimus,
1373 5020 1722 5071 orationibus
1749 5025 1972 5071 sancto-

279 5103 407 5209 ἴρηξ
469 5087 546 5166 ita
599 5087 903 5140 incolumis
944 5093 1203 5157 repertus
1234 5092 1318 5141 est
1347 5105 1410 5142 ac
1443 5091 1487 5142 si
1531 5091 1610 5142 nil
1643 5089 1972 5159 pertulisset

307 5173 553 5209 temonis.

307 5173 553 5210 EBSIODIS.

350 5299 472 5352 Jam
521 5313 654 5351 vero
713 5229 1261 5354 tumulatisCAbpaniIs'
1309 5301 1676 5370 martyribus,
1741 5300 1972 5370 quidam

351 5430 376 5455 α
410 5423 586 5494 Isest
642 5422 872 5492 Thegan
931 5440 1031 5477 seu
1086 5425 1293 5492 Tegan,
1359 5425 1796 5494 chorepiscopus
1842 5427 1973 5478 Tre-

281 5491 541 5564 virensis,
593 5491 783 5564 cujus’
809 5494 1053 5546 habetur
1109 5491 1346 5547 hiStoria
1376 5497 1444 5548 de
1487 5491 1659 5564 gestis
1691 5491 1976 5548 Ludovici

279 5563 544 5633 Augusti,
572 5563 824 5617 carmine
865 5565 1129 5618 laudatus
1169 5581 1196 5617 a
1251 5563 1560 5618 Walafrido
1609 5565 1829 5626 Strabo,
1874 5566 1975 5635 qui

2081 4369 2272 4405 secum
2323 4358 2624 4422 pergeret;
2685 4354 2834 4406 illae
2889 4361 3086 4406 contra
3135 4361 3440 4423 aspernata
3497 4354 3658 4414 dixit,
3709 4363 3753 4399 Se

2079 4423 2273 4492 potius
2303 4424 2371 4475 ad
2402 4440 2576 4493 opera
2621 4441 2724 4476 sua
2769 4440 3030 4494 pergere,
3073 4441 3202 4476 nam
3253 4441 3372 4478 non
3423 4441 3546 4480 esse
3579 4433 3746 4494 verum

2079 4491 2236 4563 quod
2271 4491 2810 4564 fama—vulgaverat.
2868 4491 2966 4548 l'lle
3015 4496 3250 4564 quidem
3297 4501 3547 4564 emptam
3607 4491 3751 4564 perli-

2080 4565 2234 4616 ciens
2267 4563 2639 4628 voluntatem,
2679 4567 2777 4618 illa
2825 4581 2958 4618 vero
3006 4563 3064 4618 in
3092 4582 3195 4619 sua
3227 4563 3469 4619 manens
3515 4563 3748 4635 perﬁdia,

2080 4636 2310 4708 cumrad
2363 4637 2550 4708 locum
2595 4643 2931 4706 properaret
2962 4637 3334 4708 destinatum,
3381 4653 3531 4705 equo
3563 4637 3748 4708 dejecta

2079 4705 2376 4758 brachium
2408 4707 2598 4775 fregit,
2630 4713 2690 4759 ut.
2718 4709 2990 4760 hactenus
3023 4707 3102 4760 ita
3133 4724 3372 4760 manens
3407 4709 3568 4760 nulla
3603 4705 3750 4777 possit

2082 4777 2366 4830 medicina
2398 4779 2605 4830 curari.

2779 4858 2906 4912 ΟΑῐι.
2949 4857 3085 4910 XIII.

2153 4944 2392 5007 Quidam
2424 4947 2704 5014 puerulus
2727 4946 2807 4998 ita
2843 4946 3078 4999 claudus
3112 4945 3181 4998 ab
3218 4949 3380 4998 utero
3415 4945 3628 4998 exstitit
3653 4955 3748 5016 ma-

2081 5016 2202 5078 tris,
2239 5021 2304 5068 ut
2327 5017 2594 5068 nativitas
2623 5033 2884 5084 gressum
2918 5022 3172 5085 negaret.
3219 5017 3318 5069 Hic
3355 5031 3486 5068 cum
3531 5016 3743 5085 humeris

2081 5087 2282 5138 matris
2325 5087 2434 5140 ﬁde
2491 5088 2558 5140 ad
2611 5088 2903 5140 tumulum
2952 5084 3253 5140 tolleretur
3299 5093 3644 5148 sanctorum,
3689 5084 3744 5156 ita

2083 5157 2458 5210 sanctissimis
2514 5165 2832 5227 martyrum
2883 5157 3098 5210 meritis
3139 5161 3372 5210 sanatus
3429 5163 3534 5216 est.
3587 5163 3644 5210 ut
3670 5165 3742 5222 qm

2082 5227 2317 5279 alterius
2372 5234 2625 5297 gestatus
2677 5233 2912 5281 venerat
2971 5228 3280 5298 gressibus,
3328 5227 3576 5298 propriis
3621 5238 3742 5280 reve-

2081 5301 2204 5350 ctus
2229 5303 2474 5351 matrem
2507 5299 2971 5369 subsequeretur.

2082 5420 2338 5490 ejusdcm
2367 5421 2696 5475 meminisse
2727 5421 2953 5474 videtur
2979 5421 3039 5474 in
3062 5420 3173 5474 alio
3204 5421 3460 5474 carmine
3491 5421 3558 5475 ad
3587 5421 3738 5489 Alige-

2081 5507 2145 5544 ru
2158 5508 2232 5557 m,
2269 5495 2614 5546 monachum
2647 5493 3128 5562 Elewangeusem.
