3846 6244
241 227 344 279 679

1426 219 1770 274 ΑΡΡΕΝΟΙΧ
1807 220 1900 272 ΑΙ)
1941 219 2190 274 WANDA
2204 220 2550 276 LBERTUM.

2226 220 2550 276 .BERTUM.
3677 219 3745 270 5e

245 363 468 411 caverat
487 373 712 426 corpus,
740 361 800 409 ut
821 372 983 425 pene,
1009 355 1276 408 omnibus
1301 356 1608 428 dissolutus
1640 355 1930 428 membris.
1973 359 2020 410 Α
2045 363 2282 411 tuerunt
2311 357 2667 428 propinquos
2694 361 2750 411 et
2780 356 2978 411 affines
3005 358 3076 412 ad
3111 357 3480 412 memoriam
3515 370 3622 428 eas
3651 353 3754 428 bea-

246 430 338 482 vix
368 434 583 482 tactum
617 434 907 496 pateretur
935 427 1200 479 aliorum.
1236 427 1320 480 Ad
1354 427 1794 480 similitudinem
1827 427 1939 494 igi-

247 505 340 552 tur
361 499 514 552 illius
543 498 856 566 evangelici
886 498 1205 566 paralytici,
1247 498 1396 550 inter
1425 513 1628 549 manus
1661 497 1938 550 deductus

245 569 670 632 famulantium,
713 570 782 621 ad
829 584 1162 621 memoriam
1215 567 1511 621 devehitur
1567 575 1933 620 sanctorum:

248 657 418 710 quem
453 641 512 692 in
555 640 712 692 brevi
747 645 1020 710 tempore
1067 639 1338 708 suffragio
1383 644 1697 708 martyrum
1743 641 1820 691 ita
1860 639 1938 710 di-

247 709 376 764 vina
401 712 685 779 reparavit
701 709 900 779 pietas,
927 715 989 762 ut
1018 710 1270 762 solidatis
1302 711 1572 762 membris
1604 713 1670 762 ad
1705 709 1938 778 propria

248 783 506 835 exultans
549 787 605 834 et
651 781 993 834 benedicens
1037 781 1216 833 Deum
1249 781 1338 833 sui
1383 787 1795 851 reportaretur,
1841 783 1938 849 qui

246 853 490 906 aliorum
529 858 758 905 venerat
791 852 1098 920 gressibus.

929 940 1056 993 CAP.
1097 940 1254 994 XXII.

319 1029 480 1084 Alius
509 1028 643 1082 item
686 1028 754 1081 de
785 1027 982 1081 eadem
1017 1027 1166 1092 villa,
1216 1025 1449 1080 nomine
1497 1026 1790 1092 Hibaldus,
1821 1025 1940 1096 pri-

247 1103 475 1154 vatione
523 1099 846 1152 commnnis
897 1099 1198 1151 damnatus
1239 1097 1494 1160 luminis,
1547 1098 1787 1150 audiens
1833 1097 1942 1149 vir-

249 1177 370 1224 tute
403 1175 720 1240 martyrum
755 1170 1003 1222 concivis
1044 1169 1130 1221 sui
1161 1169 1407 1238 paralysi
1439 1169 1728 1221 dissolutis
1759 1184 1941 1220 mem-

249 1243 368 1296 bris
424 1242 674 1312 priorem
755 1241 1031 1308 recepisse
1105 1239 1568 1312 virtutemtspe
1637 1240 1941 1312 roboratus

250 1309 476 1381 petiita
506 1328 608 1364 suo
641 1327 916 1380 germano
949 1327 1015 1364 eo
1046 1326 1103 1362 se
1133 1311 1356 1362 deduci.
1401 1309 1718 1362 Germanus
1749 1309 1940 1379 itaque

250 1384 374 1452 ejus
425 1398 554 1435 cum
608 1382 795 1434 fratris
848 1381 1147 1433 miseratus
1199 1382 1532 1443 cmcitatem,
1588 1385 1709 1432 tum
1767 1381 1940 1452 etiam

252 1451 574 1506 sanctorum
610 1469 724 1505 non
771 1453 1036 1504 dil'lidens
1077 1451 1314 1514 meritis,
1358 1452 1532 1518 coepit
1559 1467 1686 1503 cum
1733 1467 1799 1503 eo
1833 1451 1943 1503 iter

251 1539 425 1593 agens
455 1524 521 1576 ad
557 1525 742 1576 locum
785 1539 1110 1591 properare,
1149 1539 1209 1574 ac
1243 1522 1450 1574 futurae
1483 1523 1681 1593 salutis
1711 1521 1938 1593 indicio,

251 1591 314 1647 ut
361 1595 594 1646 alterius
648 1599 900 1662 gestatus
945 1594 1155 1656 officio,
1205 1593 1350 1644 mira
1393 1592 1626 1644 tendere
1667 1591 1936 1661 agilitate.

251 1665 359 1728 Qui
389 1681 517 1717 cum
553 1652 700 1716 haud
735 1665 903 1731 longe
934 1652 1299 1714 abt‘uiss'enta
1331 1664 1473 1728 loco,
1513 1664 1589 1714 ita
1621 1667 1683 1714 ut
1702 1652 1941 1715 culmen
1981 1652 2020 1705 Β

251 1738 531 1805 potuisset
578 1735 828 1787 ecclesia:
868 1734 1139 1802 conspici,
1173 1733 1780 1805 paululunrrepresso
1815 1733 1944 1805 sub-

254 1803 548 1874 sequentis
582 1805 798 1874 gradu:
858 1805 1072 1867 Frater,
1125 1804 1332 1872 inquit,
1371 1804 1417 1854 si
1467 1803 1568 1856 tibi
1618 1804 1796 1856 virtus
1827 1803 1942 1856 suf-

252 1877 575 1943 fragaretur
605 1874 862 1938 luminis,
895 1875 1174 1944 potuisses
1213 1875 1408 1944 utique
1439 1879 1587 1926 tecta
1615 1879 1669 1926 et
1697 1874 1944 1944 parietes

255 1947 506 2000 ecclesiaa
573 1943 910 2014 conspicere
960 1943 1330 1997 sanctorum."
1367 1943 1464 1996 Hic
1519 1943 1944 1997 tacito’mentis

254 2023 400 2070 nutu
458 2033 636 2070 czecus
707 2015 1057 2068 orationibus
1125 2021 1439 2084 martyrum
1515 2015 1772 2068 divinum
1838 2015 1943 2067 sibi

254 2088 443 2141 adesse
475 2088 788 2156 implorans
823 2086 1120 2148 auxilium,
1155 2088 1320 2154 coepit
1365 2086 1574 2138 mirum
1613 2086 1672 2138 in
1707 2086 1942 2139 modum

253 2158 462 2228 fugatis
483 2158 732 2211 tenebris
755 2173 957 2226 parum
983 2157 1191 2228 videre,
1235 2162 1292 2209 et
1321 2157 1498 2209 menti
1526 2157 1736 2228 injecta
1764 2157 1944 2225 digito

255 2227 454 2282 notare
485 2229 624 2282 loca.
663 2228 741 2280 Ad
793 2229 1078 2280 tumulum
1119 2227 1294 2296 igitur
1339 2227 1678 2295 perveniens
1722 2235 1944 2280 sancto-

255 2316 404 2368 rum,
439 2300 514 2352 ita
563 2299 714 2352 infra
743 2314 954 2367 paucos
998 2299 1117 2351 dies
1151 2298 1458 2367 pristinam
1499 2298 1700 2366 recipit
1731 2298 1944 2350 sanita-

253 2375 392 2436 tem,
441 2375 646 2423 utnon
687 2369 1077 2438 integritatem
1123 2369 1292 2421 modo
1333 2369 1612 2437 recepiret
1650 2369 1824 2428 visus.
1857 2384 1947 2421 ve-

254 2457 383 2494 rum
425 2442 595 2494 etiam
653 2441 950 2492 oculorum
1001 2439 1481 2508 magnitudinem,
1535 2439 1635 2508 qui
1685 2439 1946 2508 caliginis

255 2512 476 2565 diutina
508 2511 756 2564 caecitate
789 2511 868 2562 ita
901 2511 1058 2580 parvi
1093 2511 1276 2562 effecti
1327 2510 1581 2582 fuerant,
1615 2515 1679 2563 ut
1710 2511 1796 2562 vix
1843 2526 1946 2579 pu-

253 2583 393 2653 pilla
421 2582 479 2635 in
511 2583 592 2635 eis
621 2587 966 2635 cerneretur.

923 2669 1053 2722 CAP.
1096 2669 1275 2722 XXIII.

323 2759 492 2813 Aliud
523 2758 658 2812 huic
687 2757 842 2811 haud
871 2757 1116 2810 multum
1159 2756 1434 2810 dissimile
1465 2757 1812 2824 subjungam
1843 2754 1947 2808 mi-

253 2831 530 2884 raculum.
561 2831 829 2892 Qumdam
863 2844 1109 2897 namque
1139 2827 1353 2881 femina
1383 2827 1645 2880 similiter
1669 2843 1773 2894 per
1803 2843 1944 2879 con—

253 2903 482 2956 tinuum
514 2917 681 2966 caeca,
711 2915 840 2952 cum
892 2900 1304 2968 desperationis
1349 2898 1538 2950 nimiae
1578 2903 1946 2967 torqueretur

253 2988 485 3039 angore,
530 2973 724 3023 funem
769 2970 979 3022 factum
1026 2969 1298 3022 accedens
1347 2971 1416 3022 ad
1473 2969 1660 3021 locum
1713 2969 1826 3020 Deo
1878 2983 1941 3020 ac

254 3043 462 3094 sanctis
510 3041 717 3094 obtulit
763 3040 1138 3108 martyribus;
1171 3041 1294 3092 hate
1342 3039 1387 3091 si
1415 3039 1511 3091 ille
1557 3055 1675 3091 non
1709 3053 1939 3106 compe-

253 3117 423 3178 teret,
467 3111 709 3164 formam
741 3111 850 3163 sibi
883 3127 915 3162 a
943 3110 1176 3163 custode
1217 3109 1378 3178 petiit
1404 3109 1560 3172 dari,
1595 3125 1726 3178 quo,
1764 3125 1943 3161 rever-

253 3188 379 3236 tens
421 3182 682 3247 domum,
735 3185 936 3249 aptum
993 3196 1315 3249 praeparare
1363 3179 1663 3248 potuisset.
1721 3181 1944 3232 Interea

254 3253 391 3306 dum
423 3259 608 3306 custos
650 3257 906 3305 necteret
938 3267 1144 3314 moras,
1189 3251 1285 3303 illa
1317 3250 1538 3320 regenti
1578 3249 1682 3302 sibi
1715 3265 1942 3318 gressus

253 3325 500 3393 imperat
526 3323 624 3376 illo
657 3339 716 3375 se
748 3321 898 3388 duci,
945 3321 1044 3374 ubi
1071 3323 1369 3390 signorum
1414 3320 1940 3393 dependebaut_fu-

253 3391 392 3447 nes:
439 3409 574 3446 nam
623 3394 692 3446 ad
731 3393 883 3446 idem
935 3408 1078 3462 opus
1132 3407 1300 3444 suum
1350 3393 1600 3444 intexere
1653 3391 1939 3460 cupiebat.

256 3467 572 3535 Fatumque
629 3469 732 3517 est.
790 3465 1050 3535 Cumque
1097 3461 1545 3535 grossitudinem
1593 3467 1945 3535 pertentaret

255 3553 450 3603 manu,
481 3531 808 3604 _magnilica
855 3531 1001 3586 circa
1033 3531 1301 3586 miseram
1353 3532 1454 3604 Dei
1497 3531 1701 3586 claruit
1738 3532 1941 3596 virtus,

255 3624 317 3660 ac
360 3609 507 3660 mira
550 3603 837 3659 celeritate
883 3605 1104 3674 objecta
1150 3603 1404 3657 deseruit
1449 3604 1670 3656 caecitas
1713 3604 1940 3656 oculos:

253 3683 318 3731 ut
345 3694 460 3731 una
508 3677 826 3745 eodemque
858 3681 1152 3728 momento
1199 3682 1256 3728 et
1299 3674 1496 3728 funem
1550 3674 1846 3742 arriperet,
1891 3677 1947 3745 et

255 3749 486 3801 luminis
514 3744 796 3817 acciperet
832 3747 1170 3799 claritatem.
1197 3746 1457 3798 Gaudens
1481 3745 1657 3814 igitur
1682 3749 1736 3798 et
1766 3744 1943 3797 exsul-

252 3824 397 3887 tans,
428 3819 496 3872 ad
526 3817 865 3871 memoriam
895 3818 1136 3870 recurrit
1168 3822 1510 3887 martyrum,
1543 3820 1737 3887 atque,
1771 3820 1946 3887 prout

254 3884 629 3960 competebat,
692 3888 1014 3960 gratiarum
1068 3888 1150 3940 eis
1199 3884 1474 3956 perSolvit
1523 3886 1738 3950 laudes,
1787 3884 1947 3960 quod

253 3956 648 4013 misericordia
676 3959 867 4012 divina
897 3957 1220 4011 interventu
1252 3973 1454 4011 eorum
1495 3972 1622 4010 eam
1657 3956 1945 4025 respicere

253 4032 490 4100 dignata
520 4029 609 4082 sit.

931 4098 1060 4152 CAP.
1103 4097 1278 4151 XXIV.

324 4172 603 4239 Tempore
654 4183 769 4238 quo
816 4172 1140 4239 sanctorum
1181 4166 1649 4239 reconditaesunt
1686 4165 1946 4235 reliquiae.

257 4241 316 4294 in
357 4237 674 4293 memorato
709 4239 918 4306 saepius
951 4238 1093 4298 loco,
1129 4237 1380 4289 erantin
1417 4237 1550 4289 villa
1580 4243 1947 4306 nuncupante

255 4311 487 4380 Crupta,
519 4309 631 4362 duo
679 4308 865 4380 carnis
907 4307 1198 4380 conjuncti
1247 4307 1755 4380 copula,_tquoru_m
1806 4307 1948 4380 alter

255 4377 698 4450 nuncupabatur
729 4377 1083 4442 Wiltielmus,
1125 4377 1304 4430 altera
1345 4377 1751 4450 Eugilsuindis,
1785 4377 1885 4447 qui
1916 4393 1949 4430 a

256 4448 680 4522 conjunctionis
711 4465 829 4522 suae
854 4453 1115 4522 tempore
1147 4448 1419 4522 usquein
1445 4448 1760 4522 idtempus
1796 4451 1947 4502 bona

256 4517 482 4594 semper
513 4520 771 4574 roborari
815 4518 1074 4594 vixerant
1103 4517 1449 4594 valetudine.
1496 4517 1719 4594 Accidit
1743 4524 1948 4594 autem

257 4589 529 4664 praedicto
555 4597 816 4664 tempore
838 4591 898 4642 in
921 4589 1208 4664 dissimili,
1237 4593 1511 4664 utrosque
1528 4589 1758 4664 fatigari
1786 4589 1948 4642 intir-

257 4659 471 4718 mitate.
504 4665 550 4716 Α
579 4659 814 4715 renibus
858 4675 1108 4728 namque
1139 4659 1215 4712 ita
1258 4675 1428 4712 omne
1457 4659 1696 4712 inferius
1740 4675 1950 4729 corpus

255 4736 448 4789 feritas
499 4733 716 4786 attrivit
768 4730 974 4794 morbi,
1021 4735 1084 4782 ut
1112 4729 1224 4782 nisi
1267 4729 1707 4800 obsequentium
1757 4738 1948 4800 porta-

257 4811 459 4859 rentur
501 4803 788 4867 manibus,
840 4802 996 4852 nulla
1029 4805 1266 4869 urgente
1299 4801 1634 4855 necessitate
1679 4802 1802 4854 loco
1832 4818 1951 4854 mo-

257 4881 545 4930 verentur.
583 4875 722 4927 Cum
754 4873 951 4940 itaque
984 4871 1251 4940 frequens
1299 4876 1626 4924 sanctorum
1679 4871 1949 4926 virtutem

259 4951 316 5000 et
369 4944 646 4998 miracula
688 4940 886 5011 opinio
931 4941 1373 5011 circumquaque
1399 4941 1763 5009 diffunderet,
1795 4943 1953 4996 habi-

259 5021 471 5069 tatores
533 5013 704 5066 etiam
763 5011 1013 5081 praefatae
1059 5013 1299 5081 replevit
1347 5012 1514 5066 villae.
1567 5013 1678 5066 Hac
1727 5013 1951 5066 excitati

259 5087 436 5152 fama,
491 5084 638 5154 facta
693 5082 1066 5154 conventione
1115 5083 1188 5136 ad
1245 5083 1432 5154 locum
1484 5100 1682 5137 omnes
1735 5084 1952 5154 pariter

262 5161 488 5210 oratum
536 5153 920 5224 disponebant
966 5154 1069 5224 ire.
1127 5155 1248 5206 Duo
1295 5153 1476 5222 igitur
1501 5153 1622 5224 jam
1669 5153 1953 5207 neminati

260 5227 580 5279 vicinorum
647 5223 1034 5292 religiositatis
1099 5223 1516 5294 cognoscentes
1573 5225 1949 5289 voluntatem,

261 5295 492 5350 tametsi
533 5309 771 5364 corpore
811 5295 1134 5363 nequirent,
1171 5295 1360 5348 animo
1397 5299 1590 5348 tamen
1625 5296 1707 5348 ire
1745 5296 1952 5365 gestie-

261 5367 421 5421 bant.
454 5368 698 5434 Accepta
721 5380 970 5435 namque
991 5381 1141 5432 cera,
1177 5365 1455 5436 factisque
1469 5366 1753 5436 .candelis,
1785 5365 1949 5418 insti-

333 5503 360 5533 ι
389 5491 488 5544 Hic
517 5489 629 5544 duo
655 5489 941 5560 notanda:
972 5490 1250 5560 primum,
1279 5489 1622 5560 monachos,
1647 5493 1711 5542 ut
1741 5488 1950 5556 saepius

260 5563 384 5633 jam
429 5562 810 5633 observatum,
853 5559 944 5614 hic
973 5559 1205 5633 fclericos
1238 5559 1548 5633 appellari.
1602 5559 1946 5633 secundum,

269 5629 440 5688 etiam
467 5635 592 5686 tum
621 5630 682 5684 in
714 5647 874 5686 more
902 5631 1076 5685 fuisse
1103 5629 1256 5700 apud
1297 5629 1624 5697 monachos,
1653 5629 1714 5682 in
1745 5629 1946 5683 diebus

2047 433 2238 481 torum
2294 426 2914 497 mittet-eimartyrum,
2967 435 3253 498 quatenus
3299 426 3636 481 miseratio
3683 426 3754 476 [te

2047 500 2362 568 demptoris
2423 500 2750 552 interventu
2799 504 3126 553 sanctorum
3185 517 3390 553 eorum
3457 498 3758 549 subvenire

2047 569 2382 638 dignaretur
2410 569 2807 623 imbecillitati.
2845 571 3182 624 Parentibus
3215 576 3424 623 autem
3479 569 3600 630 eis,
3641 569 3758 618 mir;

2046 642 2194 693 circa
2236 657 2334 693 eos
2373 641 2564 694 divina
2612 641 2823 694 effulsit
2865 641 3063 711 pietas.
3120 642 3262 694 Nam
3313 643 3456 694 loco
3511 638 3758 691 nondum

2046 712 2235 776 motis,
2271 711 2421 764 dicto
2459 711 2626 764 citius
2656 713 2736 764 ita
2763 713 2942 765 virtus
2973 712 3154 765 adfuit
3183 712 3305 774 Dei,
3355 719 3430 764 ut
3469 725 3604 762 uno
3647 713 3758 760 tear

2047 798 2184 852 pore
2241 787 2299 835 et
2353 781 2638 834 sanissimi
2699 787 3086 852 exsurgerent,
3141 783 3366 852 iterque
3445 781 3760 852 cumnaiiis

2048 851 2402 922 arriperent:
2439 853 2652 922 quique
2693 851 2926 922 petituri
2965 851 3590 906 sanitatem’aliorum
3627 851 3760 900 ibant

2047 940 2166 986 ore,
2209 923 2318 993 ipsi
2353 923 2834 978 intercedentibus
2878 929 3203 977 sanctorum
3251 923 3628 976 clarissimis
3655 937 3760 974 me—

2046 995 2172 1048 ritis
2194 1010 2296 1064 per
2326 1010 2384 1048 se
2415 1000 2542 1048 vota
2571 997 2932 1048 mererentur
2961 995 3200 1048 deferre.

2731 1083 2857 1136 CAP.
2900 1082 3048 1136 XXV.

2121 1170 2353 1224 Femina
2396 1171 2656 1239 quaedam
2689 1187 2756 1224 ex
2777 1170 3070 1240 provincia
3118 1170 3490 1233 Arduennae,
3529 1169 3762 1220 nomine

2047 1242 2314 1307 Immina,
2349 1257 2412 1294 ex
2445 1242 2577 1295 villa
2614 1258 2742 1311 quae
2775 1243 3047 1304 Binuzfelt
3075 1241 3306 1304 dicitur,
3333 1257 3484 1294 cum
3523 1241 3652 1309 jam
3685 1242 3766 1290 diu

2049 1319 2198 1365 esset
2243 1313 2412 1364 surda
2461 1319 2520 1365 et
2563 1319 2739 1376 muta,
2789 1313 3173 1382 manibusque
3219 1311 3460 1376 debilis,
3516 1327 3662 1362 cum
3709 1314 3764 1362 ad

2051 1385 2236 1438 locum
2283 1387 2542 1436 sanctum
2583 1383 2990 1436 comitantibus
3039 1383 3240 1436 vicinis
3275 1388 3328 1435 et
3375 1383 3765 1452 permittente

2049 1455 2284 1507 domina
2340 1469 2462 1516 sua,
2520 1455 2846 1522 Teotburga
2901 1454 3157 1518 nomine,
3221 1459 3458 1506 oratum
3525 1455 3766 1503 venisse:

2049 1526 2201 1578 diem
2245 1525 2538 1592 integrum
2589 1529 2958 1588 commorata,
2999 1541 3128 1577 mox
3171 1529 3233 1576 ut
3280 1523 3532 1593 regredi
3583 1523 3764 1590 carpit,

2049 1596 2236 1664 primo
2273 1596 2441 1647 unius
2489 1611 2692 1648 manus
2732 1601 2787 1648 et
2831 1596 3072 1665 loquelae
3116 1595 3476 1664 auditusque
3533 1595 3766 1646 faculta-

2053 1673 2165 1719 tem
2193 1707 2206 1731 ,
2257 1682 2382 1718 mox
2425 1666 2632 1718 deinde
2679 1666 2910 1718 alterius
2953 1682 3183 1735 quoque
3231 1681 3439 1718 manus
3475 1670 3546 1717 et
3601 1667 3768 1716 totius

2051 1737 2302 1806 corporis
2349 1741 2432 1789 est
2463 1737 2768 1789 sanitatem
2823 1737 3060 1806 adepta:
3113 1739 3188 1789 ita
3233 1741 3295 1788 ut
3335 1736 3658 1805 hodieque
3693 1737 3764 1786 vi-

2051 1809 2163 1860 cini
2196 1812 2250 1860 et
2279 1807 2477 1859 aftines
2508 1807 2630 1876 ejus
2657 1813 2952 1873 testentur,
2989 1823 3286 1877 nunquam
3315 1823 3446 1860 eam
3481 1807 3550 1858 in
3593 1809 3768 1858 multo

2051 1885 2204 1932 retro
2229 1878 2432 1948 spatio,
2467 1877 2548 1931 ita
2569 1884 2630 1931 ut
2659 1893 2830 1944 nunc,
2865 1893 3060 1930 sanam
3095 1878 3396 1932 exstitisse.

2725 1965 2853 2019 CAP.
2894 1967 3068 2021 XXVI.

2122 2055 2260 2107 Item
2290 2053 2400 2106 alia
2431 2069 2560 2123 quae
2606 2053 2860 2123 priorem
2892 2055 2948 2106 in
2997 2070 3171 2123 supra
3218 2053 3366 2107 dicta
3409 2052 3768 2106 inﬁrmitate
3825 2061 3827 2123 ι

2050 2125 2306 2190 vidisset,
2337 2129 2390 2176 et
2423 2125 2489 2176 ad
2521 2131 2781 2177 sanctum
2803 2126 2986 2178 locum
3018 2126 3290 2178 comitata
3313 2125 3479 2177 testis
3499 2125 3762 2176 sanitatis

2053 2198 2175 2264 ejus
2215 2197 2498 2257 existeret,
2531 2195 2763 2248 nomine
2806 2195 3048 2261 Grimilt,
3083 2211 3216 2248 cum
3261 2213 3291 2248 a
3321 2196 3445 2248 viro
3485 2211 3604 2248 suo
3639 2211 3764 2246 nar-
3825 2201 3827 2224 ε

2051 2270 2174 2319 rata
2205 2265 2414 2335 prioris
2445 2265 2674 2318 feminae,
2723 2267 2980 2332 sanitate,
3025 2282 3197 2335 quam
3231 2267 3337 2319 sub
3377 2266 3580 2318 oculis
3615 2265 3758 2317 vide—
3825 2293 3827 2296 ‹

2051 2343 2158 2398 rat,
2203 2343 2267 2389 ut
2315 2337 2422 2388 sibi
2463 2336 2650 2389 denuo
2698 2341 2924 2389 oratum
2975 2337 3173 2390 liceret
3215 2337 3432 2400 venire,
3493 2336 3752 2406 petisset.

2054 2423 2154 2460 nec
2200 2407 2267 2460 ad
2317 2407 2373 2460 id
2407 2407 2685 2476 temporis
2725 2407 3109 2470 obtinuisset;
3146 2424 3260 2477 qua
3291 2409 3456 2468 hora,
3517 2413 3592 2459 ut
3643 2415 3758 2475 post

2053 2482 2410 2546 compertum
2454 2483 2557 2542 est,
2609 2480 2666 2530 in
2708 2478 3054 2530 monasterio
3091 2479 3394 2531 beatorum
3427 2482 3752 2545 martyrum

2053 2551 2239 2602 missae
2273 2548 2552 2601 Dominici
2572 2548 2702 2614 diei,
2739 2549 2949 2617 quibus
2979 2549 3078 2601 illa
3107 2565 3166 2602 se
3199 2549 3623 2602 interfuturam
3649 2563 3752 2598 esse

2053 2623 2300 2684 voverat,
2335 2617 2608 2672 celebrari
2635 2625 2948 2687 coeperunt,
2978 2620 3097 2688 ipsa
3127 2635 3402 2672 manuum
3435 2625 3534 2671 est
3563 2619 3756 2671 debili-

2053 2695 2167 2743 tate
2209 2696 2262 2742 et
2301 2691 2468 2742 totius
2517 2693 2772 2759 corporis
2820 2691 3060 2743 multata
3117 2691 3444 2759 gravedine,
3499 2691 3652 2742 adeo
3701 2695 3752 2738 ut

2053 2761 2189 2831 quia
2221 2761 2502 2812 incessum
2537 2777 2669 2831 non
2702 2765 2944 2828 poterat,
2996 2776 3244 2813 carruca;
3282 2761 3664 2831 superposita
3693 2759 3750 2810 ad

2053 2830 2487 2902 monasterium,
2517 2830 2706 2883 denuo
2741 2831 3066 2884 veheretur.
3099 2830 3360 2902 Cumque
3393 2833 3674 2893 venisset,
3707 2835 3754 2880 et

2054 2902 2204 2971 apud
2251 2901 2591 2954 memoriam
2636 2907 2954 2970 martyrum
3001 2901 3337 2971 aliquandiu
3389 2907 3744 2970 perorasset;

2054 2973 2238 3042 primo
2274 2974 2328 3024 in
2364 2973 2600 3024 ecclesia
2628 2988 2744 3024 una
2775 2973 2826 3024 ei
2859 2989 3064 3025 manus
3100 2978 3186 3025 est
3217 2974 3504 3038 absoluta,
3545 2971 3748 3042 deinde

2054 3040 2208 3096 inter
2253 3043 2652 3112 prandendum
2683 3042 2918 3096 alterius
2957 3059 3162 3096 manus
3191 3048 3248 3096 et
3285 3045 3460 3096 totius
3491 3040 3748 3111 corporis

2055 3114 2431 3167 commoditas
2462 3113 2741 3166 restituta.
2783 3115 2866 3166 Ita
2915 3113 3126 3167 factum
3159 3119 3263 3180 est,
3303 3119 3368 3166 ut
3405 3130 3544 3184 quae
3603 3113 3746 3181 prius

2051 3185 2254 3238 alienae
2308 3185 2568 3237 sanitatis
2610 3185 2889 3236 narratrix
2949 3185 3260 3250 exstiterat,
3312 3201 3430 3237 sua:
3478 3184 3746 3251 deinceps

2051 3261 2109 3309 et
2133 3271 2366 3326 compos
2396 3260 2544 3308 esset
2573 3261 2630 3308 et
2657 3255 2836 3308 testis.
3825 3253 3827 3255 ’

2711 3341 2839 3396 CAP.
2879 3341 3079 3395 XXVII.

2123 3431 2216 3484 Est
2250 3430 2605 3483 consuetudo
2650 3429 2778 3495 loci,
2822 3434 2887 3482 ut
2925 3429 3016 3482 die
3059 3429 3443 3484 solemnitatis
3469 3427 3746 3500 paschalis

2051 3501 2240 3554 clerici
2269 3509 2294 3532 δ
2323 3503 2708 3570 vespertinum
2767 3499 3119 3553 celebrantes
3169 3501 3424 3554 ofﬁcium
3467 3499 3550 3552 ita
3583 3499 3742 3552 sacris

2052 3573 2385 3636 induantur,
2423 3576 2485 3623 ut
2526 3571 2586 3624 in
2625 3571 2928 3623 missarum
2970 3571 3160 3640 agitur
3200 3572 3611 3625 celebratione.
3653 3570 3743 3622 Fa-

2051 3649 2206 3695 ctum
2239 3646 2324 3694 est
2350 3641 2546 3710 igitur,
2575 3647 2640 3694 ut
2669 3646 2856 3694 custos
2883 3641 2952 3694 de
2978 3658 3138 3695 more
3169 3657 3300 3695 cum
3333 3641 3462 3694 aliis
3499 3642 3738 3704 indutus,

2053 3711 2347 3782 lampades
2395 3728 2732 3765 accensurus
2763 3711 3024 3766 Ecclesiae
3063 3713 3420 3782 procederet.
3471 3713 3586 3766 Sed
3619 3713 3740 3764 dum

2053 3786 2280 3836 incaute
2305 3783 2764 3852 progrederetur,
2799 3783 3018 3851 positus
3041 3784 3147 3836 sub
3169 3783 3540 3852 lampadibus
3561 3784 3740 3836 oleum

2053 3853 2331 3922 lampadis
2373 3853 2592 3921 cecidit,
2641 3859 2814 3924 atque
2862 3859 3082 3923 partem
3127 3855 3393 3923 planetae,
3448 3871 3566 3924 qua
3611 3855 3738 3906 forte

2055 3925 2289 3978 indutus
2319 3929 2459 3990 erat,
2489 3940 2607 3977 non
2645 3923 2858 3994 absque
2888 3924 3253 3977 deformitate
3290 3923 3512 3977 infecit.
3558 3926 3740 3978 Custos

2055 3997 2379 4060 exterritus,
2410 4011 2538 4048 mox
2579 3994 2652 4047 ad
2682 3995 3049 4047 secretarium
3089 3996 3332 4064 gradum
3375 3997 3635 4060 retorsit,
3667 3999 3738 4046 at-

2054 4082 2165 4136 que
2197 4081 2264 4119 ea
2290 4071 2492 4118 exutus
2523 4080 2777 4134 congruo
2796 4079 2910 4136 non
2929 4065 3146 4136 absque
3163 4066 3291 4130 fide,
3314 4065 3588 4133 deposuit
3609 4069 3736 4118 loco.

2055 4135 2228 4203 Hauc,
2267 4136 2475 4205 inquit,
2509 4144 2702 4188 sancta
2729 4135 2915 4200 Daria,
2949 4135 2996 4187 si
3025 4137 3178 4188 vales
3204 4137 3318 4189 tuis
3347 4137 3602 4190 reforma
3633 4151 3740 4205 pre-

2059 4208 2237 4260 cibus.
2278 4207 2550 4260 Postridie
2584 4207 2706 4275 ejus
2739 4205 2853 4258 diei
2881 4207 3114 4258 accessit
3163 4213 3372 4268 custos,
3423 4213 3490 4259 ut
3530 4205 3740 4276 deposi-

2057 4283 2174 4330 tam
2235 4277 2428 4346 gnaris
2473 4293 2600 4330 eam
2646 4276 2899 4329 mitteret
2938 4276 3188 4340 feminis,
3239 4293 3366 4346 qua:
3415 4276 3736 4346 hujusmodi

2055 4347 2377 4417 potuissent
2399 4348 2706 4400 emendare
2719 4346 2940 4412 vitium,
2961 4363 3136 4416 quam
3148 4347 3484 4416 diligentius
3501 4352 3736 4402 intuens.

2057 4434 2161 4472 nec
2186 4419 2370 4472 levem
2407 4419 2468 4471 in
2499 4433 2565 4470 ea
2611 4417 2865 4488 reperire
2899 4418 3086 4486 potuit
3119 4419 3424 4484 maculam,
3475 4435 3610 4488 quae
3655 4419 3736 4470 aut

2055 4489 2372 4543 honestatis
2395 4493 2494 4542 aut
2524 4488 2734 4541 damno
2765 4503 2886 4541 esse
2917 4488 3212 4556 potuisset.

2703 4575 2835 4629 CAP.
2876 4575 3098 4629 XXVIII.

2129 4655 2272 4709 Villa
2318 4654 2582 4724 quaedam
2614 4659 2700 4708 est
2727 4669 2845 4707 non
2892 4654 3062 4723 longe
3093 4671 3122 4707 a
3159 4654 3496 4726 monasterii
3528 4671 3736 4726 posses-

2057 4726 2238 4787 sione,
2289 4741 2415 4794 quaa
2465 4725 2610 4778 Wisa
2655 4729 2906 4778 vocatur.
2949 4725 3127 4792 Hujus
3173 4724 3350 4794 igitur
3398 4724 3738 4781 habitatores

2057 4798 2430 4852 condixeraut
2457 4796 2568 4849 sibi
2596 4811 2794 4849 omnes
2821 4795 3033 4864 pariter
3063 4795 3133 4848 ad
3161 4797 3349 4848 lacum
3379 4799 3733 4856 contendere,

2059 4873 2115 4922 et
2141 4874 2206 4920 ut
2237 4883 2350 4920 non
2379 4883 2553 4920 vacua
2585 4867 2915 4920 viderentur
2944 4865 3139 4918 venire
3189 4882 3387 4932 manu,
3439 4869 3732 4922 collatione

2057 4939 2203 4992 facta
2231 4955 2327 4991 vas
2353 4937 2508 5007 quod
2540 4953 2684 5006 cupa
2713 4937 2937 4998 dicitur,
2971 4937 3210 4990 cervisia
3245 4938 3656 5005 impleverant,
3683 4943 3734 4989 ut

2059 5009 2230 5063 etiam
2272 5010 2422 5062 dono
2466 5007 2723 5061 muneris
2764 5009 2876 5062 Deo
2911 5012 2966 5061 et
2996 5008 3205 5060 sanctis
3240 5008 3602 5078 martyribus
3629 5015 3734 5062 vota

2057 5079 2465 5149 persolverent.
2494 5079 2634 5132 Cum
2664 5077 2842 5147 igitur
2863 5079 2987 5147 jam
3013 5093 3326 5148 properare
3355 5077 3732 5148 disponerent,

2057 5149 2299 5203 consilio
2329 5149 2524 5202 habito
2571 5149 2906 5217 qualitatem
2941 5152 3100 5218 prius
3150 5155 3398 5202 tentaret
3451 5153 3737 5205 voluerunt

2057 5225 2247 5292 potus,
2302 5225 2610 5288 antequam
2667 5219 2776 5292 iter
2831 5221 3170 5292 arriperent.
3221 5220 3500 5292 Cunicqu
3561 5223 3732 5292 itaque

2056 5289 2228 5358 facto,
2257 5305 2360 5342 nec
2391 5305 2567 5358 parva
2611 5289 2847 5358 quidem
2878 5306 2945 5343 eo
2979 5291 3163 5359 digeri
3202 5291 3394 5360 potuit
3423 5297 3609 5360 gutta.
3647 5289 3732 5344 Ve-

2057 5377 2188 5414 rum
2215 5377 2247 5414 a
2275 5360 2539 5414 ministro
2568 5361 2826 5430 segniter
2851 5361 2960 5415 hoc
2988 5366 3256 5431 putantes
3289 5369 3594 5432 peractum
3639 5363 3730 5418 alio

2057 5483 2412 5561 solemnibus
2441 5499 2560 5537 non
2577 5487 2810 5561 tantum
2855 5484 3018 5561 albis
3049 5484 3322 5561 vestibus,
3375 5491 3443 5539 ut
3490 5487 3558 5541 tit
3603 5485 3730 5561 apud

2057 5572 2178 5618 uos,
2205 5555 2303 5608 sed
2335 5555 2508 5608 etiam
2541 5554 2667 5608 aliis
2698 5554 3052 5608 ornamentis
3079 5555 3480 5609 induerentur.

3811 895 3823 1084 ἢ
