3846 6244
5 305 120 359 SI"

781 309 1026 365 AENEAS
1064 309 1496 366 PARISIENSIS
1535 309 1937 368 EPISCOPUS.
1975 309 2340 368 —NOTI'I‘IA
2383 313 2776 370 IIISTORICA.

3435 319 3538 373 68‘2

3 440 239 495 lelecto
291 443 600 517 succedere
634 444 1012 517 fecerunthut
1054 443 1338 517 terebrato
1367 460 1525 517 cuper.
1555 443 1733 497 fundo
1775 447 1817 496 A
1849 446 2272 512 pertentaturos
2303 449 2487 510 nocte,
2520 445 2826 515 ipsumque
2857 449 3056 515 potum
3087 446 3282 516 egenis
3312 464 3376 500 ac
3397 465 3540 517 pau-

3 517 210 565 iotum
310 515 600 568 educeret.
673 515 814 569 Iluic
881 513 1006 567 aliis
1076 515 1553 579 succedentibus,
1609 530 1739 567 cum

3 583 466 656 lmnisieorum
519 586 750 656 penitus
802 585 1171 638 frustraretur
1215 585 1397 648 labor,
1444 585 1511 638 ad
1562 590 1741 638 semet

4 655 237 727 eversi
301 655 695 727 cognoverunt
743 657 1005 708 eumdem
1053 661 1250 726 potum
1301 673 1362 707 ea
1401 663 1579 718 nocte,
1616 672 1741 725 quae

4 725 330 779 )oniinica
381 725 646 794 dicitur,
699 725 1064 780 confectum.’
1102 731 1488 795 Agnoscentes
1545 727 1738 796 itaque

4 803 284 867 'eatum,
334 798 758 867 prenitudinem
809 797 1016 866 piaculi
1067 805 1353 866 gerentes,
1384 802 1578 850 votum
1627 798 1739 850 Deo

4 882 52 916 It‘.
95 866 313 919 beatis
351 885 555 922 \overc
586 869 947 938 martyribus,
982 885 1039 920 se
1072 869 1150 920 nil
1182 868 1422 921 ulterius
1454 869 1566 921 tale
1591 868 1650 920 in
1674 884 1740 920 ea

1849 517 2080 584 peribus
2148 523 2500 583 erogaturos.
2568 518 2690 570 Mox
2750 522 2880 568 voto
2943 525 3207 586 peracto,
3268 520 3538 572 omnibus

1851 602 2110 653 egressus
2142 587 2519 639 foraminibus
2548 595 2717 656 potus
2751 587 3064 656 largissime
3087 589 3258 657 cmpit
3279 590 3538 644 effluere.

1851 658 1968 729 Hoc
2015 673 2118 729 pro
2170 667 2296 709 voto
2343 657 2539 729 egenis
2596 658 2919 720 distributo,
2981 659 3210 729 alioque
3262 661 3535 727 confecto,

1850 727 1993 778 sicut
2033 727 2432 796 disposuerant
2471 728 2540 780 ad
2585 729 2920 780 memoriam
2974 727 3266 782 venientes
3308 737 3538 784 sancto-

1851 813 1998 863 rum,
2031 798 2224 879 ibique
2255 800 2471 879 proprii
2503 803 2691 877 reatus
2723 800 3060 879 conﬁtentes
3090 801 3337 870 culpam,
3363 805 3537 855 votis-

1850 885 1962 938 que
1992 869 2297 938 persolutis
2329 870 2395 922 ad
2430 869 2663 940 propria
2694 876 2825 922 sunt
2855 870 3084 922 reversi.

1401 1118 1572 1162 ANNO
1618 1117 1846 1162 DOMINI
1894 1119 2162 1164 DCCLXX.

1265 1247 2310 1387 AENEAS

779 1431 1802 1536 PARISIENSIS
1906 1431 2801 1537 EPISCOPUS.

1295 1671 1686 1750 NOTITIA
1753 1671 2292 1780 HISTORICA.

1474 1823 1566 1886 (Ex
1601 1823 1767 1872 Gallia
1800 1821 2132 1883 Christiana.)

1620 1935 1927 1948 _—-

76 2038 386 2093 Defuncto
427 2041 813 2107 Erchanrado,
847 2041 1031 2094 clerus
1062 2041 1400 2096 Parisiensis
1441 2048 1497 2095 et
1527 2059 1737 2096 mona-
1775 2047 1818 2101 B
1845 2041 2145 2112 privilegio
2186 2042 2338 2112 quod
2389 2041 2737 2095 monasterio
2785 2041 3126 2113 Dionysiano
3158 2059 3191 2096 a
3226 2044 3534 2099 Landerico

3 2114 341 2164 stet-lorum
391 2113 746 2164 ununimitas
791 2120 1125 2181 suggestum
1162 2133 1191 2165 a
1225 2130 1359 2182 rege
1398 2114 1598 2166 Carolo
1639 2115 1736 2167 1E-

4 2197 178 2234 neam
202 2185 539 2250 elegerunt.
565 2183 616 2235 Is
636 2188 824 2254 autem
846 2183 997 2236 verbi
1021 2185 1212 2236 divino
1236 2200 1423 2252 praeco
1446 2186 1732 2254 egregius,

4 2261 57 2324 et
109 2254 174 2324 in
227 2255 458 2324 scholis
509 2253 780 2322 palatinis
823 2254 925 2306 sub
976 2254 1178 2307 Carolo
1227 2256 1396 2308 Calvo
1447 2258 1737 2324 professor

6 2322 408 2389 clarissimas,
469 2324 612 2376 sacri
672 2325 871 2393 palatii
924 2330 1058 2377 tunc
1107 2326 1361 2378 notarius
1409 2322 1550 2391 erat,
1611 2341 1730 2392 seu,

6 2393 163 2460 quod
198 2394 370 2451 idem
405 2401 511 2458 est,
548 2394 942 2448 cancellarius.
990 2395 1112 2458 Quo
1155 2398 1390 2449 nomine
1438 2398 1648 2449 chartae
1701 2412 1733 2449 a

8 2465 216 2516 Carolo
256 2481 368 2533 pro
403 2466 749 2518 monasterio
785 2466 1101 2518 Fossatensi
1134 2466 1279 2519 datae
1314 2483 1384 2519 vu
1418 2467 1552 2520 Idus
1580 2469 1729 2530 00L,

9 2533 218 2588 iudict.
257 2551 385 2599 vni,
420 2551 514 2587 an.
569 2551 623 2588 vr
675 2538 838 2604 regni
889 2536 1032 2604 ejus,
1087 2542 1144 2590 et
1196 2538 1452 2590 conciliis
1495 2537 1732 2590 Carisia-

13 2606 163 2656 censi
233 2623 338 2658 an.
403 2607 528 2668 849,
589 2612 646 2659 et
704 2606 1101 2660 Suessionensi
1155 2624 1247 2661 an.
1307 2610 1430 2671 853,
1485 2608 1732 2660 necdum

17 2676 340 2744 episcopus
401 2678 754 2746 subscripsit.
817 2678 975 2730 Hunc
1029 2679 1087 2730 in
1152 2677 1388 2731 modum
1445 2684 1731 2747 peractam

18 2748 372 2799 electionem
411 2747 721 2812 Weniloui,
749 2747 1064 2800 Senonensi
1100 2750 1561 2817 metropolitano,
1585 2750 1735 2801 aliis-

18 2833 129 2884 que
181 2818 506 2889 provincia:
540 2819 838 2889 episcopis
886 2819 1281 2888 signiticarunt
1323 2820 1559 2889 epistola
1605 2835 1732 2888 quae

20 2895 209 2940 exstat
258 2888 414 2940 inter
457 2887 727 2956 epistolas
781 2890 921 2958 Lupi
973 2887 1561 2958 Ferrariensisiepist.
1612 2887 1728 2955 98);

20 2973 160 3025 quos
205 2958 455 3011 insimul
487 2959 656 3011 enixe
687 2963 987 3028 rogarunt,
1023 2966 1087 3012 ut
1116 2976 1314 3012 eorum
1356 2962 1501 3013 votis
1548 2976 1729 3029 quan-

21 3028 203 3079 tocius
259 3030 740 3091 obsecundantes,
793 3036 1074 3099 ponerent
1122 3032 1385 3084 celeriter
1436 3028 1729 3084 lucernam

23 3114 194 3170 super
226 3100 669 3154 candelabrum.
714 3101 933 3169 Optatis
963 3101 1097 3153 cleri
1129 3102 1462 3153 Parisiensis
1492 3117 1728 3170 reSpon-

25 3169 235 3241 derunt
278 3172 580 3239 praesules,
616 3171 863 3224 electum
898 3171 1170 3241 impensis
1213 3178 1563 3224 exornarunt
1588 3169 1728 3224 flau-

24 3239 206 3312 dibus,
245 3241 724 3311 ordinationique
772 3241 896 3310 ejus
943 3239 1058 3295 uno
1106 3241 1566 3312 subscripserunt
1597 3256 1724 3310 ore;

27 3311 184 3386 cujus
229 3312 420 3400 gratia
444 3312 848 3400 provinciales
889 3313 1184 3400 episcopos
1227 3311 1558 3400 convocavit
1589 3314 1728 3400 'We:
1769 3347 1808 3400 Ο

26 3381 138 3432 nilo
193 3383 670 3451 archiepiscopus
731 3384 907 3451 (epist.
971 3385 1036 3436 99
1093 3386 1235 3436 inter
1289 3384 1529 3450 ejusdem
1587 3385 1728 3451 Lupi

25 3450 194 3518 epp.).
231 3455 309 3505 At
338 3450 710 3518 Prudentius,
741 3450 1036 3506 'l‘recensis
1067 3454 1386 3524 episcopus,
1421 3469 1551 3506 cum
1585 3450 1726 3522 pro-

27 3527 147 3588 pter
178 3530 347 3575 notas
377 3523 590 3592 quibus
616 3524 919 3592 depressus
950 3529 1072 3577 erat
1110 3525 1495 3589 inﬁrmitates,
1527 3540 1726 3577 eorum

28 3593 219 3645 adesse
249 3609 367 3646 non
401 3598 618 3662 posset,
653 3595 808 3646 misit
842 3594 1262 3664 presbyterum,
1295 3595 1393 3664 qui
1423 3596 1571 3648 vices
1605 3597 1727 3663 ejus

27 3668 272 3734 gereret,
329 3664 798 3734 ordinatiouique
857 3681 1151 3718 assensum
1207 3666 1510 3734 praeberet,
1561 3665 1728 3718 modo

30 3732 232 3786 rEneas
258 3740 514 3804 quatuor
541 3732 814 3797 articulis,
850 3735 1055 3804 quibus
1086 3732 1290 3804 puram
1323 3736 1504 3788 sancti
1531 3738 1727 3804 Augu-

29 3804 156 3856 stini
196 3805 526 3858 doctrinam
577 3806 861 3859 contineri
914 3807 1278 3859 existimabat
1327 3807 1725 3859 subscriberet.

31 3873 160 3926 V'ide
189 3877 542 3946 tractoriam
595 3877 886 3929 Prudentii
917 3877 1214 3946 epistolam
1248 3878 1395 3930 inter
1427 3877 1547 3946 ejus
1583 3878 1728 3946 Ope-

35 3959 89 3995 ra
132 3945 374 4012 (Patrol.
438 3952 566 3999 tom.
621 3946 866 4015 CXVIII).
925 3945 1123 4000 Utrum
1182 3945 1584 4016 subscripserit
1634 3945 1728 4000 Α]-

34 4029 160 4066 neas
192 4025 454 4069 veterum
488 4017 838 4070 documenta
871 4033 985 4070 non
1019 4019 1244 4081 docent,
1279 4033 1383 4070 nec
1426 4034 1539 4087 quo
1586 4033 1733 4086 pra:-

36 4087 136 4137 cise
167 4102 324 4140 anno
360 4087 576 4140 electus
607 4094 665 4141 et
693 4089 990 4141 ordinatus
1019 4089 1197 4142 fuerit
1226 4088 1542 4157 episcopus.
1583 4089 1729 4140 Bene

37 4161 220 4210 autem
271 4157 427 4226 quod
480 4159 702 4228 synodo
751 4158 1128 4212 Carisianensi
1176 4174 1372 4211 mense
1424 4159 1730 4212 Novembri

39 4241 176 4279 anno
241 4231 350 4281 858
409 4228 623 4281 habitae
677 4229 1024 4295 interfuerit,
1076 4229 1237 4297 cujus
1287 4244 1320 4281 a
1363 4229 1626 4282 Patribus
1671 4229 1730 4282 in

41 4298 271 4365 epistola
302 4299 372 4352 ad
410 4298 761 4352 Ludovicum
786 4299 1104 4354 Germania:
1127 4315 1324 4370 regem
1343 4302 1621 4369 episcopus
1643 4301 1731 4353 lio-

40 4370 290 4440 norabilis
324 4371 670 4440 appellatur.

101 4438 308 4492 Carolo
341 4438 465 4509 regi
484 4456 716 4509 semper
731 4439 1013 4504 addictus,
1037 4456 1149 4493 non
1173 4441 1354 4493 solum
1381 4439 1727 4494 Ludovicum

45 4508 221 4563 violati
253 4508 490 4563 foederis
518 4508 904 4580 fraternaeque
945 4512 1284 4564 conculcata:
1328 4511 1593 4564 amicitia:
1639 4528 1730 4563 co-

46 4595 148 4632 ram
176 4582 396 4650 arguit,
430 4581 527 4634 sed
577 4582 753 4634 etiam
797 4583 856 4634 in
903 4582 1142 4634 concilio
1191 4581 1341 4651 apud
1388 4582 1728 4651 Saponarias

45 4666 177 4704 anno
211 4654 341 4716 859,
383 4652 444 4704 in
476 4653 807 4722 episcopum
841 4668 959 4705 suae
991 4652 1296 4720 provinciae
1337 4652 1726 4721 metropolita-

45 4735 185 4787 num,
222 4723 329 4792 qui
363 4723 634 4775 Ludovici
662 4723 881 4775 faverat
909 4722 1213 4787 invasioni,
1249 4722 1535 4790 judicium
1576 4723 1729 4792 ferre

45 4806 147 4861 non
178 4791 265 4846 est
297 4794 538 4845 veritus.
565 4793 822 4847 Concilio
845 4793 998 4861 apud
1021 4793 1319 4845 Tusiacum
1341 4808 1536 4846 mense
1560 4791 1730 4845 Octo-

44 4859 120 4932 bri
147 4863 284 4916 anni
329 4865 435 4917 860
465 4863 649 4917 adfuit
690 4859 1090 4932 (ConcfHard.
1125 4869 1267 4916 tom.
1311 4864 1376 4930 V,
1425 4863 1529 4916 col.
1581 4863 1728 4931 490).

46 4931 163 4986 Ecce
188 4935 310 4999 jam
356 4934 617 4998 tertium,
669 4931 867 4987 mense
916 4933 1185 4987 Ianuario
1234 4933 1369 4986 anni
1419 4935 1538 4996 86-t,
1589 4934 1732 4986 Dani

47 5001 310 5058 Lutetiam
334 5003 638 5071 invadunt,
667 5003 935 5057 incendio
963 5004 1212 5064 tradunt,
1238 5009 1609 5073 cremantque
1633 5004 1731 5056 Ec-

45 5074 252 5128 clesiam
291 5077 472 5128 sancti
509 5075 801 5140 Germani,
835 5079 890 5127 et
912 5090 1095 5144 usque
1121 5074 1191 5127 ad
1221 5080 1468 5128 castrum
1494 5075 1732 5127 Melidu-

47 5158 164 5215 num
187 5148 387 5199 omnia
409 5146 862 5215 circumquaque
885 5145 1332 5214 depopulantur.
1353 5149 1517 5197 Anno
1530 5145 1733 5197 eodem

45 5213 258 5270 Carolus
291 5217 503 5270 Calvus
535 5213 783 5286 pontem'
821 5213 1102 5286 majOrem
1136 5232 1168 5268 a
1200 5231 1258 5268 se
1291 5231 1476 5286 nuper
1514 5223 1731 5286 exstru-

47 5291 176 5339 ctum
212 5304 395 5358 supra
426 5285 641 5340 terram
689 5286 868 5339 sancti
898 5286 1166 5358 Germani
1197 5285 1730 5348 Autissiodorensis,

47 5361 89 5406 et
115 5360 255 5412 viam
293 5357 446 5428 qua:
492 5358 562 5411 ad
613 5364 848 5426 pontem
891 5357 1289 5428 ducitL/Eneaa
1317 5370 1732 5428 successorum-

48 5441 138 5493 que
173 5431 300 5499 ejus
330 5425 628 5498 'potestati
678 5428 920 5496 subjecit
967 5427 1152 5497 pridie
1199 5427 1348 5499 Idus,
1377 5425 1531 5484 Julii,
1582 5439 1731 5499 anno

51 5492 565 5572 rrgni'xxuftllist.
620 5492 882 5572 Ecciesiae
919 5492 1125 5572 Puris,
1156 5501 1298 5572 tom.
1335 5497 1377 5564 I,
1416 5510 1548 5572 pag.
1583 5492 1728 5572 4:60):

105 5569 158 5622 In
205 5571 456 5625 concilio
509 5569 776 5632 l’istensi,
832 5584 922 5622 an.
977 5570 1100 5633 862,
1152 5568 1354 5621 xEneas
1402 5565 1734 5632 subscripsit

349 5667 647 5728 PATROL.
695 5664 921 5726 CXXI.

1836 2113 1956 2182 jam
1972 2115 2196 2182 pridem
2216 2129 2546 2166 concessum
2567 2114 2820 2181 episcopi
2839 2115 3274 2178 contirmarunt,
3297 2122 3353 2168 et
3373 2116 3536 2169 alteri

1845 2200 1957 2256 pro,
1999 2184 2246 2256 ecclesia
2281 2184 2460 2256 Sancti
2502 2184 2725 2256 Martini
2775 2185 3119 2256 Turonensis
3166 2185 3347 2255 (ibid.,
3401 2203 3530 2256 pag.

1842 2255 1988 2323 431).
2038 2254 2289 2308 Concilio
2335 2254 2731 2307 Suessionensi
2779 2255 2979 2308 eodem
3024 2254 3184 2308 anno,
3230 2254 3429 2322 astitit,
3474 2254 3533 2309 in

1843 2341 1956 2394 quo
1989 2325 2252 2386 Rotbadi,
2288 2324 2708 2377 Suessionensis
2743 2325 3016 2394 episcopi,
3050 2326 3172 2378 loco
3217 2327 3360 2378 alius
3393 2329 3533 2380 sub-

1843 2403 2094 2464 rogatus,
2147 2395 2419 2464 aliudque
2473 2396 2829 2464 Dionysiauis
2873 2397 3187 2462 monachis,
3250 2397 3531 2450 Ludovico

1844 2467 2042 2518 abbate
2077 2472 2324 2536 petente,
2351 2466 2544 2518 datum
2575 2473 2658 2518 est
2679 2466 3064 2536 privilegium,
3090 2483 3182 2519 cui
3204 2466 3534 2521 Ormundus

1843 2536 2115 2589 diaconus
2147 2537 2215 2589 ad
2249 2537 2429 2588 vicem
2460 2536 2670 2599 dinem,
2694 2537 3013 2608 ASneasque
3036 2540 3157 2606 ipse
3183 2545 3376 2608 postea
3399 2539 3532 2592 sub-

1842 2608 2068 2679 scripsit
2094 2608 2266 2679 (ibid.
2311 2623 2442 2676 pag.
2490 2609 2614 2670 433,
2647 2607 2793 2679 434).
2828 2607 3062 2660 Obviam
3093 2607 3319 2679 corpori
3353 2610 3533 2662 sancti

1841 2677 2126 2743 Germani,
2161 2693 2312 2738 cum,
2352 2678 2694 2730 Normannis
2726 2694 2904 2746 regno
2948 2680 3150 2747 pulsis,
3187 2677 3216 2732 ὁ
3249 2680 3383 2732 villa
3413 2682 3532 2733 No-

1841 2749 2069 2820 vigento
2117 2750 2175 2801 in
2223 2749 2422 2801 urbem
2462 2749 2809 2820 Parisiorum
2841 2765 2992 2820 anno
3041 2752 3141 2803 863
3174 2756 3531 2820 reportatum

1840 2829 1945 2885 est,
1978 2819 2080 2871 ivit
2110 2820 2312 2872 (Encas
2346 2835 2475 2871 cum
2513 2819 2798 2872 canonicis
2838 2819 2993 2888 (ibid.
3046 2836 3175 2889 pag.
3225 2823 3368 2886 469).
3421 2821 3531 2875 Alii

1840 2889 2237 2942 Suessionensi
2281 2889 2520 2942 concilio
2566 2889 2828 2942 interfuit
2859 2906 2948 2942 xvr
2988 2891 3227 2944 Kalend.
3270 2890 3532 2960 Septem-

1840 2960 1956 3012 bris
2000 2962 2123 3022 866,
2176 2960 2546 3029 epistolmque
2598 2961 2967 3029 prmlatorum
3010 2961 3297 3029 synodica:
3329 2963 3400 3015 ad
3441 2963 3531 3016 Ni-

1838 3033 2061 3083 colaum
2110 3046 2316 3100 papam
2366 3031 2701 3100 subscripsit
2739 3046 2833 3082 Vill
2883 3031 3117 3084 Kalend.
3152 3033 3304 3100 Sept.
3340 3034 3530 3085 alteri-

1838 3117 1951 3170 que
1981 3103 2318 3154 eorumdem
2350 3103 2416 3154 ad
2448 3117 2738 3154 summum
2775 3101 3101 3171 pontificem
3133 3104 3202 3155 de
3233 3103 3530 3156 Britouum

1838 3171 2134 3241 episcopis,
2189 3173 2334 3225 datae
2384 3188 2479 3224 vm
2541 3173 2668 3225 Idus
2732 3172 2992 3226 Decemb.
3047 3175 3183 3225 anni
3248 3173 3526 3242 ejusdem.

1837 3243 2140 3311 Privilegio
2182 3242 2516 3296 monasterii
2552 3242 2961 3306 Atrebatensis,
2997 3243 3057 3294 in
3101 3243 3343 3297 concilio
3391 3245 3526 3298 Ver-

1839 3313 2107 3365 meriensi
2157 3329 2307 3366 anno
2365 3313 2565 3366 eodem
2618 3329 2907 3379 concesso,
2959 3313 3310 3383 subscripsit.
3365 3319 3527 3369 Anno

1838 3385 1938 3436 867
1998 3385 2190 3436 ίΕιιειΒ
2246 3384 2463 3438 netenti
2516 3399 2612 3436 rex
2672 3386 2904 3438 Carolus
2970 3384 3219 3437 reddidit
3279 3385 3527 3438 insulam

1835 3455 2144 3523 quamdam
2175 3453 2360 3507 eidem
2392 3453 2606 3506 civitati
2629 3453 2697 3506 ab
2722 3454 2984 3506 orientali
3005 3455 3173 3523 plaga
3195 3455 3525 3524 contiguam

1835 3540 1899 3576 ac
1954 3524 2288 3577 viciniorem
2341 3525 2592 3577 ecclesiae
2655 3525 2713 3576 Β.
2770 3525 2984 3588 Mariae,
3045 3541 3174 3594 quae
3231 3527 3527 3594 quondam

1836 3594 2035 3648 comiti
2079 3594 2488 3666 subjiciebatur
2536 3594 2715 3666 (ibid,
2768 3610 2896 3664 pag.
2939 3595 3083 3661 461).
3136 3596 3337 3666 Datum
3381 3613 3526 3666 prae-

1837 3672 2063 3735 ceptum
2105 3680 2138 3716 ιι
2185 3666 2305 3736 Kal.
2357 3665 2510 3736 Maii,
2557 3665 2926 3736 regniﬁanno
2972 3680 3136 3716 xxvu.
3193 3665 3387 3736 Eidem
3445 3683 3529 3736 sy-

1837 3734 1988 3789 nodo
2037 3735 2300 3788 Trecensi
2346 3735 2526 3787 astitit
2567 3751 2663 3787 γιιι
2717 3734 2998 3806 Kalendas
3044 3735 3316 3806 Novemb.
3363 3734 3528 3806 syno-

1835 3807 2091 3874 diemque
2123 3806 2188 3858 ad
2217 3806 2510 3858 Nicolaum
2540 3821 2748 3874 papam
2779 3805 3034 3873 epistolae
3065 3804 3135 3857 de
3167 3805 3368 3858 iterata
3394 3804 3529 3860 Ebo-

1838 3877 1926 3930 nis
1959 3876 2310 3947 expulsione,
2351 3880 2407 3928 et
2447 3876 2734 3928 Hincmari
2773 3875 3131 3947 ordinatione
3169 3876 3522 3947 subscripsit.

1908 3947 2066 4001 Circa
2094 3946 2215 3999 haec
2244 3953 2526 4015 tempora,
2555 3946 2922 4018 ia_Provincia
2953 3945 3264 3999 Senonensi
3293 3945 3526 4018 delega-

1836 4021 1948 4081 tus,
1989 4018 2149 4086 jussu
2203 4022 2259 4070 et
2302 4023 2507 4085 rogatu
2551 4016 2766 4070 Nicolai
2819 4017 2836 4069 I
2889 4032 3077 4086 papae,
3117 4016 3444 4072 calumnias
3474 4024 3530 4072 et

1837 4088 2092 4141 convicia
2126 4088 2314 4141 Photii
2343 4089 2613 4141 adversus
2648 4087 2946 4140 Ecclesiam
2992 4087 3247 4141 Latinam
3280 4089 3444 4143 docto
3476 4095 3531 4142 et

1838 4159 2063 4212 erudito
2106 4159 2322 4212 retudit
2369 4174 2560 4228 opere,
2609 4157 2763 4228 quod
2808 4157 3026 4211 editum
3083 4165 3167 4212 est
3218 4164 3374 4213 tomo
3434 4161 3527 4213 VII

1838 4229 2128 4298 Spicileg.,
2161 4245 2294 4298 pag.
2350 4231 2392 4282 I.
2441 4233 2605 4282 Anno
2637 4231 2738 4282 868
2767 4244 2867 4282 rex
2901 4230 3137 4282 Carolus
3166 4231 3360 4285 Aineaa
3395 4233 3529 4285 red-

1838 4300 1984 4353 didit
2014 4301 2208 4352 villam
2248 4299 2634 4366 Nantriacum,
2679 4300 2738 4352 iu
2786 4315 2925 4363 agro
2959 4301 3184 4353 Pictavo
3231 4318 3392 4355 secus
3422 4303 3529 4355 ilu-

1839 4369 1995 4422 vium
2026 4369 2296 4423 Clinnum
2322 4370 2506 4442 sitam.
2539 4371 2741 4442 Datum
2775 4369 3031 4438 diploma
3052 4386 3120 4423 xv
3147 4370 3271 4424 Kal.
3298 4373 3528 4442 Aprilis,

1839 4444 1998 4509 regni
2030 4456 2182 4512 anno
2215 4457 2377 4493 xxvm
2408 4441 2591 4510 (ihid.,
2635 4456 2766 4509 pag.
2807 4442 2963 4512 462).
3003 4442 3168 4493 Iussu
3201 4441 3352 4510 regis
3379 4443 3529 4512 ejus-

1838 4512 1966 4565 dem
2019 4511 2086 4564 ad
2129 4512 2464 4564 Fossatense
2513 4509 2924 4563 monasterium
2972 4525 3032 4561 se
3077 4509 3322 4564 contulit
3380 4509 3531 4564 anno

1840 4582 2039 4635 eodem
2070 4581 2138 4634 ad
2181 4581 2572 4651 recipiendum
2617 4595 2822 4651 corpus
2869 4579 3279 4651 sanctigMauri,
3316 4581 3470 4650 quod
3501 4598 3532 4634 θ

1841 4653 2040 4722 predio
2055 4649 2315 4705 Audonis
2333 4652 2555 4703 comitis
2571 4651 2643 4722 ad
2655 4650 2902 4722 Ararim,
2921 4663 3035 4715 quo
3062 4649 3350 4722 Danorum
3375 4659 3530 4722 metu

1841 4719 2106 4775 monachi
2137 4723 2594 4791 deportaverant,
2630 4719 2692 4771 in
2711 4719 3117 4791 fossatensem
3162 4719 3353 4772 locum
3387 4721 3530 4774 refe-

1840 4792 2083 4846 rendum
2132 4787 2231 4844 rei
2264 4791 2491 4863 volebat
2505 4790 2669 4863 (Sage.
2703 4787 3092 4863 Bencd._parte
3123 4803 3182 4863 ιι,
3214 4805 3347 4858 pag.
3386 4793 3526 4857 168).

1843 4864 2135 4917 Feretrum
2174 4863 2266 4915 die
2297 4866 2326 4914 7
2360 4859 2570 4928 Aprilis
2614 4857 2866 4928 humeris
2904 4857 3057 4921 tulit,
3095 4857 3435 4913 solemniter
3473 4865 3532 4913 in

1843 4932 2139 4987 ecclesiam
2203 4933 2254 4984 Β.
2317 4925 2469 4983 ΡειΤὶ
2514 4925 2852 4994 deportavit,
2899 4929 2955 4976 et
2998 4941 3171 4995 super
3212 4930 3392 4984 altare
3436 4931 3529 4985 SS.

1843 5003 2244 5072 Apostolorum
2286 4997 2565 5072 deposuit,
2599 4996 2681 5072 pb
2713 5008 3236 5072 eamquencausam
3266 5001 3531 5072 praeben-

1843 5062 1972 5126 dam
2008 5087 2181 5122 unam
2212 5071 2292 5140 in
2319 5062 2552 5119 ecclesia
2597 5062 2903 5116 Parisiensi
2927 5062 3299 5140 __Fos_satensi'_
3331 5087 3530 5124 mona-

1842 5144 2014 5196 sterio
2046 5138 2342 5201 concessit,
2377 5148 2740 5201 annuumque
2773 5130 3256 5198 supplicationem
3287 5138 3536 5195 instituit

1845 5213 2044 5279 (Chnrt.
2075 5225 2185 5279 inv.
2219 5208 2324 5259 col.
2359 5204 2465 5279 18).
2504 5204 2804 5279 Perperam
2846 5215 3010 5279 more
3065 5221 3169 5279 suo
3219 5208 3394 5278 hujus
3426 5213 3534 5265 d0-

1841 5275 2087 5335 nationis
2134 5277 2307 5330 ﬁdem
2367 5275 2612 5346 elevare“
2635 5275 2872 5346 conatus
2922 5276 3015 5346 est.
3068 5275 3382 5346 Lauuoius,
3437 5283 3534 5334 sed

1841 5365 2010 5420 quam
2030 5347 2217 5420 iutilia
2233 5348 2366 5420 sunt
2386 5357 2516 5420 quia
2531 5339 2692 5420 offert
2711 5345 3061 5420 argumenta
3086 5348 3293 5400 melius
3314 5339 3538 5404 docebit

1841 5409 2120 5491 (geramus
2149 5416 2226 5469 du
2268 5409 2584 5480 Bois'UIist.
2618 5409 2866 5462 Ecclesia:
2893 5409 3111 5481 Paris,
3148 5421 3290 5471 tom.
3326 5420 3370 5486 Ι,
3401 5437 3534 5491 pag.

1837 5488 1982 5557 449).

1909 5544 2101 5610 Ᾰόίιιὶὶ
2131 5556 2352 5619 ιίΕιιεειε,
2386 5564 2534 5603 anno
2583 5547 2707 5614 869,
2753 5544 2974 5614 synodo
3028 5551 3101 5604 ad
3157 5554 3533 5622 Vermeriam,

3141 5651 3219 5708 22
