3846 6244
331 390 434 446 683

1549 383 1776 439 ᾹΞΝΕᾸΞ
1817 380 2246 439 PABISIENSIS
2285 379 2592 436 EPISCOPI

2285 379 2592 436 EPISCOPI
3735 369 3797 422 ετςξ

329 529 427 582 ubi
451 527 696 597 primum
723 528 852 597 acta
871 539 1038 597 causa
1063 520 1352 597 llincmari
1377 521 1786 597 Lugdunensis,
1811 525 1866 574 et
1893 520 2022 574 sub-
2062 528 2097 576 Λ
2133 520 2286 584 1898,
2322 519 2446 573 dua).
2477 515 2770 597 llinemari
2819 514 2888 569 ad
2934 514 3190 595 Eneam'
3213 515 3270 565 et
3317 510 3532 597 Itinere

330 593 554 668 scripsit
596 596 910 666 privilegiis
956 595 1303 668 Carrofensis
1349 600 1404 668 et
1438 595 1501 668 _S_.
1551 593 1778 668 Vedasti
1821 609 2020 668 mena:

330 663 653 722 steriorum.
705 663 915 720 Eodem
950 683 1100 718 anno
1151 666 1317 719 Pistis
1359 665 1554 718 habita
1603 665 1872 734 synodus,
1924 663 2020 716 ubi

329 740 788 809 metropolitanis
816 737 1082 808 Egylonis
1113 736 1691 809 votisohsecnndaus,
1717 741 1904 809 ratum
1929 735 2022 809 haj

325 812 455 864 Ιιιιίὶ
487 806 846 880 privilegium
873 806 1090 877 regale,
1126 807 1273 877 quod
1303 807 1847 880 inonasterioisancti
1870 806 2020 858 Petri

327 877 564 945 Vivi,'in
599 877 712 950 quo
747 897 906 932 suam
946 881 1198 946 elegerat
1242 879 1616 950 sepulturam.
1647 877 2018 950 Egiloimpe-

327 959 596 1005 traverat.
618 947 786 1004 'Anno
805 953 906 1003 870
932 950 1188 1002 interfuit
1207 949 1446 1001 concilio
1471 947 1622 1017 apud
1646 949 2019 1015 Attiniacum,

327 1023 385 1076 in
423 1040 536 1092 quo
570 1023 779 1076 iterum
811 1037 976 1073 causa
1013 1021 1296 1092 Hinrmari
1332 1020 1882 1092 Laudunensisiacta
1914 1025 2017 1092 est,

326 1100 388 1147 ut
419 1091 576 1164 patet
608 1110 670 1146 ex
707 1093 887 1162 capite
928 1091 1247 1164 33πεγιιυάἰΔ
1282 1091 1678 1164 Diuziacensis.
1708 1091 1882 1164 Vetus
1913 1091 2018 1164 Ne-

326 1160 640 1233 crologium
702 1160 1027 1216 monasterii
1073 1160 1250 1214 Sancti
1303 1161 1569 1233 Germani
1620 1163 1810 1214 Aineae
1867 1160 2010 1213 Pari-

326 1232 531 1288 siensi’s
575 1235 792 1287 obitum
845 1234 910 1286 ad
961 1251 1007 1285 Vl
1059 1234 1177 1286 Kal.
1229 1232 1482 1285 Januarii
1531 1233 1781 1285 adnotat.
1818 1233 2017 1298 Itaque

325 1323 454 1358 cum
502 1305 742 1358 concilio
789 1303 1160 1357 Attiniacensi
1193 1304 1440 1356 adfuerit
1470 1305 1670 1356 Aiueas
1710 1320 1857 1356 anno
1891 1303 2013 1364 870,

327 1377 773 1445 Duziacensique
821 1375 942 1444 ejus
990 1390 1278 1427 sueeessor
1319 1375 1660 1439 lngelwinns
1695 1390 1844 1445 anno
1892 1376 2013 1438 871,

323 1447 457 1500 binc
489 1444 750 1517 sequitur
774 1448 1006 1499 zEueam
1039 1445 1244 1498 obiisse
1287 1461 1338 1498 γι
1373 1446 1496 1499 Kal.
1541 1447 1664 1500 Jan.
1700 1444 1834 1498 anni
1866 1445 2016 1514 ejus-

323 1519 474 1571 dem.

396 1591 624 1642 Exstant
673 1591 829 1640 tome
887 1589 1002 1640 Vlll
1053 1587 1263 1641 Concil.
1315 1587 1512 1657 l.abb.,
1560 1587 1831 1657 append.,
1884 1602 2016 1656 pag.

2135 579 2356 644 marum
2399 590 2678 659 epistolae,
2712 604 2955 658 quarum
3001 587 3062 639 in
3106 585 3296 659 prima
3351 579 3800 659 ilincmarushi-

2133 679 2298 716 neam
2327 651 2491 730 rogat
2525 666 2586 714 ut
2614 651 3028 713 adolescentem
3060 651 3407 730 quemdam,
3441 651 3690 726 nomine
3715 651 3802 702 Bar-

2131 725 2525 792 monemfsibi
2559 733 2628 784 ab
2659 731 2864 784 abbate
2907 725 3093 782 sancti
3131 725 3415 798 Dionysii
3445 725 3800 798 commissura.

2132 821 2304 874 quem
2332 805 2534 857 {tineas
2571 803 2690 871 jam
2722 801 3049 874 acolytbum
3081 799 3316 860 fecerat,
3355 797 3598 874 litteris
3629 807 3802 842 caiisa:-

2129 865 2208 927 cis
2245 875 2410 927 liceat
2441 875 2500 926 in
2537 865 2771 926 ecclesia
2801 865 2899 925 sua
2935 870 3177 923 retinere
3211 873 3266 920 et
3301 865 3669 934 regulariter
3693 873 3802 913 ora;-

2131 962 2287 998 nare.
2324 944 2642 1014 Respondit
2673 943 2903 1008 zEueas;
2938 947 2996 993 at
3025 939 3294 1014 responsi
3323 937 3580 1014 initium
3629 939 3664 984 ι
3685 937 3829 1014 ritual

2129 1023 2408 1084 superest.
2439 1003 2563 1069 alia
2596 1018 2784 1084 Lupus
2819 1003 3198 1084 Ferrariensis
3227 1011 3298 1062 ad
3333 1010 3598 1084 Aineam
3619 1003 3806 1084 epistola

2135 1076 2232 1139 lli)
2265 1087 2448 1139 lilium
2482 1076 2814 1154 neptissum
2857 1082 3240 1146 commendat,
3279 1086 3346 1132 ut
3377 1077 3650 1131 militare

2130 1158 2321 1210 licium
2353 1157 2434 1210 illi
2465 1157 2735 1210 conferat.
3011 1223 3014 1225 Α
3131 1223 3140 1225 _
3299 1221 3324 1225 _
3353 1220 3368 1225 _
3667 1217 3675 1225 _

2197 1228 2534 1297 Quanquam
2571 1244 2700 1280 vero
2733 1225 2945 1294 pietate
2975 1223 3146 1276 simul
3187 1227 3245 1276 et
3289 1220 3804 1297 ﬁde__conspic_ut_.m

2127 1301 2356 1352 Aineam
2385 1293 2528 1351 satis
2567 1293 2960 1351 demonstrent
2991 1311 3118 1364 quae
3159 1309 3339 1362 supra
3364 1293 3720 1364 rallata_su_nt
3753 1303 3808 1336 ar-

2127 1376 2420 1439 gumenta,
2463 1369 2694 1438 quidem
2747 1375 2940 1421 tamen
2983 1361 3268 1439 iriiemoria
3320 1363 3456 1439 ejus
3511 1361 3808 1439 labefactare

2127 1431 2250 1493 ausi
2282 1431 2432 1508 sunt,
2468 1431 2611 1510 quos
2641 1439 2922 1493 Gerardus
2965 1438 3038 1492 du
3077 1435 3205 1490 Bois
3249 1433 3476 1488 refellit
3525 1431 3682 1494 (ibid.
3711 1444 3806 1496 pag.

2129 1511 2278 1581 458).

321 1727 2231 1739 -Μ-Ἦ

1381 1857 1837 1958 AENEAS
1907 1853 2790 1958 PARISIENSIS

890 2048 1419 2175 LIBER
1511 2045 2430 2176 ADVERSUS
2542 2043 3270 2173 GRAECOS
3347 2155 3364 2170 .

1537 2253 1710 2317 (Apud
1743 2253 2044 2314 Acherium,
2081 2253 2344 2316 Spicilegii
2379 2256 2523 2301 tomo
2559 2251 2619 2316 Ι.)

1041 2435 1138 2507 ΙΝ
1199 2435 1451 2508 OPUS
1511 2433 2132 2520 SUBSEQUENS
2185 2434 2578 2508 ACHERII
2639 2432 3118 2507 MONITUM.

405 2703 569 2757 Liber
617 2701 710 2756 hic
763 2702 972 2768 Aiueae,
1029 2701 1363 2756 Parisiensis
1423 2702 1695 2772 episcopi,
1755 2702 2024 2756 adversus
2064 2703 2106 2757 B
2138 2702 2281 2772 ejus,
2315 2702 2382 2756 ad
2417 2703 2754 2772 dignitatem
2785 2702 3148 2772 pontificatus
3193 2702 3672 2772 promovendum
3709 2715 3812 2752 coa-

331 2775 553 2828 Graecos
600 2791 628 2827 e
675 2773 1021 2828 bibliotheca
1067 2774 1334 2826 Tliuanea
1378 2775 1498 2843 jam
1559 2775 1628 2826 ab
1677 2775 1840 2826 annis
1891 2774 2022 2842 plus

331 2845 522 2898 minus
563 2845 866 2898 duodecim
917 2851 1132 2898 erutus.
1180 2845 1243 2898 In
1288 2861 1355 2897 eo
1403 2846 1582 2898 multa
1629 2861 1757 2897 cum
1808 2846 2024 2898 Graeco-

329 2932 482 2982 rum,
545 2921 666 2968 tum
727 2916 1058 2969 Latinorum
1121 2916 1351 2968 Patrum
1408 2916 1742 2968 testimonia
1796 2915 2026 2969 adducit

331 2989 552 3040 Aineas.
589 2989 910 3040 Graecorum
943 2986 1268 3039 testimonia
1295 2992 1530 3056 propter
1559 2987 1854 3055 antiquam
1897 2987 2022 3039 illo-

331 3073 460 3110 rum
495 3057 1025 3126 interpretationem
1059 3057 1267 3126 reliqui
1297 3063 1447 3109 sarta
1479 3062 1651 3120 tecta;
1696 3057 2024 3110 Latinorum

331 3143 491 3192 vero,
525 3144 654 3180 cum
686 3133 741 3180 et
765 3127 1077 3196 prolixiora
1111 3131 1296 3179 essent
1325 3132 1380 3180 et
1405 3127 1810 3196 frequentiora.
1839 3144 1909 3180 ne
1933 3133 2027 3180 tae-

336 3199 494 3251 dium
535 3203 804 3267 parerent
849 3197 1067 3262 lectori,
1120 3197 1327 3266 sacpius
1371 3197 1642 3266 expungi,
1677 3199 1911 3250 servatis
1943 3203 2026 3250 ta-

337 3285 466 3322 men
520 3268 808 3338 prioribus
853 3274 910 3321 et
951 3267 1364 3338 posterioribus
1420 3267 1626 3334 verbis,
1675 3270 2026 3338 remissoque

335 3341 402 3392 ad
437 3339 586 3392 edita
617 3340 922 3392 citatorum
971 3341 1202 3392 Patrum
1249 3355 1422 3408 opera
1473 3339 1706 3392 lectore.
1757 3343 2023 3409 Utraque,

335 3410 542 3480 partim
576 3411 645 3463 ad
680 3416 1244 3480 excusosauctornm
1287 3410 1478 3476 libros,
1525 3411 1732 3479 partim
1773 3411 1838 3463 ad
1871 3427 2024 3474 mss,

334 3479 571 3546 Contuli,
606 3481 890 3534 adnotatis
922 3479 1260 3534 lectionibus
1299 3480 1489 3545 variis,
1523 3486 1577 3532 et
1606 3483 1897 3534 nonnullis
1925 3481 2025 3534 ob-

336 3552 568 3605 servatis
603 3568 732 3622 quae
763 3552 820 3604 in
850 3551 1198 3604 editionibus
1230 3567 1342 3604 non
1373 3557 1614 3605 exstant.

407 3623 590 3676 Caroli
623 3621 790 3677 ’Calvi
829 3622 1190 3692 imperatoris
1237 3623 1614 3692 temporibus,
1649 3622 1800 3676 inter
1829 3621 2024 3676 Galliae

334 3695 610 3762 praesules
675 3695 884 3762 pietate
954 3709 1018 3746 ac
1087 3694 1411 3746 eruditione
1475 3695 1820 3763 conspicuus
1887 3693 2028 3746 vixit

335 3765 566 3828 Arineas;
599 3781 848 3834 eumque
886 3765 1125 3818 summis
1172 3765 1440 3818 laudibus
1478 3765 1642 3818 elfcrt
1685 3767 1891 3834 Lupus,
1929 3765 2024 3817 ab-

334 3834 434 3888 bas
481 3835 872 3900 li‘errariensis,
906 3837 1142 3904 epistola
1178 3838 1264 3901 98,
1305 3835 1537 3888 nomine
1567 3835 1701 3888 cleri
1736 3835 2026 3888 Parisien—

333 3907 409 3958 sis
455 3906 681 3974 scripta,
733 3906 804 3958 ad
854 3907 1251 3972 Guenilonem,
1306 3906 1800 3975 archiepiscopum
1860 3905 2028 3958 Seno-

335 3991 572 4029 nensem
624 3991 636 4029 :
690 3997 718 4025 «
767 3978 1021 4040 jEneam,
1071 3979 1232 4046 cujus
1283 3979 1576 4044 praeconia
1621 3976 2020 4046 praemisimus,

334 4046 691 4100 concorditer
721 4062 920 4117 omnes
945 4047 1233 4117 eligimus,
1257 4050 1490 4101 Eneam
1519 4049 1763 4112 Patrem,
1787 4049 2022 4101 zEneam

335 4117 667 4185 pontificem
725 4116 935 4170 habere
994 4116 1276 4186 optamus.
1335 4117 1602 4180 Quamvis
1657 4118 1814 4171 enim
1867 4123 2024 4170 tanta

336 4187 646 4258 prudentia
684 4203 748 4239 ac
790 4187 1072 4255 probitate
1105 4189 1668 4258 praecellentissimus
1701 4205 1793 4240 rex
1833 4193 2027 4241 noster

337 4257 567 4326 polleat,
621 4262 681 4328 ut
730 4259 912 4310 solum
960 4261 1081 4326 ejus
1109 4257 1399 4328 judicium
1446 4259 1514 4311 de
1557 4259 1674 4311 viro
1707 4264 2024 4312 memorato

338 4333 530 4396 posset
560 4327 841 4393 sufﬁcere,
875 4333 1064 4381 tamen
1098 4327 1443 4381 conditionis
1477 4330 1743 4382 humanas
1773 4347 1888 4383 non
1925 4346 2024 4382 ne-

338 4397 458 4470 scii.
486 4399 946 4470 futurorumque
979 4399 1565 4470 curiosi,_aulicorumr
1597 4415 1698 4452 nos
1736 4401 1845 4470 ipsi
1884 4417 2025 4470 pro-

337 4469 588 4538 positum
620 4485 683 4521 ac
715 4483 902 4522 mores
933 4468 1104 4538 longe
1150 4468 1309 4538 prius
1350 4469 1724 4538 inspeximus,
1758 4468 1824 4524 “et
1875 4468 2027 4524 inter

337 4555 536 4606 graves
567 4539 1006 4609 probabilesque
1046 4556 1322 4608 personas
1367 4545 1421 4592 et
1467 4541 1762 4594 sanctitate
1804 4543 2025 4595 ferven-

337 4617 442 4674 tes,
473 4609 622 4662 hunc
651 4626 822 4680 quem
846 4611 1172 4682 antistitem
1206 4610 1418 4682 habere
1451 4611 1716 4680 cupimus
1748 4616 2027 4682 quotquot

337 4697 470 4733 eum
503 4697 668 4732 nosse
697 4680 1013 4752 potuimus,
1046 4685 1108 4732 ut
1139 4696 1290 4733 nunc
1331 4681 1522 4750 palam
1553 4687 1656 4746 est,
1692 4680 2022 4752 absque'er-

335 4767 464 4803 rore
499 4750 1022 4821 annumeravimus,
1064 4771 1085 4799 ι
1135 4756 1240 4804 etc.
1295 4752 1356 4804 Et
1408 4752 1465 4804 in
1511 4750 2022 4821 rescripto'Weni-

333 4821 486 4874 lonis
518 4820 942 4891 metropolitani
988 4827 1043 4874 et
1080 4821 1548 4891 coepiscoporum
1591 4820 1897 4891 provinciae
1929 4824 2024 4876 Se-

335 4890 725 4963 nonensisad
771 4891 984 4963 clerum
1033 4890 1430 4963 Parisiensem,
1481 4890 1638 4963 Lupi.
1687 4894 1850 4962 epist.
1897 4897 1963 4948 99
2010 4910 2022 4947 :

339 4980 367 5011 α
428 4961 566 5024 Quis
621 4961 821 5014 leviter
879 4961 1069 5030 tetigit
1117 4963 1414 5032 palatium,
1477 4961 1580 5016 cui
1623 4961 1784 5017 leber
1837 4967 2025 5018 Encas

336 5031 754 5106 nonAinﬁnotuit,
791 5037 847 5084 et
885 5033 1087 5106 fervor
1112 5031 1170 5086 in
1221 5034 1424 5106 divinis
1471 5035 1644 5088 rebus
1693 5051 1808 5088 non
1855 5052 2026 5106 appa-

337 5102 486 5176 ruit?
511 5101 897 5176 Quamobrem
929 5103 1262 5176 electionem
1295 5105 1354 5158 in
1393 5121 1459 5158 eo
1507 5106 1711 5159 factam
1750 5107 1860 5160 Deo
1893 5101 2021 5176 pro-

335 5172 479 5240 pilio
509 5171 755 5225 libenter
783 5173 1094 5243 sequimur,
1139 5179 1204 5229 ut
1245 5192 1377 5230 eum
1415 5178 1780 5245 profuturum
1809 5171 2023 5249 populo

2130 2774 2379 2827 corditer
2408 2775 2800 2826 decernamus.
2835 2774 2919 2826 Sit
2948 2774 3126 2844 igitur
3155 2773 3314 2826 vobis
3347 2783 3578 2842 pastor,
3615 2773 3704 2842 qui
3735 2787 3808 2840 pro

2131 2846 2249 2897 suis
2285 2845 2352 2898 ad
2393 2845 2570 2898 Deum
2605 2844 2820 2896 meritis
2853 2845 2998 2896 bene
3036 2844 3406 2912 complacuit,
3445 2849 3508 2896 et
3539 2848 3808 2913 sequentes

2132 2916 2254 2984 ejus
2283 2931 2536 2968 veracem
2575 2915 2912 2980 doctrinam,
2961 2920 3017 2967 et
3064 2921 3258 2966 sancta
3301 2931 3488 2982 opera
3529 2916 3808 2970 iimtantee,

2133 2983 2200 3039 ad
2250 2987 2492 3039 ceslestis
2539 2987 2702 3056 regni
2747 3001 2956 3054 pascua
3005 2990 3306 3055 properate
3355 2985 3588 3040 felices.
3643 3007 3662 3032 ι
3719 2983 3810 3050 Ep:-

2133 3057 2285 3126 scopi
2335 3058 2508 3110 etiam
2559 3055 2658 3126 qui
2709 3057 3074 3108 Carisiacensi
3123 3057 3343 3124 synodo
3395 3057 3730 3117 adfuerunt,
3769 3055 3806 3104 in

2133 3129 2372 3196 epistola
2419 3129 2488 3180 ad
2549 3127 2898 3180 Ludovicum
2954 3143 3150 3193 regem
3202 3127 3564 3192 Germaniae,
3617 3128 3808 3180 ἀεικελίη

2133 3201 2441 3266 episcopum
2475 3199 2838 3251 houorubz’lcm
2868 3199 3179 3267 appellant.

2208 3269 2385 3321 Unam
2434 3269 2690 3336 ejusdem
2733 3265 2921 3321 [lineae
2948 3265 3294 3336 'epistolam,
3329 3275 3386 3320 et
3434 3267 3681 3320 alterius
3717 3265 3810 3333 epi-

2135 3339 2295 3392 stolae
2325 3339 2710 3408 fragmentum
2740 3339 2993 3408 reperies
3021 3340 3080 3391 in
3111 3344 3264 3391 tumo
3297 3340 3347 3391 ll
3371 3341 3604 3394 Concil.
3633 3339 3806 3394 Galliae,

2133 3426 2264 3480 pag.
2300 3412 2422 3463 670.

2203 3480 2458 3534 Sehisma
2502 3481 2848 3546 Graecorum,
2899 3484 3099 3533 contra
3148 3496 3294 3550 quos
3351 3481 3570 3533 Aiueas
3621 3479 3810 3546 scripsit

2132 3551 2342 3604 librum
2381 3551 2549 3618 hunc,
2584 3552 3053 3622 quandoquidem
3089 3559 3498 3622 memorarunt
3535 3551 3702 3604 multi
3723 3551 3806 3622 sive

2134 3622 2509 3691 antiquiores,
2545 3619 2620 3674 ut
2639 3619 2900 3674 Nicolaus
2930 3637 3078 3690 papa
3105 3623 3147 3685 Ι,
3194 3623 3256 3676 in
3297 3621 3470 3691 epist.
3528 3623 3604 3675 ad
3651 3619 3808 3674 Gallis.-

2133 3693 2457 3762 episcopos;
2507 3695 2849 3746 Ratramnus
2897 3693 3272 3758 Corbeiensis,
3325 3693 3428 3761 qui
3483 3693 3670 3745 libros
3709 3705 3812 3757 qua-

2137 3769 2267 3816 tuor
2322 3763 2642 3832 composuit
2699 3769 2896 3816 contra
2949 3764 3276 3817 Graecorum
3336 3764 3644 3831 opposita;
3703 3763 3810 3814 Fro-

2135 3833 2355 3896 doard.,
2389 3835 2446 3886 in
2478 3834 2617 3902 Hist.
2653 3835 2859 3886 Eccles.
2905 3834 3260 3894 Rhemensis,
3310 3834 3409 3886 lib.
3467 3851 3510 3897 ι,
3569 3850 3693 3902 cap.
3743 3835 3808 3884 l?;

2135 3905 2248 3957 sive
2277 3900 2641 3968 recentiores,
2677 3911 2740 3957 ut
2788 3905 3062 3958 Baronius
3106 3904 3164 3956 in
3205 3905 3409 3957 Annal.
3456 3900 3696 3968 Eccles,
3728 3909 3806 3952 etc.

2139 3976 2251 4029 Nos
2283 3976 2454 4028 etiam
2491 3975 2546 4027 in
2577 3975 2786 4044 praevia
2813 3975 3128 4028 monitione
3160 3976 3229 4029 ad
3253 3977 3644 4029 Ratramnum
3667 3973 3812 4027 multa

2067 4029 2106 4082 (ἶ
2137 4046 2228 4099 hic
2254 4029 2664 4115 repetenda‘de
2692 4062 2758 4098 eo
2790 4061 2904 4098 non
2937 4045 3225 4099 duximus.

2209 4117 2480 4170 Advertas
2509 4132 2706 4186 porro,
2743 4116 2942 4181 lector,
2981 4116 3188 4169 librum
3223 4115 3430 4168 lsidori
3483 4115 3810 4186 Hispalensis

2136 4187 2204 4240 de
2240 4187 2450 4242 Ordine
2485 4185 2908 4251 Creaturarum,
2943 4204 3114 4257 quem
3146 4189 3204 4240 in
3241 4188 3348 4240 hoc
3387 4185 3693 4256 spieilegio
3719 4185 3810 4237 edi-

2137 4273 2286 4322 mus,
2351 4258 2421 4311 ab
2487 4259 2660 4310 Ainea
2725 4259 2962 4310 citatum
3027 4274 3152 4328 cap.
3217 4260 3284 4311 9'1-
3352 4259 3614 4324 (tametsi
3681 4261 3812 4328 quol-

2136 4333 2278 4399 quot
2338 4328 2610 4382 hactenus
2679 4328 2955 4397 legerim,
3022 4327 3216 4399 hujus
3263 4345 3374 4381 non
3443 4327 3794 4399 meminerint

2137 4395 2288 4453 liaud
2321 4415 2620 4469 perperam
2657 4395 2763 4452 mei
2791 4399 3003 4452 Isidoro
3053 4398 3335 4464 tribuisse,
3381 4399 3522 4452 licet
3571 4400 3692 4452 solo
3736 4395 3810 4469 da-

2135 4477 2289 4524 ctum
2322 4466 2530 4539 scripti
2575 4470 2782 4522 codicis
2815 4471 2980 4523 titulo
3015 4487 3028 4522 :
3065 4476 3224 4523 vetus
3256 4471 3411 4522 enirn
3447 4475 3538 4523 est
3569 4477 3628 4523 et
3657 4466 3810 4538 gravis

2135 4545 2334 4594 auctor
2363 4540 2587 4604 Eneas,
2623 4541 2716 4592 cui
2749 4539 2920 4593 iidem
2954 4541 3336 4594 adhibendam
3371 4547 3544 4606 puto.

2209 4611 2340 4663 llaec
2387 4610 2681 4674 Aclierins,
2729 4628 2900 4680 quem
2952 4611 3105 4664 haud
3149 4612 3342 4681 paucis
3373 4612 3432 4663 in
3465 4611 3614 4664 locis
3645 4608 3814 4663 fefellit

2135 4681 2401 4734 librarius
2440 4697 2604 4747 suus;
2640 4697 2770 4734 nam
2812 4698 2940 4734 cum
2992 4698 3124 4734 eum
3175 4683 3364 4749 ipsum
3414 4683 3675 4735 codicem
3721 4693 3808 4748 quo

2137 4769 2271 4804 usus
2317 4756 2439 4805 erat
2485 4752 2865 4805 consuluisset
2913 4752 3122 4805 deinde
3171 4753 3432 4805 Baluzius
3481 4754 3546 4806 ν,
3603 4753 3684 4815 C.,
3723 4751 3806 4802 mi-

2135 4839 2263 4876 rum
2298 4821 2519 4892 quoties
2549 4839 2674 4876 eam
2723 4822 3028 4875 lectionem
3075 4839 3206 4893 quae
3255 4829 3474 4875 textum
3533 4823 3810 4893 insederat,

2137 4891 2334 4946 falsam
2370 4899 2426 4946 et
2454 4893 2524 4946 ab
2555 4893 2892 4946 amanuensi
2935 4891 3236 4946 conﬁctam
3279 4909 3400 4946 esse
3433 4891 3806 4964 deprehendit.

2133 4965 2374 5036 Textum
2410 4969 2627 5036 quanta
2667 4964 2963 5034 potuimus
3013 4964 3312 5036 diligentia
3359 4965 3804 5036 eripui-gerimus,

2134 5036 2294 5104 cujus
2323 5031 2635 5103 diligentiae
2668 5031 2891 5088 nostra:
2919 5031 3234 5104 specim'ina
3274 5051 3404 5088 cum
3435 5031 3618 5088 initio
3649 5031 3806 5104 operis

2134 5105 2411 5176 praebere
2455 5105 2734 5170 libuisset,
2782 5106 3010 5176 singula
3061 5107 3268 5160 deinde
3315 5107 3594 5160 adnotare
3647 5105 3802 5158 minus

2139 5175 2522 5230 necessarium
2553 5177 2740 5230 visum
2768 5183 2872 5230 est.
