3846 6244
1231 346 1443 404 LIBER
1482 348 1845 404 ADVERSUS
1885 349 2191 405 GRAECOS.

3360 354 3463 409 686

1110 644 1681 717 PRZEFATIO
1764 645 2338 722 AUCTORIS.

6 925 156 975 eas,
206 911 694 966 Parisiacensis
743 911 898 966 urbis
929 912 1249 983 episcopus,
1284 929 1398 983 quo
1444 912 1666 982 primus
1704 916 1744 968 A
1777 929 2104 968 ascensorem
2200 916 2365 983 dcjcit
2467 919 2524 969 in

5 1000 134 1054 edit
193 1000 269 1054 S.
351 1002 708 1072 Dionysius,
761 1020 792 1054 a
840 1003 1013 1055 Paulo
1059 1003 1312 1071 apostolo
1355 1003 1663 1056 Athenien-

20 1097 508 1144 consecratus
555 1090 1039 1160 archiepiscopus,
1083 1090 1180 1143 sed
1230 1108 1261 1143 a
1306 1096 1500 1142 sancto
1536 1091 1662 1144 Cle-

5 1194 34 1230 e
76 1177 317 1231 totius
349 1179 580 1232 Gallias
611 1179 948 1232 constitutus
997 1180 1315 1248 apostolus;
1366 1195 1566 1249 pacem
1611 1182 1665 1232 et

6 1282 102 1318 ιω
147 1267 536 1320 catholicae
571 1267 707 1320 fidei
740 1267 1082 1322 cultoribus.

5 1354 232 1423 gimus
299 1355 387 1407 in
462 1355 609 1408 libro
657 1356 920 1409 Judicum
972 1357 1109 1423 (cap.
1156 1357 1259 1424 ιιι),
1309 1356 1459 1425 quod
1519 1372 1666 1425 pm-

6 1445 100 1495 tia
131 1444 395 1497 divina
446 1451 615 1497 terra:
649 1444 896 1513 inclytae,
931 1445 1135 1497 semini
1161 1445 1402 1497 Abrahze
1437 1445 1509 1498 ob
1557 1445 1666 1498 im-

5 1549 72 1585 .ae
142 1532 322 1586 fidei
408 1534 647 1587 laudem
702 1533 1083 1602 repromissae,
1140 1534 1324 1586 inesse
1397 1534 1667 1603 reliquias

6 1639 400 1674 laneam-uin
449 1639 516 1674 cx
551 1629 709 1691 patre
759 1623 1102 1691 permiserit,
1152 1623 1364 1675 scilicet
1396 1626 1458 1674 ut
1499 1639 1665 1691 expe-

5 1726 78 1762 ur
115 1710 187 1763 iu
234 1711 346 1762 eis
423 1711 625 1777 Israel,
665 1727 735 1763 ne
785 1711 929 1763 forte
979 1711 1094 1763 otio
1155 1717 1386 1778 torpens
1436 1711 1668 1780 ignarus

5 1816 172 1851 vrum
229 1800 456 1866 foret,
511 1800 674 1868 cujus
727 1799 921 1852 efticax
973 1799 1170 1862 virtus,
1225 1801 1337 1851 lieo
1385 1799 1666 1869 prmduce,

6 1904 91 1938 nn
134 1903 456 1955 regnum
493 1887 813 1956 egregium,
863 1887 1080 1940 cunctis
1129 1888 1350 1940 sarculis
1397 1887 1666 1955 praedica-

48 1975 175 2028 sihi
215 1976 449 2028 aruiis
501 1976 904 2029 vindicaverat.
959 1975 1136 2043 Hujus
1175 1975 1462 2044 aequitatis
1509 1975 1670 2027 lance

5 2063 252 2126 :stium,
348 2064 733 2116 terrestrium
808 2068 863 2115 et
942 2063 1299 2116 infernarum
1374 2063 1667 2126 Dominus,

6 2157 152 2204 rtam
201 2152 567 2204 Ecclesiam
601 2168 716 2204 non
773 2151 1077 2204 habentem
1127 2152 1410 2204 maculam
1443 2156 1542 2204 aut
1574 2167 1666 2203 ru~

5 2258 39 2304 l,
77 2240 346 2294 annulo
391 2257 523 2292 sure
551 2239 828 2310 passionis
859 2240 964 2292 sibi
998 2240 1330 2292 solemniter
1356 2240 1485 2308 jure
1512 2239 1666 2309 regio

5 2335 381 2398 pons-ataui,
446 2329 734 2382 lueretica:
782 2329 1079 2398 pravitatis
1122 2329 1529 2381 assertionibus
1585 2330 1667 2381 la-

5 2420 196 2483 eitam,
239 2418 502 2470 victrici
535 2419 730 2470 laurea
759 2417 1002 2486 experiri
1042 2417 1237 2481 voluit,
1289 2417 1463 2469 veluti
1513 2421 1667 2468 stans

6 2506 114 2558 icie
150 2521 409 2559 manus
444 2507 506 2558 in
549 2507 698 2559 bella
735 2506 1117 2570 contraheret,
1171 2510 1225 2558 et
1266 2505 1337 2557 ob
1385 2505 1668 2558 creberri-

9 2611 61 2645 m
131 2595 646 2648 adversariorum
718 2593 1038 2658 victoriam,
1100 2593 1158 2645 in
1231 2593 1494 2662 amplexu
1583 2592 1668 2644 sui

6 2684 117 2734 insi
185 2685 655 2750 condelectans,
732 2682 791 2734 in
857 2682 1030 2734 totius
1089 2680 1300 2735 laetitiae
1353 2696 1372 2723 δ
1449 2687 1668 2751 patrato

5 2772 232 2840 umpho
298 2770 637 2824 admodum
668 2770 990 2835 exsultaret,
1026 2773 1080 2822 et
1105 2769 1391 2839 frequenti
1437 2785 1668 2826 concer-

11 2861 143 2912 ioue
177 2861 243 2912 in
280 2860 460 2912 bella
489 2860 588 2912 Dei
620 2857 706 2912 sui
736 2875 1059 2928 assurgens,
1084 2858 1316 2911 scientia
1351 2875 1670 2927 repugnan-

34 2953 357 3000 venustata
419 2963 553 2999 cum
612 2946 810 2999 decore
861 2947 1120 3015 polleret,
1177 2952 1240 2999 ut
1299 2963 1355 2999 se
1412 2947 1670 2998 toxicatis

6 3036 108 3086 mis
142 3041 525 3088 attentantes
560 3038 823 3104 potenter
853 3035 1130 3103 repellere
1180 3034 1513 3094 addisceret,
1564 3033 1670 3102 ipsi

8 3124 336 3186 .nclamans,
375 3125 483 3192 qui
526 3127 696 3191 caput
729 3122 933 3190 galeati
965 3122 1229 3174 contrivit
1283 3122 1554 3191 chelydri,
1609 3138 1670 3174 ac

12 3209 297 3262 lucialiter
365 3225 554 3278 agens
613 3224 625 3260 :
689 3208 903 3264 Judica.
963 3210 1199 3273 Domine,
1249 3214 1489 3261 nocentes
1559 3224 1669 3273 me;

14 3312 199 3363 pugna
263 3301 668 3366 impugnantvs
708 3312 806 3348 me.
839 3296 1198 3364 Apprehende
1257 3312 1412 3350 arma
1451 3301 1501 3349 et
1555 3312 1674 3350 scu-

21 3400 84 3445 m,
112 3390 158 3437 et
185 3401 439 3450 exsurge
480 3387 538 3437 in
594 3384 929 3453 adjutorium
971 3385 1109 3437 mihi
1159 3387 1320 3452 (Psal.
1376 3401 1561 3450 xxxrv,
1599 3389 1665 3442 l).

2624 933 2774 971 mare
2884 919 3096 986 (Emod.
3202 936 3292 986 xv,
3400 924 3468 984 t).

1845 1003 2039 1073 Itaque
2084 1004 2434 1073 temporibus
2480 1005 2720 1075 gloriosi
2747 1010 2804 1059 et
2849 1007 3155 1060 orthodoxi
3207 1008 3473 1062 Ludovici

1774 1091 2157 1161 imperatoris,
2209 1092 2423 1144 Graecia
2475 1109 2604 1163 qum
2657 1111 2714 1146 se
2769 1098 3011 1147 matrem
3065 1096 3370 1149 verborum
3418 1103 3476 1150 et

1773 1180 2109 1248 genitricem
2165 1180 2661 1250 philosophorum,
2728 1188 2784 1236 et
2838 1185 3098 1237 omnium
3149 1185 3473 1238 liberalium

1774 1269 1984 1321 artium
2016 1268 2310 1322 fautricem
2353 1271 2627 1338 appellari
2658 1271 2970 1336 contendit,
3033 1272 3102 1326 de
3150 1273 3240 1326 his
3275 1290 3472 1342 super-

1774 1357 2099 1409 stitionibus
2137 1358 2462 1427 superiluis,
2517 1375 2644 1428 qua:
2676 1365 2732 1412 et
2778 1376 2948 1426 nunc,
3007 1362 3324 1415 Romanam
3377 1363 3472 1415 Ec-

1775 1445 2025 1511 clesiam,
2057 1445 2172 1498 imo
2206 1452 2262 1499 et
2291 1463 2522 1500 omnem
2554 1453 2780 1517 gentem
2831 1449 3029 1502 Latina
3063 1449 3264 1518 lingua
3317 1456 3476 1503 uten-

1777 1538 1889 1585 tem
1913 1534 2206 1586 consulere
2257 1533 2513 1598 tentavit,
2565 1535 2813 1604 satisque
2875 1536 3198 1590 mirandum
3249 1537 3308 1590 in
3356 1542 3474 1590 tam

1776 1621 2063 1673 vilissimis
2092 1623 2504 1691 quaestionibus
2536 1629 2890 1692 occupatam,
2927 1627 3180 1693 longaevo
3230 1625 3475 1678 ventila—

1777 1711 1848 1762 tis
1879 1727 2020 1774 (evo,
2067 1717 2124 1763 et
2167 1711 2466 1780 perspicue
2512 1712 2578 1764 ad
2628 1712 2908 1781 liquidum
2958 1713 3299 1780 dilucidatis,
3348 1730 3476 1784 qua:

1779 1798 1952 1851 totius
1974 1799 2195 1868 peritiae
2229 1815 2291 1852 ac
2337 1800 2616 1853 facundia:
2667 1818 2725 1852 se
2771 1802 2892 1854 fore
2939 1802 3217 1870 gloriatur
3265 1803 3478 1854 auctri-

1778 1903 1920 1952 cem,
1987 1892 2048 1939 ut
2103 1889 2340 1956 pelagus
2399 1887 2709 1941 dialectica:
2761 1889 3090 1942 subtilitatis
3133 1891 3473 1960 expostulat,

1777 1979 1984 2044 putans
2018 1991 2075 2027 se
2122 1992 2285 2044 posse
2334 1977 2609 2028 veraciter
2657 1977 3010 2045 distinguere
3043 1995 3174 2030 vera
3217 1995 3249 2031 a
3295 1979 3474 2032 falsis.

1780 2063 1948 2130 Ergo,
1979 2070 2041 2116 ut
2073 2063 2298 2116 intonat
2331 2065 2632 2132 Apostolus
2679 2081 2859 2134 usque
2905 2065 2974 2118 ad
3007 2067 3237 2119 tertium
3270 2069 3477 2120 coelum

1782 2157 1996 2219 raptus,
2029 2151 2073 2202 si
2131 2152 2306 2204 Judaei
2355 2155 2511 2217 signa
2547 2158 2758 2220 petunt,
2810 2159 2860 2206 et
2920 2155 3088 2209 Graeci
3149 2158 3476 2222 sapientiora

1777 2246 2024 2307 quaerunt
2083 2240 2216 2307 (Cor.
2282 2257 2359 2304 ιιι,
2430 2243 2538 2308 22),
2591 2241 2770 2293 haeret
2846 2244 3121 2311 sagacitas
3194 2243 3260 2295 de
3329 2261 3474 2313 puro

1776 2330 1929 2380 fonte
1965 2327 2304 2395 potentium,
2352 2344 2452 2380 cur
2502 2328 2580 2380 ita
2611 2329 2897 2382 hebetndo
2927 2347 3125 2383 sensus
3151 2331 3475 2400 despicabi-

1776 2416 1852 2468 lia
1890 2415 2227 2468 sciscitando
2269 2432 2492 2468 summa
2537 2423 2730 2469 tenere
2771 2424 3038 2471 conantes
3091 2419 3472 2488 iguominiose

1779 2504 2130 2566 obtenebrat,
2193 2521 2336 2573 quos
2384 2505 2608 2557 culmen
2663 2507 2857 2574 magni
2911 2507 3257 2576 intellectus,
3293 2515 3357 2563 ut
3394 2511 3476 2562 illi

1778 2594 1918 2647 falso
1969 2592 2299 2662 opinantur,
2335 2592 2393 2645 in
2441 2593 2658 2662 gremio
2711 2595 3108 2664 amplitudinis
3161 2614 3278 2650 suae
3324 2599 3478 2650 velut

1778 2698 2082 2735 coruscans
2113 2681 2478 2750 amplectitur
2514 2688 2570 2734 et
2613 2682 2779 2736 fovet.
2843 2684 3055 2754 Nempe
3095 2701 3220 2738 cum
3276 2686 3476 2754 populi

1780 2769 2177 2833 Orientalium,
2233 2768 2395 2838 quasi
2439 2769 2542 2821 sub
2602 2769 2845 2821 scabello
2885 2770 3111 2822 Domini
3158 2771 3480 2840 specialiter

1779 2857 2158 2922 subsidentes,
2191 2873 2320 2910 cum
2365 2856 2820 2910 Occidentalibus
2865 2857 2922 2911 in
2959 2858 3092 2912 lidei
3123 2859 3478 2912 documentis

1778 2944 2094 3011 disceptare
2143 2944 2426 3007 videntur,
2492 2943 2654 3012 quasi
2705 2944 2787 2996 sol
2836 2945 3259 3014 pulcherrimus
3307 2961 3478 2998 mane

1779 3031 1836 3084 in
1861 3032 2089 3085 Orieule
2121 3031 2357 3099 positus,
2391 3031 2449 3083 iu
2493 3031 2759 3084 occiduus
2789 3050 2903 3086 sum
2953 3033 3094 3086 lucis
3125 3033 3310 3086 radios
3354 3049 3474 3086 ves-

1777 3119 1898 3188 peri
1928 3125 2266 3172 transmutat
2298 3120 2354 3172 iu
2379 3119 2660 3173 tenebras.
2687 3121 2808 3173 Non
2841 3125 3033 3174 autem
3062 3121 3188 3173 cmli
3247 3122 3480 3174 climata

1779 3207 2088 3260 deteriores
2117 3206 2365 3260 reddunt
2396 3207 2620 3260 animos
2664 3209 3020 3274 mortalium,
3064 3225 3251 3278 neque
3293 3210 3476 3278 plagae

1777 3311 2038 3364 supernae
2070 3311 2170 3364 pro
2221 3293 2510 3348 variarum
2553 3294 2858 3348 dementiis
2901 3301 3185 3348 sectarum
3241 3297 3480 3365 culpane

1778 3382 1886 3445 dae,
1918 3398 2045 3434 cum
2079 3382 2276 3435 Oriens
2309 3386 2363 3434 et
2388 3381 2660 3435 Occidens
2697 3383 2919 3436 mixtim
2968 3384 3259 3436 contineat
3295 3383 3480 3452 justos

28 3473 201 3540 igitur
258 3473 572 3526 rnultoties
637 3472 841 3526 devicti
899 3473 1087 3526 hostes
1144 3489 1270 3526 cum
1324 3473 1560 3542 indigne
1606 3490 1667 3526 ac
1707 3504 1748 3560 Ο
1780 3475 1837 3523 et
1865 3471 2170 3540 reprobos;
2203 3470 2298 3523 sed
2346 3469 2674 3523 humanitas
2705 3470 2894 3539 primo
2945 3471 3092 3524 bona
3139 3471 3390 3535 condita,
3425 3476 3480 3523 et

24 3559 200 3626 arpiter
233 3562 500 3614 rediviva
531 3561 744 3614 audent
771 3576 1036 3630 reparare
1083 3562 1418 3629 certamina,
1461 3563 1518 3614 in
1565 3562 1670 3615 hoc

31 3647 198 3714 guitia
225 3648 550 3702 deterioris
579 3648 746 3700 fama:
781 3664 883 3717 per
929 3665 1028 3702 ora
1077 3656 1474 3719 magnatorum
1522 3651 1669 3704 infe-

30 3730 126 3782 :ius
152 3734 523 3801 deteruntur,
557 3752 673 3806 quo
723 3735 941 3806 subrigi
984 3736 1229 3805 ingeniis
1284 3737 1548 3791 fraudum
1598 3739 1669 3793 ad

34 3817 292 3875 ablimiora
327 3826 609 3892 gestiunt,
639 3824 736 3876 sed
774 3840 871 3876 ceu
910 3823 1219 3876 effeminati
1267 3824 1478 3878 viribus
1510 3831 1669 3895 terga

38 3907 280 3962 habentes
337 3911 683 3965 deformiter
739 3912 1134 3964 succumbunt.
1200 3913 1278 3964 lta
1335 3913 1380 3965 si
1435 3915 1668 3983 quidem

40 4001 242 4049 inenata
272 3999 562 4067 pernicies
607 3999 859 4068 perversi
909 4000 1192 4068 dogmatis
1235 4001 1305 4054 ab
1355 4001 1520 4054 initio
1569 4019 1668 4055 na-

44 4083 174 4134 entis
196 4085 465 4140 Ecclesiae
517 4103 698 4156 usque
733 4087 802 4139 ad
851 4103 1103 4156 praesens
1160 4088 1424 4158 nequiter
1472 4090 1671 4158 pullu-

48 4181 103 4220 ns
143 4187 361 4243 serpere
409 4191 528 4228 non
582 4175 822 4238 desistit,
881 4191 1162 4244 occupare
1210 4177 1486 4243 incautos,
1545 4194 1670 4230 cor-

49 4269 234 4325 mpere
267 4263 536 4317 doctrina
569 4264 814 4332 quietos,
839 4279 997 4316 more
1037 4263 1270 4316 latronis
1309 4265 1544 4334 aggredi
1591 4267 1669 4318 la-

53 4349 166 4396 ter
209 4348 350 4402 bene
415 4351 718 4420 degentes,
777 4366 911 4403 vera
969 4350 1027 4402 in
1084 4350 1236 4402 falsis
1292 4357 1672 4406 transmutare

57 4427 180 4485 Illide
208 4435 499 4490 laborans.
529 4442 600 4491 At
625 4443 818 4490 sancta
863 4438 1126 4500 Ecclesia,
1155 4438 1276 4507 jam
1324 4439 1486 4508 quasi
1517 4440 1674 4494 senio

59 4525 202 4586 tssata,
234 4540 356 4579 cum
405 4527 600 4595 Moyse
631 4525 698 4579 ad
736 4525 1045 4579 Dominum
1084 4525 1516 4579 interventrices
1554 4529 1670 4580 cle—

63 4609 294 4664 Itmanus
321 4631 430 4684 pro
477 4613 599 4667 suis
651 4619 718 4666 ut
769 4614 1028 4677 vincant;
1080 4617 1134 4666 et
1193 4614 1429 4683 pulchre
1485 4619 1673 4668 Aaron

65 4693 200 4750 lllur
231 4699 489 4772 fatigatas
537 4701 846 4767 sustinent,
883 4702 1094 4755 scilicet
1137 4701 1272 4755 Novi
1341 4718 1404 4756 ac
1460 4703 1676 4756 Veteris

69 4787 314 4842 utameuti
380 4790 586 4855 series,
643 4789 974 4843 testimonia
1019 4795 1339 4843 sanctarum
1393 4790 1674 4844 defensio-

74 4877 145 4922 nm
169 4873 219 4926 in
244 4883 518 4948 promptu
548 4877 754 4930 festina
784 4877 1094 4947 portendit,
1118 4893 1188 4930 ne
1217 4878 1362 4931 forte
1398 4879 1506 4943 sui,
1535 4895 1679 4948 quos

77 4956 254 5040 ttholice
297 4965 601 5019 enutriens
651 4965 722 5018 ad
769 4964 1132 5034 perfectionis
1194 4968 1418 5018 culmen
1468 4967 1676 5033 evexit,

79 5041 199 5116 litant
233 5053 456 5122 spiculis
504 5053 988 5123 oppugnantium,
1041 5053 1138 5106 sed
1187 5055 1380 5124 clypeo
1427 5053 1680 5106 veritatis

83 5123 231 5189 lriliter
258 5143 604 5206 resistentes,
651 5140 896 5194 Domino
943 5123 1318 5194 virtutumet
1371 5141 1508 5210 Regi
1552 5143 1680 5210 glo-

86 5215 126 5270 in
161 5222 513 5290 iocundantes
571 5228 972 5298 proclament:
1033 5231 1325 5282 Cantemus
1393 5232 1614 5282 Domino
1666 5245 1678 5282 :

90 5303 227 5366 loriase
272 5322 407 5372 enim
458 5318 846 5384 magniﬁcatus
904 5322 1001 5381 est,
1056 5318 1188 5385 quia
1229 5332 1423 5384 equum
1471 5322 1518 5370 et
1567 5317 1682 5385 ejus

119 5451 317 5525 _‘_Putrato
355 5457 665 5524 triumpho.
697 5455 787 5509 Sic
817 5455 1024 5525 legitur
1072 5455 1133 5509 in
1180 5471 1282 5508 ms.
1329 5455 1540 5522 codice,
1581 5471 1686 5509 nec

98 5518 264 5596 Itis‘scio
289 5545 380 5582 cur
410 5518 699 5582 Ach'erius
729 5518 1018 5596 scripserit
1040 5531 1255 5594 patente
1284 5518 1576 5594 triumpho.

123 5587 312 5663 llCorpus
338 5605 592 5654 nostrum
622 5599 680 5650 in
719 5587 859 5651 ξιιαί
887 5587 1108 5667 Optime
1154 5603 1210 5652 et
1239 5597 1308 5650 ad
1365 5587 1534 5650 tidem
1575 5611 1681 5648 ms.

1781 3558 1837 3610 in
1857 3558 2034 3611 libero
2057 3557 2294 3610 arbitrio
2328 3561 2590 3624 potenter
2629 3559 2902 3622 stabilita,
2933 3558 3278 3628 negligenda
3318 3560 3480 3612 Creao

1779 3651 1982 3710 torem,
2016 3650 2072 3698 et
2097 3644 2451 3698 obaudiendo
2483 3645 2861 3711 seductorem,
2908 3645 2976 3698 de
3007 3645 3223 3698 dextris
3266 3645 3332 3698 ad
3380 3645 3478 3698 lae-

1779 3749 1907 3786 vam
1947 3732 2264 3802 promoveri
2312 3731 2551 3796 meruit;
2601 3731 2732 3785 exin
2781 3733 2937 3786 orbis
2981 3732 3320 3802 multiplicis
3369 3737 3482 3785 tra-

1782 3821 1907 3873 miti
1939 3821 2101 3874 devio
2133 3820 2353 3872 inhiare
2384 3819 2573 3888 erepit.

1857 3909 1963 3961 Nec
1992 3907 2132 3961 adeo
2170 3907 2378 3960 mirum
2423 3907 2491 3960 ab
2537 3906 2689 3970 Asia,
2741 3907 2829 3960 vel
2879 3923 2911 3960 a
2955 3907 3166 3960 linibns
3221 3909 3480 3976 Europae,

1781 3996 1878 4050 ubi
1932 3997 2036 4050 sita
2075 3995 2595 4064 Constantinopolis
2651 3995 2879 4048 Graeciae
2932 3995 3266 4064 metropolis
3316 3994 3488 4048 habe-

1782 4091 1894 4150 tur,
1925 4089 2215 4138 tantarum
2262 4084 2611 4137 fallaciarum
2648 4083 2789 4136 oriri
2833 4083 3166 4137 discrimina
3200 4099 3212 4136 :
3250 4082 3298 4135 si
3331 4083 3486 4136 enim

1783 4173 2147 4226 revolvantur
2189 4176 2516 4225 sanctorum
2565 4175 2776 4224 statuta
2823 4187 3131 4234 canonum,
3185 4177 3242 4222 et
3310 4171 3490 4223 eccle-

1783 4258 2137 4314 siasticarum
2187 4257 2524 4313 discutiatur
2573 4257 2748 4310 series
2782 4257 3177 4322 historiarum,
3223 4256 3293 4308 ab
3339 4256 3496 4308 illius

1783 4348 1945 4418 regni
1979 4348 2234 4417 partibus
2264 4347 2455 4416 potius
2484 4361 2659 4416 quam
2703 4345 2809 4398 sub
2852 4346 3104 4398 Romana
3148 4343 3368 4396 ditione
3399 4343 3496 4395 de-

1783 4437 2074 4507 gentibus,
2122 4434 2486 4506 reperientur
2534 4433 2854 4503 pullulasse
2913 4431 3206 4501 genimiua
3264 4430 3495 4496 vipera-

1783 4541 1933 4590 rum,
1981 4525 2034 4578 id
2093 4529 2195 4590 est,
2245 4521 2661 4593 quamplurimi
2721 4519 3051 4571 inventores
3093 4529 3499 4582 perversorum

1786 4613 2141 4681 dogmatum,
2179 4609 2354 4664 veluti
2387 4607 2617 4670 fuerint,
2657 4611 2721 4657 ut
2762 4621 2834 4656 ex
2866 4602 3059 4654 multis
3104 4614 3506 4650 memoremus

1786 4703 2025 4770 aliquos,
2071 4700 2260 4763 Arius,
2317 4695 2646 4756 Eunomius,
2714 4689 3018 4751 Photinus,
3072 4683 3343 4745 Marcion,
3397 4685 3506 4737 Ce-

1719 4789 2030 4856 Drinthus,
2081 4785 2442 4844 Manichaaus,
2498 4779 2743 4840 Hebion,
2797 4772 3109 4834 Nestorius,
3181 4770 3515 4856 Constanti-

1789 4876 2152 4946 nopolitanus
2215 4871 2536 4940 episcopus,
2586 4871 2945 4928 czeterreque
3001 4860 3186 4947 pestes
3234 4853 3520 4946 dilatata:

1788 4942 2088 5027 haereseos,
2139 4957 2349 5028 quibus
2398 4969 2511 5006 non
2559 4951 2670 5003 fuit
2718 4947 2964 5015 requies
3025 4942 3182 4992 omni
3233 4942 3530 5028 instantia

1789 5025 2092 5105 catholicas
2135 5025 2448 5098 dilacerare
2495 5042 2550 5090 et
2606 5045 2972 5103 oppugnare
3034 5029 3272 5078 mentes.
3345 5025 3537 5095 Euty-

1789 5139 1949 5194 chius
1971 5135 2163 5197 etiam,
2199 5121 2878 5191 Constantinopolitanae
2899 5114 3058 5168 urbis
3087 5111 3424 5179 episcopus,
3467 5115 3545 5168 de

1792 5220 2222 5281 Resurrectione
2252 5216 2311 5267 in
2341 5217 2561 5266 tantum
2594 5204 2856 5268 erravit,
2889 5206 2952 5253 ut
3005 5198 3320 5252 afﬁrmaret.
3375 5202 3553 5267 quod

1790 5317 2043 5379 bcorpus
2075 5310 2333 5358 nostrum
2365 5299 2423 5350 in
2480 5296 2575 5348 illa
2619 5285 3101 5346 resurrectionis
3149 5283 3336 5352 gloria
3386 5284 3562 5339 futu-

1791 5447 1996 5506 εοάίοίε
2028 5461 2039 5497 ;
2068 5439 2362 5510 Acherius.
2391 5435 2633 5488 nostrum
2685 5427 2931 5490 multa,
2975 5429 3034 5476 et
3061 5421 3224 5482 male,
3276 5428 3338 5474 et
3373 5420 3580 5479 invito

1792 5521 1983 5576 codice
2012 5516 2302 5569 Thuaneo.
