3846 6244
405 337 505 390 687

1632 332 1857 388 ΑΞΝΕᾸΞ
1898 330 2332 389 PARISIENSIS
2374 332 2681 389 EPISCOPI

2299 332 2332 388 S
2374 332 2681 389 EPISCOPI
3769 344 3814 395 ei

404 485 529 521 rum
562 470 710 520 esset
740 464 1126 536 impalpabile,
1156 464 1338 519 ventis
1368 480 1613 536 aereque
1641 465 1937 531 subtilius;
1995 466 2090 520 sed
2130 470 2173 520 A
2216 466 2480 520 sordibus
2519 466 2722 521 aliena.
2774 467 2882 522 Sed
2916 468 3053 539 quia
3109 473 3341 523 sanctus
3383 469 3528 524 dicit
3571 474 3815 540 Apostclm:

403 575 505 611 nos
538 574 566 610 e
618 561 816 609 contra
861 555 1127 623 dicimus,
1178 560 1487 625 sanctaque
1533 555 1864 608 credulitate
1908 557 2104 609 firma-

402 661 529 697 mus
586 644 735 714 quod
784 644 841 696 in
891 643 987 696 illa
1037 643 1469 696 resurrectionis
1518 643 1697 711 gloria
1733 643 1840 696 erit
1893 660 2101 714 corpus

403 739 663 786 nostrum
692 732 900 786 subtile
936 732 1170 802 quidem
1219 748 1323 802 per
1365 732 1629 785 effectum
1683 732 1958 801 spiritalis
1998 749 2099 801 po-

401 821 620 886 tentire,
656 820 751 874 sed
810 819 1099 889 palpabile
1148 836 1250 890 per
1306 820 1602 872 veritatem
1650 826 1888 872 naturas.
1958 820 2095 872 Nam

401 909 603 963 beatus
629 925 778 979 papa
809 907 1129 977 Gregorius,
1154 909 1440 979 quondam
1474 908 1530 960 in
1579 908 1779 961 eadem
1830 908 2100 962 Constan-

402 998 785 1067 tinopolitana
826 998 968 1051 urbe
1004 998 1239 1067 positus,
1273 1013 1401 1049 cum
1434 997 1671 1067 praefato
1723 996 1990 1066 Eutycbio
2031 996 2100 1049 de

402 1087 509 1141 hac
539 1103 599 1138 re
626 1086 685 1139 in
725 1091 1030 1155 conspectu
1079 1086 1288 1139 Tiberii
1336 1085 1691 1140 Constantini
1734 1085 2099 1154 imperatoris

404 1175 715 1244 gloriosum
748 1174 949 1227 habuit
976 1179 1284 1235 certamen,
1314 1174 1485 1227 veluti
1517 1174 1635 1242 ipse
1686 1174 1913 1243 plenius
1944 1190 2099 1227 com-

402 1269 683 1317 memorat
713 1263 770 1316 in
808 1262 1029 1317 decimo
1070 1268 1274 1333 quarto
1320 1263 1467 1316 libro
1502 1263 1799 1317 Moralium
1835 1262 1959 1316 Job.
1992 1262 2101 1316 Sed

402 1353 481 1404 ita
512 1352 583 1405 ab
615 1368 680 1405 eo
711 1352 980 1405 nobiliter
1012 1357 1098 1405 est
1124 1352 1394 1417 devictus,
1427 1351 1715 1420 utpellem
1752 1367 1955 1403 manus
1984 1367 2101 1403 suae

401 1446 621 1493 teneret
652 1440 842 1493 dicens
870 1456 883 1493 :
908 1442 1169 1508 Conﬁteor
1212 1442 1343 1508 quia
1382 1455 1559 1493 omnes
1598 1441 1656 1492 in
1687 1440 1786 1492 hac
1825 1455 1984 1493 carne
2015 1456 2099 1493 re-

400 1544 699 1596 surgemus,
726 1529 881 1599 quod
904 1529 1252 1581 omnimodis
1275 1529 1434 1598 prius
1466 1544 1675 1597 negare
1708 1532 2098 1581 consueverat.

473 1618 566 1670 Est
590 1623 782 1670 autem
807 1617 962 1670 dictu
996 1617 1364 1670 lamentabile
1398 1616 1531 1686 quia
1562 1616 1758 1669 eadem
1790 1617 1950 1669 sedes
1973 1633 2100 1686 quae

401 1712 573 1776 caput
625 1707 806 1758 levare
858 1710 1097 1757 conatur
1142 1705 1211 1757 ad
1270 1721 1528 1773 superos,
1589 1721 1692 1773 pro
1745 1710 1911 1757 recta?
1968 1704 2102 1757 fidei

2213 558 2434 623 Oportet
2464 562 2640 609 autem
2673 558 2893 610 haereses
2932 572 3042 610 esse
3070 563 3129 611 ut
3172 560 3400 627 probati
3450 562 3719 625 manifesti
3753 566 3815 625 tu

2211 644 2385 713 (Psal.
2424 661 2604 711 xxxxv,
2652 646 2721 714 ι),
2765 645 3121 699 fallaciarum
3152 647 3424 714 ludibria,
3482 665 3613 718 quae
3663 650 3720 700 ad
3758 668 3815 704 en

2210 734 2498 803 applicare
2529 734 2763 787 tentavit
2810 741 3131 788 sanctarum
3180 736 3363 790 hostis
3412 738 3739 794 animarum.
3764 742 3815 805 cli

2211 840 2317 893 peo
2355 823 2750 891 Redemptoris
2774 823 2860 874 sui
2893 824 3090 892 repeili
3120 822 3311 890 habet,
3349 840 3459 877 nec
3496 826 3815 894 patieturdui

2210 911 2360 964 nitas
2421 910 2733 963 visibilium
2778 916 2834 963 et
2885 910 3257 965 invisibilium
3290 929 3495 966 rerum
3538 918 3815 967 sacratior!

2211 998 2396 1069 potior
2438 998 2645 1051 vincia
2685 1004 2965 1064 creatura,
3012 1015 3142 1069 quae
3190 1001 3432 1054 condita
3483 1002 3596 1054 fuit
3643 1004 3815 1071 nugalia

2211 1087 2307 1140 sed
2330 1088 2401 1139 ob
2427 1092 2710 1140 tumorem
2750 1088 3035 1158 superbiae
3070 1104 3174 1141 sua
3222 1095 3453 1157 sponte,
3505 1106 3621 1143 non
3665 1094 3749 1143 alio
3776 1110 3815 1143 ω

2210 1181 2398 1243 gente,
2424 1176 2751 1228 sceleratior
2780 1176 2944 1241 facta,
2978 1176 3180 1229 incidit
3221 1177 3280 1229 in
3312 1178 3656 1231 barathrum
3710 1196 3815 1249 pet-pi

2211 1269 2323 1317 tum
2358 1264 2761 1330 damnationis,
2796 1265 2887 1317 cui
2919 1266 2999 1318 nil
3021 1265 3292 1335 placitum
3322 1267 3436 1319 nisi
3474 1272 3691 1320 tantum
3717 1274 3815 1336 pera

2209 1352 2290 1406 tio
2340 1353 2657 1406 beatorum.
2723 1354 2863 1406 Nam
2922 1361 3260 1408 cunctorum
3334 1356 3550 1424 opitice
3615 1357 3813 1424 largiente

2211 1440 2549 1511 sapientiam
2602 1458 2716 1495 non
2754 1443 2939 1495 vincet
2967 1443 3206 1509 malitia,
3258 1444 3357 1497 sed
3395 1445 3583 1497 victor
3625 1447 3815 1514 apparas

2210 1530 2270 1583 in
2303 1530 2569 1599 pr0priis,
2612 1531 2708 1600 qui
2739 1548 2869 1583 suos
2899 1546 3127 1600 semper
3172 1548 3204 1583 a
3230 1532 3424 1601 primo
3473 1535 3703 1585 armavit
3730 1534 3815 1601 spin

2210 1619 2419 1671 talibus
2463 1619 2823 1672 documentis
2855 1636 2866 1672 :
2917 1620 3106 1674 Omnes
3146 1622 3299 1673 enim
3345 1624 3447 1688 qui
3480 1622 3661 1675 volunt
3691 1639 3754 1688 pie
3784 1628 3815 1673 ri

2209 1722 2330 1759 vere
2360 1708 2418 1758 in
2458 1708 2669 1761 Christo
2699 1709 2842 1772 Jesu,
2874 1711 3293 1775 persecutionem
3321 1712 3616 1777 patientur
3652 1709 3715 1777 (Il
3752 1711 3815 1760 Tia

401 1768 742 1863 praesulibus
782 1794 1039 1846 doctrina
1090 1768 1356 1859 foedatos,
1392 1768 1636 1845 rectores
1691 1792 1827 1845 olim
1901 1794 2103 1846 habuit
2142 1768 2182 1821 Β
2212 1811 2293 1859 ιιι,
2323 1795 2438 1863 12).

402 1883 720 1947 haereticos,
766 1898 909 1951 quos
941 1882 1245 1950 Tripertita
1279 1882 1511 1934 denotat
1560 1881 1820 1946 Historia,
1871 1887 1926 1934 et
1972 1898 2103 1934 san-

403 1977 625 2024 ctorum
676 1973 906 2024 Patrum
954 1970 1012 2022 in
1054 1971 1368 2023 canonibus
1409 1971 1642 2023 damnat
1685 1970 1935 2024 solertia.
1981 1971 2102 2024 Non

402 2077 535 2114 vero
565 2061 622 2113 in
655 2061 912 2113 Romana
941 2058 1095 2123 sede,
1131 2060 1245 2112 Deo
1279 2064 1514 2125 rectore,
1545 2059 1656 2111 tale
1681 2075 1932 2129 unquam
1965 2074 2097 2111 con-

404 2148 818 2218 tigitdedecus,
854 2152 917 2201 ut
956 2148 1165 2218 aliquis
1214 2147 1625 2200 hmresiarcbcs
1674 2147 1855 2199 eidem
1908 2147 2099 2217 praesi-

403 2238 582 2300 deret,
640 2253 811 2307 quam
877 2252 1133 2289 summus
1192 2236 1582 2306 apostolorum
1662 2235 1923 2305 princeps
1996 2251 2095 2288 sua

402 2327 652 2379 sessione
686 2326 989 2378 illustravit
1019 2329 1073 2377 et
1100 2325 1224 2377 fuso
1256 2324 1533 2392 sanguine
1588 2323 1950 2385 consecravit,
2006 2322 2097 2375 cui

403 2432 531 2468 suas
594 2414 873 2484 regendas
924 2430 1054 2466 oves
1105 2414 1200 2467 Dei
1259 2413 1432 2466 Filius
1477 2411 1708 2481 speciali
1755 2428 1887 2464 cura
1941 2427 2094 2463 com-

404 2504 584 2568 misit;
617 2519 721 2556 nec
754 2502 986 2569 mirum,
1034 2502 1169 2572 quia
1208 2501 1316 2570 ipsi
1368 2501 1581 2573 dictum
1620 2500 1804 2553 fuerat
1837 2516 1849 2553 :
1908 2503 1994 2553 Tu
2043 2515 2095 2553 es

399 2593 607 2658 Petrus,
667 2597 715 2645 et
783 2606 946 2659 super
1003 2592 1139 2644 hanc
1189 2596 1403 2659 petram
1463 2589 1738 2656 aedificabo
1792 2589 2095 2641 Ecclesium

397 2696 568 2733 meam
625 2696 637 2732 :
707 2685 757 2732 et
803 2680 907 2732 tibi
964 2679 1102 2732 dabo
1154 2680 1326 2731 claves
1374 2680 1531 2744 regni
1574 2678 1821 2730 calorum
1872 2677 2091 2743 (Matth.

395 2784 506 2833 xvi,
549 2768 774 2836 18,19).
822 2769 966 2836 Ergo
1021 2766 1112 2819 cui
1170 2766 1404 2836 propria
1456 2765 1791 2818 auctoritate
1851 2780 2092 2833 regnum

397 2856 586 2921 dabat,
616 2856 790 2925 hujus
818 2856 990 2909 fidem
1028 2855 1256 2908 firmare
1290 2871 1405 2907 non
1444 2853 1708 2923 poterat?
1741 2853 1919 2915 Quem
1962 2868 2090 2905 cum

394 2949 615 3012 petram
639 2944 795 3006 dicit,
830 2946 1257 2997 firmamentum
1294 2943 1549 2995 Ecclesiae
1592 2942 1875 2995 indicavit.
1932 2940 2090 2993 Libe-

2285 1886 2481 1953 Itaque
2521 1884 3039 1953 impnesentiarum
3080 1884 3199 1953 jam
3233 1886 3432 1938 adfore
3469 1885 3815 1954 deprehendit:

2211 1977 2348 2025 mtas
2401 1973 2571 2041 plena
2622 1974 3003 2041 miseriarum,
3036 1990 3163 2044 quae
3220 1974 3599 2042 praesentitur
3649 1975 3815 2042 ampled

2211 2061 2455 2129 spatium
2511 2062 2808 2131 temporis,
2865 2062 2934 2115 de
2993 2078 3107 2132 quo
3165 2063 3481 2131 Apostolus
3549 2061 3815 2115 lamentatio

2208 2149 2529 2218 praecinuit,
2564 2150 2756 2203 dicens
2799 2166 2811 2203 :
2846 2152 2970 2204 Erit
3005 2153 3144 2202 enim
3188 2156 3398 2218 tempus
3429 2166 3554 2203 cum
3582 2166 3745 2203 sanum
3781 2149 3815 2199 de

2208 2239 2437 2290 ctrinam
2467 2253 2569 2290 non
2601 2238 2957 2303 sustinebunt,
3006 2237 3099 2290 sed
3128 2238 3201 2290 ad
3243 2254 3343 2290 sua
3376 2238 3653 2291 desideria
3689 2252 3815 2289 coam-

2206 2326 2407 2378 vabunt
2434 2328 2542 2379 sibi
2588 2329 2875 2391 magistros
2914 2329 3217 2395 prurientes
3254 2326 3517 2392 auribus,
3552 2332 3601 2378 et
3627 2342 3657 2377 a
3682 2328 3815 2376 tfrritet

2207 2414 2421 2482 quidem
2448 2415 2696 2468 auditum
2724 2420 2985 2481 averterit,
3018 2415 3091 2468 ad
3121 2416 3343 2480 fabulas
3374 2420 3563 2468 autem
3602 2422 3815 2467 concerta

2207 2508 2297 2555 tur
2326 2502 2407 2573 (II
2435 2506 2577 2557 Tim.
2605 2520 2675 2569 iv,
2730 2508 2806 2571 3).
2858 2505 2994 2558 Ecce
3043 2503 3101 2556 in
3149 2509 3425 2573 promptu
3472 2503 3594 2555 hrec
3636 2503 3815 2571 przediw

2206 2607 2430 2659 serpere
2456 2592 2855 2661 conspicimus,
2906 2597 2962 2645 et
3007 2592 3133 2645 ideo
3184 2593 3322 2645 dum
3374 2592 3523 2645 tuba
3568 2598 3815 2661 personata

2202 2676 2355 2743 belli,
2392 2694 2619 2731 necesse
2651 2685 2736 2731 est
2761 2686 2825 2731 ut
2852 2695 3013 2731 arma
3042 2684 3314 2747 aptentur
3344 2678 3402 2731 in
3440 2678 3681 2731 militum
3706 2692 3815 2729 meme

2204 2765 2341 2831 bris,
2374 2771 2438 2822 ut
2468 2766 2695 2819 doctum
2728 2767 3007 2819 industria
3032 2783 3437 2836 praeoccupare
3485 2773 3715 2837 nequeat
3749 2779 3815 2831 per

2202 2854 2349 2907 fidus
2380 2854 2580 2907 hostis.
2615 2854 2883 2917 Quamvis
2914 2860 3102 2908 autem
3136 2855 3458 2908 in-talibus
3504 2861 3815 2909 controversa

2201 2943 2466 3011 procellis
2511 2943 2870 2995 concutiatur
2927 2943 3155 2996 Domini
3205 2944 3516 3008 exercitus,
3568 2942 3710 2995 valde
3742 2940 3815 2991 ind:

394 3031 514 3083 rius
540 3036 751 3096 tamen,
782 3048 930 3101 papa
961 3048 990 3084 a
1022 3031 1186 3084 beato
1221 3033 1390 3084 l’ctro
1422 3030 1741 3083 tricesimus
1791 3030 2086 3099 septimus,
2128 3061 2168 3115 Ο
2200 3043 2380 3095 gnum
2416 3030 2717 3081 utanimos
2758 3029 3085 3083 fortitudine
3116 3028 3453 3081 nobilitatos
3486 3034 3679 3081 astatu
3716 3036 3816 3077 recte

393 3120 655 3189 quamvis
686 3139 714 3173 a
747 3121 882 3174 fidei
920 3121 1149 3173 tramite
1194 3137 1308 3173 non
1342 3120 1610 3186 deviaret,
1656 3120 1850 3172 exsilio
1884 3124 1940 3172 et
1987 3119 2087 3172 mi-

392 3208 481 3261 nis
511 3208 706 3261 Ariani
757 3208 1033 3278 principis
1063 3209 1314 3271 territus,
1346 3224 1459 3260 non
1498 3207 1701 3261 virtute
1737 3224 1849 3277 qua
1889 3207 2087 3261 debuit

391 3297 623 3365 perfidis
654 3297 880 3350 Arianis
911 3297 1152 3350 viriliter
1191 3296 1548 3365 repugnavit.
1606 3296 1701 3349 His
1748 3301 1940 3348 autem
1986 3295 2083 3365 qui

391 3386 462 3439 ab
494 3402 620 3439 arce
660 3387 838 3439 totius
878 3385 1319 3440 Christianitatis
1377 3385 1601 3437 deviare
1648 3384 1932 3449 videntur,
1979 3401 2081 3437 no-

388 3491 598 3546 vasque
638 3475 1015 3529 adinveniuut
1063 3474 1426 3544 quaestiones,
1478 3479 1628 3526 recte
1678 3473 1900 3525 intonat
1937 3474 2082 3525 Pau-

385 3565 472 3617 lus
498 3564 566 3617 ad
595 3564 836 3628 Galatas,
866 3580 1110 3634 quorum
1136 3579 1199 3616 ex
1231 3562 1446 3617 Graecia
1478 3566 1835 3632 propagatur
1865 3561 2028 3629 origo
2065 3578 2077 3614 :

384 3655 558 3707 Miror
587 3654 731 3723 quod
774 3656 850 3707 sic
904 3659 1012 3706 tam
1057 3655 1161 3705 cito
1207 3653 1609 3717 transferimini
1646 3651 1713 3703 ab
1762 3666 1818 3703 eo
1866 3652 1964 3717 qui
1990 3664 2082 3702 vos

384 3745 593 3795 vocavit
613 3746 671 3795 in
714 3745 953 3808 gratiam
990 3742 1197 3796 Christi
1222 3742 1347 3793 Jesu
1394 3743 1452 3791 in
1501 3739 1675 3798 aliud.
1726 3739 2081 3804 Evangelium

383 3829 527 3897 quod
555 3846 660 3883 non
681 3836 757 3884 est
787 3830 961 3895 aliud,
991 3832 1103 3883 nisi
1135 3835 1261 3882 sunt
1288 3830 1468 3896 aliqui
1497 3830 1594 3895 qui
1622 3842 1713 3880 vos
1758 3826 2081 3880 conturbant

383 3924 434 3970 et
479 3919 665 3972 volunt
716 3924 1016 3972 convertere
1066 3920 1401 3985 evangelium
1464 3918 1667 3972 Christi
1716 3917 1857 3981 (Gal.
1910 3932 1947 3982 ι,
2008 3914 2078 3984 6).

380 4005 579 4075 Magna
607 4006 777 4059 etiam
806 4007 1141 4059 auctoritate
1182 4006 1502 4075 ingeminat
1530 4005 1723 4058 dicens
1759 4022 1770 4058 :
1808 4003 1917 4059 Sed
1959 4005 2079 4058 licet

380 4108 477 4147 nos
497 4100 591 4147 aut
624 4096 843 4159 angelus
874 4095 937 4147 de
985 4095 1116 4149 caelo
1150 4095 1502 4160 Evangelizet
1538 4094 1685 4146 vobis
1716 4098 2078 4162 praeterquam

380 4182 525 4249 quod
572 4184 1057 4247 evangelisavimus
1099 4183 1247 4235 vobis
1291 4182 1577 4234 anathema
1616 4184 1687 4235 sit
1736 4182 1879 4251 (Gal.
1913 4198 1953 4246 ι,
1999 4182 2071 4252 6).

382 4271 449 4323 Et
478 4275 895 4340 consequenter
931 4270 1152 4323 addidit
1183 4286 1195 4323 :
1230 4270 1385 4324 Sicut
1425 4270 1805 4337 praediximus,
1848 4276 1896 4323 et
1936 4286 2077 4323 nunc

2198 3116 2412 3169 tudinis
2464 3116 2843 3186 detorqueant
2898 3116 3167 3170 haeretica
3226 3117 3518 3185 pravitate
3569 3116 3809 3184 degeneres

2195 3204 2417 3267 Quanto
2449 3204 2601 3257 enim
2631 3204 2841 3257 astutia
2869 3204 3081 3258 diaboli
3117 3221 3245 3257 cum
3278 3221 3430 3257 saeva
3462 3205 3747 3257 calliditate
3772 3215 3813 3250 ac

2194 3293 2339 3346 cedit
2367 3292 2631 3357 atrocior,
2670 3298 2826 3346 tanto
2852 3293 3209 3363 providentia
3227 3292 3464 3346 fortium
3493 3293 3701 3346 cautius
3732 3304 3814 3357 pre

2192 3380 2414 3434 munita
2460 3381 2626 3434 debet
2677 3398 2797 3434 esse
2862 3381 3133 3451 paratior.
3201 3382 3541 3434 Admonens
3614 3378 3813 3447 siquidem

2193 3468 2489 3521 alumnum
2522 3469 2884 3522 Timotheum
2932 3470 3233 3539 Apostolus
3266 3486 3333 3523 ne
3365 3469 3732 3539 impediretur
3765 3465 3814 3516 deo

2190 3556 2391 3627 cipulis
2423 3557 2887 3626 malignantium,
2919 3557 3127 3611 blande
3155 3558 3437 3624 hortatur,
3486 3559 3674 3612 dicens
3704 3573 3713 3609 :
3738 3556 3814 3607 Par

2187 3648 2326 3711 fana
2354 3650 2532 3699 autem
2570 3652 2619 3699 et
2662 3648 3009 3714 inaniloquia
3042 3647 3252 3713 devita;
3298 3647 3533 3699 multum
3587 3648 3713 3699 enim
3744 3655 3811 3709 pre

2187 3735 2367 3801 ﬁcient
2414 3733 2487 3786 ad
2535 3736 2894 3802 impietatem;
2947 3740 2997 3788 et
3026 3749 3197 3787 sermo
3255 3736 3476 3787 illorum
3527 3738 3665 3788 sicut
3697 3742 3811 3784 cum

2187 3823 2358 3888 serpit
2406 3820 2490 3889 (Il
2547 3821 2683 3874 Tim.
2748 3838 2805 3886 ιι,
2858 3820 2963 3890 17).
3011 3822 3097 3875 Ad
3139 3822 3326 3874 Titum
3375 3822 3556 3875 etiam
3609 3822 3681 3873 ita
3702 3819 3795 3871 dicit

2188 3910 2395 3964 Stultus
2453 3915 2631 3963 autem
2678 3912 2993 3978 qwstiones
3039 3915 3089 3962 et
3134 3911 3505 3978 genealogias,
3568 3915 3618 3962 et
3670 3914 3812 3961 conm

2188 4000 2376 4065 tiones,
2428 4004 2478 4051 et
2520 4014 2737 4067 pugnas
2790 3999 2921 4066 legis
2971 3998 3200 4052 devita:
3251 4004 3379 4051 sunt
3409 4002 3559 4052 enim
3591 3996 3811 4050 inutilesﬁ

2185 4102 2339 4140 vana:
2387 4087 2519 4157 (Tit.
2544 4104 2622 4151 1n,
2678 4087 2780 4155 lO).
2836 4089 2898 4140 Et
2955 4091 3016 4139 ut
3068 4086 3370 4140 sollicitior
3412 4087 3749 4148 redderetur,
3788 4086 3812 4130 et

2186 4181 2379 4229 sancto
2454 4176 2717 4229 acumine
2775 4176 3105 4228 instructior
3159 4180 3332 4241 esset,
3388 4176 3602 4229 addit:
3652 4172 3809 4228 Hemi

2186 4278 2303 4317 cum
2356 4265 2617 4318 hominem
2671 4269 2789 4333 post
2838 4280 3002 4317 unam
3052 4269 3101 4317 et
3156 4264 3444 4317 secundam
3499 4264 3809 4331 correptionm

377 4360 573 4411 iterum
603 4358 725 4411 dico
758 4374 770 4411 :
800 4358 861 4411 Si
908 4359 1031 4425 quis
1077 4358 1225 4410 vobis
1276 4358 1725 4425 evangeliaaverit
1769 4363 1966 4426 praeter
2016 4358 2078 4411 id
2117 4378 2159 4431 ι)
2186 4351 2398 4406 devita:
2430 4356 2601 4406 sciens
2632 4355 2762 4422 quia
2804 4353 3089 4406 subversas
3116 4356 3322 4421 estqui
3368 4352 3637 4421 ejusmodi
3676 4356 3754 4409 est.
3791 4360 3809 4394 δ

378 4446 524 4514 quod
551 4448 855 4514 accepistis,
887 4445 1173 4497 miathema
1203 4447 1294 4497 sit.

444 4535 578 4588 Jure
608 4534 799 4604 itaque
831 4551 863 4586 a
886 4538 1101 4586 rectore
1132 4538 1338 4586 sanctae
1382 4532 1639 4585 Ecclesiae
1683 4549 1714 4585 a
1744 4533 1831 4587 via
1862 4533 2072 4588 verita-

376 4623 449 4676 tis
507 4622 908 4675 aberrautibus
964 4620 1098 4673 talia
1163 4620 1472 4690 apostolico
1538 4620 1886 4675 inferuntur.
1959 4624 2073 4676 llac

374 4712 542 4764 etiam
569 4711 725 4781 virga
753 4708 1217 4779 reprehensionis
1256 4708 1415 4777 digni
1444 4708 1730 4761 habentur
1761 4725 1775 4762 :
1808 4710 1850 4764 0
1894 4711 2072 4764 insen-

372 4803 481 4853 sati
522 4802 728 4855 Galatae
776 4800 900 4866 quis
949 4812 1039 4850 vos
1086 4799 1385 4862 fascinavit
1431 4798 1653 4849 veritati
1693 4812 1799 4850 non
1832 4797 2064 4865 obedire,

371 4893 495 4941 ante
547 4903 775 4955 quorum
811 4887 985 4939 oculos
1014 4889 1166 4939 Jcsus
1216 4887 1463 4941 Christus
1507 4889 1849 4955 proscriptus
1892 4892 1968 4939 est
2018 4892 2067 4940 et

368 4978 702 5043 cruciﬁxus?
733 4974 981 5043 Denique
1008 4974 1227 5027 cunctis
1275 4974 1495 5027 saeculis
1546 4991 1780 5028 enorme
1825 4991 2066 5046 genera-

2186 4440 2455 4510 delinquit
2507 4445 2730 4511 prOprio
2805 4441 3017 4509 judicio
3081 4441 3463 4495 condemnatus
3529 4439 3701 4507 (ibid,
3750 4440 3785 4487 tl

2186 4532 2332 4598 Ergo
2364 4547 2492 4584 cum
2542 4536 2732 4584 sancto
2768 4530 2948 4583 Eliseo
2987 4530 3289 4583 credamus
3319 4530 3455 4600 quia
3509 4530 3695 4601 plures
3731 4528 3810 4576 sunt

2182 4617 2485 4671 nobisuum
2517 4634 2688 4687 quam
2738 4633 2865 4670 cum
2903 4618 3034 4684 illis,
3075 4618 3131 4671 id
3173 4622 3276 4683 est,
3334 4618 3634 4687 utriusque
3680 4616 3810 4668 Testae

2181 4706 2359 4760 menti
2394 4705 2745 4775 sagacissimi
2801 4707 3014 4772 Patres,
3071 4710 3128 4759 et
3176 4722 3281 4775 pro
3336 4705 3664 4759 defensione
3717 4713 3807 4753 ver:

2179 4794 2313 4847 fidei
2361 4794 2669 4847 avidissimi
2720 4800 2776 4848 et
2822 4794 3181 4847 invictissimi
3230 4794 3541 4848 bellatores
3592 4794 3681 4863 qui
3727 4802 3808 4841 cum

2176 4882 2760 4937 robustissimoJosue
2807 4884 2984 4937 Deum
3015 4882 3337 4952 supplicare
3371 4883 3641 4937 studeant
3673 4884 3724 4932 ut
3746 4884 3807 4929 stet

2174 4972 2278 5037 sol,
2337 4972 2392 5025 id
2449 4978 2550 5038 est,
2607 4977 2835 5041 tempus
2886 4981 2911 5005 ⁸
2970 4978 3175 5025 sanctze
3227 4971 3660 5025 concertationis
3724 4982 3808 5037 par

2170 5060 2342 5113 lixius
2391 5062 2678 5128 clarescat,
2724 5061 2904 5114 donec
2953 5077 3010 5113 se
3043 5077 3207 5113 verus
3252 5061 3425 5113 Israel
3461 5062 3740 5115 ulciscatur
3768 5054 3807 5105 de

2171 5148 2418 5202 inimicis
2449 5151 2587 5203 suis.
2621 5152 2737 5205 Non
2783 5153 2923 5204 enim
2968 5152 3179 5202 vocavit
3216 5164 3312 5202 nos
3365 5150 3513 5203 Deus
3552 5152 3608 5203 in
3632 5151 3808 5200 immun‘

2169 5238 2383 5303 ditium,
2459 5238 2554 5291 sed
2610 5241 2669 5291 in
2719 5241 3193 5306 sanctiﬁcationem
3249 5237 3324 5307 (Il
3379 5239 3564 5292 Thess.
3622 5252 3687 5297 iv,
3738 5234 3805 5284 17‘»

2167 5326 2302 5379 dicit
2348 5328 2669 5396 Apostolus,
2718 5332 3020 5397 postquam
3051 5327 3202 5380 unda
3231 5326 3592 5397 baptismatis
3636 5330 3686 5377 et
3721 5320 3806 5389 Spi-

2166 5415 2278 5467 ritu
2310 5421 2501 5468 sancto
2532 5415 2587 5467 in
2622 5416 2806 5483 gratia
2833 5415 3038 5470 Christi
3069 5415 3328 5468 renovati
3356 5431 3577 5469 sumus.
3625 5410 3806 5475 Quocir-

368 5068 463 5115 tur
500 5064 809 5133 piaculum,
847 5062 983 5115 dum
1015 5062 1086 5115 ab
1119 5062 1254 5133 ipsis
1293 5079 1538 5133 quorum
1588 5062 1847 5117 doctrina
1896 5063 2061 5117 ador-

365 5151 490 5204 nari
542 5151 816 5203 debuerat
872 5151 1137 5215 Ecclesia,
1192 5151 1333 5205 flore
1384 5152 1571 5205 nitore
1628 5152 1946 5220 religionis,
2008 5157 2063 5206 et

365 5244 739 5307 augmentum
772 5238 1025 5309 accipere
1057 5256 1171 5292 sua:
1200 5240 1547 5305 salvationis,
1600 5240 1893 5294 humiliari
1940 5241 2059 5293 zelo

366 5327 635 5397 nequitia:
669 5328 1027 5382 contenditur
1059 5345 1071 5381 :
1106 5334 1214 5381 eta
1256 5344 1368 5399 qua
1394 5329 1579 5382 omnis
1622 5330 1843 5382 macula
1890 5330 2059 5397 longe

362 5416 558 5468 abesse
582 5416 874 5475 debuerat.
905 5416 955 5470 ei
1001 5416 1261 5486 infligere
1314 5418 1593 5481 nituntur,
1624 5422 1687 5470 ut
1740 5432 1854 5469 non
1908 5416 1980 5469 sit
2024 5432 2057 5468 a

2162 5538 2350 5607 ipsum
2378 5538 2629 5592 codicem
2660 5538 2821 5608 cujus
2859 5554 2966 5608 ope
2998 5539 3156 5609 prior
3186 5538 3359 5591 editio
3423 5539 3687 5593 adornata
3732 5536 3805 5609 est.

430 5548 455 5572 ι
502 5539 711 5593 Sancta:
770 5542 1198 5593 concertationis.
1252 5539 1350 5591 llic
1400 5555 1628 5609 quoque
1679 5553 1914 5606 pravam
1974 5538 2053 5590 le-

1507 5607 1550 5661 it
1591 5609 1871 5672 Baluzius,
1921 5624 2051 5662 cum
2161 5609 2606 5662 accuratioribus
2658 5607 2835 5663 oculis
2876 5607 3050 5680 quam
3093 5609 3385 5675 Acherius,
3454 5607 3801 5663 collustrasset.

360 5610 603 5663 ctionem
644 5616 841 5663 sancta:
870 5612 1286 5664 conversationis
1334 5609 1543 5661 amovit
1591 5609 1871 5672 Baluzius,
1921 5624 2051 5662 cum
