3846 6244
1279 291 1487 347 LIBER
1534 290 1890 346 ACCEPTUS
1929 289 2236 344 CIL-£008.

3393 288 3496 339 690

3 434 76 470 in
117 419 557 476 cedendum
589 422 946 488 adversariis,
997 422 1092 476 sed
1141 421 1379 477 viriliter
1411 422 1688 476 resisten-
1725 427 1771 478 A
1799 420 1940 475 tiam
1968 419 2320 490 ineptiarum
2350 418 2670 488 garrientes
2691 417 2994 489 inquirunt
3024 433 3201 488 quare
3245 417 3494 472 chrisma

54 512 152 560 ut
204 524 394 564 non
427 511 726 581 capiamur
754 511 908 564 illius
941 511 1244 578 illecebris,
1281 511 1380 582 qui
1403 512 1471 565 de
1494 527 1694 580 super-

4 594 54 647 b
143 599 580 666 superbiam
637 600 705 653 ad
761 600 877 652 ima
935 600 1221 670 delapsus,
1284 600 1389 652 hoc
1443 599 1698 653 elaborat

5 699 96 734 us
146 683 599 755 iniquitatis,
642 692 706 739 ut
749 687 1016 751 Ecclesia,
1069 703 1196 757 qua:
1245 691 1330 740 est
1373 686 1492 739 ﬁlia
1521 686 1694 756 pacis,

7 778 299 827 eretur
374 775 654 829 doctrina
724 774 1010 841 fmditatis,
1061 780 1118 828 et
1173 780 1364 845 pateat
1412 775 1697 828 morsibus

3 876 125 912 τις.

3 965 88 1003 ec
129 953 214 1003 et
257 949 532 1005 similia
582 955 641 1006 ut
691 957 1042 1022 praecaveret
1087 951 1458 1016 Timotha-us,
1504 969 1696 1006 sacra-

3 1056 23 1090 ι
106 1039 463 1108 Spiritus
520 1041 701 1094 sancti
760 1041 1032 1094 charitate
1111 1041 1356 1109 fervens,
1427 1041 1697 1094 admouet

3 1143 105 1179 .us
139 1143 162 1180 ι
238 1128 520 1182 Stultus
564 1135 745 1182 autem
789 1135 840 1182 et
877 1134 994 1183 sine
1033 1129 1326 1198 disciplina
1378 1134 1695 1194 quaestiones

3 1219 98 1278 ta,
174 1221 430 1270 sciens
481 1221 613 1281 quia
662 1222 924 1284 generant
989 1218 1216 1284 iitestll
1273 1219 1408 1270 Tim.
1459 1233 1518 1283 ιι,
1580 1220 1692 1286 22).

4 1319 336 1372 .nempe
423 1321 747 1374 praecavere
797 1311 1026 1375 oportet
1073 1305 1417 1374 generaliter
1464 1312 1697 1359 cunctos

10 1393 346 1446 bris-tum
392 1393 718 1456 credentes.
755 1395 999 1448 maxime
1045 1411 1139 1447 eos
1178 1394 1276 1465 qui
1310 1394 1565 1463 regimen
1599 1395 1694 1446 de-

3 1493 13 1532 :
53 1480 346 1533 habere
393 1481 755 1546 animarum,
804 1487 859 1535 et
888 1498 1009 1535 esse
1061 1483 1356 1552 speculum
1413 1483 1695 1536 bonorum

3 1586 155 1624 rum
195 1574 274 1623 et
313 1577 680 1624 sanctarum
721 1570 904 1624 forma
928 1571 1226 1625 virtutum.
1270 1571 1406 1624 Inde
1455 1587 1695 1640 gemen-

3 1674 21 1710 ι
57 1658 246 1712 bene
289 1657 677 1725 viventibus,
728 1659 863 1730 quia
913 1659 1064 1712 unde
1099 1658 1159 1713 in
1206 1663 1402 1712 sancta
1449 1659 1694 1712 Ecclesia

3 1763 198 1800 orum
267 1754 466 1802 esset
530 1748 834 1818 splendere
883 1748 1164 1802 honorem
1216 1747 1432 1818 gaudii,
1482 1748 1552 1802 ab
1600 1748 1688 1801 bis

4 1837 182 1889 tibus
228 1837 482 1890 multis
515 1836 875 1891 volventibus
917 1836 1140 1890 saaculis
1189 1836 1528 1890 oboriuntur
1574 1836 1689 1889 im-

3 1924 97 1978 nsi
156 1925 572 1979 detrimenta
618 1924 888 1979 scandali.
948 1925 1006 1979 Si
1057 1925 1214 1978 enim
1268 1925 1485 1979 ferrum
1535 1925 1688 1979 ferro

14 2013 170 2078 itur,
211 2029 590 2084 congruum
619 2018 767 2067 esset
801 2018 862 2066 ut
891 2013 1082 2067 Graeca
1113 2013 1307 2084 lingua
1339 2029 1372 2066 a
1409 2029 1542 2066 vero
1573 2029 1688 2066 non

3 2108 340 2171 creparet,
403 2102 472 2154 in
513 2118 627 2172 quo
683 2101 880 2156 Latina
921 2117 1187 2155 normam
1235 2101 1527 2156 catholica:
1557 2101 1690 2155 ﬁdei

3 2189 470 2242 lissolubiliter
506 2193 683 2242 tenet.

3 2275 94 2329 ιω
135 2281 304 2330 sunt
346 2293 508 2346 ergo
542 2275 848 2345 superﬂuus
898 2274 1242 2346 quaestiones
1283 2276 1352 2329 ad
1398 2275 1692 2330 saecularia

5 2367 124 2418 tius
156 2381 372 2435 quam
415 2365 488 2418 ad
523 2364 804 2434 spiritalia
833 2364 1153 2431 tendentes,
1191 2380 1320 2434 qum
1349 2380 1463 2417 non
1492 2364 1690 2418 viden-

3 2469 22 2505 r
53 2453 422 2522 procedere
454 2453 528 2506 ab
561 2451 913 2522 experientia
961 2452 1154 2523 magni
1202 2452 1544 2516 intellectus,
1594 2453 1690 2506 sed

3 2543 92 2594 ιε)οἰ
128 2559 163 2595 a
199 2541 806 2611 reprehensibilitate
837 2540 1137 2594 exterioris
1171 2557 1387 2594 sensus.
1416 2541 1556 2594 Illud
1590 2541 1692 2594 ita-

3 2646 54 2681 ιθ
81 2630 383 2699 pelagus,
425 2635 488 2682 ut
523 2629 790 2698 jactatur,
819 2629 1063 2699 insignis
1131 2629 1478 2698 eloquentiae
1518 2629 1691 2682 infert

3 2719 231 2772 omanis
286 2719 574 2772 auribus.
631 2719 814 2782 Quare
838 2718 1117 2787 Spiritum
1157 2725 1414 2771 sanctum
1448 2735 1478 2772 a
1528 2720 1690 2780 Patre

37 2806 181 2859 l-‘ilio
216 2807 637 2877 profiteamur
668 2807 996 2876 procedere,
1029 2813 1084 2859 et
1113 2823 1229 2860 non
1263 2824 1294 2860 a
1341 2809 1460 2860 solo
1502 2809 1686 2874 Patre,

3 2911 157 2946 ursus
191 2911 394 2966 quare
459 2895 523 2948 in
581 2895 840 2949 Sabbatis
881 2896 1167 2965 jejunium
1212 2912 1592 2963 exerceamus,
1634 2902 1691 2950 et

3 2997 134 3035 nare
183 2985 260 3036 ab
314 2983 528 3037 officio
582 2983 1046 3055 presbyterorum
1093 2985 1325 3054 nuptias
1372 3001 1683 3039 arceamus.
1727 3019 1768 3074 Ο

5 3071 192 3124 ddunt
221 3072 424 3126 etiam
459 3088 639 3142 quare
671 3072 994 3144 presbyteri
1029 3072 1685 3128 Latinoruminhibean-

8 3174 59 3210 ur
84 3160 311 3213 frontes
340 3159 778 3230 baptizatorum
809 3161 1116 3214 chrismate
1143 3160 1330 3227 linire,
1364 3178 1492 3215 cum
1532 3163 1687 3216 locus

9 3249 353 3318 onsignandi
388 3249 455 3302 in
502 3249 693 3302 fronte
725 3250 955 3318 proprie
988 3249 1060 3302 sit
1091 3250 1508 3319 episcoporum,
1543 3256 1600 3304 et
1627 3251 1685 3304 in

17 3337 179 3390 ertice
253 3339 767 3408 presbyterorum.
837 3339 978 3391 Item
1028 3339 1388 3393 sciscitantur
1437 3355 1613 3409 quare
1653 3357 1685 3393 a

14 3424 229 3478 arnium
281 3441 394 3479 esu
469 3431 599 3480 octo
660 3426 1114 3480 hebdomadibus
1161 3431 1292 3480 ante
1345 3429 1580 3495 Pascha,
1631 3432 1686 3482 et

18 3519 192 3581 eptem
222 3530 257 3567 a
287 3515 447 3568 casei
482 3521 542 3569 et
572 3531 812 3568 ovorum
855 3531 1013 3568 more
1061 3532 1163 3568 suo
1215 3532 1330 3569 non
1376 3533 1680 3572 cessamus.

18 3601 290 3668 lpponnnt
345 3608 639 3672 prasterea
691 3619 794 3656 cur
853 3603 1043 3657 clerici
1093 3603 1297 3658 barbas
1355 3605 1582 3670 radant,
1630 3613 1686 3661 et

21 3703 156 3755 [nare
183 3690 415 3744 diaconi
458 3691 719 3746 nondum
754 3697 1015 3763 suscepto
1038 3693 1464 3763 presbyteratus
1496 3695 1682 3749 ofticio

24 3791 50 3826 n
77 3778 367 3848 episcopos
401 3779 750 3833 ordinantur
780 3788 822 3844 ³,
859 3786 923 3834 ut
964 3797 1086 3834 mos
1118 3785 1202 3833 est
1231 3781 1537 3852 aliquando
1570 3785 1684 3837 Ro-

25 3866 187 3919 nanis.
214 3868 671 3938 Conqueruntur
701 3869 872 3922 etiam
896 3869 965 3923 de
993 3870 1498 3940 transmigratione
1528 3873 1684 3941 prin-

29 3952 204 4021 :ipatus
235 3956 514 4010 Romanae
546 3957 720 4022 sedis,
746 3973 919 4029 quam
949 3959 1143 4012 dicunt
1173 3959 1375 4013 factam
1409 3960 1681 4014 Constan-

31 4038 249 4109 incpoli.
290 4043 445 4098 unde
497 4048 554 4097 et
615 4060 742 4097 eam
801 4061 930 4098 cum
987 4046 1307 4114 patriarcha
1353 4062 1456 4099 suo
1513 4053 1686 4117 caput

33 4126 277 4196 lignitatis
307 4133 630 4202 appellant.
661 4133 745 4187 Ad
778 4136 1082 4188 stultarnm
1117 4135 1410 4188 cumulum
1445 4140 1499 4190 et
1537 4136 1684 4190 iner-

87 4270 182 4369 tnln
210 4277 502 4369 episcopos.
526 4275 877 4369 orctinantur.
900 4276 1051 4360 .Non
1098 4276 1244 4330 male
1279 4276 1550 4357 quidem;
1584 4277 1678 4332 sed
1719 4315 1762 4369 Ι)

39 4349 131 4416 tum
159 4341 209 4416 in
239 4359 339 4396 ms.
374 4341 575 4398 codice
617 4347 840 4413 legatur
891 4351 947 4399 in
973 4363 1112 4415 epm,
1159 4341 1346 4400 nescio
1373 4341 1560 4401 annon
1592 4365 1679 4402 re-

41 4411 145 4462 ctius
168 4413 234 4465 sit
271 4419 327 4468 in
384 4411 722 4485 episcopum.
788 4417 887 4470 llic
942 4411 1167 4472 notabit
1224 4419 1401 4472 lector
1450 4420 1683 4472 Eneam

46 4577 1530 4602 _‘__—___________

1805 516 2086 572 nostrum,
2120 509 2235 562 imo
2270 507 2389 574 Dei,
2431 525 2496 560 ex
2533 523 2682 577 aqua
2725 507 2982 561 fluminis
3027 507 3396 560 conﬁciamus
3441 511 3494 560 et

1805 615 1980 670 quare
2010 614 2226 669 agnum
2260 597 2431 650 simul
2462 612 2591 650 cum
2623 613 2860 666 corpore
2889 595 3098 650 Christi
3129 602 3184 648 et
3213 595 3494 665 sanguine

1803 688 1860 741 in
1888 687 2102 742 Pascha
2125 702 2296 757 super
2321 687 2495 738 altare
2536 701 2836 755 ponamus,
2883 692 2938 737 et
2972 701 3128 738 more
3161 685 3495 738 Judaeorum

1803 778 2132 844 otferamus,
2165 791 2294 828 cum
2336 775 2663 828 nullatenus
2695 774 2816 826 haac
2846 773 2931 826 vel
2967 772 3173 842 aliquis
3204 772 3498 847 desipien-A

1803 867 1948 920 tium
1982 881 2240 936 unquam
2269 863 2589 917 crediderit.
2627 862 2761 926 Qum
2792 862 2905 915 duo
2952 861 3011 914 in
3043 867 3263 913 tantum
3293 861 3492 914 viden-

1803 959 1896 1008 tur
1924 952 2342 1023 indignissima,
2376 957 2440 1005 ut
2469 951 2538 1004 ab
2571 951 2769 1004 auditu
2801 948 3060 1004 tidelium
3093 964 3160 1002 ex
3191 952 3307 1002 toto
3331 949 3491 1018 judi-

1802 1048 2004 1096 centur
2029 1041 2255 1111 penitus
2287 1056 2407 1093 esse
2434 1045 2720 1094 extranea.

1875 1131 2003 1185 Haec
2053 1128 2430 1182 deliramenta
2480 1128 2863 1182 versutiarum
2905 1125 3168 1181 Graecalis
3214 1125 3495 1181 industria

1802 1219 2172 1289 supercilioso
2231 1217 2450 1271 ambitu
2510 1233 2613 1286 per
2671 1217 2997 1270 Romanum
3045 1216 3266 1286 spargit
3310 1215 3493 1286 impe-

1801 1309 1976 1374 rium,
2011 1313 2068 1360 et
2097 1306 2398 1360 dominicis
2429 1305 2658 1359 aciebus
2680 1305 2966 1368 insistens,
3002 1309 3127 1358 astu
3167 1304 3493 1358 calliditatis

1803 1396 2136 1460 scaturiens,
2185 1395 2483 1448 contendit
2543 1395 2814 1447 lacessere
2877 1393 3118 1463 quietos.
3175 1397 3244 1447 At
3293 1399 3495 1447 contra

1802 1490 2125 1556 repugnant
2173 1483 2411 1537 ducibus
2456 1483 2669 1553 injusta
2709 1482 3068 1538 molientium
3121 1482 3352 1553 agmina
3397 1498 3492 1536 su-

1802 1587 2114 1641 pernarum
2153 1571 2452 1632 virtutum,
2486 1569 2624 1639 quin
2647 1568 2763 1622 imo
2795 1570 2963 1639 longe
2985 1569 3337 1639 portendunt
3364 1584 3490 1622 scu-

1803 1665 1927 1713 tum
1959 1663 2168 1712 sanctas
2202 1657 2546 1728 repulsionis
2582 1657 2894 1711 illustrium
2949 1656 3199 1711 defensio
3233 1658 3486 1722 Patrum,

1732 1726 1772 1779 Β
1801 1748 2103 1803 concordia
2131 1763 2440 1810 canonum,
2481 1747 2790 1800 auctoritas
2834 1751 2892 1800 et
2935 1745 3167 1799 victoria
3215 1745 3489 1798 excellen-

1799 1838 2152 1890 tissimorum
2178 1836 2520 1901 antistitum,
2572 1851 2674 1906 per
2715 1833 3020 1889 Christiani
3057 1833 3305 1887 nominis
3337 1833 3484 1886 limi-

1796 1933 1914 1980 tem
1948 1927 2007 1980 in
2034 1926 2257 1980 theoria
2288 1924 2592 1994 magnifice
2640 1923 3024 1993 vulgatorum,
3078 1923 3247 1975 verbo
3293 1938 3355 1975 ac
3389 1921 3493 1974 do-

1798 2015 1979 2068 ctrina
2010 2016 2178 2068 οωιθε
2220 2013 2700 2082 contingentium.
2761 2013 2826 2065 In
2879 2013 2984 2065 hoc
3017 2011 3148 2064 forti
3179 2026 3489 2080 congressu

1798 2119 1916 2157 non
1947 2104 2130 2156 ferent
2181 2102 2384 2155 vexilla
2419 2102 2654 2164 tirones,
2689 2116 2792 2152 nec
2839 2100 3070 2168 fatigata
3097 2098 3330 2152 brachia
3351 2098 3491 2152 ell‘e-

1798 2197 1926 2245 rent
1955 2190 2182 2244 emeriti
2220 2205 2402 2255 senes,
2449 2189 2545 2242 sed
2593 2187 2812 2242 delecta
2854 2187 3068 2240 viribus
3104 2187 3393 2256 juventus,
3433 2186 3487 2239 id

1800 2280 1971 2334 estin
2017 2279 2146 2332 lidei
2199 2278 2403 2332 Christi
2454 2276 2885 2348 perfectissimis
2931 2282 3158 2329 utentes
3206 2275 3488 2338 sensibus,

1801 2385 1866 2422 ex
1897 2369 2056 2421 omni
2106 2373 2264 2438 parte
2310 2366 2483 2419 armis
2533 2382 2824 2420 sacrorum
2874 2365 3206 2434 dogmatum
3270 2364 3490 2416 inunita

1800 2474 2040 2527 corpora
2072 2463 2404 2526 mentesque
2434 2455 2702 2520 ferentes,
2745 2455 2954 2524 inclyta
2998 2453 3278 2506 lacessent
3318 2452 3486 2517 bella,

1799 2554 1857 2599 et
1898 2545 2138 2599 Domino
2195 2545 2416 2598 favente
2471 2544 2710 2596 victores
2767 2543 3033 2596 existent.
3101 2541 3242 2610 Lege
3297 2546 3489 2594 autem

1799 2633 2208 2704 triumphantis
2239 2639 2466 2702 peracto
2505 2630 2839 2694 certamine,
2893 2629 3028 2683 dum
3076 2629 3296 2682 lassatis
3327 2628 3490 2698 quasi

1801 2722 2073 2776 membris
2102 2721 2468 2790 refrigerium
2518 2718 2975 2772 subministrabit
3014 2717 3260 2787 Spiritus
3309 2715 3489 2769 sancti

1802 2811 2047 2876 afflatus,
2077 2810 2245 2881 potiti
2277 2812 2408 2862 voto
2451 2807 2852 2877 gloriosissimi
2897 2807 3126 2871 milites,
3157 2811 3213 2860 et
3243 2805 3314 2858 ob
3342 2819 3486 2874 ago-

1799 2900 1954 2953 niam
1982 2898 2189 2952 eximie
2224 2899 2498 2965 lmtantes,
2535 2897 2601 2950 ad
2633 2896 2804 2950 ccelos
2833 2894 3131 2966 porrigent
3151 2893 3489 2962 conspicuos

1801 2989 2007 3054 vultus,
2044 2987 2182 3058 Regi
2212 3003 2414 3056 regum
2447 2983 2790 3040 dominatori
2835 2999 2936 3036 suo
2987 2981 3169 3035 laudis
3198 2977 3490 3048 praeconia

1794 3078 2212 3130 acclamantes:
2253 3078 2508 3130 Dominus
2541 3076 2701 3140 fortis
2732 3078 2783 3127 et
2819 3077 3033 3141 potens,
3085 3073 3348 3125 Dominus
3389 3083 3492 3135 po-

1795 3171 1910 3220 tens
1941 3169 1996 3218 in
2023 3166 2217 3234 praelia
2261 3166 2428 3233 (Psat.
2485 3179 2642 3227 xxni,
2694 3165 2766 3228 8).
2833 3162 2930 3214 Et:
2989 3159 3252 3212 Dominus
3313 3158 3493 3206 virtu-

1795 3259 1907 3308 tum
1937 3256 2052 3323 ipse
2082 3258 2157 3307 est
2203 3269 2300 3306 rex
2347 3253 2534 3320 gloriae
2596 3251 2778 3318 (ἰδίει,
2843 3250 2948 3315 10).
3005 3250 3078 3300 At
3123 3259 3254 3296 vero
3284 3240 3494 3294 exhila-

1793 3348 1950 3395 ratus
1981 3344 2148 3396 Pater
2178 3342 2351 3394 totius
2395 3340 2676 3405 Ecclesiae,
2717 3335 3047 3408 apostolicae
3088 3331 3305 3385 scilicet
3343 3325 3493 3379 sedis

1793 3429 2154 3483 beatissimus
2183 3427 2456 3498 pontifex,
2511 3441 2642 3478 cum
2675 3425 2851 3477 Paulo
2874 3419 3136 3490 apostolo
3176 3415 3406 3480 erigens
3436 3410 3496 3461 in

1791 3517 2021 3572 excelsis
2050 3497 2238 3585 caput,
2272 3517 2394 3568 huic
2423 3513 2592 3566 verba
2642 3509 2960 3580 protectori
2995 3507 3112 3559 Deo
3161 3497 3498 3554 solemniter

1791 3604 2156 3677 personabit:
2202 3606 2464 3657 Dominus
2496 3605 2678 3654 autem
2725 3599 2861 3651 mihi
2905 3595 3089 3649 astitit
3129 3594 3178 3642 et
3217 3586 3494 3677 confertae

1790 3669 1868 3748 uit
1891 3709 2004 3747 me:
2039 3697 2099 3746 ut
2123 3707 2225 3760 per
2255 3707 2338 3744 me
2369 3689 2690 3758 praedicatio
2717 3684 3134 3751 adimpteatur;
3170 3679 3220 3726 et
3264 3669 3502 3760 audiant

1791 3798 1970 3837 omnes
1995 3786 2210 3848 gentes:
2241 3784 2290 3832 et
2344 3778 2608 3832 liberatus
2638 3789 2763 3828 sum
2797 3772 2864 3824 de
2913 3782 3005 3822 ore
3049 3765 3240 3850 leonis.
3277 3756 3500 3850 Liber-af

1790 3876 1868 3925 vit
1893 3887 1973 3924 me
1999 3873 2257 3924 Dominus
2286 3867 2354 3920 ab
2402 3869 2549 3918 omni
2597 3876 2760 3932 opere
2805 3857 2973 3916 maio,
3007 3857 3057 3906 ct
3103 3843 3508 3932 salvumfaCiet

1789 3963 1848 4012 in
1868 3973 2094 4025 regnum
2117 3971 2275 4009 suum
2315 3955 2538 4019 cmicste,
2567 3955 2658 4005 cui
2705 3952 2784 4002 sit
2842 3946 3024 4012 gloria
3071 3943 3129 3990 in
3178 3930 3384 3986 saecula
3411 3940 3510 3977 sae-

1789 4049 2051 4101 culorum.
2082 4045 2258 4099 Amen
2288 4045 2367 4111 (ΙΙ
2397 4044 2538 4096 Tim.
2574 4058 2650 4106 iv,
2691 4041 2815 4104 Π).

1793 4279 1995 4334 eodem
2025 4278 2353 4333 Grzecorum
2382 4275 2613 4344 objecta
2657 4263 2968 4344 repellere
3199 4265 3232 4301 a
3276 4246 3536 4298 Ratram-

1794 4366 1867 4404 no
1899 4364 2124 4403 summa
2146 4347 2198 4400 vi
2229 4338 2611 4418 repulsa'essc
2645 4338 2921 4394 vidimus
2955 4339 3152 4394 supra.

1536 4543 3545 4604 Μέθη-,κ-

1384 4742 1737 4815 INCIPIT
1799 4741 2106 4815 LIBER.

733 5012 862 5066 CAP.
914 5013 956 5066 Ι.

116 5093 303 5151 Sanctus
341 5099 711 5164 Athanasius,
756 5101 1152 5154 Alexandrinas
1181 5102 1329 5156 sedis
1359 5103 1682 5172 episcopus,

67 5177 224 5238 Grecae
263 5189 460 5259 linguas
515 5190 1069 5259 experientissimus,
1110 5191 1208 5244 ubi
1241 5191 1440 5247 beatus
1472 5192 1685 5245 Marcus

66 5275 345 5342 evangelista
370 5277 645 5348 praesedit
668 5297 683 5345 ;
717 5294 844 5348 quas.
872 5279 1036 5350 sedes,
1063 5281 1309 5334 secunda
1331 5284 1416 5334 est
1439 5297 1469 5332 a
1498 5279 1686 5349 prima

79 5353 284 5428 Romana,
314 5373 370 5420 ut
392 5368 700 5423 Canonum
745 5371 955 5420 statuta
1003 5368 1337 5435 decernunt,
1370 5378 1394 5402 ι
1442 5368 1500 5420 in
1543 5367 1684 5420 libro

1793 5016 1860 5069 de
1897 5013 2116 5068 Unitate
2142 5012 2349 5063 sancta;
2383 5009 2444 5059 et
2479 4997 2830 5056 individua:
2862 4978 3180 5076 Trinitatis
3205 4978 3262 5076 di

1794 5109 1849 5156 in
1879 5105 2041 5156 Patre
2067 5103 2137 5151 sit
2167 5098 2335 5149 Filius
2375 5096 2431 5144 et
2467 5089 2740 5155 Spiritus
2774 5079 3042 5134 sanctus,
3078 5073 3134 5123 et
3163 5073 3262 5131 qui

1791 5193 2033 5249 sanctus,
2074 5201 2106 5236 (ι
2135 5187 2233 5236 Deo
2260 5184 2426 5234 Patre
2451 5169 2764 5243 procedat,
2819 5164 2921 5216 ubi
2980 5141 3585 5249 716’Illwluu’”‘_f‘”c.hf‘

1796 5233 2100 5323 Filii
2155 5281 2360 5318 nomen.
2417 5233 2470 5308 ‹‹⁸
2491 5253 2904 5311 Serviendum
2955 5248 3176 5314 itaque
3210 5245 3299 5295 est
3348 5233 3592 5323 Christo

1799 5319 2128 5423 ﬁquia
2152 5360 2204 5406 et
2239 5350 2537 5422 perfectus
2582 5342 2772 5402 Deus,
2810 5342 2875 5390 et
2933 5350 3127 5388 verus
3163 5335 3254 5385 est
3283 5323 3480 5382 Filius.
3520 5319 3599 5373 Et

72 5495 84 5582 in
131 5527 146 5553 ³
170 5518 215 5570 In
236 5522 346 5578 libro
369 5527 444 5580 de.
485 5523 672 5593 Hujus
709 5523 858 5590 libri,
918 5525 1012 5596 qui
1070 5531 1154 5580 est
1185 5529 1248 5580 de
1297 5530 1513 5581 Unitate
1555 5528 1670 5591 Dei,
1699 5520 1897 5575 titulus
1919 5516 2009 5570 hic
2037 5513 2200 5569 estin
2230 5508 2444 5565 editis:
2490 5505 2573 5555 De
2622 5495 2866 5549 Arcana
2904 5499 2964 5548 et
3005 5493 3299 5548 catholica
3342 5483 3471 5554 Ῑίάε·

3205 4972 3344 5029 dicit
3367 4984 3380 5021 :
3414 4963 3584 5029 Quod

3265 5077 3298 5114 α
3327 5057 3584 5126 Spiritus
