3846 6244
363 320 458 371 691

1587 316 1811 370 ,ίΕΝΕΑέ
1848 318 1946 372 ΡΑ]

2226 318 2274 372 IS
2312 314 2552 372 EPISCO
2564 317 2626 371 PI
3750 322 3800 364 1:23:

364 447 463 518 qui
512 447 756 501 ﬁdeliter
808 446 980 499 servit.
1028 446 1192 513 Filio,
1266 446 1418 499 Patri
1465 446 1654 512 servit,
1710 450 1766 500 et
1813 447 2048 517 Spiritui
2087 451 2129 503 Α
2160 452 2216 500 et
2247 463 2477 501 sensum
2523 446 2845 501 intellectus
2901 445 3015 500 mei
3062 445 3163 500 tibi
3219 444 3442 498 refero.
3514 443 3677 496 Pater
3720 459 3803 493 una

364 540 559 589 sancto
589 535 687 605 qui
716 535 775 587 in
808 552 874 588 eo
906 538 1008 587 est.
1062 536 1124 588 Et
1178 534 1277 605 qui
1320 535 1519 589 adorat
1563 537 1806 602 Patrem,
1836 537 1894 590 in
1926 537 2047 604 ipso

363 626 562 679 adorat
592 625 793 677 Filium
838 628 893 677 et
941 624 1216 692 Spiritum
1266 629 1545 690 sanctum,
1595 626 1732 694 quia
1780 625 1837 679 in
1886 628 2050 679 Patre

364 719 447 766 est
478 713 651 765 Filius
681 718 735 765 et
755 712 999 781 Spiritus
1027 718 1254 764 sanctus
1283 713 1379 781 qui
1411 730 1443 764 a
1468 713 1580 764 Deo
1606 714 1879 781 procedit,
1902 712 2047 782 ipso,

368 803 601 856 Domine
634 803 892 856 dicente:
936 804 1050 868 Ego
1104 804 1159 855 in
1213 804 1376 855 Patre
1429 807 1478 855 et
1530 804 1693 855 Pater
1746 807 1803 855 in
1866 819 1947 855 me
1976 807 2053 855 est

366 894 681 957 (Joan.x1v,
737 893 838 954 10).
888 891 962 943 De
995 889 1209 958 Spiritu
1259 905 1487 959 quoque
1538 889 1616 941 sic
1663 890 1778 942 ait:
1812 891 2053 957 Spiritus

365 983 546 1031 autem
570 980 873 1046 paraclitus
910 982 1003 1042 qui
1039 993 1071 1030 (ι
1107 980 1270 1031 Patre
1306 994 1416 1030 meo
1458 979 1703 1045 procedit
1735 978 1915 1047 (Joan.
1962 994 2050 1038 xv,

365 1069 478 1131 26).
519 1068 583 1119 Et
608 1084 734 1119 cum
772 1067 974 1118 l’ilium
1025 1066 1153 1135 quis
1192 1066 1409 1129 adorat,
1465 1067 1524 1118 in
1559 1084 1625 1118 eo
1667 1068 1888 1118 Patrem
1920 1067 2052 1119 ado-

366 1162 473 1221 rat,
509 1162 563 1209 et
595 1155 869 1225 Spiritum
901 1162 1191 1221 sanctum,
1245 1155 1379 1224 quia
1432 1154 1492 1207 in
1541 1156 1663 1223 ipso
1714 1161 1797 1207 est
1847 1156 2051 1220 Pater;

367 1244 591 1298 dicente
627 1260 731 1297 eo:
795 1244 897 1307 Qui
956 1260 1036 1296 me
1089 1243 1255 1303 eiciet,
1312 1244 1457 1296 ridet
1516 1248 1567 1295 et
1613 1246 1829 1297 Patrem
1880 1260 2056 1296 meum.

368 1332 546 1399 (Joan.
581 1349 632 1396 χ,
668 1332 719 1402 9)
746 1349 761 1399 ;
796 1339 851 1385 et
892 1333 1137 1385 iterum:
1173 1334 1334 1385 Pater
1370 1336 1549 1385 autem.
1585 1334 1639 1383 in
1682 1348 1764 1384 me
1808 1346 2051 1391 manens,

367 1426 483 1489 ipse
534 1424 668 1486 facit
716 1437 897 1488 opera.
952 1421 1130 1488 (ibid.)
1180 1421 1254 1473 De
1294 1420 1509 1489 Spiritu
1558 1437 1687 1472 vero
1737 1425 1928 1472 sancto
1980 1420 2057 1471 sic

368 1510 447 1561 ait
476 1525 487 1562 :
519 1511 634 1575 Ille,
662 1510 868 1579 inquit,
904 1526 984 1561 Inc
1033 1511 1370 1578 elariﬁcarit,
1403 1514 1533 1573 quia
1564 1510 1626 1561 (lc
1668 1526 1778 1562 meo
1809 1513 2053 1576 accipiet,

369 1604 420 1651 et
449 1598 803 1651 annuntiabit
828 1599 975 1651 vobis
1017 1599 1195 1666 (Joan.
1226 1613 1335 1658 XVI,
1393 1598 1518 1665 1i);
1555 1604 1642 1650 et:
1680 1598 1871 1651 Omnia
1920 1613 2059 1661 quae-

368 1704 578 1751 cunque
603 1688 761 1739 habet
805 1690 985 1750 Pater,
1034 1691 1345 1751 incusant;
1396 1690 1685 1753 propterea
1732 1687 1850 1738 (ιὶέεὶ
1886 1686 2053 1751 vobis,

372 1777 503 1839 quia
555 1776 618 1827 de
676 1791 786 1827 meo
844 1778 1070 1842 accipiet
1128 1775 1308 1843 (ibiit.,
1382 1777 1486 1840 15).
1554 1775 1798 1843 Spiritus
1866 1775 2057 1844 itaque

372 1864 555 1915 Patris
580 1862 824 1930 Spiritus
860 1863 981 1915 Filii
1016 1866 1116 1928 est,
1156 1862 1425 1928 Apostolo
1474 1862 1693 1915 dicente
1723 1878 1733 1914 :
1782 1863 1936 1926 Quod
1960 1879 2060 1915 au-

375 1956 477 2004 tem
508 1956 634 2003 estis
685 1953 787 2020 filii
840 1954 958 2015 Dei,
1010 1955 1157 2004 misit
1200 1954 1341 2003 Deus
1396 1952 1662 2019 Spiritum
1710 1953 1833 2004 Filii
1884 1956 1970 2003 sui
2005 1956 2061 2003 in

374 2041 539 2093 corda.
564 2045 749 2092 nostra
800 2039 940 2104 (Gal.
969 2056 1039 2106 iv,
1075 2039 1165 2108 6);
1213 2045 1267 2092 et
1318 2040 1525 2092 iterum
1560 2057 1572 2092 :
1608 2043 1667 2093 Si
1709 2046 1831 2105 quis
1883 2044 2059 2093 autem

373 2130 642 2196 Spiritum
674 2129 873 2183 Christi
932 2144 1036 2181 non
1071 2128 1249 2188 habet,
1296 2128 1380 2181 hic
1438 2146 1544 2181 non
1585 2133 1663 2181 cst
1710 2130 1827 2195 ejus
1887 2131 2059 2198 (Itoni.

374 2232 491 2281 Vlll,
524 2220 612 2283 9);
655 2221 705 2269 et
746 2217 996 2269 iterum:
1030 2218 1147 2271 Scio
1193 2220 1332 2269 enim
1361 2222 1490 2281 quia
1549 2218 1644 2270 hoc
1696 2218 1831 2269 mihi
1875 2234 2063 2285 prove-

374 2309 484 2357 niet
507 2310 561 2357 in
592 2307 820 2358 salutem
854 2322 952 2373 per
982 2310 1215 2358 vestram
1242 2310 1535 2358 orationem
1592 2310 1641 2358 et
1677 2307 2063 2359 subministra-

377 2396 573 2445 tionem
598 2395 838 2461 Spiritus
868 2396 993 2447 Jesu
1037 2394 1235 2447 Christi
1282 2394 1501 2462 (Philip.
1535 2410 1573 2457 ι,
1621 2398 1709 2458 ‘29)
1786 2396 1844 2447 1n
1880 2395 2063 2447 Evan-

377 2482 525 2550 gelio
559 2499 787 2551 quoque
818 2482 940 2551 ipse
995 2483 1272 2535 Dominus
1303 2483 1415 2535 ait:
1468 2484 1796 2549 Paraelitas,
1855 2483 2065 2552 inquit,

379 2575 621 2641 Spiritus
678 2578 918 2635 sanctus,
968 2590 1123 2639 quem.
1175 2580 1350 2628 mittet
1394 2577 1557 2628 Pater
1598 2580 1654 2627 in
1706 2580 1917 2629 nomine
1954 2593 2067 2629 meo

382 2664 559 2729 (Joim.
590 2678 701 2729 xxv,
734 2664 849 2730 26).
910 2664 973 2715 Et
1016 2664 1075 2714 in
1119 2664 1349 2715 Actibus
1407 2663 1793 2731 apostolorum
1819 2662 1897 2715 ita
1930 2663 2069 2731 legi-

380 2756 475 2803 tur
502 2767 512 2802 :
552 2753 913 2803 Transeuntes
941 2754 1117 2803 autem
1168 2751 1464 2817 Phrygiam
1491 2756 1541 2803 et
1590 2751 1883 2815 Galatiam,
1916 2755 2069 2803 rctiti

381 2844 510 2893 sunt
535 2855 567 2890 (ι
612 2842 825 2906 Spiritu
883 2844 1066 2892 smzcto
1125 2841 1271 2903 loqui
1323 2841 1562 2892 uerbum.
1621 2840 1749 2892 Cum
1802 2843 2069 2892 venissent

384 2933 566 2981 autem.
621 2932 675 2979 in
726 2928 977 2993 Mysiam,
1044 2928 1327 2979 tentabant
1379 2932 1456 2978 ire
1503 2927 1833 2993 Bithyniam,
1886 2932 2070 2980 etnon

378 3020 629 3085 permisit
658 3031 742 3068 eos
788 3018 1027 3083 Spiritus
1066 3018 1193 3068 Jesu
1226 3015 1369 3081 (Act.
1414 3022 1542 3081 xw).
1606 3016 2074 3068 Mauifestissimis

384 3105 563 3174 igitur
592 3104 937 3156 testimoniis
985 3104 1283 3172 probatur,
1344 3105 1495 3173 quod
1547 3104 1789 3172 Spiritus
1823 3111 2070 3171 sanctus,

386 3200 630 3270 Spiritus
683 3199 1010 3268 paraclitus,
1063 3198 1310 3268 Spiritus
1358 3200 1520 3269 quia
1574 3201 1738 3255 Patre
1795 3202 2070 3270 procedit,

386 3288 629 3359 Spiritus
653 3288 725 3341 sit
755 3287 900 3353 Filii,
932 3287 1176 3357 Spiritus
1206 3287 1433 3354 Christi,
1464 3288 1707 3358 Spiritus
1738 3292 1888 3343 Jesu.
1919 3309 1946 3341 ››

1108 3375 1235 3431 CAP.
1283 3376 1345 3429 ΙΙ.

461 3469 603 3521 Item
633 3465 687 3519 S.
742 3463 1083 3518 Athanasius
1130 3464 1190 3517 in
1243 3464 1389 3518 libro
1421 3473 1443 3497 ⁸
1494 3464 1562 3519 de
1622 3464 1839 3519 unitate
1896 3466 2078 3519 Triui-

388 3555 552 3609 tatis:
587 3554 741 3618 Quod
781 3555 1022 3623 Spiritus
1054 3558 1273 3607 sanctus
1302 3559 1489 3607 imitus
1534 3558 1675 3608 Deus
1708 3560 1777 3609 sit
1810 3558 1866 3608 in
1916 3559 2077 3609 Patre

390 3649 440 3695 et
472 3644 628 3710 Filio,
681 3642 761 3695 sic
794 3643 965 3695 dicit:
1004 3661 1030 3692 «
1093 3646 1178 3696 An
1235 3643 1469 3713 ignoras
1528 3644 1661 3713 quia
1712 3646 1879 3697 Pater
1930 3660 2077 3696 unus

392 3733 537 3784 Deus
584 3735 688 3799 est,
726 3731 899 3784 Filius
952 3747 1099 3784 unus
1162 3733 1302 3784 Deus
1358 3737 1461 3799 est,
1521 3737 1577 3785 et
1631 3732 1875 3802 Spiritus
1932 3749 2078 3784 unus

392 3822 539 3873 Deus
566 3822 693 3873 est?
730 3820 927 3873 Nonne
960 3835 1107 3873 unus
1141 3822 1286 3873 Deus
1309 3824 1413 3884 est,
1446 3821 1582 3873 dum
1607 3822 1834 3874 unitum
1864 3836 2076 3873 nomen

390 3908 558 3962 estin
588 3913 796 3961 natura
835 3910 1015 3968 ossea;
1046 3926 1059 3973 ;
1110 3909 1188 3962 sic
1220 3916 1273 3962 et
1316 3926 1462 3961 unus
1514 3910 1755 3979 Spiritus
1811 3914 1909 3972 est,
1944 3909 2077 3979 quia

390 3997 549 4049 unita
582 4001 664 4049 est
690 3996 944 4065 ejusdem
973 3996 1171 4050 deitas.
1220 3999 1356 4050 Nam
1391 3999 1434 4049 si
1470 4004 1530 4050 tu
1581 4015 1682 4067 per
1711 3998 1937 4067 singula
1966 4014 2073 4050 no-

392 4085 548 4137 mina
580 4100 954 4153 personarum
988 4085 1212 4137 unitum
1251 4102 1461 4138 nomen
1508 4085 1753 4154 Spiritus
1798 4093 1885 4139 ter
1926 4086 2074 4139 desi-

392 4174 597 4240 gnasti,
633 4173 894 4242 nunquid
941 4176 1053 4224 tres
1102 4170 1345 4241 Spiritus
1376 4174 1562 4226 dicere
1596 4175 1864 4243 oportet?
1893 4174 2071 4228 Absit.

392 4261 550 4325 Quod
584 4261 630 4313 si
654 4262 761 4313 hoc
790 4266 1057 4330 potuerat
1082 4261 1212 4325 dici,
1247 4263 1357 4314 tale
1386 4266 1505 4315 erat
1538 4268 1599 4314 ut
1630 4269 1685 4315 et
1716 4263 1822 4317 hoc
1852 4266 1909 4316 in
1941 4280 2073 4317 con-

391 4349 636 4403 fessione
666 4350 901 4426 deberet
929 4348 1234 4414 introduci,
1281 4355 1395 4403 tres
1428 4351 1563 4403 deos
1596 4351 1801 4421 plurali
1832 4367 2072 4405 numero

394 4437 712 4506 nuncupari
738 4454 749 4491 :
785 4442 848 4490 ut
870 4436 991 4505 jam
1024 4452 1135 4489 non
1166 4443 1310 4490 esset
1337 4441 1362 4480 b
1404 4439 1464 4491 in
1494 4439 1582 4492 his
1630 4441 1884 4509 personis
1919 4443 2079 4493 unita

391 4531 595 4579 natura
615 4524 945 4591 divinitatis,
981 4527 1076 4579 sed
1102 4527 1494 4596 unusquisque
1526 4528 1585 4580 in
1620 4529 1850 4598 propria
1885 4530 1967 4582 vel
1999 4529 2078 4582 di-

391 4632 551 4669 versa
589 4621 795 4669 natura
848 4632 949 4667 sua
1006 4615 1356 4667 consisteret.
1417 4615 1576 4678 Quod
1637 4616 1799 4669 absit.
1857 4618 2076 4671 [nterea

390 4720 584 4759 rursus
617 4704 814 4758 eadem
844 4708 1058 4774 repeto,
1094 4713 1149 4755 et
1178 4702 1250 4755 ad
1278 4708 1374 4755 tua
1402 4703 1551 4756 dicta
1581 4704 1750 4757 verba
1777 4721 2068 4774 comparo,

457 4873 482 4898 δ
509 4867 586 4917 De
616 4866 834 4917 Unitate
863 4865 1169 4915 Trinitatis.
1220 4862 1281 4914 In
1313 4862 1525 4928 Graeco,
1577 4863 1642 4915 (te
1687 4866 1903 4916 Unitaie
1954 4867 2068 4917 Dei.

458 4939 482 4977 ῐι
510 4936 571 4987 In
599 4934 682 4986 his
700 4937 946 5002 personis
995 4935 1171 4985 unita.
1216 4933 1488 4985 Acherius
1519 4934 1657 4986 alias
1715 4935 1826 5001 legi
1880 4941 2074 4988 monet

386 5010 443 5058 in
474 5007 557 5058 his
584 5020 713 5061 una,
748 5004 900 5073 quod
952 5004 1131 5072 magis
1176 5004 1379 5073 placet.
1416 5005 1587 5070 Infra,
1638 5006 1939 5058 intellectus
1971 5011 2073 5058 mei

389 5077 485 5128 tibi
520 5076 713 5128 revelo.

455 5146 758 5209 cIdemque
809 5148 879 5197 sit
940 5149 990 5197 et
1042 5145 1301 5213 Spiritus.
1366 5145 1452 5199 Sic
1505 5146 1643 5199 alias
1702 5145 1813 5211 legi
1874 5150 2073 5199 monet

383 5216 686 5278 Acherius;
713 5215 860 5283 quod
896 5213 952 5267 in
984 5219 1140 5268 textu
1170 5216 1466 5284 legebatur
1495 5219 1566 5270 sit
1596 5220 1653 5270 in
1701 5218 1919 5275 (tritate,
1951 5233 2066 5269 non

383 5286 521 5339 illud
556 5285 787 5354 quidem
821 5291 942 5337 erat
983 5286 1219 5340 omnino
1251 5289 1486 5352 malum,
1532 5289 1627 5341 sed
1689 5289 1825 5341 duas
1858 5296 2071 5356 postre-

382 5371 503 5409 mas
534 5372 693 5407 voces
735 5356 870 5408 satis
900 5362 1115 5410 constat
1146 5374 1265 5409 esse
1291 5374 1685 5426 supervacuas.

450 5430 475 5470 ἀ
509 5429 731 5480 [initum
781 5428 1085 5480 divinitatis
1119 5445 1309 5481 nomen
1350 5433 1444 5481 est.
1491 5430 1646 5483 Haud
1682 5427 2066 5481 omittendum

378 5504 461 5568 est
512 5498 658 5566 quod
710 5498 985 5550 Acherius
1044 5500 1179 5551 alibi
1238 5500 1453 5568 reperit
1508 5500 1714 5552 horum
1759 5500 2063 5551 verborum

376 5566 519 5634 loco,
553 5584 828 5621 commune
876 5585 1064 5621 nomen
1108 5574 1156 5623 ei
1196 5566 1314 5622 est.‘
1341 5570 1490 5622 intra
1541 5586 1667 5638 quae
1708 5570 1933 5623 uncinis
1972 5570 2065 5621 in-

2166 539 2312 590 Deus
2343 542 2445 599 est,
2480 542 2534 590 et
2564 537 2737 590 Filius
2787 534 3118 605 unigenitus
3173 536 3320 588 Deus
3377 536 3497 597 est,
3549 536 3609 583 et
3638 532 3807 601 Spiris

2162 632 2388 680 sanctus
2420 626 2616 679 uuitus
2643 626 2701 679 in
2726 627 2889 679 Patre
2920 630 2976 678 et
3022 624 3163 678 Filio
3198 627 3349 679 Deus
3382 627 3508 676 est.
3552 640 3577 671 υ
3822 626 3823 689 t

2855 732 2980 782 CAP.
3043 729 3134 782 IlI.

2234 820 2379 874 Item
2410 820 2561 873 idem
2592 819 2651 871 in
2682 819 2880 872 eodem
2922 820 3102 870 litvro:
3147 817 3302 882 Quod
3349 817 3621 885 Spiritus

2165 926 2258 961 nec
2283 912 2444 962 Pater
2467 913 2539 961 sit
2566 924 2657 961 nec
2688 909 2878 973 Filius,
2914 907 3009 961 sed
3033 908 3098 959 de
3140 912 3345 959 natura
3397 910 3576 958 unita
3630 910 3773 955 erat:
3794 934 3813 959 α,

2158 1000 2418 1066 procedat
2451 998 2514 1050 de.
2536 1001 2640 1051 Deo
2665 999 2845 1055 Patre,
2876 1002 2927 1049 et
2967 1000 3198 1064 accipiat
3228 997 3294 1049 de
3327 999 3435 1048 Dei
3482 995 3648 1047 Filio.
3678 1014 3697 1037 ιι
3732 995 3815 1045 Βεέ-

2164 1091 2253 1138 tus
2277 1088 2523 1138 Joannes
2554 1086 2898 1153 evangelista
2938 1085 3075 1137 dicit
3126 1084 3183 1136 in
3242 1084 3517 1152 Epistola
3574 1097 3704 1133 sua:
3739 1084 3817 1133 Tm

2164 1180 2293 1227 sunt
2353 1180 2446 1239 qui
2498 1179 2860 1227 testimonium
2904 1175 3093 1226 dicunt
3144 1177 3201 1225 in
3232 1175 3377 1235 coelo,
3436 1174 3617 1226 Pater
3658 1180 3701 1223 rt

2167 1263 2291 1316 bum
2344 1268 2394 1315 et
2459 1264 2722 1331 Spiritus,
2798 1266 2849 1314 et
2900 1266 2955 1313 in
3013 1262 3221 1315 Christo
3301 1263 3439 1314 Jesu
3536 1276 3817 1311 unum

2169 1352 2218 1421 (Ι
2246 1354 2401 1404 Joan.
2434 1354 2505 1416 v).
2540 1353 2658 1403 Non
2700 1357 2893 1403 tznnen
2928 1366 3074 1402 unus
3105 1356 3208 1413 est,
3240 1351 3374 1419 quia
3413 1365 3549 1401 non
3585 1353 3666 1400 est
3694 1348 3738 1399 in
3768 1352 3816 1399 ts

2169 1456 2279 1493 una
2329 1456 2590 1509 persona.
2628 1440 2766 1492 Nam
2825 1455 2995 1491 unum
3048 1439 3201 1508 quod
3258 1439 3403 1491 dixit
3459 1438 3537 1490 de
3603 1438 3815 1505 utrisque.

2168 1529 2304 1597 quid
2336 1529 2485 1580 aliud
2526 1527 2865 1597 intelligitur
2896 1544 3068 1597 quam
3102 1527 3250 1597 quod
3289 1529 3442 1580 Deus
3496 1528 3667 1579 Pater
3691 1526 3736 1577 io
3765 1543 3820 1576 az-

2168 1624 2295 1670 tura
2335 1616 2648 1670 divinitatis
2676 1616 2822 1670 idem
2858 1616 2978 1686 ipse
3029 1616 3252 1669 dicatur
3289 1622 3347 1669 et
3379 1617 3692 1677 Dominus,
3721 1615 3819 1665 idin

2101 1729 2138 1781 Β
2173 1706 2292 1774 ipse
2333 1706 2403 1759 sit
2432 1711 2487 1759 et
2512 1706 2794 1776 Spiritus:
2837 1711 2893 1758 et
2924 1706 3095 1758 Filius
3147 1706 3312 1766 Deus,
3368 1706 3654 1774 idemque
3698 1704 3751 1754 sit
3789 1720 3820 1753 .2

2173 1794 2470 1848 divinitate
2504 1800 2561 1847 et
2614 1794 2959 1860 Dominus,°
3019 1794 3287 1864 idemque
3345 1794 3418 1846 sit
3472 1800 3535 1847 et
3594 1794 3823 1862 Spiritus?“

2172 1883 2274 1937 sed
2305 1889 2359 1937 et
2388 1884 2628 1955 Spiritus
2675 1885 2978 1953 paraclitus
3026 1885 3189 1949 Deus,
3242 1883 3525 1953 idemque
3578 1884 3650 1933 sit
3682 1888 3728 1932 et
3756 1882 3824 1931 Dos

2174 1973 2365 2027 minus
2396 1973 2455 2025 in
2487 1979 2687 2025 natura
2720 1972 2965 2039 deitatis,
2998 1972 3150 2025 idem
3183 1972 3255 2025 sit
3288 1979 3343 2023 et
3376 1972 3636 2040 Spiritus
3664 1972 3688 2022 ‘1’
3710 1970 3823 2020 \‘siea

2174 2063 2308 2133 quia
2341 2063 2400 2115 in
2423 2062 2630 2114 deitate
2663 2066 2717 2113 et
2746 2061 2802 2113 in
2842 2060 3162 2113 substantia
3204 2059 3595 2129 plenitudinis
3624 2074 3717 2127 per
3743 2074 3824 2107 om-

2174 2152 2269 2205 nia
2303 2166 2482 2204 unum
2514 2154 2666 2214 sunt,
2701 2155 2756 2203 et
2779 2150 2836 2202 in
2868 2150 3134 2202 omnibus
3165 2164 3554 2218 personarum
3583 2153 3689 2199 tres
3717 2160 3823 2197 seu;

2178 2242 2317 2294 Nam
2387 2239 2539 2308 quod
2597 2244 2710 2291 tres
2760 2244 2914 2306 sunt,
2966 2238 3101 2308 quid
3160 2238 3319 2290 aliud
3380 2239 3637 2289 sentitur
3683 2236 3824 2297 fixisse,

2176 2346 2346 2400 quam
2380 2329 2545 2381 Pater
2573 2343 2738 2380 verus
2770 2342 2934 2391 unus,
2986 2327 3071 2379 vel
3118 2327 3271 2378 solus
3309 2326 3407 2395 qui
3450 2324 3675 2393 genuit,
3720 2322 3823 2373 idem

2178 2434 2292 2470 non
2319 2418 2392 2469 sit
2421 2416 2521 2486 qui
2553 2422 2609 2468 et
2641 2416 2975 2484 unigenitus
3004 2416 3073 2467 ab
3102 2416 3223 2484 ipso
3256 2417 3383 2467 est?
3409 2416 3471 2467 Et
3511 2415 3683 2466 Filius
3722 2427 3823 2461 una:

2179 2506 2277 2576 qui
2310 2522 2424 2557 non
2460 2505 2660 2573 genuit
2682 2505 2829 2557 sicut
2858 2504 2977 2573 ipse
3008 2522 3038 2555 a
3070 2506 3230 2556 Patre
3268 2503 3519 2572 genitus,
3571 2503 3723 2555 Pater
3747 2516 3817 2549 an;

2180 2594 2252 2647 sit
2279 2596 2305 2648 ἲ)
2339 2599 2392 2646 et
2423 2594 2511 2645 hic
2551 2592 2794 2661 Spiritus
2826 2599 3052 2645 sanctus
3102 2593 3245 2643 alius
3293 2592 3383 2655 sit,
3431 2592 3536 2661 qui
3586 2606 3683 2641 nec
3710 2590 3823 2640 Pttittr

2180 2699 2283 2736 nec
2314 2682 2484 2735 Filius
2509 2686 2609 2745 est,
2645 2682 2741 2750 qui
2774 2696 2875 2734 nec
2907 2681 3108 2749 genuit
3129 2696 3230 2732 nec
3254 2682 3481 2749 genitus
3512 2682 3543 2731 ἱ)
3574 2694 3696 2731 cum
3725 2676 3823 2727 anes

2182 2772 2253 2825 sit
2283 2771 2339 2823 in
2374 2787 2615 2839 persona
2648 2770 2746 2838 qui
2770 2770 2989 2838 genuit,
3026 2774 3080 2821 et
3110 2770 3253 2820 alter
3301 2768 3371 2821 sit
3400 2768 3458 2820 in
3508 2782 3734 2837 persona
3758 2781 3819 2831 qu:

2184 2859 2510 2929 unigenitus
2540 2859 2609 2911 ab
2649 2858 2772 2927 ipso
2808 2864 2909 2923 est,
2953 2863 3007 2910 et
3054 2857 3196 2909 alius
3235 2858 3472 2926 adaeque
3526 2856 3584 2908 in
3617 2869 3821 2923 perstant.

2182 2954 2244 3001 ut
2292 2949 2427 3011 dixi,
2494 2948 2809 3000 secundum
2879 2946 3132 2999 divinam
3186 2946 3564 3014 Scripturam,
3624 2944 3713 3013 qui
3754 2956 3819 2993 ne:

2113 3027 2152 3080 ί]
2182 3040 2349 3091 Pater
2376 3052 2477 3088 nec
2512 3037 2682 3089 Filius
2723 3040 2840 3088 est:
2896 3035 2987 3088 hic
3035 3040 3117 3087 est
3172 3035 3415 3104 Spiritus
3475 3042 3715 3091 sanctus,
3757 3030 3817 3080 sed

2186 3128 2353 3195 plane
2394 3126 2461 3177 de
2507 3125 2667 3176 unita
2718 3130 2923 3176 natura
2975 3128 3096 3175 est:
3138 3123 3265 3175 ideo
3319 3122 3376 3174 in
3429 3123 3640 3174 deitate
3687 3120 3815 3169 uniti.

2183 3214 2459 3266 dunitum
2515 3212 2823 3265 divinitatis
2868 3228 3075 3264 nomen
3131 3216 3231 3276 est,
3284 3210 3431 3263 sicut
3491 3210 3554 3261 in
3621 3209 3819 3259 claruit?

2186 3302 2527 3371 evangelica:
2573 3301 2901 3370 Scripturze,
2966 3300 3035 3352 de
3094 3300 3311 3368 Spiritu
3370 3299 3644 3367 paraclito
3693 3296 3815 3347 l‘illu:

2185 3396 2445 3456 testatur,
2498 3389 2724 3443 dicens:
2768 3393 2843 3443 De
2881 3391 3042 3443 Patre
3089 3388 3338 3457 procedit
3368 3390 3545 3457 (Jrnm.
3600 3402 3681 3447 xv,

2188 3485 2241 3533 et
2271 3480 2349 3533 sic
2384 3486 2716 3549 prosecutus
2756 3484 2870 3531 est:
2921 3480 2989 3530 Et
3030 3479 3094 3530 (ἔρ
3126 3494 3237 3530 meo
3286 3480 3509 3545 accipiet
3560 3478 3721 3542 {'Joan.
3750 3488 3817 3523 ti).

2194 3570 2295 3638 l4).
2334 3570 2399 3622 Et
2429 3569 2556 3623 ideo
2604 3568 2699 3621 ubi
2738 3584 2997 3638 personae
3041 3566 3433 3636 requiruntur,
3488 3565 3709 3634 propria
3749 3577 3819 3611 nu-

2189 3659 2342 3711 mina
2401 3659 2524 3727 [per
2576 3656 2715 3725 haec]
2772 3657 3222 3725 distinguuntur.
3296 3654 3397 3708 Ubi
3454 3660 3643 3706 autem
3695 3652 3821 3703 dein;

2189 3746 2461 3815 poscitur,
2513 3746 2733 3798 unitum
2798 3761 3011 3798 nomen
3064 3744 3147 3815 [in
3207 3741 3319 3814 his]
3374 3744 3672 3795 indicatur.
3717 3741 3819 3800 Quo-

2189 3834 2343 3888 niam
2392 3850 2579 3887 sumus
2619 3835 2687 3887 ad
2744 3834 2979 3886 nomina
3033 3848 3405 3901 personarum
3453 3829 3742 3898 pluraliter
3766 3840 3820 3875 Lu-

2188 3927 2340 3975 ctum
2402 3923 2863 3985 demonstratur;
2920 3937 2982 3972 ac
3034 3936 3136 3988 per
3187 3921 3295 3972 hoc
3339 3920 3398 3970 iu
3456 3920 3662 3972 deitate
3711 3914 3819 3965 uniia

2188 4028 2368 4065 unum
2441 4017 2589 4077 sunt,
2667 4016 2723 4062 et
2773 4010 2831 4062 in
2914 4008 3249 4061 nominibus
3322 4022 3690 4078 personarum
3746 4011 3821 4052 tres

2188 4105 2336 4153 sunt.
2370 4122 2397 4148 ››

3715 3388 3764 3435 ξύ
3784 3406 3789 3435 γι
3810 3402 3819 3431 ,³

2893 4170 3020 4222 CAP.
3054 4168 3142 4221 1V.

2259 4261 2399 4313 Item
2434 4258 2586 4312 idem
2616 4258 2676 4311 in
2735 4257 2876 4310 libro
2914 4257 3158 4310 secundo
3213 4256 3281 4309 de
3327 4255 3576 4325 propriis
3618 4250 3821 4323 perstate

2114 4324 2156 4377 Ι)
2190 4353 2245 4400 et
2274 4348 2342 4400 de
2371 4346 2531 4399 unito
2564 4345 2797 4398 nomine
2856 4344 3167 4397 divinitatis
3203 4360 3214 4396 :
3276 4343 3431 4406 Quod
3476 4344 3701 4410 Spiritus
3728 4354 3819 4389 5-m-

2183 4442 2300 4489 ctus
2326 4440 2466 4488 sicut
2496 4439 2733 4487 mittitur
2761 4451 2795 4486 a
2847 4436 3025 4493 Patre,
3082 4438 3209 4485 item
3258 4436 3499 4484 mittitur
3547 4437 3593 4483 et
3641 4446 3668 4481 (ι

2187 4524 2292 4578 «Si
2329 4525 2502 4578 Filius
2533 4525 2591 4576 in
2626 4523 2856 4575 nomine
2892 4521 3070 4574 Patris
3122 4522 3296 4585 venit,
3340 4520 3595 4588 nunquid
3636 4519 3738 4585 ipse
3768 4522 3819 4563 ξλξῖ

2183 4614 2347 4665 Pater
2372 4612 2468 4681 qui
2498 4612 2616 4664 ait:
2668 4614 2777 4677 Ego
2812 4616 2932 4663 veni
2966 4615 3024 4663 in
3070 4614 3281 4662 nomine
3330 4611 3513 4662 Patris
3564 4612 3659 4660 mei
3686 4607 3817 4663 time}.

2185 4705 2230 4769 v)
2266 4718 2279 4768 ;
2315 4704 2452 4755 dum
2485 4702 2648 4753 Pater
2678 4702 2824 4754 Deus
2854 4700 2944 4766 sit,
2992 4700 3050 4751 in
3101 4699 3262 4768 cujus
3294 4698 3529 4751 nomine
3575 4696 3727 4749 Filius
3756 4706 3818 4739 ve-

2181 4862 2333 4913 clusa
2366 4860 2537 4926 vides,
2570 4859 2759 4913 addita
2787 4864 2917 4911 sunt
2948 4876 2977 4912 e
3018 4857 3191 4910 veteri
3242 4857 3501 4909 versione
3546 4854 3695 4908 edita.
3733 4850 3817 4903 ibi

2183 4933 2279 4984 ubi
2330 4933 2623 4997 legebatur
2666 4934 2721 4983 in
2760 4930 2959 4982 deitate
3006 4930 3334 4988 divinitatis,
3391 4935 3720 4994 postremam
3749 4936 3815 4993 vo:

2180 5019 2321 5064 cem,
2375 4996 2627 5070 ejusdem
2680 5000 2884 5053 veteris
2928 5000 3205 5052 versionis
3255 4999 3423 5070 editae
3469 4997 3634 5050 iidem
3687 4996 3816 5045 secu‘t

2180 5069 2580 5141 expunximus.
2612 5073 2725 5125 Hoc
2752 5071 2922 5124 etiam
2952 5087 3065 5122 non
3097 5069 3484 5141 omittendum
3509 5076 3811 5141 esttecum;

2179 5132 2439 5197 diuinitas
2469 5143 2676 5196 editam
2712 5142 2779 5194 ab
2815 5142 3070 5205 Acherio,
3116 5141 3234 5193 fere
3280 5138 3553 5191 omnibus
3591 5136 3711 5190 locis
3750 5132 3813 5182 ubi

2178 5231 2368 5267 vocem
2398 5215 2572 5266 deitas
2632 5213 2936 5275 edidimus,
2967 5211 3117 5281 quod
3176 5227 3305 5263 cum
3332 5210 3511 5262 invito
3554 5208 3722 5261 codice
3746 5218 3815 5277 suo

2178 5286 2327 5346 iecit,
2374 5291 2494 5337 tum
2538 5284 2709 5336 etiam
2754 5289 2951 5336 contra
2995 5281 3395 5334 auctoritatem
3431 5288 3694 5339 veterum,
3724 5290 3813 5345 qu

2177 5356 2280 5407 bus
2303 5372 2404 5407 vox
2442 5355 2613 5408 deitas
2658 5356 2838 5419 magis
2878 5352 3152 5422 placebat,
3198 5357 3260 5403 ut
3301 5352 3573 5403 discimus
3617 5350 3813 5422 Anseluu

2178 5427 2408 5478 Havelb.
2442 5427 2582 5478 Dial.
2618 5425 2714 5477 lib.
2746 5416 2803 5489 n,
2846 5416 2966 5491 cap.
3006 5428 3103 5476 l7:
3164 5425 3352 5476 Totius
3407 5423 3713 5482 divinitatis,
3738 5416 3805 5467 ut.

2174 5502 2221 5549 si
2246 5499 2435 5550 melius
2458 5498 2566 5549 dici
2582 5500 2783 5564 potest,
2818 5496 3059 5555 (leitatis,
3091 5498 3204 5547 etc.
