3846 6244
13 269 45 320 3
1311 279 1519 334 LIBER
1559 279 1927 335 ADVERSUS
1965 279 2270 335 CRECOS.

13 418 20 453 ι
53 407 476 466 manifeste?
514 416 591 466 Ac
623 429 723 483 per
744 413 849 466 hoc
879 413 936 466 in
969 413 1128 467 unita
1157 418 1364 467 natura
1403 413 1718 468 divinitatis
1756 417 1797 468 Α
1832 431 1866 467 ιι
1905 419 2024 481 Deo,
2054 421 2103 470 et
2134 417 2326 470 adurit
2364 434 2445 472 eos
2483 435 2496 471 :

18 507 135 545 um
181 512 444 554 nomen
479 509 562 556 est
604 503 1058 573 comprobatum,
1103 503 1249 557 sicut
1288 503 1409 572 ipse
1461 505 1623 557 Pater
1653 504 1719 554 ad

13 581 402 644 :islatoreui
456 591 683 660 Moysen
737 596 973 644 testatus
1024 596 1125 656 est,
1187 592 1424 646 dicens:
1489 593 1723 646 Attende

13 672 44 734 ἶ,
93 678 157 724 et
215 691 304 727 ne
365 681 541 742 fueris
603 679 957 734 inobcdiens:
1011 696 1202 734 nomen
1255 683 1396 734 enim
1453 697 1620 735 meum
1665 684 1722 734 in

13 766 153 813 test
221 765 460 831 {Egeo-'1.
515 782 664 833 xxni,
712 768 824 836 19).
863 768 946 820 Ad
1008 767 1126 821 huic
1174 770 1498 838 patriarcha
1544 770 1716 822 David

45 849 145 900 ait
188 867 206 903 :
249 855 602 908 Benedictus
643 860 740 926 qui
777 859 921 909 venit
948 859 1005 909 in
1032 860 1246 910 nomine
1296 861 1508 912 Domini
1545 861 1712 921 tPsal.

14 941 131 1004 ru}.
183 939 372 996 Nam
404 943 535 996 etsi
566 943 810 1012 Spiritus
856 945 1159 1014 paraclitus
1191 945 1250 998 in
1304 947 1538 1000 nomine
1595 946 1717 1000 Filii

14 1026 127 1091 iit,
183 1035 272 1082 ut
337 1031 466 1100 ipse
511 1032 683 1086 dicit:
740 1035 907 1096 Quem
957 1036 1132 1087 mittet
1182 1037 1347 1088 Pater
1404 1038 1459 1088 in
1509 1037 1718 1089 nomine

13 1134 68 1181 υ,
109 1121 435 1189 nunquid
467 1127 518 1174 et
556 1121 676 1190 ipse
724 1122 896 1175 Filius
925 1128 1014 1176 est
1052 1123 1254 1189 dictus,
1292 1140 1420 1177 cum
1465 1125 1588 1177 sine
1623 1125 1718 1177 du-

14 1223 26 1253 ι
68 1221 346 1260 nomen
388 1209 514 1263 Filii
548 1211 694 1263 Deus
726 1210 801 1263 sit
836 1212 893 1263 in
937 1227 1050 1264 una
1091 1212 1307 1280 pariter
1339 1217 1541 1264 natura
1573 1212 1714 1265 divi-

14 1294 209 1347 .atis‘?
250 1297 333 1351 In
366 1299 473 1351 hoc
504 1315 641 1366 ergo
673 1299 907 1352 nomine
939 1299 1232 1354 evidenter
1264 1301 1570 1369 paraclitus
1619 1318 1712 1354 ve-

14 1397 42 1433 ι.
88 1383 255 1436 Ideo
329 1403 436 1456 per
475 1387 728 1456 singulas
766 1405 1038 1458 personas
1084 1389 1398 1442 secundum
1457 1390 1714 1442 substan-

14 1488 86 1523 ,ιιι
131 1481 404 1529 naturae
442 1476 736 1529 Trinitatis
787 1477 1010 1531 unitum
1064 1494 1274 1531 nomen
1325 1484 1410 1531 est
1457 1478 1559 1531 tibi
1607 1479 1710 1532 dc-

14 1567 304 1614 iratuni.
372 1563 544 1616 Isaias
615 1571 841 1617 sanctus
918 1566 1039 1619 haec
1112 1567 1437 1635 approbatis
1497 1567 1707 1620 dixit:

14 1650 296 1703 escendit:
356 1653 598 1721 Spiritus
646 1669 679 1705 ιι
738 1657 858 1719 Deo,
921 1659 969 1708 et
1027 1655 1218 1708 adurit
1269 1671 1399 1720 eos;
1471 1655 1713 1708 edas-isti

3429 283 3531 338 694

2546 421 2620 472 sic
2652 419 2895 472 edumisti
2941 418 3201 488 populum
3247 424 3397 473 tuum
3435 423 3529 485 [ιι-

1833 518 1947 557 cere
1991 505 2092 558 tibi
2146 522 2334 559 nomen
2383 508 2583 572 gloria.
2649 509 2804 562 Disce
2850 525 2970 577 Jam
3031 509 3259 562 unitum
3319 524 3528 561 nomen

1834 609 1951 644 esse
1978 593 2035 645 in
2071 600 2270 646 natura
2292 595 2501 649 divina:
2533 595 2840 649 Trinitatis.
2882 619 2897 644 ι

2567 722 2698 774 CAP.
2731 722 2815 773 Vl.

1901 843 2055 896 Idem
2087 841 2289 914 ipsein
2323 843 2522 896 eodem
2558 845 2718 909 liliro,
2754 845 2898 914 quod
2945 847 3184 914 Spiritus
3220 847 3523 914 paraclitus

1827 947 1861 984 a
1910 934 2070 986 Patre
2120 933 2283 986 simul
2339 937 2590 986 mittatur
2652 938 2703 986 et
2754 949 2788 986 ιι
2835 934 2990 998 filio,
3043 933 3122 986 sic
3160 934 3518 1003 proclamat:

1829 1040 1854 1071 ››
1883 1021 1945 1073 Ιιι
1984 1020 2090 1073 hoc
2134 1037 2267 1073 sane
2308 1021 2450 1073 alius
2482 1027 2567 1073 est
2607 1023 2770 1074 Pater
2825 1021 2884 1074 in
2932 1038 3196 1091 persona,
3256 1021 3354 1091 qui
3395 1038 3521 1074 vere

1825 1109 2044 1178 genuit,
2093 1114 2147 1162 et
2193 1110 2253 1162 in
2300 1109 2409 1162 hoc
2460 1111 2602 1162 alter
2646 1114 2729 1161 cst
2783 1110 2954 1162 Filius
3002 1128 3033 1162 ιι
3083 1111 3249 1163 Patre
3293 1111 3351 1162 in
3401 1127 3523 1180 per-

1823 1213 1983 1265 sona,
2029 1197 2126 1267 qui
2175 1213 2301 1250 vere
2359 1198 2429 1251 ab
2463 1214 2526 1248 eo
2587 1198 2813 1265 genitus
2862 1203 2974 1264 est;
3032 1199 3132 1251 sed
3197 1203 3252 1251 et
3301 1198 3360 1250 in
3415 1199 3520 1251 hoc

1823 1286 1965 1339 alter
1991 1294 2075 1339 est
2106 1286 2164 1339 in
2194 1303 2436 1355 persona
2469 1285 2712 1356 Spiritus
2755 1286 2844 1338 liic
2885 1287 3214 1356 principalis
3278 1287 3518 1355 paracli-

1825 1380 1911 1428 tus
1940 1393 1968 1428 ιι
2004 1377 2165 1428 Patre
2198 1381 2254 1429 et
2284 1376 2446 1442 Filio,
2499 1374 2597 1444 qui
2634 1375 2690 1427 in
2736 1376 3062 1428 Pentecoste
3118 1375 3176 1427 in
3233 1376 3516 1443 apostolos

1822 1465 2033 1517 ctt'usus
2062 1469 2162 1516 est.
2212 1465 2271 1517 Et
2323 1464 2448 1516 ideo
2493 1463 2614 1516 lucc
2662 1463 2955 1529 sigillatum
3007 1463 3156 1517 dicta
3206 1469 3513 1528 memento,

1822 1559 1884 1606 ut
1912 1553 2145 1606 nomina
2173 1553 2401 1621 singula
2438 1553 2496 1604 in
2547 1553 2804 1621 personis
2848 1558 3037 1604 essent
3094 1552 3376 1604 distincta.
3417 1552 3511 1604 Vi-

1820 1643 1918 1695 des
1949 1642 2081 1712 quia
2112 1643 2254 1694 alter
2295 1641 2362 1693 ab
2405 1641 2608 1706 altero,
2651 1640 2766 1692 sive
2801 1641 2944 1692 alius
2977 1641 3045 1693 ab
3105 1640 3216 1693 alio
3267 1641 3324 1692 in
3381 1657 3512 1709 per-

16 1740 250 1805 ριιίιιιη
306 1715 462 1794 tua)”
509 1745 689 1806 facere
747 1715 854 1795 τίω
890 1759 1074 1796 nomen
1125 1745 1312 1811 gloria,
1363 1715 1494 1812 (Ῐδα,
1539 1744 1708 1813 mu),
1753 1715 1792 1769 Β
1823 1748 1962 1784 sona
1990 1737 2208 1782 tantum
2243 1729 2447 1796 ditfcrt,
2483 1733 2536 1781 et
2587 1745 2700 1782 non
2746 1728 2805 1781 in
2849 1729 3206 1798 plenitudine
3254 1729 3515 1781 divinita-

13 1827 63 1879 9d
96 1833 164 1879 et
230 1829 373 1898 ipse
405 1830 557 1883 idem
611 1831 822 1884 indicat
863 1847 875 1884 :
930 1835 990 1885 Et
1041 1834 1402 1886 irritaverant
1443 1835 1714 1902 Spiritum

19 1920 260 1978 nctum,
298 1923 350 1970 et
381 1934 664 1972 conuersus
707 1925 784 1973 est
822 1922 931 1973 illis
988 1921 1061 1973 ad
1091 1923 1457 1986 inimicitiam,
1527 1922 1712 1973 Domi-

13 2019 60 2055 t8
115 2008 256 2068 ipse
319 2010 663 2074 expugnavit
710 2023 814 2074 eos,
849 2014 894 2060 et
963 2016 1345 2078 rememoratus
1390 2014 1466 2062 est
1501 2010 1713 2062 dierum

13 2097 323 2145 ternorum
401 2099 495 2160 qui
578 2095 769 2148 eduwit
830 2095 896 2148 de
959 2101 1105 2149 terra
1169 2104 1443 2165 pastorem
1511 2101 1707 2150 ovium.

13 2185 29 2229 t
74 2181 457 2248 suhjunxit:
514 2183 614 2236 Ubi
656 2189 731 2236 est
777 2187 873 2250 qui
916 2187 1101 2252 posuit
1156 2191 1212 2238 in
1277 2187 1384 2239 illis
1443 2186 1710 2252 Spiritum

13 2275 181 2322 tum?
215 2271 398 2323 Vides
448 2288 585 2340 ergo
618 2272 686 2324 de
737 2273 895 2327 unito
941 2279 1158 2327 natura:
1205 2274 1433 2327 dei‘tatis
1481 2273 1709 2326 nomine

14 2356 245 2411 loriam
281 2359 468 2412 Patris
502 2367 558 2413 et
597 2361 719 2413 Filii
751 2378 872 2414 esse
904 2362 1055 2414 hunc
1091 2362 1394 2415 Dominum
1439 2363 1709 2431 Spiritum

14 2451 290 2512 uictum,
326 2448 428 2517 qui
458 2449 651 2502 eduxit
684 2449 851 2502 Filios
899 2451 1069 2502 Israel
1130 2451 1199 2503 de
1253 2456 1401 2503 terra
1459 2452 1706 2520 .Egypti,

13 2533 128 2587 icut
163 2537 464 2606 Propheta
496 2538 633 2591 dicit
665 2555 678 2591 :
725 2540 813 2594 Sic
852 2539 1098 2593 eduxisti
1121 2543 1383 2609 populum
1427 2547 1575 2595 tuum
1618 2547 1709 2606 fa-

19 2637 96 2673 ?re
142 2625 263 2676 tibi
309 2642 503 2679 nomen
551 2629 753 2693 gloria,
791 2630 888 2696 qui
929 2644 1214 2682 conicrsus
1246 2635 1321 2682 est
1360 2631 1490 2697 ﬁliis
1538 2631 1709 2684 Israel

19 2710 55 2761 d
87 2714 458 2767 inimicitiam
479 2714 686 2783 (Exod.
714 2720 849 2782 xm).
885 2738 904 2763 ι

753 2857 881 2910 Car.
927 2859 984 2911 V.

58 2966 207 3019 Item
245 2968 399 3021 idem
431 2968 488 3021 in
532 2969 736 3022 eodem
784 2970 933 3023 libro
971 2971 1167 3035 :Quod
1213 2972 1456 3040 Spiritus
1487 2988 1577 3026 san

2021 2992 2194 3041 mittet
2241 2991 2398 3042 Pater
2452 2990 2507 3041 in
2561 2990 2773 3041 nomine
2825 3004 2935 3041 meo
2986 2987 3175 3056 (Joan.
3228 3003 3339 3050 XIV,
3393 2987 3503 3051 20;,

13 3057 240 3108 mittitur
270 3075 301 3109 α
331 3060 495 3111 Putre
526 3060 690 3112 simul
726 3066 775 3113 ct
800 3077 834 3112 ιι
880 3061 1034 3113 Filio.
1071 3083 1089 3106 ι
1127 3061 1231 3113 Sed
1264 3065 1319 3113 et
1367 3062 1412 3113 si
1455 3062 1701 3129 Spiritus

14 3145 302 3196 iaraclitns
335 3146 397 3198 in
423 3163 529 3198 suo
568 3146 796 3199 nomine
834 3153 1055 3201 tantum
1108 3148 1369 3213 venisset,
1421 3151 1570 3220 quod
1623 3153 1702 3203 di-

14 3230 139 3282 :itur
169 3231 420 3300 Spiritus
452 3235 782 3303 paraclitus,
815 3240 871 3288 et
905 3252 1019 3288 non
1069 3237 1127 3288 in
1181 3238 1339 3290 unita
1387 3240 1726 3298 substantia,

13 3319 179 3372 3atris
211 3329 266 3374 et
297 3323 425 3376 Filii
457 3325 611 3392 quod
644 3325 975 3378 nominatur
1027 3327 1193 3390 Deus,
1233 3327 1353 3394 jam
1403 3329 1698 3397 proprium

13 3408 118 3474 ejus
168 3409 231 3463 in
279 3427 530 3480 persona
588 3430 708 3466 esse
750 3413 1052 3474 videretur,
1119 3421 1176 3466 et
1235 3432 1345 3467 non
1381 3416 1695 3469 secundum

14 3496 223 3550 unitam
296 3505 522 3553 natura:
590 3500 815 3554 deitatis
880 3501 939 3554 in
1008 3503 1278 3572 utrisque.
1335 3503 1404 3557 Ut
1472 3510 1697 3558 tantum

14 3587 401 3657 unusquisque
436 3589 671 3640 nomina
694 3589 918 3659 singula
949 3589 1008 3643 in
1040 3592 1298 3660 personis
1348 3593 1697 3658 ostenderet,

14 3674 231 3727 licitatis
259 3684 456 3729 autem
484 3677 711 3730 unitum
735 3695 946 3731 nomen
981 3695 1089 3731 non
1115 3680 1410 3734 indicaret.
1450 3683 1700 3735 Porroin

13 3760 110 3812 hoc
132 3764 292 3815 unito
317 3763 554 3816 nomine
579 3764 802 3818 deitatis
829 3767 1026 3832 Patris,
1052 3769 1207 3820 venit
1233 3784 1396 3822 verus
1422 3770 1615 3836 Filius,
1642 3770 1698 3823 in

13 3863 115 3916 quo
143 3850 350 3903 dicitur
386 3853 556 3916 Deus,
588 3862 613 3886 α
644 3853 702 3906 in
735 3871 848 3923 quo
883 3855 1152 3909 claritatis
1203 3872 1414 3911 nomen
1455 3863 1539 3910 est
1569 3874 1696 3912 cum

15 3937 186 3991 Patre.
221 3940 280 3992 In
313 3941 481 4008 cuius
511 3947 730 3995 naturae.
771 3944 1002 3996 nomine
1035 3945 1188 3997 venit
1214 3949 1266 3998 et
1311 3946 1552 4015 Spiritus
1600 3963 1697 4015 pa-

15 4027 254 4092 raclitus,
287 4029 421 4097 quia
457 4029 515 4082 in
561 4031 665 4083 hac
707 4031 828 4100 ipsa
875 4041 1236 4087 sacrosancta
1277 4035 1554 4088 'l‘riuitate
1594 4037 1700 4089 hoc

20 4129 214 4168 nomen
246 4118 700 4171 substantialiter
730 4119 845 4172 sive
878 4121 1066 4173 uniter
1096 4121 1370 4184 consistit,
1405 4123 1550 4176 sicut
1599 4140 1696 4176 su-

21 4204 197 4265 perius
226 4206 468 4274 praedixi
502 4208 723 4260 Patrem
759 4208 828 4260 de
863 4208 1001 4261 Filio
1033 4227 1135 4261 suo
1169 4209 1511 4264 indicantem
1543 4228 1554 4265 :
1590 4214 1696 4266 No-

1823 1819 1892 1873 tis
1916 1819 2115 1885 οὖσίας,
2151 1819 2294 1872 sicut
2347 1819 2466 1887 ipse
2513 1817 2787 1871 Dominus
2816 1819 2896 1870 ait
2931 1833 2945 1870 :
2987 1819 3145 1871 Alius
3197 1822 3274 1870 est
3318 1819 3413 1885 qui
3445 1825 3514 1869 le-

1819 1912 2132 1962 stimonium
2224 1908 2468 1976 perhibet
2550 1908 2704 1971 mihi,
2784 1909 2879 1974 qui
2980 1923 3060 1959 me
3135 1908 3282 1960 misit
3356 1908 3513 1958 Pater

1822 2000 2003 2063 (Joan.
2042 2000 2117 2064 v).
2165 1997 2268 2050 Sed
2323 2000 2378 2048 et
2416 1996 2526 2048 alio
2576 1995 2637 2048 in
2687 1995 2810 2047 loco
2868 1995 3017 2048 idem
3062 1995 3180 2063 ipse
3205 2010 3511 2064 personam

1818 2087 1998 2140 sancti
2055 2085 2299 2155 Spiritus
2360 2085 2618 2137 indicat:
2679 2084 2894 2150 Royabo
2951 2087 3168 2137 Putrem
3218 2099 3412 2144 meum,
3462 2090 3512 2135 et

1818 2177 1988 2229 alium
2049 2175 2379 2242 puraclitum
2454 2178 2626 2227 mittet
2699 2173 2843 2226 vobis
2905 2172 3092 2241 (ibid,
3173 2172 3282 2241 li).
3360 2171 3508 2225 Scito

1816 2265 1993 2316 alium
2025 2264 2094 2316 ab
2119 2263 2248 2323 alio,
2285 2263 2401 2315 sive
2432 2263 2676 2315 alterum
2704 2263 2774 2314 ab
2801 2263 2980 2314 altero
3005 2262 3064 2313 in
3101 2277 3343 2329 persona
3385 2264 3509 2311 tan-

1817 2359 1940 2406 tum
1965 2351 2209 2417 ditfcrre,
2245 2357 2300 2404 et.
2343 2368 2457 2404 non
2488 2351 2545 2403 in
2597 2351 2754 2404 unita
2783 2350 3141 2419 plenitudine
3195 2347 3510 2402 divinitatis

1819 2439 1979 2492 usim.
2015 2460 2040 2485 ›)

2543 2528 2668 2581 CAP.
2708 2527 2820 2579 VII.

1887 2635 2023 2686 Item
2062 2633 2212 2686 idem
2263 2632 2321 2685 iu
2370 2633 2567 2686 eodem
2616 2632 2778 2698 libro,
2831 2632 2894 2684 de
2946 2634 3212 2685 communi
3259 2633 3510 2684 missione

1814 2723 2054 2792 Spiritus
2112 2725 2289 2776 sancti
2335 2739 2369 2775 ιι
2407 2724 2563 2776 Patre
2601 2728 2649 2775 et
2706 2724 2838 2776 Filio
2887 2722 2966 2774 ita
2994 2720 3185 2773 fatur:
3226 2741 3253 2768 ‹‹
3287 2721 3430 2788 Ergo
3462 2717 3508 2770 si

1819 2813 1990 2866 Filius
2022 2813 2080 2864 in
2115 2813 2341 2865 nomine
2393 2812 2570 2864 Patris
2610 2811 2782 2876 venit,
2818 2817 2874 2863 et
2913 2810 3157 2880 Spiritus
3199 2808 3505 2878 paraclitus

1816 2899 1874 2953 in
1927 2901 2157 2953 nomine
2208 2901 2332 2953 Filii
2383 2900 2536 2952 venit
2581 2899 2725 2953 sicut
2765 2900 2938 2952 Filius
2989 2899 3058 2951 de
3099 2915 3163 2950 eo
3215 2901 3501 2951 testatur.

1813 3095 1925 3130 non
1961 3078 2060 3130 tibi
2095 3077 2335 3142 videtur,
2377 3077 2512 3147 quia
2549 3077 2761 3146 duplex
2803 3088 2858 3130 et
2896 3076 2987 3129 hic
3017 3075 3380 3128 contineatur
3419 3072 3506 3125 in-

1811 3167 2089 3230 tellectus,
2116 3165 2169 3219 id
2202 3169 2280 3217 est
2312 3171 2372 3217 ut
2405 3166 2464 3218 in
2497 3165 2726 3218 nomine
2761 3179 3140 3233 personarum
3181 3169 3401 3216 tantum
3435 3162 3508 3215 sit

1815 3254 2124 3316 distinctio,
2154 3254 2212 3306 in
2243 3254 2447 3307 deitate
2479 3259 2666 3307 autem
2688 3254 2847 3306 nulla
2876 3253 2948 3306 sit
2971 3250 3274 3306 discretio?
3307 3270 3333 3302 »

2514 3380 2639 3432 CAP.
2687 3379 2822 3432 Vlll.

1881 3503 2018 3556 Item
2078 3503 2230 3556 idem
2261 3503 2382 3570 ipse
2412 3502 2472 3555 in
2521 3503 2790 3571 praesenti
2833 3501 2978 3555 libro
3015 3518 3027 3554 :
3063 3501 3218 3566 Quod
3262 3501 3504 3568 Spiritus

1809 3596 2026 3645 sanctus
2057 3608 2089 3643 α
2135 3593 2243 3644 Deo
2282 3593 2442 3644 Pater
2491 3593 2764 3656 mittatur,
2814 3591 2977 3643 simul
3025 3595 3076 3642 et
3104 3605 3137 3641 ιι
3187 3590 3280 3642 Dei
3322 3587 3498 3649 Filio;

1809 3679 2023 3745 etquod
2055 3681 2210 3731 unita
2231 3685 2468 3747 potestas
2498 3677 2559 3732 in
2589 3681 2664 3731 eis
2695 3681 2787 3741 sit,
2821 3677 2899 3730 ita
2928 3677 3117 3747 inquit
3149 3692 3161 3728 :
3203 3697 3229 3723 ‹‹
3265 3675 3403 3728 Nam
3435 3674 3503 3726 de

1809 3784 2052 3836 persona
2081 3767 2324 3836 Spiritus
2355 3766 2531 3818 sancti
2568 3766 2738 3820 Filius
2771 3772 3030 3826 testatur,
3064 3766 3257 3817 dicens
3290 3779 3302 3816 :
3336 3766 3501 3826 Quem

1809 3859 1980 3909 mittet
2020 3857 2178 3909 Pater
2225 3857 2283 3908 in
2331 3857 2542 3907 nomine
2588 3870 2699 3907 meo
2749 3854 2929 3922 (ibid).
2977 3853 3140 3905 Vides
3188 3851 3392 3904 Filium
3443 3851 3502 3902 in

1809 3945 1914 3997 hoc
1944 3944 2176 3996 nomine
2209 3943 2446 4002 venisse,
2482 3942 2632 4012 quod
2665 3944 2722 3994 et
2758 3941 2814 3994 in
2847 3942 3057 3994 deitate
3091 3939 3271 3994 Patris
3310 3939 3502 3990 uniter

1810 4049 1932 4086 esse
1973 4031 2310 4084 ostenditur.
2343 4031 2408 4084 Et
2432 4030 2706 4101 Spiritum
2733 4037 2990 4083 sanctum
3023 4029 3082 4082 in
3126 4031 3231 4082 hoc
3269 4028 3501 4081 nomine

1811 4121 2027 4174 venisse
2057 4119 2382 4174 iudicatur:
2419 4120 2702 4189 apostolos
2744 4125 2936 4172 autem
2969 4119 3168 4172 missos
3205 4117 3396 4181 fuisse,
3443 4120 3501 4167 ut

1811 4209 2168 4278 baptizarent
2202 4225 2400 4261 omnes
2432 4213 2629 4278 gentes
2659 4209 2718 4262 in
2765 4208 2923 4261 unito
2952 4209 3036 4261 vel
3065 4205 3357 4260 communi
3405 4221 3502 4256 no-

23 4305 123 4343 men
145 4309 312 4347 meum
342 4297 506 4348 estin
539 4297 628 4348 illo
657 4296 853 4366 (Exod.
891 4314 1047 4364 xxni,
1085 4299 1190 4367 l0).
1225 4300 1289 4351 Et
1323 4299 1526 4353 Filium
1577 4301 1698 4354 huic
1740 4293 1780 4344 Ι)
1813 4299 1966 4351 mine
1999 4298 2246 4362 deitatis,
2283 4297 2436 4367 quod
2464 4301 2549 4350 est
2580 4304 2793 4351 natura:
2835 4297 3137 4350 invisibilis
3168 4296 3344 4349 sancti
3379 4295 3503 4363 Spi-

23 4376 155 4430 dicta
184 4384 626 4435 conﬁrmantem
662 4401 674 4435 :
711 4387 821 4450 Ego
853 4389 976 4437 veni
1011 4389 1066 4439 in
1104 4389 1316 4439 nomine
1343 4390 1524 4441 Patris
1575 4393 1699 4455 mei,

27 4470 64 4514 et
93 4483 186 4522 non
212 4486 293 4522 me
334 4474 635 4539 recepistis.
676 4475 806 4527 Cum
855 4479 1032 4527 autem
1078 4476 1219 4528 alius
1265 4480 1469 4529 venerit
1507 4480 1562 4528 in
1606 4493 1704 4530 no-

29 4559 148 4609 mine
216 4574 335 4623 suo,
413 4576 533 4612 eum
607 4564 878 4629 recipietis
955 4565 1130 4630 (Joan.
1216 4580 1323 4628 XlV,
1401 4567 1507 4630 26).
1594 4566 1699 4618 Sed

29 4648 75 4692 et
121 4645 185 4698 de
233 4647 452 4714 Spiritu
513 4653 705 4700 sancto
769 4649 957 4718 ipsum
1021 4667 1246 4704 rursum
1301 4657 1700 4720 repetentem:

32 4731 169 4792 (Nam
195 4737 367 4787 mittet
391 4737 551 4788 Pater
596 4751 740 4789 meus
792 4739 848 4789 in
895 4742 1107 4791 nomine
1152 4755 1280 4791 meo.
1332 4740 1394 4792 Et
1437 4739 1704 4809 deinceps

31 4833 142 4873 cuni
173 4821 239 4873 de
270 4822 505 4874 nomine
538 4839 639 4874 suo
671 4823 804 4876 audi
837 4825 1144 4892 discipulos
1185 4827 1504 4879 hortantem
1536 4844 1547 4880 :
1579 4830 1700 4882 0m-

33 4907 108 4956 nia
135 4924 468 4976 quaecunque
507 4912 776 4977 petieritis
821 4928 855 4964 ιι
901 4914 1059 4965 Patre
1089 4914 1146 4965 in
1186 4917 1397 4966 nomine
1428 4931 1558 4979 meo,
1609 4917 1701 4968 da-

32 4992 94 5044 bit
123 4997 262 5049 vobis
302 4999 494 5062 (Marc.
529 4997 626 5065 XI).
674 4999 776 5050 Sed
831 5005 886 5050 et
941 5002 1261 5068 apostolum
1323 5003 1559 5054 Paulum
1610 5019 1701 5056 ea-

33 5081 136 5136 dem
165 5091 508 5138 testantem:
546 5086 650 5140 Sed
679 5087 854 5139 abluti
897 5090 1042 5154 estis,
1085 5088 1179 5142 sed
1217 5093 1544 5158 sanctiﬁcuti
1577 5095 1704 5145 estis

35 5169 77 5218 in
102 5174 301 5224 nomine
349 5175 567 5224 Domini
615 5177 792 5226 nostri
827 5173 957 5227 Jcsu
987 5177 1213 5240 Christi,
1255 5182 1303 5230 et
1351 5179 1570 5246 Spiritu
1609 5183 1706 5233 Dei

38 5263 177 5311 nostri
209 5261 256 5327 (Ι
286 5260 406 5314 Cor.
445 5265 538 5324 vn).
568 5261 712 5313 Audi
741 5261 941 5314 Isaiam
986 5263 1056 5316 de
1105 5264 1265 5317 unito
1319 5266 1550 5318 nomine
1589 5271 1704 5332 glo-

38 5345 114 5397 ria:
161 5347 338 5400 sancti
371 5346 619 5416 Spiritus
658 5349 1044 5404 declarantem
1078 5368 1090 5405 :
1139 5355 1416 5408 Descendit
1460 5357 1702 5422 Spiritus

1815 4388 1977 4450 ritus,
2012 4386 2157 4438 sicut
2179 4387 2450 4456 scriptum
2483 4391 2569 4440 est
2601 4402 2612 4439 :
2649 4387 2825 4441 Nolite
2867 4389 3187 4441 contristare
3234 4386 3502 4453 Spiritum

1812 4482 2059 4526 sanctum
2091 4476 2204 4541 Dei,
2237 4477 2294 4527 in
2323 4491 2426 4542 quo
2472 4477 2680 4541 signati
2715 4477 2844 4527 estis
2871 4478 2928 4526 in
2972 4475 3061 4526 die
3117 4473 3500 4540 redemptionis

1811 4570 1999 4618 vestra
2026 4563 2169 4629 (Gal.
2206 4579 2278 4628 iv,
2303 4563 2412 4633 30).
2441 4564 2534 4616 Vel
2587 4563 2690 4615 hoc
2723 4578 2735 4615 :
2772 4565 2842 4617 Et
2886 4578 3062 4615 omnes
3105 4577 3270 4614 unum
3317 4562 3500 4626 Spiri—

1815 4657 1926 4704 tum
1954 4654 2261 4720 potavimus
2317 4653 2360 4718 (Ι
2388 4652 2505 4707 Cor.
2563 4667 2659 4714 xu,
2695 4652 2801 4717 l3).
2857 4649 2984 4702 Sive
3019 4648 3254 4701 unitatis
3283 4663 3497 4700 nomen

1813 4740 2096 4808 baptismo
2155 4745 2429 4809 operante
2473 4740 2692 4807 suscipe
2760 4737 3041 4790 dicentis:
3097 4740 3163 4790 Et
3209 4751 3299 4789 ros
3347 4737 3501 4787 erilis

1813 4831 1949 4882 mihi
1981 4831 2036 4880 in
2061 4829 2200 4896 ﬁlios
2230 4832 2279 4880 et
2333 4829 2497 4896 ﬁlias,
2543 4826 2678 4879 dicit
2736 4828 2990 4877 Dominus
3046 4827 3376 4891 omnipotens
3430 4823 3502 4888 (Il

1814 4919 1934 4973 Cor.
1968 4933 2040 4981 vn,
2074 4917 2176 4983 18).
2214 4916 2308 4968 Vel
2343 4917 2446 4968 hoc
2467 4914 2691 4983 accipe:
2723 4915 2808 4966 Ea:
2837 4914 2946 4965 Deo
2995 4917 3114 4964 nati
3144 4913 3270 4965 sunt
3316 4911 3496 4979 (Joun.

1813 5005 1983 5072 1,13).
2048 5004 2318 5056 Necnon:
2371 5004 2449 5055 Et
2498 5003 2810 5065 baptizelur
2855 5003 3226 5069 unusquisque
3267 5005 3502 5052 vestrum

1815 5095 1871 5146 in
1910 5093 2120 5144 nomine
2156 5093 2283 5143 Jcsu
2321 5091 2527 5145 Christi
2569 5089 2713 5158 (Act.
2763 5105 2818 5152 ιι,
2865 5090 2968 5153 38).
3017 5089 3080 5140 Et
3122 5088 3179 5139 in
3215 5087 3325 5139 alio
3382 5089 3501 5138 loco

1815 5179 1920 5234 Sed
1941 5178 2116 5230 abluti
2134 5179 2282 5241 estis,
2325 5176 2419 5230 sed
2447 5177 2771 5244 sanctiﬁcali
2800 5178 2927 5230 estis
2960 5179 3016 5229 in
3053 5177 3263 5228 nomine
3296 5176 3508 5228 Domini

1811 5266 1939 5318 Jesu
1968 5267 2192 5328 Christi,
2217 5271 2266 5318 et
2297 5266 2509 5333 Spiritu
2541 5268 2636 5318 Dei
2678 5267 2852 5316 nostri
2878 5265 2923 5330 (ι
2950 5266 3068 5320 Cor.
3103 5279 3177 5328 γι,
3234 5263 3337 5331 ll).
3397 5263 3502 5316 Sed

1813 5359 1868 5406 et
1898 5352 2048 5423 quod
2081 5368 2145 5405 ex
2180 5353 2294 5406 Deo
2326 5359 2490 5406 natus
2521 5358 2623 5419 est,
2651 5353 2897 5406 Joannes
2948 5357 3190 5407 testatur
3222 5368 3235 5406 :
3290 5353 3360 5406 In
3406 5368 3506 5405 sua

94 5539 114 5563 ι
142 5533 206 5585 1η
226 5547 329 5600 quo
356 5532 666 5586 charitatis.
702 5533 878 5603 Alias,
907 5537 964 5588 in
984 5551 1088 5604 quo
1109 5535 1250 5590 idem
1271 5540 1349 5590 est
1365 5541 1564 5590 natura
1587 5552 1704 5590 cum
1739 5538 1914 5591 Patre.
