3846 6244
276 262 381 313 695

1503 258 1721 313 έΕΝΕΑΞ
1763 258 2200 314 PARISIENSIS
2241 255 2551 315 EPISCOPI

2241 258 2282 313 E
2293 255 2551 315 PISCOPI
3668 264 3760 312 ste.

270 398 437 464 venit,
478 399 528 450 et
555 397 644 450 sui
676 409 798 448 eum
827 408 933 447 non
960 399 1290 462 receperunt.
1328 394 1593 461 Quotquot
1625 399 1802 448 autem
1842 410 1962 449 eum
2000 397 2045 449 Α
2076 393 2376 463 Apostolus
2405 391 2620 446 11100111
2667 391 3012 446 salutatione
3060 392 3130 446 ad
3181 392 3514 448 Corinthios
3567 397 3767 449 contir-

272 489 603 554 receperunt,
637 483 786 537 dedit
806 485 884 535 eis
910 486 1228 550 potestatem
1265 486 1404 551 ﬁlios
1435 486 1528 537 Dei
1573 483 1716 554 ﬁeri,
1745 484 1970 538 creden—

274 573 417 627 tibus
448 575 506 625 in
543 574 755 625 nomine
785 572 920 638 ejus.
966 571 1068 636 Qui
1098 587 1203 624 non
1243 587 1310 624 ea:
1360 575 1643 638 sanguine,
1692 589 1859 640 neque
1904 589 1970 626 em

273 663 545 716 voluntate
573 663 776 728 carnis,
819 676 988 727 neque
1017 676 1084 712 ea:
1130 662 1405 714 voluntate
1448 663 1574 726 viri,
1621 661 1715 714 sed
1743 678 1810 714 ea:
1872 663 1971 715 Deo

273 752 395 804 nati
413 755 538 803 sunt
561 751 740 817 (Joan.
775 765 814 814 1,
851 749 958 815 ll).
1004 749 1163 801 Disce
1195 766 1330 819 ergo
1365 750 1473 803 1100
1505 750 1730 803 unitum
1759 766 1971 803 nomen

273 853 395 891 esse
425 838 841 906 sempiternum
868 837 926 889 in
957 838 1175 890 Deitate
1205 837 1406 902 Patris,
1446 843 1502 890 et
1529 839 1676 912 Filii,
1709 845 1766 892 et
1791 838 1972 893 sancti

272 927 539 998 Spiritus,
574 926 719 979 sicut
750 932 804 979 et
836 941 1015 979 unum
1048 925 1329 996 baptisma
1361 930 1444 979 est
1477 927 1631 988 ﬁdei,
1677 927 1829 997 quod
1882 927 1970 980 vi-

273 1021 389 1069 tam
421 1021 693 1068 aeternam
725 1014 1088 1067 credentibus
1129 1014 1347 1067 tribuit.
1401 1014 1546 1077 Quia
1596 1015 1742 1068 sicut
1791 1032 1973 1069 unum

275 1109 360 1157 est
389 1104 449 1156 in
480 1107 679 1156 natura
701 1101 1015 1168 Trinitatis,
1057 1101 1136 1154 ita
1168 1107 1222 1154 et
1253 1119 1431 1154 unum
1476 1103 1690 1156 donum
1738 1120 1839 1172 per
1881 1103 1974 1157 ba-

276 1191 549 1262 ptismum
582 1190 914 1244 divinitatis.
951 1191 1252 1257 Apostolus
1297 1191 1376 1243 ait
1410 1206 1422 1242 :
1463 1192 1578 1244 Una
1610 1192 1774 1260 ﬁdes,
1809 1207 1974 1244 unum

277 1277 569 1344 baptisma.
609 1274 820 1328 Idcirco
851 1275 1001 1344 quod
1045 1291 1257 1327 nomen
1307 1275 1487 1328 Patris
1537 1275 1608 1328 sit
1659 1277 1716 1328 in
1767 1276 1973 1330 divini-

273 1369 408 1428 tate,
442 1364 546 1417 hoc
577 1379 787 1416 nomen
819 1364 888 1416 sit
918 1369 975 1416 et
1004 1363 1128 1416 Filii
1165 1363 1224 1416 in
1259 1369 1463 1417 natura
1517 1364 1762 1430 deitatis,
1808 1365 1886 1418 sic
1921 1372 1977 1420 et

277 1452 455 1506 sancti
478 1451 720 1522 Spiritus
751 1451 1064 1505 identidem
1096 1451 1203 1505 hoc
1229 1468 1442 1506 nomen
1472 1452 1544 1506 sit
1573 1454 1635 1506 in
1659 1454 1976 1508 substantia

281 1541 572 1595 claritatis.
602 1562 624 1589 ι

1013 1611 1138 1666 CAP.
1183 1612 1265 1665 1X.

2078 486 2216 546 mat,
2267 481 2498 535 dicens:
2545 481 2738 536 Gratia
2783 483 3003 536 Domini
3060 483 3238 536 nostri
3283 481 3413 535 Jesu
3467 483 3695 546 Christi,
3727 488 3769 536 et

2078 572 2319 624 charitas
2349 572 2458 632 Dei,
2500 568 2605 623 hoc
2653 575 2754 635 est,
2818 569 3016 633 Patris,
3046 575 3095 622 et
3144 573 3556 624 communicatio
3602 579 3768 624 sanet;
3819 563 3825 642 1

2078 661 2319 727 Spiritus
2343 675 2460 712 cum
2489 661 2732 712 omnibus
2787 659 2929 709 rubis
2964 659 3037 724 (II
3081 660 3203 714 Cor.
3246 674 3366 723 xm,
3414 662 3523 727 l5}.
3581 661 3766 713 Nonne
3823 649 3825 678 ³

2079 751 2274 815 aperte
2304 761 2404 814 per
2448 746 2672 815 singula
2716 748 2972 810 nomina,
3020 745 3167 798 sicut
3189 748 3459 816 superius
3489 749 3768 800 continea-

2078 837 2192 898 tur,
2230 832 2481 900 singulas
2529 847 2801 901 personas
2833 831 3018 886 inesse
3051 831 3355 886 distinxit?
3394 832 3648 902 Denique
3709 837 3768 887 ad

2079 920 2201 974 haec
2231 919 2406 989 ipsius
2439 919 2561 973 Filii
2587 920 2736 973 dicta
2769 920 2990 989 suscipe
3023 919 3306 973 dicentis:
3367 921 3531 974 Alius
3579 928 3650 974 est
3685 927 3772 990 qui

2081 1011 2443 1063 testimonium
2477 1009 2724 1077 perhibet
2752 1010 2906 1073 mihi,
2939 1011 3036 1076 qui
3062 1024 3144 1061 me
3194 1011 3344 1062 misit
3387 1009 3556 1062 Pater
3588 1009 3763 1079 (Ione.

2080 1113 2133 1162 v,
2159 1097 2270 1164 32).
2307 1099 2450 1151 Dum
2485 1097 2633 1150 infra
2665 1097 2734 1150 de
2765 1113 2822 1149 se
2849 1096 2998 1150 dicat
3038 1098 3201 1162 alius,
3253 1097 3408 1150 vides
3451 1099 3587 1167 quia
3630 1100 3770 1151 aiius

2083 1191 2167 1239 est
2189 1187 2353 1239 Pater
2377 1185 2436 1238 in
2472 1201 2717 1254 persona
2750 1186 2893 1250 Filii,
2925 1191 2981 1239 et
3023 1202 3136 1238 11011
3176 1185 3321 1238 alius
3354 1192 3439 1240 est
3477 1188 3537 1239 in
3579 1188 3770 1240 divini-

2082 1279 2218 1339 tate,
2245 1274 2340 1326 sed
2375 1279 2430 1327 et
2461 1273 2529 1326 de
2549 1273 2761 1344 Spiritu
2795 1279 2988 1327 sancto
3021 1274 3100 1326 sic
3130 1274 3209 1326 ait
3240 1292 3256 1326 :
3289 1275 3507 1341 Rogabo
3563 1277 3769 1328 Patrem

2081 1379 2276 1425 meum,
2330 1369 2378 1415 et
2417 1363 2585 1415 alium
2628 1363 2960 1431 paraclitum
3007 1365 3183 1416 mittet
3238 1363 3390 1416 vobis
3443 1367 3616 1433 (Joan.
3669 1381 3767 1424 111,

2089 1450 2192 1519 16).
2224 1450 2528 1504 Considera
2555 1454 2624 1520 get
2663 1451 2904 1504 alterum
2943 1467 3064 1504 esse
3111 1451 3390 1520 Spiritum
3443 1454 3772 1522 paraclitum

2085 1539 2144 1592 in
2176 1555 2438 1609 persona,
2463 1544 2518 1593 et
2547 1555 2659 1592 11011
2692 1545 2883 1593 tamen
2907 1556 3026 1593 esse
3059 1541 3304 1593 alterum
3355 1540 3417 1594 in
3460 1541 3767 1595 divinitate.

2086 1627 2213 1681 Ideo
2257 1629 2399 1681 alter
2446 1628 2513 1681 ab
2563 1629 2740 1682 altero
2793 1629 2850 1682 in
2897 1645 3141 1698 persona
3189 1634 3413 1682 tantum
3471 1630 3684 1692 differt,
3725 1636 3776 1682 et

349 1702 491 1755 Item
520 1701 675 1754 idem
705 1701 764 1754 in
795 1701 996 1755 eodem
1020 1700 1166 1753 libro
1196 1742 1208 1754 .
1242 1702 1461 1755 Unitam
1489 1706 1699 1755 natura:
1723 1703 1977 1757 virtutem
2016 1690 2056 1743 Β
2088 1733 2200 1770 non
2227 1716 2284 1769 in
2312 1716 2519 1770 deitate
2551 1716 2750 1778 οὐσίας,
2787 1690 2984 1787 ιιδάυθ
3012 1719 3154 1771 alter
3200 1726 3282 1771 est
3328 1720 3495 1772 pater
3546 1718 3604 1770 ίη
3652 1690 3773 1788 ρετ.

277 1790 556 1844 ostendens
587 1791 850 1843 mittentis
873 1794 922 1842 et
949 1791 1106 1843 missi
1134 1788 1290 1856 Filii,
1327 1789 1405 1842 sic
1437 1789 1572 1843 dicit
1606 1805 1618 1842 :
1666 1812 1691 1837 ‹‹
1735 1791 1775 1844 Ο
1815 1791 1976 1845 inau-

279 1879 399 1932 dita
429 1878 615 1931 adhuc
644 1878 872 1946 penitus
902 1882 1019 1931 tam
1052 1877 1325 1947 inquisita
1359 1877 1693 1948 perscriptio
1719 1878 1730 1933 l
1778 1879 1975 1948 Itaque

279 1970 621 2037 suggerente
648 1965 770 2036 ipso
803 1967 869 2019 de
892 1982 949 2018 se
981 1970 1172 2019 sancto
1199 1965 1415 2035 Spiritu
1440 1967 1777 2036 respondeo.
1818 1968 1976 2021 Nunc

278 2060 504 2124 oportet
548 2071 650 2108 nos
684 2071 862 2107 unum
895 2070 1000 2123 pro
1031 2054 1228 2107 multis
1261 2055 1554 2125 pertinens
1602 2055 1736 2109 dare
1769 2058 1976 2109 aucto-

275 2144 460 2198 ritatis
491 2143 840 2214 exemplum.
877 2144 1153 2196 Memento
1187 2143 1407 2196 unitam
1434 2161 1553 2197 esse
1578 2144 1724 2198 hanc
1753 2150 1974 2199 naturae

276 2234 543 2287 virtutem
577 2233 855 2286 mittentis
885 2237 941 2286 et
983 2232 1163 2298 missi,
1197 2233 1333 2286 dum
1361 2233 1450 2286 hic
1498 2233 1597 2304 qui
1642 2250 1795 2287 nunc
1845 2234 1976 2287 mis-

278 2339 373 2376 sus
404 2327 510 2388 est,
550 2322 672 2391 ipse
695 2321 1046 2391 jampridem
1079 2321 1295 2376 misisse
1345 2322 1670 2376 mittentem
1718 2322 1974 2377 invenia-

277 2415 389 2462 tur.
445 2409 702 2480 Denique
754 2425 856 2479 per
922 2414 1181 2462 sanctum
1247 2410 1452 2463 Isaiam
1511 2411 1818 2465 Dominum
1877 2411 1975 2464 Dei

277 2499 484 2553 Filium
516 2498 705 2567 accipe
736 2503 1088 2551 testantem:
1137 2499 1388 2552 Accedite
1436 2500 1508 2552 ad
1559 2517 1640 2553 me
1691 2506 1740 2555 et
1790 2501 1977 2554 audite

276 2589 402 2640 haec.
443 2588 562 2640 Non
609 2586 676 2638 ab
724 2588 882 2638 initio
932 2588 990 2638 in
1028 2587 1229 2640 occulto
1262 2588 1467 2640 locutus
1523 2603 1661 2642 sum.
1705 2591 1836 2644 Cum
1881 2593 1974 2657 ﬁe-

274 2681 397 2726 rent
431 2675 543 2727 iltic
568 2689 736 2740 eram,
771 2679 820 2726 ct
859 2689 1000 2727 nunc
1050 2676 1301 2728 Dominus
1351 2677 1500 2728 misit
1531 2692 1611 2729 me
1640 2682 1689 2729 et
1733 2678 1975 2746 Spiritus

278 2762 394 2829 ejus
424 2762 566 2831 (lsa.
600 2762 812 2830 XLvni).
840 2761 998 2816 Disce
1020 2763 1254 2816 tandem
1295 2763 1604 2833 aliquando
1651 2781 1822 2818 unam
1856 2782 1976 2818 esse

277 2849 422 2902 hanc
452 2855 714 2903 naturam
748 2850 1062 2904 divinitatis
1096 2852 1376 2904 mittentis
1397 2857 1455 2904 et
1493 2853 1668 2920 missi,
1710 2853 1846 2906 dum
1878 2853 1975 2924 qui

279 2955 431 2992 nunc
474 2938 533 2991 in
581 2939 888 3008 Evangelio
928 2939 1188 3019 quamvis
1242 2939 1553 2993 missurum
1600 2957 1657 2993 se
1700 2941 1974 3011 Spiritum

279 3026 620 3095 paraclitum
647 3031 884 3079 testatus
908 3027 998 3093 sit,
1037 3031 1225 3080 tamen
1260 3028 1459 3096 seipse
1481 3027 1550 3080 ab
1581 3045 1647 3081 eo
1674 3029 1794 3097 jam
1823 3031 1980 3100 prius

280 3115 518 3167 missum
548 3129 650 3184 per
681 3114 956 3182 inclytum
998 3115 1335 3184 prophetam
1370 3115 1574 3168 Isaiam
1634 3116 1804 3170 fuisse
1843 3135 1976 3188 pro-

281 3203 459 3256 fessus
489 3203 560 3256 sit
592 3218 604 3256 :
638 3202 772 3256 dum
807 3202 898 3255 hic
919 3203 1019 3272 qui
1052 3203 1298 3256 mittitur
1328 3222 1359 3256 a
1391 3205 1652 3258 mittente
1683 3222 1979 3276 nunquam

282 3290 577 3356 dividitur,
613 3291 749 3360 quia
779 3290 1087 3344 indiscreta
1119 3295 1321 3344 natura
1343 3297 1425 3344 est
1459 3308 1471 3345 :
1500 3293 1636 3346 dum
1670 3293 1818 3347 inter
1850 3295 1978 3348 mit-

282 3383 499 3432 tentem
533 3383 589 3433 et
642 3379 883 3432 missum
940 3395 1202 3449 personas
1252 3379 1652 3445 ostenduntur,
1711 3385 1766 3435 et
1821 3384 1982 3438 nulla

281 3466 337 3519 in
374 3467 671 3521 divinitate
701 3467 907 3521 divisio
934 3473 1039 3533 est,
1064 3472 1332 3538 proptera
1366 3469 1520 3538 quod
1573 3468 1784 3538 ubique
1834 3485 1980 3538 prae-

283 3572 412 3609 sens
453 3556 526 3609 sit
553 3556 676 3610 haec
707 3556 870 3610 unita
900 3556 1220 3626 plenitudo,
1255 3561 1310 3609 et
1340 3556 1537 3610 omnia
1565 3558 1805 3628 impleat
1840 3559 1983 3612 inte-

283 3645 402 3698 rius
431 3651 485 3698 et
511 3646 757 3699 exterius
790 3661 818 3697 a
855 3646 1185 3699 summitate
1217 3647 1492 3699 caelorum
1519 3663 1698 3717 usque
1729 3647 1799 3701 ad
1847 3663 1982 3718 pro-

283 3733 528 3788 fundum
558 3734 896 3788 inferorum.
931 3754 957 3785 ››

1021 3842 1146 3896 Car.
1184 3843 1245 3896 X.

355 3949 496 4002 Item
536 3947 689 4002 idem
719 3947 841 4017 ipse
872 3960 896 3989 α
943 3947 1005 4001 111
1049 3949 1195 4001 libro
1243 3965 1414 4018 quem
1461 3948 1592 4002 fecit
1637 3953 1836 4002 contra
1881 3949 1982 4003 ob-

280 4039 558 4108 jectiones
588 4038 884 4106 cujusdam
920 4037 1210 4091 Potentini
1237 4037 1442 4101 Urbici,
1468 4038 1545 4091 ita
1580 4038 1976 4108 prosequitur:

293 4149 312 4174 ι
350 4126 542 4191 Filius,
577 4127 779 4192 inquit,
799 4124 870 4177 ad
896 4125 1116 4176 Patrem
1141 4125 1347 4177 clamat
1371 4141 1382 4176 :
1421 4126 1599 4190 Pater,
1621 4126 1913 4194 honoriﬁca
1934 4131 1985 4179 et

286 4229 475 4267 nomen
507 4219 674 4266 tuum.
723 4215 791 4266 Et
836 4216 980 4266 venit
1013 4229 1118 4266 vos:
1156 4213 1220 4265 de
1267 4214 1408 4266 οωιίε
1453 4227 1465 4264 ;
1516 4215 1580 4265 Et
1631 4214 1986 4281 honori/icavi

287 4304 482 4354 iterum
505 4300 864 4367 honoriﬁcabo
896 4299 1045 4370 (Luc.
1069 4307 1183 4366 vn).
1221 4301 1359 4353 Nam
1383 4305 1439 4353 et
1464 4300 1574 4353 alio
1605 4301 1664 4353 in
1689 4302 1812 4354 loco
1834 4301 1984 4356 idem

290 4388 410 4458 ipse
444 4388 648 4458 repetit
683 4402 695 4440 :
728 4389 850 4456 Ego
878 4404 912 4440 a
962 4390 1120 4441 Patre
1150 4389 1299 4442 exivi
1341 4394 1391 4440 et
1434 4390 1557 4442 veni
1603 4388 1778 4457 (Joan.
1829 4392 1980 4458 xvn).

293 4477 499 4547 Utique
521 4476 568 4530 si
596 4477 717 4547 ipse
761 4480 882 4530 erat
928 4477 1092 4529 Pater
1132 4475 1192 4529 in
1233 4492 1480 4544 persona
1532 4477 1632 4546 qui
1673 4482 1730 4530 et
1789 4477 1982 4545 Filius,

291 4565 371 4619 sic
395 4566 671 4619 debuerat
700 4565 1031 4620 intimasse:
1066 4565 1178 4634 Ego
1221 4581 1253 4617 a
1309 4580 1396 4617 me
1447 4565 1595 4617 exivi
1646 4570 1703 4618 et
1748 4566 1878 4618 veni
1926 4565 1986 4620 in

293 4654 443 4707 hunc
468 4653 768 4718 mundum,
793 4653 930 4706 dum
955 4653 1149 4721 procul
1174 4651 1349 4706 dubio
1381 4654 1524 4707 alter
1554 4653 1626 4706 sit
1657 4653 1757 4723 qui
1790 4655 1984 4720 exivit,

293 4747 350 4795 et
372 4742 518 4795 alius
548 4742 616 4797 de
657 4757 770 4811 quo
815 4740 1037 4794 exierit.
1095 4739 1203 4794 Sed
1271 4740 1340 4794 ad
1395 4741 1516 4794 111110
1571 4741 1864 4810 subjunxit
1919 4743 1988 4796 de

292 4847 535 4900 persona
567 4830 744 4882 sancti
783 4828 1072 4898 Spiritus:
1111 4831 1248 4882 Dum
1295 4833 1502 4883 venerit
1540 4830 1834 4884 advocatus
1873 4833 1986 4897 ille,

292 4935 448 4987 quem
477 4934 571 4986 ego
596 4921 810 4971 mittam
840 4918 989 4971 vobis
1015 4933 1047 4969 a
1077 4919 1236 4971 Patre
1276 4933 1407 4984 meo,
1461 4920 1731 4986 Spiritum
1779 4921 1987 4973 verita-

295 5009 382 5072 tis,
418 5010 577 5076 quia
619 5007 786 5059 Putre
840 5020 956 5058 meo
1012 5005 1276 5074 procedit,
1324 5007 1442 5075 ipse
1501 5007 1881 5076 testiﬁcabitur
1927 5007 1992 5062 de

292 5111 374 5148 me
414 5097 589 5164 (Joan.
634 5094 769 5162 xw).
833 5092 919 5146 Ita
985 5098 1041 5146 et
1100 5110 1218 5147 non
1287 5095 1428 5147 alter
1492 5101 1576 5148 est
1632 5096 1733 5166 qui
1788 5095 1988 5161 mittit,

295 5187 350 5235 et
375 5182 522 5236 alius
551 5181 786 5251 adaeque
817 5181 879 5234 in
936 5197 1182 5251 persona
1213 5199 1245 5236 a
1299 5199 1412 5252 quo
1435 5183 1720 5252 procedit;
1749 5189 1807 5238 et
1846 5184 1993 5237 alter

296 5275 379 5323 est
400 5269 493 5323 hic
525 5269 645 5338 ipse
676 5269 775 5340 qui
803 5269 991 5324 venit?
1014 5271 1270 5341 Denique
1296 5271 1342 5324 si
1375 5288 1487 5324 una
1524 5277 1673 5326 esset
1717 5288 1988 5342 persona,

295 5373 327 5410 a
351 5374 466 5429 quo
491 5357 722 5412 tandem
756 5357 1092 5428 mitteretur,
1124 5361 1210 5413 vel
1236 5376 1269 5413 a
1299 5376 1411 5431 quo
1442 5361 1812 5430 procederet?
1835 5360 1993 5415 Sicut

2086 1821 2224 1858 sona
2248 1805 2346 1875 qui
2394 1806 2610 1874 genuit,
2646 1811 2701 1859 ct
2731 1805 2876 1859 alius
2923 1805 3096 1859 Filius
3146 1811 3230 1858 est
3278 1807 3378 1875 qui
3431 1807 3657 1874 genitus
3712 1806 3774 1856 ab

2084 1894 2229 1963 ipso,
2283 1898 2338 1946 et
2361 1895 2506 1947 alius
2537 1895 2781 1965 Spiritus
2807 1894 3114 1964 paraclitus
3149 1894 3244 1964 qui
3279 1895 3348 1948 de
3389 1895 3551 1947 unita
3581 1898 3778 1946 natura

2085 1989 2188 2036 est.
2238 1982 2346 2036 Sed
2388 1983 2528 2036 dicis
2572 1984 2713 2037 mihi
2760 1981 3065 2037 haeretice!
3115 1983 3616 2046 Quemadmodum
3658 1982 3776 2050 Spi-

2085 2071 2228 2124 ritus
2273 2071 2342 2124 de
2385 2071 2544 2124 unita
2601 2074 2802 2124 natura
2851 2070 3147 2124 consistit?
3198 2072 3333 2124 Ecce
3369 2071 3540 2124 Filius
3590 2070 3658 2123 de
3719 2086 3776 2120 eo

2085 2165 2326 2214 testatus
2352 2164 2435 2213 est
2463 2176 2479 2210 :
2513 2163 2562 2212 Α
2592 2161 2753 2212 Putre
2787 2160 3062 2227 procedit;
3098 2164 3151 2212 et
3181 2159 3258 2212 sic
3281 2163 3617 2228 prosecutus
3650 2166 3730 2211 est
3759 2174 3768 2208 :

2085 2251 2165 2303 Et
2191 2250 2256 2302 de
2294 2265 2405 2302 meo
2445 2250 2685 2316 accipiet.
2721 2247 2881 2311 Quod
2910 2247 3303 2301 testimonium
3337 2249 3504 2302 Pater
3533 2263 3775 2316 compro

2080 2337 2255 2405 havit,
2287 2337 2478 2391 dicens
2511 2353 2524 2390 :
2552 2339 2796 2405 Spiritus
2825 2353 2860 2389 a
2884 2353 2964 2390 me
2991 2337 3252 2406 procedit.
3285 2358 3306 2384 ι

2801 2460 2929 2516 CAP.
2970 2463 3058 2517 XI.

2156 2570 2300 2624 Item
2340 2569 2489 2623 idem
2529 2568 2586 2621 in
2619 2567 2765 2621 libro
2798 2583 2828 2620 γ
2853 2567 2920 2620 de
2953 2568 3109 2620 unita
3154 2582 3216 2620 ac
3249 2568 3607 2636 sempiterna
3650 2567 3769 2619 sub-

2085 2659 2293 2712 stantia
2322 2657 2613 2711 Trmitatis
2655 2673 2668 2709 :
2705 2657 2861 2720 Quod
2883 2657 3128 2725 Spiritus
3160 2662 3378 2709 sanctus
3416 2673 3450 2709 a
3492 2658 3654 2710 Patre
3683 2662 3725 2707 et
3747 2672 3773 2706 o

2085 2748 2221 2800 Filio
2251 2747 2515 2815 procedit.
2555 2769 2574 2793 ε
2611 2745 3093 2815 Sempiteruilatis
3116 2745 3296 2799 Patris
3331 2745 3509 2796 Filius
3537 2745 3658 2814 ejus
3677 2751 3765 2807 est,

2087 2835 2220 2904 quia
2271 2835 2341 2887 de
2387 2834 2507 2903 ipso
2565 2833 3031 2886 inenarrabiliter
3077 2838 3206 2885 ante
3269 2849 3441 2885 omne
3493 2832 3773 2886 exordium

2086 2923 2324 2977 omnino
2350 2929 2514 2976 natus
2563 2928 2664 2975 est.
2701 2923 2763 2976 Et
2794 2922 3220 2991 sempiternitas
3271 2921 3402 2976 Filii
3457 2922 3622 2974 Pater
3665 2922 3769 2989 ejus

2088 3017 2192 3076 est,
2222 3012 2358 3082 quia
2408 3012 2529 3080 ipse
2577 3027 2708 3064 cum
2759 3016 2886 3064 ante
2932 3017 3136 3064 cuncta
3184 3010 3392 3064 saecula
3445 3011 3772 3064 saeculorum

2089 3099 2616 3170 incomparabiliter
2653 3099 2872 3168 genuit.
2921 3099 3010 3153 Sic
3058 3098 3488 3168 sempiternitas
3547 3098 3770 3168 Spiritus

2089 3188 2345 3258 paracliti
2393 3188 2553 3240 unita
2600 3187 2778 3241 deitas
2821 3188 2942 3257 ejus
2987 3193 3072 3240 est
3121 3203 3251 3240 cum
3301 3187 3466 3239 Patre
3517 3193 3577 3238 et
3626 3186 3770 3247 Filio,

2087 3294 2216 3348 quae
2260 3277 2406 3330 facta
2453 3293 2569 3330 11011
2609 3281 2694 3331 est
2737 3277 2884 3330 sicut
2923 3276 3074 3329 1111115
3123 3280 3362 3328 testatus
3412 3281 3499 3328 est
3557 3275 3628 3328 de
3673 3288 3773 3325 eo:

2090 3367 2138 3419 A
2170 3367 2332 3420 Patre
2362 3366 2628 3433 procedit,
2654 3369 2704 3418 et
2725 3365 2790 3419 de
2818 3381 2931 3418 meo
2970 3367 3216 3432 accipiet.
3245 3364 3353 3418 Sed
3387 3367 3444 3416 et
3472 3365 3642 3416 Pater
3671 3364 3771 3414 iure

2089 3453 2237 3508 dicta
2287 3453 2622 3523 comprobat
2669 3469 2773 3522 per
2833 3453 3196 3523 prophetam,
3259 3451 3497 3504 dicens:
3552 3452 3772 3520 Spiritus

2089 3558 2123 3594 α
2183 3558 2264 3596 me
2325 3542 2590 3611 procedit.
2668 3543 2730 3595 Et
2797 3541 2909 3594 alio
2979 3541 3037 3593 in
3103 3541 3285 3592 loco:
3351 3540 3667 3606 Effundam
3724 3539 3770 3590 de

2089 3633 2308 3698 Spiritu
2383 3645 2491 3683 meo
2547 3645 2708 3698 super
2765 3645 2967 3682 omnem
3037 3644 3253 3682 carnem
3315 3630 3478 3694 (Joet.
3549 3643 3611 3694 11,
3683 3630 3776 3688 28).

2089 3719 2249 3782 Quod
2330 3718 2386 3772 in
2456 3721 2781 3772 Pentecoste
2856 3718 2914 3770 in
2980 3718 3266 3788 apostolos
3337 3716 3550 3769 factum
3628 3717 3777 3770 fui=se

2090 3808 2383 3878 Scriptura
2450 3807 2640 3860 divina
2724 3812 2980 3860 testatur.
3061 3807 3200 3860 Nam
3258 3806 3404 3858 sicut
3467 3807 3642 3858 Pater
3695 3805 3776 3856 de-

2090 3898 2266 3951 clarat
2291 3896 2494 3950 Filium
2528 3912 2693 3949 suum
2725 3897 2936 3949 deitate
2967 3913 3088 3959 sua,
3122 3896 3400 3964 quoniam
3452 3896 3602 3948 Deus
3633 3908 3774 3946 verus

2092 3991 2196 4048 est,
2221 3984 2298 4037 sic
2319 3989 2374 4037 et
2397 3984 2643 4052 Spiritus
2666 3990 2887 4037 sanctus
2911 3984 3122 4037 revelat
3145 3985 3370 4037 Patrem
3409 3990 3467 4036 et
3495 3983 3702 4036 Filium
3731 3982 3777 4032 in

2091 4075 2254 4128 unita
2297 4079 2503 4126 natura
2540 4089 2642 4126 sua
2671 4080 2904 4138 aeterna,
2952 4072 3224 4142 quoniam
3272 4074 3419 4126 Dens
3474 4088 3644 4124 verus
3691 4081 3773 4123 est.

2093 4165 2242 4225 Haec,
2267 4163 2523 4233 inquam,
2543 4163 2702 4215 unita
2715 4163 3078 4231 omnipotens
3101 4177 3216 4215 sem
3229 4161 3529 4230 piternitas
3544 4161 3774 4214 Trinitas

2028 4287 2069 4341 D
2100 4257 2203 4318 est,
2227 4251 2317 4304 cui
2347 4251 2415 4304 de
2448 4250 2663 4304 recenti
2694 4251 2756 4303 in
2777 4251 2984 4304 deitate
3022 4251 3179 4303 nulla
3205 4249 3439 4303 accessit
3477 4249 3737 4318 dignitas.
3759 4266 3779 4294 1

2795 4374 2924 4427 CAP.
2965 4375 3075 4427 XII.

2170 4481 2307 4533 Item
2341 4479 2492 4532 idem
2526 4479 2585 4532 in
2617 4478 2818 4532 eodem
2853 4479 2997 4532 libro
3028 4478 3097 4531 de
3130 4481 3322 4531 sancto
3344 4478 3560 4548 Spiritu
3599 4495 3614 4531 :
3654 4475 3780 4548 Quod

2096 4572 2155 4622 in
2191 4571 2351 4622 Putre
2402 4573 2451 4621 et
2480 4567 2621 4621 Filio
2670 4569 2945 4621 consistat.
2983 4586 3009 4617 «
3045 4567 3166 4620 Non
3195 4572 3298 4631 est,
3334 4566 3541 4636 inquit,
3605 4567 3779 4620 divina

2097 4656 2416 4710 substantia
2461 4661 2561 4708 aut
2590 4661 2824 4708 extensa
2867 4657 2948 4708 vel
3002 4661 3270 4724 protensa
3325 4654 3381 4707 in
3441 4655 3664 4724 aliquo,
3707 4653 3772 4702 vel

2099 4745 2287 4798 excisa
2319 4745 2376 4796 in
2408 4743 2688 4812 patribus,
2736 4743 2830 4796 sed
2881 4759 2984 4796 nec
3029 4741 3376 4796 derivationi
3427 4743 3672 4812 alicujus
3716 4738 3778 4792 rei

2101 4838 2491 4902 comparatur;
2547 4831 2684 4902 quia
2738 4831 2928 4901 liquor
2987 4848 3099 4883 non
3154 4835 3238 4884 est
3307 4830 3368 4883 in
3421 4830 3530 4883 hac
3600 4837 3779 4883 natura

2098 4922 2291 4990 plane,
2325 4921 2420 4974 sed
2474 4935 2581 4973 nec
2625 4919 2875 4973 deﬂuxio
2928 4919 3188 4987 quaedam
3236 4924 3339 4984 est,
3393 4919 3533 4988 quia
3581 4919 3777 4970 nullum

2101 5008 2512 5063 detrimentum
2582 5009 2668 5061 vel
2715 5012 3091 5078 augmentum
3135 5007 3420 5060 sustinet:
3478 5005 3774 5076 prmsertim

2103 5113 2230 5150 cum
2260 5096 2661 5150 inenarrabilis
2696 5096 2766 5149 sit
2797 5097 2914 5148 haec
2962 5095 3254 5163 plenitudo
3285 5095 3626 5147 substantia
3662 5092 3775 5147 indi-

2101 5184 2234 5237 viszr
2263 5182 2575 5249 Trinitatis,
2617 5182 2761 5234 sicut
2809 5183 2930 5250 ipse
2971 5182 3118 5234 Deus
3170 5179 3267 5233 Dei
3314 5179 3491 5233 Filius
3537 5180 3775 5233 iudicat:

2101 5273 2223 5338 Ego
2263 5275 2321 5324 in
2352 5273 2514 5326 Patre
2541 5277 2591 5325 et
2617 5273 2780 5324 Pater
2807 5271 2866 5322 in
2891 5283 2989 5321 me.
3026 5269 3131 5321 Sed
3186 5272 3242 5320 et
3275 5266 3525 5336 Spiritus
3579 5272 3776 5320 sanctus

2105 5359 2166 5413 in
2197 5361 2359 5413 Patre
2381 5365 2438 5413 et
2471 5359 2609 5412 Filio
2641 5365 2700 5412 01
2745 5357 2806 5410 111
2856 5373 2915 5409 50
2964 5355 3297 5422 consistens,
3359 5355 3509 5408 sicut
3560 5357 3777 5409 Joannes

365 5525 390 5554 ⁸
427 5518 491 5576 1n
515 5514 650 5569 libro
669 5530 840 5588 quem.
865 5517 1039 5587 Hujus
1062 5516 1205 5578 libri,
1227 5517 1327 5589 qui
1340 5520 1576 5589 quartus
1589 5522 1672 5571 est
1687 5517 1752 5571 de
1768 5519 1982 5572 Unitate
2013 5518 2136 5582 Dei,
2151 5517 2352 5571 titulus
2371 5515 2463 5570 hic
2485 5515 2730 5570 habetur
2750 5514 2812 5569 in
2832 5513 3019 5580 editis,
3038 5517 3110 5569 De
3129 5514 3362 5582 singulis
3392 5514 3713 5568 nominibus.
