3846 6244
15 325 56 372 Π

1275 321 1483 378 LIBER
1528 322 1894 380 ADVEItSUS
1932 323 2237 378 GRAL‘COS.

3406 328 3507 377 (598

15 457 356 524 'angelista
405 459 464 513 in
516 459 767 531 Epistola
810 475 914 513 sua
943 463 1058 512 tam
1107 458 1368 512 absolute
1417 463 1696 513 testatur:
1739 462 1780 516 A
1815 461 2054 529 Spiritus
2081 464 2298 514 sanctus
2324 477 2357 513 a
2389 462 2549 514 Putre
2583 465 2632 514 et
2686 460 2829 513 Filio
2876 461 3038 528 quasi
3081 476 3191 514 una
3248 459 3507 529 procedat

17 549 35 598 t
68 551 186 599 tres
227 563 420 602 unum
451 554 600 602 sunt.
635 570 660 599 υ

709 655 835 708 CAP.
881 653 1031 709 XIII.

40 757 214 811 Idem
256 761 398 830 ipso
437 762 495 814 in
548 761 692 814 libro
726 777 773 814 vi
823 761 892 815 de
941 761 1297 815 Beatitudine
1347 761 1520 815 ﬁdei:
1555 761 1711 826 Quod

15 853 238 914 pii-itus
290 855 528 903 sanctus
579 854 634 902 in
665 854 866 903 virtute
894 853 1250 918 przescientiav
1278 853 1461 904 Patris
1509 853 1559 903 et
1586 851 1710 903 Filii

16 941 355 990 mmimiter
375 943 655 992 consistat.
683 958 709 989 α
743 939 815 991 De
849 938 1009 990 unito
1035 938 1271 991 nomine
1301 938 1527 992 deitatis
1555 939 1711 992 mul—

23 1025 248 1078 fariam
291 1028 562 1096 quamvis
610 1029 682 1079 sit
709 1027 922 1080 dictum
981 1043 1082 1096 per
1132 1026 1385 1097 singulas
1419 1021 1708 1097 personas,

19 1114 134 1166 uod
180 1115 456 1168 retulisti
507 1115 566 1168 in
630 1117 811 1182 Patre,
875 1117 982 1168 hoc
1029 1115 1218 1186 ipsum
1277 1121 1336 1170 ut
1388 1116 1714 1169 conlitearis

18 1218 223 1254 ncesse
255 1211 360 1256 est
392 1204 582 1258 uniter
613 1221 736 1256 esse
760 1211 814 1256 et
845 1203 902 1256 in
935 1202 1116 1258 Filio:
1163 1206 1341 1258 Deum
1373 1205 1440 1258 de
1474 1206 1606 1271 Deo,
1633 1205 1714 1259 Iu-

14 1308 116 1343 ien
154 1291 233 1344 de
267 1292 526 1360 lumine,
551 1298 736 1346 totum
769 1293 837 1346 de
861 1299 1005 1358 toto,
1037 1298 1093 1346 et
1118 1298 1302 1346 totum
1330 1293 1387 1346 in
1414 1299 1556 1360 toto;
1585 1310 1713 1363 per-

13 1389 204 1434 :ctum
242 1382 326 1434 de
365 1383 634 1452 perfecto,
670 1381 1089 1452 plenitudinem
1121 1382 1189 1434 de
1217 1383 1594 1452 plenitudine,
1623 1383 1713 1436 in-

13 1486 215 1537 rgrum
291 1471 371 1523 de
418 1471 663 1540 integro,
738 1470 1154 1540 sempiternum
1211 1472 1282 1524 de
1335 1473 1709 1542 sempiterno,

14 1558 358 1626 apientiam
393 1559 460 1612 de
492 1560 792 1629 sapientia,
837 1558 1106 1611 virtutem
1153 1559 1222 1611 de
1274 1559 1501 1621 virtute,
1535 1571 1714 1608 unum

14 1665 50 1700 .e
84 1663 231 1711 uno,
264 1656 332 1700 et
369 1664 546 1701 unum
573 1649 632 1701 in
665 1664 802 1714 uno,
841 1663 1042 1700 verum
1093 1647 1162 1700 de
1215 1663 1370 1706 vero,
1409 1645 1610 1699 Filium
1644 1644 1714 1696 de

13 1740 176 1800 ’atre,
217 1742 436 1789 natum
472 1753 586 1789 non
617 1735 846 1802 factum,
883 1736 1053 1788 unius
1082 1735 1416 1789 substantia:
1452 1749 1580 1786 cum
1616 1733 1713 1786 Pa-

15 1840 103 1886 re;
135 1825 246 1878 sed
285 1831 351 1877 et
381 1825 658 1893 Spiritum
708 1832 994 1890 sanctum,
1046 1824 1146 1895 qui
1191 1824 1260 1878 de
1293 1839 1407 1876 una
1437 1821 1712 1876 'I'rinitate

14 1913 292 1978 DnSIa’tit,
337 1914 518 1966 Deum
568 1929 784 1978 verum,
822 1913 1018 1965 lumen
1052 1929 1267 1978 verum,
1302 1917 1490 1964 totum
1522 1911 1714 1980 perfe-

13 2011 172 2069 ztum,
240 2010 439 2057 totum
499 2005 757 2073 plenum,
812 2005 1126 2074 integrum,
1168 2004 1603 2072 sempiternum,
1655 2001 1714 2054 in

20 2110 118 2160 pso
201 2092 581 2163 sapientiam,
643 2093 910 2147 virtutem
983 2092 1356 2164 praescientite
1418 2090 1598 2144 Patris
1662 2095 1717 2144 et

11 2182 128 2235 Filii
168 2183 617 2236 consistentem.
654 2203 681 2232 ››

723 2288 850 2342 CAP.
892 2287 1024 2342 XIV.

76 2397 223 2450 Item
261 2396 391 2468 ipse
422 2396 480 2450 in
515 2397 661 2450 libro
685 2413 757 2449 vn
788 2397 856 2450 de
879 2396 1229 2466 professione
1277 2396 1488 2466 regulae
1518 2396 1716 2449 catho-

11 2485 150 2549 licae,
186 2485 264 2539 de
299 2491 496 2538 sancto
529 2485 744 2555 Spiritu
772 2485 850 2537 sic
900 2489 1334 2549 commemorat,
1384 2485 1715 2552 exemplum

12 2589 234 2641 ponens
266 2573 340 2626 de
400 2575 884 2643 Psalmograplio:
930 2595 949 2622 ‹
992 2575 1162 2629 Verbo
1208 2576 1423 2626 Domini
1463 2574 1577 2626 arti
1617 2576 1718 2642 ﬁr-

13 2665 142 2713 muti
168 2668 329 2722 sunt,
367 2667 416 2715 et
473 2663 685 2730 Spiritu
743 2666 851 2715 oris
912 2663 1030 2729 ejus
1082 2667 1254 2715 omnis
1312 2665 1488 2714 virtus
1537 2677 1719 2714 eorum

19 2751 180 2815 IPSII-L
210 2766 388 2810 xxxii,
423 2750 497 2818 6).
551 2751 754 2820 Utique
813 2749 1057 2803 Verbum
1113 2750 1320 2803 Filium
1365 2749 1716 2802 declaravit:

21 2839 334 2890 Dominum
378 2844 568 2890 autem
611 2839 833 2892 Patrem
881 2839 1003 2908 ejus
1037 2839 1329 2904 indicavit,
1365 2844 1418 2891 et
1447 2838 1720 2908 Spiritum

22 2931 130 2978 oris
177 2929 306 2996 ejus
365 2926 644 2996 Spiritum
700 2927 1074 2996 principalem
1120 2943 1241 2980 esse
1291 2926 1719 2980 demonstravit.

28 3018 188 3070 Vides
244 3033 421 3088 quam
484 3016 733 3070 breviter
797 3033 901 3087 per
958 3017 1210 3086 singulas
1268 3016 1718 3086 signiﬁcationes

27 3105 80 3157 in
112 3105 380 3175 personis
412 3105 598 3158 inesse
648 3105 928 3167 distinxit,
980 3105 1037 3158 id
1090 3109 1173 3158 est
1217 3105 1484 3170 Verbum,
1518 3109 1571 3158 et
1605 3105 1722 3158 Do-

33 3195 246 3247 minum
285 3202 344 3247 et
388 3194 685 3264 Spiritum,
735 3199 793 3247 et
833 3194 1054 3247 unitam
1105 3194 1500 3264 operationem
1532 3193 1589 3246 in
1637 3193 1722 3246 his

31 3297 144 3334 esse
195 3282 476 3336 ostendit.
537 3283 676 3336 Nam
733 3282 779 3335 si
830 3287 886 3336 te
951 3282 1134 3335 adhuc
1187 3282 1242 3334 in
1294 3282 1486 3351 aliquo
1539 3281 1721 3335 ambi-

33 3370 207 3438 guitas
239 3375 421 3435 tenet,
449 3371 648 3424 eadem
679 3370 799 3441 ipsa
829 3379 1050 3441 repeto.
1103 3370 1208 3425 Ubi
1239 3371 1353 3424 ait:
1397 3371 1565 3424 Verbo
1610 3373 1724 3423 Do-

34 3462 176 3518 mini,
213 3476 336 3512 non
366 3460 553 3512 solum
602 3460 754 3511 vocis
810 3458 1400 3512 inconsubstantivum
1440 3458 1719 3527 accipias;

37 3562 197 3614 quem
231 3547 285 3600 si
326 3548 569 3601 validius
618 3548 747 3616 quis
797 3547 1070 3611 emiserit,
1124 3548 1192 3600 de
1243 3545 1534 3599 montibus
1582 3546 1726 3598 solet

36 3651 301 3688 resonare
333 3637 514 3690 echo:
552 3636 713 3705 cujus
765 3641 989 3689 tantum
1042 3635 1100 3688 in
1158 3635 1456 3705 phantasia
1498 3635 1725 3687 auditus

38 3727 112 3774 est
136 3727 502 3787 resonantis;
539 3724 630 3776 sed
660 3725 840 3776 factus
873 3723 1083 3776 nullus.
1125 3723 1273 3778 Sane
1317 3724 1384 3776 de
1418 3723 1524 3776 hoc
1555 3723 1724 3776 verbo

41 3810 260 3864 Domini
297 3810 475 3864 nostri
507 3810 711 3875 Patris,
744 3811 843 3880 qui
874 3816 956 3863 est
986 3811 1135 3862 salus
1161 3803 1374 3873 nostra,
1406 3812 1485 3864 sic
1507 3811 1724 3880 ubique

40 3897 235 3954 divinae
272 3901 580 3969 Scriptura:
612 3904 913 3963 testantur,
947 3899 1081 3969 quia
1131 3899 1303 3952 Filius
1339 3900 1434 3953 Dei
1466 3900 1610 3952 Deus
1643 3905 1728 3952 est

41 3987 440 4054 substantivus,
473 4004 574 4056 per
599 4004 754 4053 quem
799 3991 980 4041 omnia
1029 3990 1179 4053 facta
1229 3992 1377 4040 sunt.
1415 3989 1560 4057 Ergo
1594 3988 1728 4058 quia

44 4076 206 4130 dixit:
253 4077 425 4131 Verbo
459 4079 673 4130 Domini
711 4078 822 4130 creti
847 4080 1050 4146 ﬁrmati
1079 4081 1229 4137 snut,
1279 4082 1329 4130 et
1371 4077 1583 4144 Spiritu
1617 4081 1727 4130 oris

47 4165 151 4230 ejus
178 4169 353 4219 omnis
392 4170 569 4218 virtus
613 4181 814 4225 eorum,
856 4181 1131 4234 cognosce
1168 4165 1273 4218 hoc
1310 4166 1545 4218 verbum
1594 4165 1728 4217 sul)-

47 4255 346 4306 stantivnm
382 4271 492 4306 non
517 4254 745 4306 aliunde
777 4269 950 4322 quam
977 4254 1045 4306 de
1080 4257 1239 4306 Patre
1269 4255 1498 4322 proprie
1533 4259 1723 4306 natum

51 4342 238 4407 fuisse;
279 4343 376 4396 sed
408 4348 457 4395 et
505 4343 716 4411 Spiritu
764 4347 874 4396 oris
917 4342 1034 4410 ejus
1073 4357 1205 4395 eum
1240 4341 1514 4412 Spiritum
1566 4341 1723 4407 dixit,

50 4431 134 4498 qui
167 4433 237 4485 de
271 4431 397 4500 ipsa
430 4431 590 4484 unita
630 4430 950 4483 substantia
988 4432 1282 4500 processit,
1325 4431 1470 4484 sicut
1499 4437 1730 4482 cautum

53 4518 363 4573 invenimus
392 4536 406 4584 ;
446 4535 561 4572 non
586 4535 650 4571 ex
683 4519 793 4571 alia
826 4526 1030 4572 natura
1059 4535 1232 4588 quam
1255 4519 1322 4572 de
1358 4520 1515 4588 ipsa;
1551 4535 1613 4570 ac
1634 4533 1735 4586 per

52 4607 141 4660 hoc
170 4610 334 4662 unita
364 4614 451 4661 est
491 4607 672 4660 Patris
713 4613 768 4660 et
817 4608 942 4661 Filii
973 4613 1032 4661 et
1077 4607 1256 4660 sancti
1313 4607 1559 4676 Spiritus
1593 4606 1735 4658 sub—

56 4699 266 4755 stantia.
306 4713 482 4766 quam
507 4696 685 4750 Graeci
716 4695 914 4749 dicunt
941 4695 1121 4746 οὐσὶαν
1156 4713 1166 4746 :
1193 4701 1248 4748 et
1279 4696 1440 4750 unita
1470 4699 1553 4748 est
1584 4693 1735 4764 ejus-

53 4784 162 4838 dem
189 4785 490 4840 Trinitatis
520 4784 775 4854 operatio
808 4783 863 4836 in
907 4784 1142 4837 factura.
1174 4804 1201 4833 ››

763 4891 877 4945 CAP
915 4891 1022 4945 XV.

113 4996 248 5050 Item
283 4997 404 5066 ipse
436 5005 461 5029 ⁸
504 4995 565 5049 in
609 4995 755 5050 libro
805 5011 902 5049 vin
943 4995 1014 5048 de
1061 4993 1218 5048 Fidei
1270 4992 1533 5048 Unitate:
1584 4993 1740 5059 Quod

115 5159 220 5209 ⁸1η
268 5156 407 5208 libro
460 5170 574 5207 vni.
638 5154 1030 5224 Nequaquam,
1066 5153 1160 5205 sed
1219 5152 1276 5205 in
1326 5151 1588 5224 decimo:
1625 5151 1737 5224 nisi

60 5223 275 5279 fortasse
301 5228 508 5280 {Encas
537 5223 795 5277 octavum
844 5224 1055 5276 librum
1087 5224 1156 5276 de
1199 5223 1448 5292 Propriis
1482 5223 1740 5290 personis

61 5312 111 5347 ac
137 5299 201 5350 de
235 5299 404 5349 unito
439 5296 672 5347 nomine
714 5295 1033 5347 Divinitatis
1064 5294 1300 5347 laudare
1354 5294 1572 5358 voluit;
1604 5309 1737 5345 nam

63 5365 160 5436 haec
187 5370 312 5436 ejus
344 5371 514 5418 aetate
546 5365 605 5418 in
665 5381 730 5418 eo
787 5365 935 5418 libro
993 5365 1136 5418 lecta
1194 5364 1367 5436 fuisse
1418 5369 1640 5416 constat
1670 5379 1735 5415 ex

63 5433 379 5502 Hatrainno,
414 5437 514 5489 lib.
549 5452 630 5500 ιιι,
662 5451 785 5506 cap.
818 5437 870 5502 6,
925 5451 1054 5506 qua:
1105 5451 1259 5488 nunc
1289 5433 1405 5487 illic
1435 5450 1550 5486 non
1589 5449 1742 5486 com-

65 5516 264 5573 parent.

118 5582 140 5622 δ
167 5581 331 5634 Libro
365 5592 464 5630 vni
498 5576 563 5631 de
613 5578 900 5631 Trinitate.
952 5575 1072 5632 Hoc
1114 5591 1182 5630 ex
1229 5575 1352 5629 loco
1391 5573 1628 5645 perinde
1659 5577 1740 5626 at-

1815 552 2054 618 ﬂamma,
2089 550 2318 619 egregie
2354 549 2548 618 paucis
2596 548 2777 603 verbis
2827 549 2905 602 ita
2949 548 3258 602 concludit.
3292 571 3312 597 (
3348 549 3507 612 Οιιο-

1818 638 1988 692 modo
2021 655 2154 708 ergo
2182 638 2294 692 duo
2337 639 2493 707 ligna
2541 637 2846 707 conjuncta
2897 639 3069 691 missa
3116 637 3174 690 in
3213 637 3503 690 fornacem

1816 726 1985 795 ignis,
2021 727 2163 780 etde
2195 726 2414 779 duobus
2448 725 2617 795 lignis
2651 726 2904 794 procedit
2936 727 3168 779 llamma
3211 725 3506 796 insepara-

1818 815 1969 882 bilis,
2002 815 2080 867 sic
2115 815 2182 868 de
2233 814 2412 867 Patris
2453 819 2510 866 et
2560 813 2680 867 Filii
2723 813 2931 867 virtute
2965 813 3217 884 procedit
3265 812 3507 884 Spiritus

1819 908 2066 969 sanctus,
2101 903 2282 972 ipsam
2315 902 2583 955 virtutem
2633 901 2860 954 deitatis
2908 902 3144 955 habens.
3190 901 3344 954 Sicut
3373 901 3506 954 bea-

1819 992 2072 1045 tissimus
2101 993 2308 1046 Paulus
2339 991 2528 1062 posuit
2575 991 2812 1044 dicens:
2862 991 3140 1043 Mediator
3195 992 3288 1044 Dei
3335 996 3383 1043 et
3415 990 3508 1042 ho-

1821 1083 2023 1135 minum
2054 1083 2206 1135 homo
2229 1082 2473 1135 Christus
2502 1081 2666 1133 Jesus
2695 1081 2753 1150 (Ι
2794 1081 2927 1134 Tim.
2952 1095 3012 1143 ll,
3049 1079 3098 1147 ὅ)
3127 1095 3138 1145 ;
3186 1095 3303 1132 non
3366 1079 3511 1132 Deus

1827 1169 1926 1223 Dei
1967 1169 2264 1223 mediator.
2319 1169 2502 1223 Unum
2552 1169 2704 1222 enim
2756 1175 2860 1234 est,
2928 1184 3097 1238 usque
3150 1168 3224 1221 ad
3269 1166 3514 1222 Trinita-

1823 1262 1958 1312 tem.
1995 1279 2023 1307 ι

2511 1347 2637 1401 CAP.
2681 1345 2815 1402 XVI.

1896 1471 2032 1523 Item
2065 1470 2214 1524 idem
2270 1470 2390 1541 ipse
2421 1473 2445 1513 b
2504 1471 2563 1523 in
2616 1470 2761 1523 libro
2795 1487 2889 1523 vui
2948 1469 3016 1523 de
3048 1468 3327 1523 Trinitate
3357 1471 3413 1521 et
3444 1469 3511 1522 de

1823 1558 2039 1628 Spiritu
2068 1565 2282 1624 sancto,
2317 1559 2395 1612 sic
2422 1558 2588 1612 dicit:
2620 1580 2647 1607 «
2694 1558 3100 1629 Signiﬁcantur
3153 1574 3286 1610 vero
3321 1556 3513 1610 Domi-

1824 1665 1931 1700 nus
1957 1653 2011 1700 et
2049 1648 2224 1701 alium
2250 1649 2597 1717 paracletum
2620 1663 2740 1701 esse
2765 1647 2906 1702 dixit
2925 1647 3202 1717 Spiritum
3230 1652 3510 1711 sanctum,

1753 1757 1792 1809 Β
1823 1736 2096 1807 quoniam
2133 1737 2254 1806 ipse
2285 1736 2600 1804 paracletus
2649 1740 2753 1799 est,
2803 1735 2949 1788 sicut
2985 1736 3228 1788 Joannes
3278 1733 3338 1787 in
3387 1733 3513 1804 Epi-

1824 1825 1966 1878 stola
1996 1841 2098 1878 sua
2121 1825 2198 1878 ait
2225 1841 2237 1878 :
2269 1827 2390 1878 Ilzc
2420 1825 2568 1878 vobis
2608 1825 2806 1892 scripsi
2844 1828 2902 1876 ut
2934 1839 3039 1876 non
3087 1824 3330 1891 peccetis.
3364 1821 3517 1886 Quod

1823 1916 1872 1966 si
1899 1917 2316 1982 peccaverimus,
2348 1915 2682 1982 paracletum
2713 1913 2965 1965 habemus
3017 1911 3090 1964 ad
3149 1912 3364 1964 Putrem
3412 1911 3513 1963 Je-

1823 2017 1942 2055 sum
1976 2003 2278 2067 Christum,
2315 2007 2364 2054 et
2410 2003 2523 2070 ipse
2550 2003 2874 2069 prapitiatio
2904 2004 2982 2053 est
3013 2015 3116 2069 pro
3151 2000 3385 2068 peccatis
3415 2013 3517 2052 no-

1825 2093 1975 2146 stris.
2036 2091 2105 2144 Ut
2159 2091 2495 2144 doceremur
2568 2089 2816 2159 Spiritus
2879 2104 3012 2142 cum
3080 2088 3219 2141 Filio
3281 2085 3518 2158 aquali-

1825 2180 2018 2235 Iatem.
2059 2200 2086 2229 ι
2241 2187 2245 2190 ·

2509 2284 2632 2338 CAP.
2678 2283 2839 2338 XVII.

1899 2411 2036 2463 Item
2071 2409 2224 2463 idem
2247 2409 2306 2462 in
2340 2407 2540 2462 eodem
2576 2408 2758 2462 libro:
2791 2407 2947 2472 Quod
2999 2408 3242 2475 Spiritus
3299 2409 3518 2459 sanctus

1826 2502 1899 2553 sit
1952 2501 2194 2567 Spiritus
2261 2500 2474 2552 Domini
2509 2499 2657 2557 Jesu,
2704 2497 2782 2550 ita
2827 2496 3052 2566 inquit:
3091 2515 3117 2544 (ι
3169 2495 3323 2548 Sicut
3354 2495 3520 2546 Pater

1830 2587 2069 2641 suscitat
2104 2592 2359 2640 mortuos
2391 2592 2447 2640 et
2494 2586 2757 2651 vivilicat,
2800 2585 2880 2638 sic
2926 2589 2980 2637 et
3012 2585 3188 2637 Filius
3229 2599 3372 2652 quos
3404 2582 3523 2634 vult

1828 2677 2110 2730 viviticat:
2146 2677 2212 2730 ad
2246 2678 2530 2730 Romanos
2569 2675 2738 2728 dicit:
2789 2677 2848 2730 Si
2877 2676 3117 2742 Spiritus
3158 2674 3274 2739 ejus
3305 2675 3400 2741 qui
3429 2686 3520 2724 su-

1827 2769 2044 2819 scitavit
2071 2767 2264 2819 Jesum
2293 2781 2326 2818 a
2344 2767 2569 2818 mortuis
2599 2765 2810 2817 habitat
2831 2767 2888 2816 in
2916 2763 3099 2827 vobis;
3125 2761 3521 2830 quisuscitavit

1825 2857 2019 2909 Jesum
2041 2857 2315 2911 Christum
2346 2870 2377 2908 α
2409 2856 2654 2919 mortuis,
2696 2852 3002 2912 viviﬁcabit
3042 2856 3091 2905 et
3121 2851 3377 2904 mortalia
3406 2864 3521 2902 cor-

1824 2960 1962 3014 pora
1991 2950 2172 2997 castra
2197 2958 2292 3010 per
2323 2943 2718 2996 inhabitantem
2758 2942 3026 3009 Spiritum
3070 2954 3230 2994 suum
3276 2940 3334 2991 in
3373 2936 3522 2990 vobis

1763 3052 1803 3107 ρ
1834 3035 2008 3104 (Rom.
2043 3049 2157 3101 vui,
2205 3036 2308 3098 ll).
2348 3053 2368 3079 ι

2508 3121 2635 3174 CAP.
2670 3119 2854 3173 XVIII.

1903 3229 2040 3281 Item
2076 3227 2134 3280 in
2167 3226 2368 3280 eodem
2403 3225 2550 3278 libro
2588 3241 2600 3278 :
2634 3224 2784 3290 Quod
2822 3225 3064 3292 Spiritus
3094 3226 3313 3276 sanctus
3346 3221 3520 3288 inspi-

1832 3317 1975 3368 ratio
2003 3319 2075 3368 εει
2105 3315 2297 3368 Patris
2327 3321 2376 3368 ct
2409 3316 2561 3378 Filii,
2607 3317 2828 3381 insuper
2857 3317 2906 3366 et
2935 3314 3106 3366 Filius
3145 3313 3216 3364 sit
3248 3312 3372 3375 fons
3400 3309 3524 3376 Spi-

1831 3405 1973 3457 ritus
2027 3405 2245 3466 sancti;
2298 3406 2549 3472 quocirca
2577 3401 3046 3472 comprehenditur
3089 3399 3374 3468 procedere
3411 3402 3461 3450 et
3490 3412 3524 3449 a

1834 3493 1994 3546 Filio.
2027 3514 2046 3539 ‹
2099 3491 2390 3560 Sapientia
2437 3491 2758 3544 Salomonis
2793 3489 2849 3542 in
2893 3487 3209 3542 Proverbiis
3258 3487 3334 3539 ita
3367 3501 3522 3537 exse-

1835 3581 2066 3650 quitur:
2109 3582 2229 3633 Lua:
2271 3581 2492 3632 Domini
2522 3582 2755 3646 spiratio
2799 3583 2878 3630 est
2917 3578 3209 3638 hominum,
3247 3575 3344 3641 qui
3371 3588 3520 3625 scru-

1837 3675 1987 3722 tatur
2039 3670 2253 3721 interna
2298 3670 2502 3721 ventris
2531 3669 2705 3734 (Prov.
2743 3683 2835 3719 xx.
2888 3669 2998 3729 27).
3053 3665 3116 3716 Et
3157 3661 3523 3714 manifestum

1837 3761 1922 3808 est
1962 3755 2098 3825 quia
2144 3754 2384 3825 Spiritus
2435 3753 2629 3806 omnia
2683 3756 2986 3814 scrutatur,
3036 3748 3524 3820 quemadmodum

1834 3844 2029 3897 scribit
2061 3845 2297 3907 Paulus;
2328 3848 2383 3895 et
2414 3843 2568 3912 quod
2600 3859 2628 3894 a
2662 3839 2942 3910 principio
2975 3839 3215 3892 formato
3251 3837 3434 3891 Adam
3465 3836 3524 3888 in

1836 3932 2035 3987 faciem
2081 3931 2204 4000 ejus
2252 3930 2520 4000 spirasset
2569 3931 2716 3983 Deus
2767 3927 3044 3997 Spiritum
3071 3930 3349 3988 sanctum,
3380 3922 3528 3974 sicut

1839 4023 2054 4090 Moyses
2077 4021 2153 4072 ait
2181 4037 2193 4073 :
2229 4023 2298 4074 Et
2326 4021 2560 4088 spiravit
2603 4021 2736 4072 Deus
2769 4020 2826 4070 in
2853 4018 3054 4083 faciem
3101 4013 3236 4068 Adze
3282 4013 3526 4080 inspira-

1836 4113 2030 4164 tionem
2063 4112 2205 4175 vitae,
2235 4113 2282 4161 et
2333 4112 2516 4175 factus
2563 4112 2640 4160 est
2689 4108 2840 4160 homo
2889 4108 2945 4158 in
2999 4107 3235 4157 animam
3266 4103 3530 4154 viventem

1841 4199 1990 4268 (Gen.
2025 4213 2082 4261 ιι,
2119 4202 2184 4257 7).
2221 4197 2415 4266 Neque
2456 4196 2512 4248 id
2563 4195 2718 4266 quod
2763 4194 3044 4263 spiratum
3081 4197 3164 4244 est
3193 4207 3226 4243 a
3266 4188 3527 4250 Domino,

1837 4285 2030 4338 anima
2076 4295 2178 4349 est,
2239 4285 2552 4338 secundum
2602 4284 2948 4338 fabulatores
2992 4281 3256 4336 Judaaos:
3316 4275 3533 4345 alioqui

1843 4373 2130 4443 quomodo
2163 4373 2270 4426 hoc
2321 4373 2472 4443 quod
2524 4390 2553 4424 a
2612 4388 2670 4425 se
2705 4372 2982 4441 spiratum
3036 4374 3140 4432 est,
3210 4369 3360 4420 Deus
3413 4362 3533 4433 igni

1841 4467 2058 4514 aeterno
2089 4461 2484 4514 condemnat?
2541 4460 2646 4514 Sed
2701 4459 2988 4512 vivificans
3047 4455 3292 4526 Spiritus
3325 4459 3426 4514 est,
3463 4451 3532 4505 de

1844 4565 1956 4618 quo
1988 4555 2043 4602 et
2089 4550 2296 4603 Paulus
2344 4549 2424 4602 ait
2458 4565 2470 4602 :
2528 4550 2768 4616 Spiritus
2797 4563 2916 4600 vero
2949 4545 3194 4613 vivi/ient
3245 4543 3430 4610 (Joan.
3459 4556 3530 4604 γι,

1841 4638 1926 4704 2i)
1957 4655 1971 4704 ;
1997 4642 2050 4691 et
2085 4665 2094 4692 :
2131 4640 2379 4706 Spiravit
2438 4640 2573 4690 Deus
2627 4640 2683 4688 in
2713 4638 2909 4702 faciem
2956 4633 3072 4700 ejus
3122 4631 3533 4698 iuspirationem

1841 4729 1987 4791 vitae,
2027 4730 2078 4780 et
2122 4729 2306 4793 factus
2337 4731 2415 4780 est
2454 4727 2604 4778 homo
2645 4727 2702 4777 in
2741 4725 2980 4775 animam
3010 4722 3292 4772 viventem.
3338 4718 3534 4784 Itaque

1844 4813 2086 4884 Spiritus
2115 4822 2341 4868 sanctus
2394 4819 2478 4866 est
2517 4811 2750 4880 spiritus
2801 4809 2949 4871 vitae,
2983 4824 3016 4859 a
3068 4823 3179 4876 quo
3209 4804 3535 4858 excidentes

1846 4902 2112 4956 nonnulli
2142 4903 2390 4955 viventes
2426 4900 2636 4954 mortui
2669 4902 2818 4961 sunt,
2852 4895 2997 4948 sicut
3045 4895 3253 4949 Paulus
3298 4891 3492 4945 scribit
3520 4907 3533 4943 :

1845 4991 1982 5046 Nam
2025 5006 2142 5058 qua:
2172 4992 2229 5042 in
2268 4989 2475 5042 deliciis
2507 4992 2602 5054 est,
2637 4986 2735 5051 ait,
2761 4988 2943 5038 vivens
2975 4987 3188 5036 mortua
3214 4987 3293 5036 est
3319 4982 3364 5051 (ι
3398 4982 3532 5034 Tim.

1847 5146 2358 5219 queersuperiori,
2419 5144 2686 5219 discimus
2733 5147 3186 5219 quam__temere
3244 5139 3314 5219 ab
3379 5155 3535 5219 ama:

1846 5211 2159 5273 nuensibus
2191 5211 2440 5284 Oper’um
2473 5211 2770 5269 Athanasii
2801 5213 2951 5284 tituli
2975 5214 3085 5266 huc
3115 5211 3537 5284 illucrtranslati

1846 5291 1997 5342 sint:
2037 5290 2156 5339 hinc
2190 5282 2342 5340 enim
2378 5295 2435 5338 et
2471 5285 2772 5354 sequentia
2817 5283 2931 5336 duo
2973 5284 3227 5354 capitula
3259 5282 3540 5354 habentur

1848 5361 1908 5413 in
1938 5359 2082 5412 libro
2110 5373 2184 5420 in,
2223 5357 2292 5410 de
2343 5357 2472 5410 Fide
2508 5352 2742 5408 unitatis
2776 5355 2976 5417 Patris,
3010 5359 3067 5408 et
3111 5353 3253 5413 Filii.
3292 5360 3346 5406 et
3371 5352 3541 5418 Spiri-

1848 5435 1938 5483 tus
1996 5427 2192 5482 sancti.
2249 5427 2383 5482 V’ide
2430 5425 2724 5482 Ratramni
2785 5424 3002 5481 lzbrum
3046 5429 3243 5480 contra
3292 5425 3536 5484 Graecos,

1847 5502 1945 5555 lib.
1977 5514 2054 5554 tu.
