3846 6244
286 255 388 303 699

1773 249 1903 302 PAR
1916 247 2044 302 lSlE
2059 245 2202 300 NSlS
2244 247 2556 303 EPISL‘OPI
3689 255 3786 302 τμη

283 397 338 447 v,
371 379 444 450 6).
479 379 704 450 Alioqui
755 379 1039 450 quomodo
1079 377 1400 432 audiendus
1451 383 1534 431 est
1561 377 1829 432 Salomon
1881 377 1964 431 di-
2011 382 2050 433 Α
2081 393 2446 449 nequaquam
2477 379 2735 448 genitum
2772 379 2978 434 Filium
3011 379 3312 433 credamus
3335 395 3456 433 esse
3475 379 3778 449 Spiritum.

283 485 456 522 cens:
489 471 609 523 Lua:
633 471 854 523 Domini
881 471 1115 538 spiratio
1153 473 1230 522 est
1288 469 1582 534 hominum,
1638 470 1736 537 qui
1764 471 1972 521 seruta-

284 563 374 611 tur
402 560 614 610 interna
639 559 882 610 ventris:
919 558 966 610 si
1018 557 1236 610 animas
1284 557 1583 610 hominum
1635 557 1830 608 lumen
1880 555 1976 608 Dei

283 661 404 698 esse
435 643 640 708 dicitis,
691 643 802 697 nisi
854 644 1128 712 Spiritum
1169 650 1428 698 sanctum
1469 646 1666 698 lumen
1725 643 1822 698 Dei
1856 658 1976 695 esse

281 733 544 798 credatis,
588 732 808 786 dicente
873 735 1096 804 Moyse:
1158 733 1403 801 Spirauit
1470 736 1609 787 Deus
1673 735 1730 786 in
1777 734 1976 798 faciem

281 821 419 876 Ade:
459 823 794 890 spiraculum
835 825 981 876 vitae.
1023 823 1086 875 Et
1135 823 1306 875 Filius
1343 821 1479 875 Dei:
1520 825 1626 892 Ego
1677 837 1794 874 smn
1837 823 1972 873 vita.

281 911 388 964 Sed
405 909 754 980 etsapientia
782 911 1098 964 Salomonis
1128 910 1584 964 introducentem
1625 911 1974 964 Salvatorem

282 997 418 1051 dicit
442 1015 454 1052 :
491 999 629 1052 Ecce
657 1003 933 1067 pro/'eram
953 999 1100 1052 uobis
1145 1015 1270 1052 mea
1295 1001 1648 1068 aspirationis
1667 1001 1977 1068 professio-

283 1103 402 1141 nem
431 1089 606 1157 (Prov.
637 1104 675 1153 ι,
708 1089 828 1153 23);
861 1089 940 1141 sic
963 1089 1116 1142 enim
1141 1087 1200 1140 in
1237 1089 1550 1141 Proverbiis
1573 1089 1977 1156 ait:Sapientia

287 1179 342 1230 in
372 1179 524 1229 emitu
549 1185 788 1241 canetur,
815 1180 870 1229 in
895 1179 1094 1246 plateis
1125 1193 1246 1230 vero
1277 1177 1608 1244 ﬁducialiter
1636 1183 1778 1245 aget,
1803 1181 1976 1246 portis

286 1271 464 1318 autem
511 1269 814 1333 potentium
877 1270 1117 1334 assistet,
1170 1269 1227 1319 in
1265 1270 1436 1320 muris
1484 1283 1691 1335 quoque
1734 1269 1976 1320 ciuitatis

287 1356 612 1422 con/[denter
654 1361 793 1422 aget.
857 1357 1064 1421 Quanto
1132 1363 1362 1424 tempore
1413 1357 1647 1410 obtinent
1684 1357 1976 1424 prurientes

279 1445 579 1512 justitiam,
648 1451 696 1496 et
771 1460 874 1498 non
947 1446 1291 1499 erubescent:
1367 1446 1734 1513 imprudentes
1799 1451 1977 1499 autem

287 1534 616 1586 contumeliae
645 1549 763 1586 eum
793 1536 902 1587 sint
942 1535 1132 1602 cupidi
1179 1540 1226 1587 et
1267 1538 1425 1602 impii
1467 1536 1662 1602 effecti,
1711 1535 1834 1588 odio
1877 1537 1968 1588 ha-

289 1621 516 1673 buerunt
545 1635 776 1688 sensum,
811 1627 860 1674 et
889 1623 1110 1676 obnoxii
1137 1624 1279 1688 facti
1325 1628 1451 1676 sunt
1493 1624 1971 1691 increpationibus.

287 1710 430 1762 Ecce
473 1712 752 1778 proferam
813 1712 960 1764 vobis
1009 1728 1134 1765 mea:
1172 1714 1528 1778 aspirationis
1568 1715 1974 1781 professionem,

289 1796 480 1849 docebo
527 1811 617 1849 vos
668 1813 840 1850 meum
888 1813 1180 1852 sermonem
1229 1800 1417 1866 (Prov.
1476 1817 1512 1864 ι,
1557 1800 1667 1869 23).
1711 1801 1773 1853 Et
1807 1801 1980 1854 Isaias

290 1883 534 1952 Spiritus
614 1885 794 1938 sancti
851 1887 1289 1954 promissionem
1351 1888 1686 1957 praedicans,
1747 1889 1826 1941 sic
1862 1889 1976 1941 ait:

289 1975 445 2026 Diwit
482 1976 764 2041 Dominus,
813 1977 910 2042 qui
947 1977 1138 2029 caelum
1182 1978 1312 2041 fecit
1357 1981 1406 2030 et
1451 1979 1639 2045 afﬁreit
1681 1993 1840 2042 eum;
1889 1980 1986 2045 qui

291 2062 549 2116 sotidavit
581 2069 778 2116 terram
811 2069 860 2116 et
883 2079 1000 2130 quae
1029 2067 1086 2116 in
1111 2081 1172 2118 ea
1200 2071 1324 2118 sunt
1347 2081 1358 2117 :
1385 2068 1482 2133 qui
1501 2067 1598 2118 dat
1627 2069 1982 2134 spirationem

289 2151 488 2217 populo
519 2153 615 2218 qui
642 2157 718 2204 est
749 2169 912 2220 super
941 2169 1075 2218 eam,
1110 2159 1160 2206 et
1203 2157 1458 2222 spiritum
1502 2156 1836 2210 calcantibus
1867 2171 1983 2208 eam

295 2238 420 2306 (lsa.
453 2253 582 2306 XLII,
632 2241 682 2304 ὅ,
732 2254 832 2292 sec.
874 2241 1041 2308 LXX).
1099 2241 1272 2294 Dicite
1315 2243 1413 2312 qui
1472 2249 1556 2296 est
1604 2245 1852 2313 populus
1884 2243 1982 2313 qui

294 2327 510 2396 accepit
568 2329 978 2396 spirationem:
1041 2331 1305 2401 nunquid
1359 2337 1413 2384 et
1461 2332 1553 2386 hic
1607 2333 1981 2402 spirationem

294 2415 544 2468 animam
578 2433 698 2470 esse
729 2417 932 2482 dicitis,
965 2425 1021 2471 et
1051 2419 1258 2473 dabitis
1289 2421 1410 2473 sine
1455 2421 1648 2474 anima
1702 2424 1979 2491 populum

294 2519 465 2574 super
495 2511 702 2558 terram
753 2508 1119 2562 constitisse?
1178 2509 1287 2562 Sed
1331 2525 1448 2562 non
1505 2516 1627 2564 est:
1679 2511 1978 2580 profectio-

295 2607 426 2644 nem
487 2609 733 2664 namque
788 2596 1033 2665 Spiritus
1089 2597 1268 2652 sancti
1327 2599 1643 2668 praedicans
1703 2601 1984 2670 propheta

293 2683 414 2735 haec
472 2683 568 2737 ait.
631 2686 885 2754 Denique
951 2689 1291 2756 completam
1347 2688 1756 2758 professionem
1815 2706 1984 2758 super

293 2771 490 2825 fideles
515 2774 610 2844 qui
643 2773 868 2828 fuerant
895 2777 998 2828 sub
1028 2777 1125 2831 illo
1171 2783 1426 2846 tempore
1488 2778 1710 2848 scripsit
1771 2780 1982 2832 Lucas:

293 2863 360 2913 Et
389 2877 505 2914 eum
529 2865 918 2932 complerentur
939 2865 1052 2918 dies
1082 2869 1563 2935 quinquagesimae,
1593 2873 1747 2921 erant
1775 2870 1986 2936 pariter

293 2965 470 3002 omnes
501 2953 558 3002 in
602 2967 788 3016 unum,
848 2957 897 3006 et
943 2957 1126 3020 factus
1173 2961 1251 3008 est
1314 2957 1492 3010 subito
1563 2973 1725 3010 sonus
1764 2975 1789 3010 e
1836 2959 1982 3024 ocelo,
2024 2940 2060 2993 (ἶ

297 3043 558 3104 tanquam
597 3040 836 3106 Spiritus
887 3048 1105 3096 sanctus
1139 3045 1411 3097 vehemens
1453 3047 1710 3110 ferretur,
1757 3047 1986 3114 implens

295 3131 458 3178 totam
493 3126 706 3180 domum
745 3130 840 3182 ubi
868 3136 1022 3182 erant
1060 3132 1334 3197 sedentes;
1369 3139 1418 3186 et
1457 3135 1584 3187 visae
1633 3139 1758 3186 sunt
1788 3138 1859 3187 eis
1897 3136 1986 3188 di—

294 3217 424 3267 uisae
449 3216 648 3282 lingua:
673 3223 935 3285 tanquam
967 3222 1127 3285 ignis,
1169 3225 1217 3272 et
1261 3221 1401 3274 sedit
1440 3236 1601 3289 super
1629 3238 1984 3290 unumquem-

297 3319 398 3372 que
446 3319 661 3358 eornm:
718 3313 766 3358 et
815 3313 1087 3375 coeperunt
1143 3309 1292 3376 loqui
1337 3312 1510 3362 variis
1562 3311 1780 3376 linguis,
1829 3317 1988 3378 prout

297 3393 537 3459 Spiritus
594 3393 762 3448 dabat
817 3398 1175 3463 pronuntiare
1227 3399 1303 3450 eis
1353 3399 1494 3466 (Act.
1558 3414 1617 3462 ιι,
1679 3401 1746 3465 l).
1807 3399 1989 3452 Simili

299 3481 468 3534 modo
498 3497 740 3552 magnus
778 3484 875 3537 ille
928 3485 1032 3538 Job
1080 3485 1345 3538 adversus
1397 3486 1610 3540 amicos
1668 3503 1818 3554 suos,
1857 3503 1987 3541 cum

299 3577 486 3624 essent
511 3571 724 3641 Spiritu
758 3577 953 3626 sancto
986 3575 1213 3645 privati,
1247 3581 1302 3628 et
1333 3575 1470 3628 nihil
1497 3591 1692 3628 verum
1714 3575 1984 3642 dicerent,

299 3675 485 3729 neque.
516 3661 892 3730 opinarentur
921 3680 978 3716 se
1022 3671 1151 3717 ante
1188 3666 1362 3718 Deum
1396 3665 1590 3734 loqui:
1623 3665 1809 3718 aiebat
1853 3680 1988 3734 ergo

298 3748 439 3800 Job:
473 3751 654 3804 Nonne
700 3757 824 3804 ante
859 3755 1024 3806 Deum
1078 3754 1414 3820 loquimini?
1467 3755 1528 3806 lit
1584 3769 1808 3806 rursum
1839 3769 1850 3805 :
1887 3752 1991 3804 Cui

299 3839 666 3891 amzuntiastis
695 3839 856 3892 verba
881 3843 908 3894 ?
955 3843 1196 3909 Spiratio
1242 3859 1363 3896 vero
1403 3843 1558 3908 cujus
1603 3847 1678 3895 est
1710 3857 1827 3910 qua:
1854 3857 1990 3909 pro-

301 3925 440 3977 cedit
477 3931 588 3979 ate
617 3925 642 3977 ?
694 3927 824 3996 (Job
877 3945 1027 3994 xxw,
1070 3929 1148 3998 4.)
1183 3930 1258 3983 Ex
1316 3931 1525 4000 quibus
1585 3947 1733 3983 unus
1781 3946 1992 3998 magna

301 4014 542 4082 loquens
574 4015 834 4069 diccbat:
868 4019 1108 4085 Spiritus
1143 4023 1220 4072 est
1267 4022 1364 4087 qui
1403 4021 1726 4074 mortalibus
1759 4023 1990 4072 interce—

302 4101 421 4153 dit:
469 4105 697 4170 spiratio
747 4121 874 4159 vero
927 4110 1326 4174 omnipotentiw
1388 4113 1485 4172 est,
1533 4124 1650 4176 quae
1712 4123 1795 4161 me
1843 4107 1990 4161 docet

305 4189 457 4243 (Job.
497 4206 612 4256 Vlll,
643 4195 760 4261 27.)
795 4193 1170 4262 Omnipotens
1198 4199 1386 4248 autem
1423 4196 1596 4249 Filius
1629 4196 1745 4262 Dei,
1781 4195 1848 4248 de
1882 4212 1993 4265 quo

304 4277 601 4330 Zacharias
639 4279 756 4332 ait:
793 4283 1080 4350 Propterea
1136 4285 1213 4337 sic
1265 4284 1400 4337 dicit
1456 4287 1708 4338 Dominus
1751 4288 1989 4354 omnipo-

306 4369 457 4420 tens:
496 4369 619 4420 Post
672 4370 906 4433 gloriam
950 4373 1098 4424 misit
1158 4388 1240 4424 me
1286 4387 1448 4440 super
1495 4379 1672 4436 gentes
1706 4375 1888 4441 (lacti.
1933 4391 1988 4440 η,

303 4453 380 4512 δ).
419 4454 602 4523 Igitur
636 4456 941 4511 Salomone
973 4458 1192 4536 digente
1219 4475 1230 4512 :
1265 4461 1386 4513 Lua:
1417 4463 1630 4514 Domini
1657 4463 1888 4530 spiratio
1917 4467 1994 4515 est

305 4543 574 4597 hominum
609 4547 785 4610 (Prov.
821 4563 912 4610 xx,
975 4547 1084 4612 ‘27).
1118 4549 1181 4601 Et
1209 4565 1240 4599 a
1281 4550 1466 4617 Moyse
1527 4549 1824 4604 instructi:
1867 4552 1992 4618 Spi—

305 4635 450 4686 ravit
505 4635 758 4688 Dominus
811 4639 871 4688 in
918 4635 1116 4698 [aciem
1167 4637 1300 4690 Adae
1357 4640 1709 4705 spirationem
1764 4642 1906 4704 vitia,
1945 4643 1995 4691 et

304 4725 484 4787 factus
514 4727 590 4776 est
615 4726 670 4776 in
703 4727 944 4776 animum
991 4728 1246 4777 virentem
1283 4725 1442 4795 (Gen.
1483 4743 1539 4790 ιι,
1563 4727 1618 4792 7)
1655 4727 1994 4792 ;audientes

306 4827 437 4864 vero
475 4818 530 4864 ct
558 4813 910 4866 Salvatorem
966 4813 1286 4867 dicentem:
1337 4815 1458 4881 Ego
1490 4831 1607 4869 sum
1653 4819 1768 4868 vita
1802 4817 1991 4882 (Joan.

306 4914 380 4964 Il,
439 4901 554 4966 25),
611 4907 667 4954 et
721 4901 961 4954 Paulum
1014 4901 1393 4956 scribentem:
1437 4909 1540 4958 Lee:
1571 4907 1710 4957 enim
1755 4906 1996 4974 Spiritus

304 4991 427 5041 vitae
459 4989 627 5056 (Item.
669 5005 782 5055 vm,
815 4991 910 5057 ‘2);
957 4995 1013 5042 et
1047 5006 1308 5044 rursum:
1351 4993 1514 5045 Misit
1545 4996 1680 5046 Deus
1729 4994 1998 5061 Spiritum

306 5076 432 5128 Filii
461 5080 549 5128 sui
589 5082 647 5128 in
701 5077 866 5130 corda
909 5083 1096 5132 nostra
1150 5081 1292 5144 (Gal.
1343 5097 1414 5148 iv,
1443 5084 1498 5146 6)
1533 5096 1545 5135 :
1581 5082 1836 5136 videntes
1894 5100 1996 5135 au-

309 5169 420 5215 tem
454 5164 624 5217 etiam
663 5165 1031 5234 Unigenitum
1059 5167 1444 5223 insultlantein
1465 5171 1522 5222 in
1547 5171 1746 5224 faciem
1774 5176 1997 5240 aposto-

311 5253 494 5304 lorum
529 5258 584 5305 ct
613 5253 896 5307 dicentem
921 5272 935 5310 :
962 5257 1206 5324 Accipite
1249 5259 1517 5328 Spiritum
1548 5265 1790 5313 sanctum
1817 5261 1992 5326 (Joan.

307 5343 548 5408 xx,‘2‘2);
592 5341 964 5410 spirationem
1009 5345 1184 5414 igitur
1233 5347 1356 5400 Filii
1410 5347 1468 5400 in
1521 5347 1750 5418 propria
1801 5347 1911 5400 vita
1943 5353 1999 5401 et

308 5427 620 5481 substantia
657 5438 924 5485 manente
979 5434 1250 5504 Spiritum
1293 5451 1414 5488 esse
1448 5435 1771 5489 doceamur.
1810 5437 1873 5488 Et
1905 5451 1998 5488 ne-

309 5531 419 5585 que
453 5517 736 5589 genitum,
771 5535 954 5590 neque
995 5531 1248 5578 creatum
1283 5541 1404 5577 esse
1436 5541 1469 5578 a
1517 5524 1656 5578 Filio
1689 5524 1995 5595 sapiamus,

2085 473 2143 520 et
2176 469 2331 538 quod
2364 468 2643 521 Dominus
2674 467 2746 521 sit
2797 469 3034 522 verbum
3069 469 3196 523 Filii
3224 485 3236 523 :
3282 469 3548 540 genitum
3589 486 3730 522 vero
3763 489 3790 521 εδ.

2087 557 2200 610 Deo
2229 558 2466 610 verbum
2498 573 2663 610 suum
2691 557 2750 610 in
2779 557 3014 626 propria
3045 557 3159 610 vita
3205 563 3262 610 et
3309 557 3626 611 substantia
3661 576 3766 628 per

2087 661 2328 698 manens
2357 661 2484 698 cum
2520 646 2588 698 sit
2636 645 2750 700 vita.
2793 647 2967 701 Filius
2997 646 3117 700 Dei.
3154 648 3468 716 Propterea
3509 663 3636 698 vero
3675 664 3782 700 non

2087 739 2170 786 est
2192 733 2419 802 genitus
2450 734 2517 786 ab
2545 751 2610 787 eo
2641 733 2905 804 Spiritus,
2941 735 3076 804 quia
3108 751 3222 788 non
3253 741 3341 788 est
3369 750 3426 786 γε
3441 735 3612 787 rbum
3639 737 3782 802 eius-

2088 822 2354 877 Creatum
2387 838 2518 875 vero
2571 823 2762 876 dicere
2809 823 3110 893 Spiritum,
3157 824 3322 877 absit.
3375 824 3782 876 Verumtamen

2087 911 2458 982 spirationem
2495 911 2619 966 Filii
2655 911 2750 965 Dei
2772 928 2904 965 eum
2925 920 2982 966 et
3011 929 3042 965 a
3071 913 3280 965 sanctis
3301 912 3614 982 Scripturis
3638 912 3782 964 docti

2087 1017 2303 1068 sumus,
2353 1005 2407 1053 et
2439 1000 2654 1054 fontem
2714 1001 2967 1071 spiritus,
3019 1007 3076 1055 et
3127 1001 3314 1054 tilium
3377 1001 3475 1054 Dei
3541 1002 3776 1053 diciutu:

2086 1089 2414 1142 audientem
2453 1088 2689 1142 Filiam:
2722 1091 2866 1154 Quia
2917 1090 3021 1144 duo
3075 1105 3308 1157 nequam
3365 1092 3501 1156 fecit
3553 1091 3778 1158 Imputet:

2084 1181 2206 1233 iste.
2255 1181 2339 1233 Me
2380 1179 2781 1247 cit-reliquerunt
2835 1180 3040 1244 fontem
3099 1193 3256 1247 aqua:
3313 1180 3465 1234 sive.
3527 1182 3580 1229 et
3629 1177 3776 1241 fede-

2083 1274 2214 1322 runt
2239 1268 2346 1321 sibi
2384 1269 2532 1321 lacus
2588 1267 2865 1331 contritas,
2917 1269 3014 1335 qui
3071 1283 3178 1320 non
3233 1271 3528 1335 potuerunt
3585 1282 3780 1333 aquae.

2079 1362 2303 1426 portare
2335 1355 2469 1426 (Jer.
2515 1371 2574 1420 ll,
2629 1355 2738 1424 13).
2772 1359 2933 1426 Aqua
2978 1356 3102 1408 viva
3131 1356 3370 1426 Spiritus
3413 1359 3644 1407 sanctus
3679 1365 3770 1414 est,

2087 1446 2235 1499 sicut
2264 1447 2511 1500 Joannes
2551 1445 2764 1509 docuit,
2801 1444 3088 1498 Salvatore
3147 1445 3368 1497 dicente
3419 1444 3488 1496 ad
3539 1443 3774 1496 Samari-

2087 1539 2279 1586 tanam
2331 1533 2672 1586 mulierem:
2729 1535 2789 1588 Si
2839 1536 3004 1586 scires
3036 1533 3234 1586 donum
3295 1534 3417 1597 Dei,
3445 1539 3496 1586 et
3552 1535 3680 1600 quis
3709 1539 3778 1584 est

2087 1623 2182 1689 qui
2214 1622 2314 1674 tibi
2341 1623 2513 1674 dicit:
2549 1624 2628 1674 Da
2667 1623 2803 1674 mihi
2850 1621 3044 1686 bibere,
3097 1627 3152 1675 tu
3195 1623 3380 1690 utique
3431 1625 3682 1690 petisses,
3733 1631 3774 1672 et

2017 1685 2054 1737 Β
2087 1685 2322 1764 dedisset
2353 1711 2458 1764 tibi
2487 1725 2688 1778 aquam
2719 1712 2900 1762 uiuam
2937 1685 3112 1779 (Joan.
3145 1727 3216 1776 ιν,
3253 1685 3338 1774 tu)
3370 1729 3381 1774 ;
3425 1685 3479 1762 et
3511 1685 3776 1762 rursum:

2092 1802 2402 1867 Quicunque
2442 1800 2634 1851 biberit
2673 1816 2740 1851 ea:
2789 1815 2936 1866 aqua
2979 1815 3142 1866 quam
3192 1801 3243 1852 ei
3285 1800 3444 1858 dabo.
3497 1815 3606 1851 non
3639 1801 3776 1850 sitiet

2089 1892 2147 1941 in
2207 1894 2460 1941 aeternum
2520 1888 2678 1956 (Ibid.
2761 1889 2862 1957 l3).
2931 1888 2992 1940 Et
3051 1891 3106 1940 in
3161 1889 3350 1940 medio
3411 1887 3612 1955 templi
3669 1889 3778 1937 cia-

2091 1983 2241 2030 mut:
2275 1979 2336 2032 Si
2365 1980 2487 2044 quis
2531 1977 2671 2041 sitit,
2713 1980 2897 2028 vestiat
2935 1977 3007 2029 ad
3037 1993 3116 2028 me
3161 1982 3210 2029 et
3258 1977 3436 2030 bibat:
3473 1978 3571 2044 qui
3617 1976 3778 2027 ert-dit

2090 2069 2148 2120 in
2180 2083 2281 2130 me,
2320 2069 2461 2120 sicut
2516 2066 2664 2118 dixit
2715 2067 3022 2132 Scriptura,
3057 2068 3283 2128 [lumina
3335 2066 3400 2118 de
3447 2071 3634 2117 ventre
3673 2079 3780 2128 ejus

2089 2159 2255 2224 [luent
2293 2171 2448 2223 aqum
2477 2157 2597 2207 vitea
2638 2156 2818 2224 (Joan.
2865 2171 2954 2220 vu,
2991 2153 3098 2222 37).
3157 2155 3218 2206 Et
3261 2153 3676 2223 interpretatus
3705 2159 3778 2202 est

2092 2245 2206 2298 sic:
2245 2249 2350 2298 [loc
2389 2249 2567 2296 autem
2603 2243 2814 2296 dici-bat
2867 2243 2932 2295 de
2979 2245 3198 2311 Spiritu
3246 2248 3454 2305 saneto,
3505 2259 3662 2308 quem
3703 2256 3778 2291 ac-

2090 2335 2300 2402 cepturi
2327 2337 2480 2385 erant
2513 2335 2609 2400 qui
2647 2333 2909 2385 credituri
2945 2338 3100 2385 erant
3129 2334 3188 2383 in
3213 2347 3328 2384 cum
3363 2333 3544 2400 (Joan.
3579 2347 3772 2388 κλεῖς).

2092 2424 2174 2476 Ita
2205 2421 2374 2474 etiam
2411 2427 2465 2474 et
2515 2419 2683 2473 lsaias
2743 2420 3050 2474 Dominum
3107 2421 3316 2473 dixisse
3364 2420 3482 2472 ait:
3517 2419 3658 2484 Quia
3695 2435 3772 2482 ξεί]

2093 2511 2231 2564 dabo
2263 2513 2318 2564 in
2365 2513 2462 2564 siti
2495 2527 2695 2578 aquam
2737 2511 2819 2562 his
2869 2513 2964 2577 qui
2991 2512 3048 2562 in
3089 2512 3226 2562 sicco
3279 2512 3382 2562 iter
3427 2511 3704 2574 fecerunt;
3735 2517 3770 2556 τε

2091 2617 2288 2668 ponam
2339 2601 2610 2668 Spiritum
2661 2614 2835 2651 meum
2892 2613 3052 2665 super
3101 2612 3274 2651 semen
3324 2603 3497 2662 tuum,
3541 2605 3592 2648 et
3639 2597 3768 2646 δμητ-

2094 2689 2351 2742 dictiones
2386 2703 2528 2741 meas
2559 2703 2720 2755 super
2747 2689 2887 2754 ﬁlios
2919 2693 3056 2750 tuos,
3099 2691 3146 2740 et
3177 2691 3383 2739 orietur
3431 2693 3694 2754 tanquam
3729 2688 3770 2732 in

2094 2793 2240 2846 aqua.
2295 2781 2499 2843 fenum,
2561 2783 2611 2830 et
2650 2777 2794 2828 velut
2835 2777 2982 2828 satia:
3031 2777 3172 2828 inter
3217 2779 3400 2843 fluxus
3449 2791 3606 2842 aquae
3653 2771 3768 2838 (15a.

2096 2881 2235 2932 XLIV,
2279 2869 2330 2931 3,
2365 2866 2396 2918 --’i-
2435 2881 2536 2918 src.
2599 2865 2760 2930 LXX).
2827 2865 2967 2934 Ergo
3027 2863 3324 2916 manifeste
3363 2864 3426 2915 in
3479 2863 3768 2931 Scriptum

2095 2953 2302 3006 sanctis
2329 2951 2732 3022 proﬁtentibus
2765 2967 2970 3021 aquam
3001 2951 3182 3003 vivam
3217 2950 3498 3018 Spiritum
3533 2953 3766 3000 sanctum

2095 3058 2214 3094 esse
2243 3041 2630 3110 cognovimus.
2679 3041 2951 3092 Dominus
2999 3056 3057 3092 sc
3117 3039 3328 3092 fontem
3370 3037 3620 3107 Spiritus
3671 3051 3768 3086 esse

2097 3130 2257 3193 dixit,
2299 3130 2376 3182 sic
2413 3145 2424 3184 :
2477 3132 2562 3183 Me
2591 3129 2994 3196 dereliquerunt
3038 3131 3240 3193 fontem
3287 3143 3444 3195 aqua:
3481 3129 3622 3179 vitae
3657 3127 3764 3186 {Jun

2095 3237 2154 3284 ll,
2189 3219 2273 3289 13)
2311 3234 2323 3284 ;
2358 3217 2501 3271 sicut
2558 3218 2731 3270 David
2789 3217 2941 3270 canit
2999 3217 3059 3270 in
3111 3218 3334 3269 Psalmo
3365 3231 3508 3267 xxxv
3561 3215 3634 3282 (υ.
3681 3215 3766 3274 lt)...

2097 3309 2289 3362 dicens
2321 3307 2390 3360 ad
2425 3307 2760 3360 Dominum:
2814 3307 2953 3371 Quia
2992 3305 3142 3374 apud
3187 3311 3236 3358 te
3265 3309 3390 3368 lous
3419 3307 3569 3356 vitae.
3617 3303 3768 3372 Igitur

2095 3403 2306 3466 printer
2357 3395 2662 3450 Dominum
2693 3395 2926 3448 ostende
2980 3395 3156 3446 alium
3203 3394 3425 3446 fontem
3471 3408 3596 3444 esse
3641 3393 3766 3452 vitae,

2096 3487 2195 3556 qui
2227 3485 2380 3556 apud
2409 3500 2541 3538 eum
2571 3485 2660 3536 sit.
2703 3485 2826 3537 Non
2877 3483 3032 3536 enim
3084 3482 3244 3546 dixit,
3295 3481 3433 3550 quia
3463 3487 3525 3533 tu
3559 3497 3620 3534 es
3663 3480 3768 3532 fons

2097 3577 2240 3638 vitae,
2277 3575 2373 3626 sed
2415 3576 2546 3642 quia
2584 3573 2734 3641 apud
2779 3579 2826 3626 te
2855 3576 2976 3632 fons
3007 3573 3129 3624 vita:
3175 3575 3272 3624 est.
3323 3571 3419 3622 Est
3471 3586 3607 3621 vero
3639 3567 3764 3636 apud

2099 3667 2299 3730 Deum,
2335 3669 2390 3716 et
2432 3669 2516 3715 est
2549 3663 2719 3715 Filius
2771 3662 2898 3714 fons
2945 3661 3193 3712 existens
3245 3660 3510 3727 Spiritus,
3567 3658 3636 3710 de
3675 3671 3766 3724 quo

2099 3754 2306 3808 Paulus
2335 3751 2402 3804 ad
2453 3751 2740 3804 Romanos
2783 3749 3018 3802 scribit:
3052 3750 3294 3818 Spiritus
3339 3763 3464 3800 vero
3509 3750 3639 3800 vitae
3661 3761 3764 3813 pro-

2094 3849 2216 3912 pter
2234 3842 2512 3910 justitiam
2567 3840 2736 3910 (Rom.
2793 3856 2910 3902 vni,
2951 3841 3058 3907 10),
3119 3838 3200 3890 ita
3233 3853 3350 3890 non
3384 3837 3660 3900 alienum,
3691 3833 3766 3886 sed

2101 3929 2400 3999 proprium
2434 3928 2611 3981 Patris
2651 3943 2771 3980 esse
2813 3943 2944 3980 eum
2987 3927 3138 3979 dicit.
3173 3927 3310 3979 Nam
3343 3941 3472 3977 cum
3506 3925 3766 3993 professus

2098 4019 2317 4082 fuisset,
2374 4020 2505 4087 quia
2549 4017 2698 4084 apud
2737 4022 2786 4070 te
2814 4021 2892 4069 est
2919 4019 3044 4081 fons
3077 4018 3216 4078 vita
3257 4013 3552 4082 adjunxit:
3603 4015 3665 4066 In
3697 4011 3766 4062 lu-

2099 4110 2242 4160 mine
2288 4112 2378 4160 tuo
2435 4105 2733 4159 videbimus
2782 4105 2956 4157 lumen
3012 4104 3178 4172 (Psal.
3242 4103 3430 4170 xxxv),
3493 4102 3552 4155 id
3611 4107 3690 4153 est
3721 4101 3764 4148 iu

2109 4195 2248 4248 Filio
2283 4200 2381 4246 tuo
2412 4193 2735 4246 videbimus
2766 4191 3062 4261 Spiritum.
3097 4191 3327 4244 Necnon
3377 4193 3552 4242 etiam
3593 4189 3650 4242 in
3689 4203 3766 4239 llo-

2106 4284 2262 4337 mine
2293 4281 2520 4334 virtutis
2575 4280 2672 4334 Dei
2717 4280 3036 4350 appellatus
3084 4277 3350 4348 Spiritus,
3385 4282 3443 4329 et
3490 4278 3680 4338 virtus,
3725 4283 3766 4324 et

2102 4371 2384 4441 sapientia
2412 4385 2532 4424 esse
2583 4374 2950 4423 monstratur.
2987 4367 3323 4421 Audivimus
3357 4365 3512 4418 enim
3543 4367 3764 4419 Salvato-

2102 4477 2222 4514 rem
2253 4460 2308 4512 in
2345 4459 2645 4528 Evangelio
2676 4458 2956 4512 dicentem
3001 4455 3294 4524 discipulis
3331 4455 3450 4508 suis
3485 4457 3764 4508 missurum

2103 4567 2221 4603 esse
2255 4549 2528 4619 Spiritum
2576 4553 2857 4611 sanctum,
2915 4545 3014 4616 qui
3073 4544 3244 4598 dicit:
3309 4546 3450 4598 Ecce
3507 4561 3602 4612 ego
3649 4555 3762 4611 prae-

2101 4643 2317 4693 mittam
2358 4639 2764 4706 promissionem
2808 4636 2998 4688 Patris
3029 4639 3132 4688 mei
3159 4649 3324 4701 super
3369 4649 3482 4687 ros.
3542 4635 3642 4686 Vos
3669 4643 3763 4682 vero

2102 4729 2276 4782 sedete
2303 4729 2358 4780 in
2389 4729 2622 4791 civitate,
2647 4725 2810 4778 donec
2840 4725 3150 4777 induamini
3182 4739 3248 4776 ea:
3278 4725 3388 4776 atto
3409 4725 3608 4775 virtute
3637 4721 3760 4786 (Luc-

2103 4834 2247 4882 xxnv,
2278 4816 2388 4885 49).
2422 4817 2484 4868 In
2517 4815 2748 4867 Actibus
2793 4830 2922 4866 vero
2982 4812 3369 4882 apostolorum
3419 4810 3570 4862 idem
3607 4803 3762 4860 Domi-

2104 4922 2212 4958 nus
2243 4903 2362 4957 ait:
2413 4903 2517 4959 Sed
2554 4903 2828 4970 accipietis
2879 4903 3134 4954 uirtutem
3189 4901 3596 4966 superveniente
3633 4905 3760 4960 super

2106 5008 2195 5046 vos
2225 4994 2442 5060 Spiritu
2491 4996 2677 5045 saneto
2709 4993 2859 5055 (Act.
2897 5006 2934 5054 1,
2970 4989 3046 5050 8).
3087 4989 3200 5040 Hoc
3234 5001 3466 5056 quoque
3495 4985 3760 5054 impletum

2107 5098 2227 5134 esse
2259 5081 2643 5150 comperimus
2682 5079 2786 5131 sub
2839 5077 2930 5131 die
2983 5074 3490 5146 Quinquagesimm
3543 5081 3760 5126 consum-

2109 5175 2294 5224 matae.
2329 5175 2439 5222 Aut
2469 5186 2602 5236 ergo
2631 5170 2899 5220 virtutem
2951 5165 3052 5220 Dei
3084 5163 3360 5234 Spiritum
3414 5179 3535 5217 esse
3575 5159 3760 5232 proﬁte-

2110 5258 2270 5324 mini,
2306 5265 2406 5310 aut
2437 5257 2579 5310 sicut
2610 5257 2887 5309 Sabellius
2933 5255 3304 5324 paracletum,
3362 5268 3492 5304 cum
3523 5252 3594 5304 sit
3620 5249 3760 5300 virtus

2111 5348 2229 5414 Dei,
2276 5347 2541 5400 eumdem
2593 5347 2794 5398 Filium
2856 5361 2977 5397 esse
3025 5343 3348 5413 praedicate.
3399 5343 3463 5394 Et
3502 5339 3758 5392 audientes

2109 5436 2346 5490 Paulum
2380 5435 2697 5488 dicentem:
2746 5435 2986 5500 Spiritus
3035 5447 3154 5484 uero
3207 5433 3331 5484 vitae
3369 5435 3594 5499 propter
3621 5423 3760 5495 justi-

2106 5527 2272 5580 tiam:
2303 5523 2516 5577 fontem
2547 5523 2755 5577 iterum
2781 5521 3026 5592 Spiritus
3043 5519 3386 5572 instruimur
3413 5533 3532 5574 esse
3565 5515 3754 5570 Filium.
