  <div class='ocr_page' id='page_1' title='image "/cluster/home/n/w/nwhite01/storage/ocr_20150623/121/uva.x000827051/360.png"; bbox 0 0 3846 6244; ppageno 0'>
   <div class='ocr_carea' id='block_1_1' title="bbox 29 304 124 355">
    <p class='ocr_par' dir='ltr' id='par_1_1' title="bbox 29 304 124 355">
     <span class='ocr_line' id='line_1_1' title="bbox 29 304 124 355; baseline 0.032 -3"><span class='ocrx_word' id='word_1_1' title='bbox 29 304 124 355; x_wconf 73' lang='grc' dir='ltr'>ῑῡι</span> 
     </span>
    </p>
   </div>
   <div class='ocr_carea' id='block_1_2' title="bbox 1356 303 2305 361">
    <p class='ocr_par' dir='ltr' id='par_1_2' title="bbox 1356 303 2305 361">
     <span class='ocr_line' id='line_1_2' title="bbox 1356 303 2305 361; baseline -0.004 -1"><span class='ocrx_word' id='word_1_2' title='bbox 1356 306 1566 361; x_wconf 75' lang='lat' dir='ltr'>LIBER</span> <span class='ocrx_word' id='word_1_3' title='bbox 1603 304 1964 360; x_wconf 77' lang='lat' dir='ltr'>ADVERSUS</span> <span class='ocrx_word' id='word_1_4' title='bbox 2001 303 2305 359; x_wconf 68' lang='lat' dir='ltr'>GIIzECOS.</span> 
     </span>
    </p>
   </div>
   <div class='ocr_carea' id='block_1_3' title="bbox 3473 305 3573 357">
    <p class='ocr_par' dir='ltr' id='par_1_3' title="bbox 3473 305 3573 357">
     <span class='ocr_line' id='line_1_3' title="bbox 3473 305 3573 357; baseline -0.03 0"><span class='ocrx_word' id='word_1_5' title='bbox 3473 305 3573 357; x_wconf 66' lang='lat'>702</span> 
     </span>
    </p>
   </div>
   <div class='ocr_carea' id='block_1_4' title="bbox 29 433 3570 504">
    <p class='ocr_par' dir='ltr' id='par_1_4' title="bbox 29 433 3570 504">
     <span class='ocr_line' id='line_1_4' title="bbox 29 433 3570 504; baseline 0 -20"><span class='ocrx_word' id='word_1_6' title='bbox 29 434 385 492; x_wconf 84' lang='lat' dir='ltr'>leremiam</span> <span class='ocrx_word' id='word_1_7' title='bbox 432 436 626 492; x_wconf 84' lang='lat' dir='ltr'>audite</span> <span class='ocrx_word' id='word_1_8' title='bbox 667 437 1007 492; x_wconf 81' lang='lat' dir='ltr'>clamantem</span> <span class='ocrx_word' id='word_1_9' title='bbox 1053 441 1251 492; x_wconf 86' lang='lat' dir='ltr'>contra</span> <span class='ocrx_word' id='word_1_10' title='bbox 1297 435 1572 491; x_wconf 71' lang='lat' dir='ltr'>Iudaeos:</span> <span class='ocrx_word' id='word_1_11' title='bbox 1621 437 1764 502; x_wconf 87' lang='lat' dir='ltr'>Quia</span> <span class='ocrx_word' id='word_1_12' title='bbox 1803 438 1846 488; x_wconf 83' lang='grc' dir='ltr'>Α</span> <span class='ocrx_word' id='word_1_13' title='bbox 1876 449 2046 504; x_wconf 82' lang='lat' dir='ltr'>quem</span> <span class='ocrx_word' id='word_1_14' title='bbox 2084 437 2227 488; x_wconf 87' lang='lat' dir='ltr'>Deus</span> <span class='ocrx_word' id='word_1_15' title='bbox 2261 435 2425 486; x_wconf 80' lang='lat' dir='ltr'>Pater</span> <span class='ocrx_word' id='word_1_16' title='bbox 2476 433 2664 497; x_wconf 87' lang='lat' dir='ltr'>mittit,</span> <span class='ocrx_word' id='word_1_17' title='bbox 2713 433 2886 488; x_wconf 91' lang='lat' dir='ltr'>mittit</span> <span class='ocrx_word' id='word_1_18' title='bbox 2923 438 2979 489; x_wconf 89' lang='lat' dir='ltr'>et</span> <span class='ocrx_word' id='word_1_19' title='bbox 3040 434 3232 498; x_wconf 84' lang='lat' dir='ltr'>Filius,</span> <span class='ocrx_word' id='word_1_20' title='bbox 3289 437 3344 487; x_wconf 88' lang='lat' dir='ltr'>et</span> <span class='ocrx_word' id='word_1_21' title='bbox 3399 447 3570 503; x_wconf 85' lang='lat' dir='ltr'>quem</span> 
     </span>
    </p>
   </div>
   <div class='ocr_carea' id='block_1_5' title="bbox 28 522 1772 594">
    <p class='ocr_par' dir='ltr' id='par_1_5' title="bbox 28 522 1772 594">
     <span class='ocr_line' id='line_1_5' title="bbox 28 522 1772 594; baseline 0.003 -22"><span class='ocrx_word' id='word_1_22' title='bbox 28 522 481 594; x_wconf 72' lang='lat' dir='ltr'>lere-liquerunt</span> <span class='ocrx_word' id='word_1_23' title='bbox 547 544 627 582; x_wconf 88' lang='lat' dir='ltr'>me</span> <span class='ocrx_word' id='word_1_24' title='bbox 664 531 866 594; x_wconf 86' lang='lat' dir='ltr'>fontem</span> <span class='ocrx_word' id='word_1_25' title='bbox 922 529 1049 580; x_wconf 60' lang='lat' dir='ltr'>vita</span> <span class='ocrx_word' id='word_1_26' title='bbox 1122 530 1311 582; x_wconf 90' lang='lat' dir='ltr'>Deum.</span> <span class='ocrx_word' id='word_1_27' title='bbox 1383 526 1533 580; x_wconf 87' lang='lat' dir='ltr'>Alibi</span> <span class='ocrx_word' id='word_1_28' title='bbox 1581 533 1772 579; x_wconf 90' lang='lat' dir='ltr'>autem</span> 
     </span>
    </p>
   </div>
   <div class='ocr_carea' id='block_1_6' title="bbox 27 614 1770 686">
    <p class='ocr_par' dir='ltr' id='par_1_6' title="bbox 27 614 1770 686">
     <span class='ocr_line' id='line_1_6' title="bbox 27 614 1770 686; baseline 0.003 -23"><span class='ocrx_word' id='word_1_29' title='bbox 27 614 348 681; x_wconf 74' lang='lat' dir='ltr'>Spiritum</span> <span class='ocrx_word' id='word_1_30' title='bbox 384 617 676 686; x_wconf 69' lang='lat' dir='ltr'>sapientiae</span> <span class='ocrx_word' id='word_1_31' title='bbox 707 634 827 670; x_wconf 88' lang='lat' dir='ltr'>esse</span> <span class='ocrx_word' id='word_1_32' title='bbox 878 616 1118 668; x_wconf 84' lang='lat' dir='ltr'>scientes</span> <span class='ocrx_word' id='word_1_33' title='bbox 1167 615 1443 685; x_wconf 84' lang='lat' dir='ltr'>Spiritum</span> <span class='ocrx_word' id='word_1_34' title='bbox 1490 622 1770 681; x_wconf 88' lang='lat' dir='ltr'>sanctum,</span> 
     </span>
    </p>
   </div>
   <div class='ocr_carea' id='block_1_7' title="bbox 27 703 1776 774">
    <p class='ocr_par' dir='ltr' id='par_1_7' title="bbox 27 703 1776 774">
     <span class='ocr_line' id='line_1_7' title="bbox 27 703 1776 774; baseline 0.004 -24"><span class='ocrx_word' id='word_1_35' title='bbox 27 703 388 757; x_wconf 80' lang='lat' dir='ltr'>secundum</span> <span class='ocrx_word' id='word_1_36' title='bbox 433 705 635 758; x_wconf 86' lang='lat' dir='ltr'>Isaiam</span> <span class='ocrx_word' id='word_1_37' title='bbox 678 703 912 774; x_wconf 83' lang='lat' dir='ltr'>quidem</span> <span class='ocrx_word' id='word_1_38' title='bbox 972 703 1253 757; x_wconf 86' lang='lat' dir='ltr'>dicentem</span> <span class='ocrx_word' id='word_1_39' title='bbox 1293 720 1305 757; x_wconf 95' lang='lat'>:</span> <span class='ocrx_word' id='word_1_40' title='bbox 1341 705 1421 757; x_wconf 85' lang='lat' dir='ltr'>Et</span> <span class='ocrx_word' id='word_1_41' title='bbox 1479 706 1776 773; x_wconf 67' lang='lat' dir='ltr'>requiescet</span> 
     </span>
    </p>
   </div>
   <div class='ocr_carea' id='block_1_8' title="bbox 25 793 1773 862">
    <p class='ocr_par' dir='ltr' id='par_1_8' title="bbox 25 793 1773 862">
     <span class='ocr_line' id='line_1_8' title="bbox 25 793 1773 862; baseline 0.002 -20"><span class='ocrx_word' id='word_1_42' title='bbox 25 806 207 858; x_wconf 66' lang='lat' dir='ltr'>super</span> <span class='ocrx_word' id='word_1_43' title='bbox 245 809 385 847; x_wconf 77' lang='lat' dir='ltr'>eum</span> <span class='ocrx_word' id='word_1_44' title='bbox 421 796 651 862; x_wconf 74' lang='lat' dir='ltr'>spiritus</span> <span class='ocrx_word' id='word_1_45' title='bbox 706 793 827 859; x_wconf 86' lang='lat' dir='ltr'>Dei,</span> <span class='ocrx_word' id='word_1_46' title='bbox 881 795 1122 862; x_wconf 75' lang='lat' dir='ltr'>Spiritus</span> <span class='ocrx_word' id='word_1_47' title='bbox 1175 795 1459 862; x_wconf 56' lang='lat' dir='ltr'>sapientia</span> <span class='ocrx_word' id='word_1_48' title='bbox 1505 798 1554 847; x_wconf 89' lang='lat' dir='ltr'>et</span> <span class='ocrx_word' id='word_1_49' title='bbox 1611 794 1773 846; x_wconf 74' lang='lat' dir='ltr'>intel-</span> 
     </span>
    </p>
   </div>
   <div class='ocr_carea' id='block_1_9' title="bbox 25 877 686 949">
    <p class='ocr_par' dir='ltr' id='par_1_9' title="bbox 25 877 686 949">
     <span class='ocr_line' id='line_1_9' title="bbox 25 877 686 949; baseline 0.003 -19"><span class='ocrx_word' id='word_1_50' title='bbox 25 877 208 932; x_wconf 82' lang='lat' dir='ltr'>lectus</span> <span class='ocrx_word' id='word_1_51' title='bbox 249 881 516 949; x_wconf 76' lang='lat' dir='ltr'>(lsa.x1,</span> <span class='ocrx_word' id='word_1_52' title='bbox 548 885 626 948; x_wconf 82' lang='grc'>2).</span> <span class='ocrx_word' id='word_1_53' title='bbox 666 902 686 927; x_wconf 75' lang='grc' dir='ltr'><strong><em>ι</em></strong></span> 
     </span>
    </p>
   </div>
   <div class='ocr_carea' id='block_1_10' title="bbox 775 1005 1071 1059">
    <p class='ocr_par' dir='ltr' id='par_1_10' title="bbox 775 1005 1071 1059">
     <span class='ocr_line' id='line_1_10' title="bbox 775 1005 1071 1059; baseline 0.003 -1"><span class='ocrx_word' id='word_1_54' title='bbox 775 1005 900 1059; x_wconf 78' lang='lat' dir='ltr'>CAP.</span> <span class='ocrx_word' id='word_1_55' title='bbox 944 1005 1071 1059; x_wconf 79' lang='lat' dir='ltr'>XIX.</span> 
     </span>
    </p>
   </div>
   <div class='ocr_carea' id='block_1_11' title="bbox 101 1128 1775 1197">
    <p class='ocr_par' dir='ltr' id='par_1_11' title="bbox 101 1128 1775 1197">
     <span class='ocr_line' id='line_1_11' title="bbox 101 1128 1775 1197; baseline 0.001 -18"><span class='ocrx_word' id='word_1_56' title='bbox 101 1128 271 1182; x_wconf 86' lang='lat' dir='ltr'>Item</span> <span class='ocrx_word' id='word_1_57' title='bbox 329 1129 480 1183; x_wconf 88' lang='lat' dir='ltr'>idem</span> <span class='ocrx_word' id='word_1_58' title='bbox 513 1129 573 1182; x_wconf 92' lang='lat' dir='ltr'>in</span> <span class='ocrx_word' id='word_1_59' title='bbox 616 1129 746 1184; x_wconf 81' lang='lat' dir='ltr'>Fide</span> <span class='ocrx_word' id='word_1_60' title='bbox 776 1129 1054 1183; x_wconf 88' lang='lat' dir='ltr'>catholica</span> <span class='ocrx_word' id='word_1_61' title='bbox 1088 1145 1100 1182; x_wconf 91' lang='lat'>:</span> <span class='ocrx_word' id='word_1_62' title='bbox 1140 1129 1296 1194; x_wconf 84' lang='lat' dir='ltr'>Quod</span> <span class='ocrx_word' id='word_1_63' title='bbox 1345 1131 1585 1197; x_wconf 80' lang='lat' dir='ltr'>Spiritus</span> <span class='ocrx_word' id='word_1_64' title='bbox 1641 1143 1775 1182; x_wconf 89' lang='lat' dir='ltr'>san-</span> 
     </span>
    </p>
   </div>
   <div class='ocr_carea' id='block_1_12' title="bbox 25 1217 1778 1288">
    <p class='ocr_par' dir='ltr' id='par_1_12' title="bbox 25 1217 1778 1288">
     <span class='ocr_line' id='line_1_12' title="bbox 25 1217 1778 1288; baseline 0 -19"><span class='ocrx_word' id='word_1_65' title='bbox 25 1222 155 1270; x_wconf 87' lang='lat' dir='ltr'>ctus</span> <span class='ocrx_word' id='word_1_66' title='bbox 191 1236 232 1270; x_wconf 80' lang='grc' dir='ltr'>ιι</span> <span class='ocrx_word' id='word_1_67' title='bbox 275 1220 446 1272; x_wconf 85' lang='lat' dir='ltr'>Patre</span> <span class='ocrx_word' id='word_1_68' title='bbox 471 1222 737 1288; x_wconf 82' lang='lat' dir='ltr'>procedat</span> <span class='ocrx_word' id='word_1_69' title='bbox 765 1225 814 1272; x_wconf 87' lang='lat' dir='ltr'>et</span> <span class='ocrx_word' id='word_1_70' title='bbox 854 1235 888 1272; x_wconf 92' lang='lat' dir='ltr'>a</span> <span class='ocrx_word' id='word_1_71' title='bbox 927 1218 1088 1272; x_wconf 89' lang='lat' dir='ltr'>Filio.</span> <span class='ocrx_word' id='word_1_72' title='bbox 1117 1241 1138 1267; x_wconf 74' lang='grc' dir='ltr'>ι</span> <span class='ocrx_word' id='word_1_73' title='bbox 1177 1220 1342 1272; x_wconf 86' lang='lat' dir='ltr'>Pater</span> <span class='ocrx_word' id='word_1_74' title='bbox 1393 1236 1425 1271; x_wconf 88' lang='lat' dir='ltr'>a</span> <span class='ocrx_word' id='word_1_75' title='bbox 1475 1217 1634 1270; x_wconf 93' lang='lat' dir='ltr'>nullo</span> <span class='ocrx_word' id='word_1_76' title='bbox 1694 1220 1778 1270; x_wconf 86' lang='lat' dir='ltr'>est</span> 
     </span>
    </p>
   </div>
   <div class='ocr_carea' id='block_1_13' title="bbox 24 1306 1775 1378">
    <p class='ocr_par' dir='ltr' id='par_1_13' title="bbox 24 1306 1775 1378">
     <span class='ocr_line' id='line_1_13' title="bbox 24 1306 1775 1378; baseline 0.001 -20"><span class='ocrx_word' id='word_1_77' title='bbox 24 1307 261 1372; x_wconf 83' lang='lat' dir='ltr'>factus,</span> <span class='ocrx_word' id='word_1_78' title='bbox 307 1325 414 1360; x_wconf 87' lang='lat' dir='ltr'>nec</span> <span class='ocrx_word' id='word_1_79' title='bbox 445 1312 690 1374; x_wconf 84' lang='lat' dir='ltr'>creatus,</span> <span class='ocrx_word' id='word_1_80' title='bbox 728 1323 827 1360; x_wconf 79' lang='lat' dir='ltr'>nec</span> <span class='ocrx_word' id='word_1_81' title='bbox 855 1307 1080 1378; x_wconf 83' lang='lat' dir='ltr'>genitus</span> <span class='ocrx_word' id='word_1_82' title='bbox 1111 1323 1124 1360; x_wconf 94' lang='lat'>:</span> <span class='ocrx_word' id='word_1_83' title='bbox 1180 1306 1354 1359; x_wconf 76' lang='lat' dir='ltr'>Filius</span> <span class='ocrx_word' id='word_1_84' title='bbox 1384 1323 1416 1358; x_wconf 89' lang='lat' dir='ltr'>a</span> <span class='ocrx_word' id='word_1_85' title='bbox 1450 1307 1612 1358; x_wconf 80' lang='lat' dir='ltr'>Patre</span> <span class='ocrx_word' id='word_1_86' title='bbox 1657 1306 1775 1359; x_wconf 90' lang='lat' dir='ltr'>solo</span> 
     </span>
    </p>
   </div>
   <div class='ocr_carea' id='block_1_14' title="bbox 32 1393 1775 1463">
    <p class='ocr_par' dir='ltr' id='par_1_14' title="bbox 32 1393 1775 1463">
     <span class='ocr_line' id='line_1_14' title="bbox 32 1393 1775 1463; baseline 0.001 -18"><span class='ocrx_word' id='word_1_87' title='bbox 32 1400 147 1459; x_wconf 71' lang='lat' dir='ltr'>est,</span> <span class='ocrx_word' id='word_1_88' title='bbox 193 1413 331 1448; x_wconf 84' lang='lat' dir='ltr'>non</span> <span class='ocrx_word' id='word_1_89' title='bbox 364 1396 562 1460; x_wconf 81' lang='lat' dir='ltr'>factus,</span> <span class='ocrx_word' id='word_1_90' title='bbox 621 1413 732 1448; x_wconf 89' lang='lat' dir='ltr'>non</span> <span class='ocrx_word' id='word_1_91' title='bbox 764 1402 1003 1460; x_wconf 84' lang='lat' dir='ltr'>creatus,</span> <span class='ocrx_word' id='word_1_92' title='bbox 1049 1395 1146 1447; x_wconf 89' lang='lat' dir='ltr'>sed</span> <span class='ocrx_word' id='word_1_93' title='bbox 1199 1395 1472 1463; x_wconf 86' lang='lat' dir='ltr'>genitus:</span> <span class='ocrx_word' id='word_1_94' title='bbox 1533 1393 1775 1463; x_wconf 86' lang='lat' dir='ltr'>Spiritus</span> 
     </span>
    </p>
   </div>
   <div class='ocr_carea' id='block_1_15' title="bbox 32 1483 1772 1548">
    <p class='ocr_par' dir='ltr' id='par_1_15' title="bbox 32 1483 1772 1548">
     <span class='ocr_line' id='line_1_15' title="bbox 32 1483 1772 1548; baseline -0.001 -14"><span class='ocrx_word' id='word_1_95' title='bbox 32 1489 301 1535; x_wconf 86' lang='lat' dir='ltr'>sanctus</span> <span class='ocrx_word' id='word_1_96' title='bbox 359 1501 391 1536; x_wconf 88' lang='lat' dir='ltr'>a</span> <span class='ocrx_word' id='word_1_97' title='bbox 444 1486 605 1538; x_wconf 83' lang='lat' dir='ltr'>Patre</span> <span class='ocrx_word' id='word_1_98' title='bbox 643 1490 694 1537; x_wconf 86' lang='lat' dir='ltr'>et</span> <span class='ocrx_word' id='word_1_99' title='bbox 733 1483 889 1547; x_wconf 79' lang='lat' dir='ltr'>Filio,</span> <span class='ocrx_word' id='word_1_100' title='bbox 946 1500 1056 1536; x_wconf 88' lang='lat' dir='ltr'>non</span> <span class='ocrx_word' id='word_1_101' title='bbox 1105 1484 1302 1536; x_wconf 81' lang='lat' dir='ltr'>Iactus.</span> <span class='ocrx_word' id='word_1_102' title='bbox 1370 1499 1482 1535; x_wconf 89' lang='lat' dir='ltr'>non</span> <span class='ocrx_word' id='word_1_103' title='bbox 1532 1488 1772 1548; x_wconf 83' lang='lat' dir='ltr'>creatus,</span> 
     </span>
    </p>
   </div>
   <div class='ocr_carea' id='block_1_16' title="bbox 36 1572 1777 1642">
    <p class='ocr_par' dir='ltr' id='par_1_16' title="bbox 36 1572 1777 1642">
     <span class='ocr_line' id='line_1_16' title="bbox 36 1572 1777 1642; baseline 0 -18"><span class='ocrx_word' id='word_1_104' title='bbox 36 1588 149 1624; x_wconf 85' lang='lat' dir='ltr'>nec</span> <span class='ocrx_word' id='word_1_105' title='bbox 200 1573 465 1640; x_wconf 77' lang='lat' dir='ltr'>genitus,</span> <span class='ocrx_word' id='word_1_106' title='bbox 519 1572 617 1626; x_wconf 90' lang='lat' dir='ltr'>sed</span> <span class='ocrx_word' id='word_1_107' title='bbox 665 1573 994 1642; x_wconf 79' lang='lat' dir='ltr'>procedens.</span> <span class='ocrx_word' id='word_1_108' title='bbox 1047 1574 1200 1628; x_wconf 87' lang='lat' dir='ltr'>Unus</span> <span class='ocrx_word' id='word_1_109' title='bbox 1235 1588 1371 1642; x_wconf 85' lang='lat' dir='ltr'>ergo</span> <span class='ocrx_word' id='word_1_110' title='bbox 1415 1573 1600 1638; x_wconf 84' lang='lat' dir='ltr'>Pater,</span> <span class='ocrx_word' id='word_1_111' title='bbox 1663 1587 1777 1625; x_wconf 84' lang='lat' dir='ltr'>non</span> 
     </span>
    </p>
   </div>
   <div class='ocr_carea' id='block_1_17' title="bbox 37 1660 1774 1730">
    <p class='ocr_par' dir='ltr' id='par_1_17' title="bbox 37 1660 1774 1730">
     <span class='ocr_line' id='line_1_17' title="bbox 37 1660 1774 1730; baseline 0 -18"><span class='ocrx_word' id='word_1_112' title='bbox 37 1665 161 1712; x_wconf 83' lang='lat' dir='ltr'>tres</span> <span class='ocrx_word' id='word_1_113' title='bbox 198 1662 444 1727; x_wconf 80' lang='lat' dir='ltr'>Patres;</span> <span class='ocrx_word' id='word_1_114' title='bbox 481 1678 624 1714; x_wconf 87' lang='lat' dir='ltr'>unus</span> <span class='ocrx_word' id='word_1_115' title='bbox 656 1662 850 1726; x_wconf 77' lang='lat' dir='ltr'>Filius,</span> <span class='ocrx_word' id='word_1_116' title='bbox 887 1677 998 1713; x_wconf 90' lang='lat' dir='ltr'>non</span> <span class='ocrx_word' id='word_1_117' title='bbox 1049 1668 1162 1714; x_wconf 88' lang='lat' dir='ltr'>tres</span> <span class='ocrx_word' id='word_1_118' title='bbox 1195 1660 1352 1726; x_wconf 83' lang='lat' dir='ltr'>Filii;</span> <span class='ocrx_word' id='word_1_119' title='bbox 1406 1677 1554 1714; x_wconf 89' lang='lat' dir='ltr'>unus</span> <span class='ocrx_word' id='word_1_120' title='bbox 1597 1660 1774 1730; x_wconf 89' lang='lat' dir='ltr'>Spiri-</span> 
     </span>
    </p>
   </div>
   <div class='ocr_carea' id='block_1_18' title="bbox 39 1748 1774 1818">
    <p class='ocr_par' dir='ltr' id='par_1_18' title="bbox 39 1748 1774 1818">
     <span class='ocr_line' id='line_1_18' title="bbox 39 1748 1774 1818; baseline 0 -16"><span class='ocrx_word' id='word_1_121' title='bbox 39 1753 140 1802; x_wconf 78' lang='lat' dir='ltr'>tus</span> <span class='ocrx_word' id='word_1_122' title='bbox 170 1757 442 1814; x_wconf 88' lang='lat' dir='ltr'>sanctus,</span> <span class='ocrx_word' id='word_1_123' title='bbox 475 1767 589 1802; x_wconf 88' lang='lat' dir='ltr'>non</span> <span class='ocrx_word' id='word_1_124' title='bbox 627 1756 738 1802; x_wconf 85' lang='lat' dir='ltr'>tres</span> <span class='ocrx_word' id='word_1_125' title='bbox 768 1749 1010 1818; x_wconf 83' lang='lat' dir='ltr'>Spiritus</span> <span class='ocrx_word' id='word_1_126' title='bbox 1057 1748 1254 1802; x_wconf 84' lang='lat' dir='ltr'>sancti.</span> <span class='ocrx_word' id='word_1_127' title='bbox 1292 1749 1357 1803; x_wconf 86' lang='lat' dir='ltr'>Et</span> <span class='ocrx_word' id='word_1_128' title='bbox 1400 1749 1460 1802; x_wconf 87' lang='lat' dir='ltr'>in</span> <span class='ocrx_word' id='word_1_129' title='bbox 1511 1749 1616 1802; x_wconf 90' lang='lat' dir='ltr'>hac</span> <span class='ocrx_word' id='word_1_130' title='bbox 1653 1748 1774 1802; x_wconf 87' lang='lat' dir='ltr'>Tri-</span> 
     </span>
    </p>
   </div>
   <div class='ocr_carea' id='block_1_19' title="bbox 45 1838 1774 1907">
    <p class='ocr_par' dir='ltr' id='par_1_19' title="bbox 45 1838 1774 1907">
     <span class='ocr_line' id='line_1_19' title="bbox 45 1838 1774 1907; baseline 0 -18"><span class='ocrx_word' id='word_1_131' title='bbox 45 1838 244 1890; x_wconf 78' lang='lat' dir='ltr'>nitate</span> <span class='ocrx_word' id='word_1_132' title='bbox 286 1839 432 1891; x_wconf 88' lang='lat' dir='ltr'>nihil</span> <span class='ocrx_word' id='word_1_133' title='bbox 468 1838 625 1907; x_wconf 87' lang='lat' dir='ltr'>prius</span> <span class='ocrx_word' id='word_1_134' title='bbox 654 1843 753 1890; x_wconf 88' lang='lat' dir='ltr'>aut</span> <span class='ocrx_word' id='word_1_135' title='bbox 786 1839 1088 1906; x_wconf 78' lang='lat' dir='ltr'>posterius,</span> <span class='ocrx_word' id='word_1_136' title='bbox 1119 1838 1259 1890; x_wconf 84' lang='lat' dir='ltr'>nihil</span> <span class='ocrx_word' id='word_1_137' title='bbox 1299 1839 1484 1906; x_wconf 81' lang='lat' dir='ltr'>majus</span> <span class='ocrx_word' id='word_1_138' title='bbox 1538 1843 1636 1891; x_wconf 91' lang='lat' dir='ltr'>aut</span> <span class='ocrx_word' id='word_1_139' title='bbox 1671 1838 1774 1890; x_wconf 91' lang='lat' dir='ltr'>mi-</span> 
     </span>
    </p>
   </div>
   <div class='ocr_carea' id='block_1_20' title="bbox 44 1927 1779 1996">
    <p class='ocr_par' dir='ltr' id='par_1_20' title="bbox 44 1927 1779 1996">
     <span class='ocr_line' id='line_1_20' title="bbox 44 1927 1779 1996; baseline 0.003 -21"><span class='ocrx_word' id='word_1_140' title='bbox 44 1940 184 1990; x_wconf 88' lang='lat' dir='ltr'>nus,</span> <span class='ocrx_word' id='word_1_141' title='bbox 240 1927 348 1980; x_wconf 88' lang='lat' dir='ltr'>sed</span> <span class='ocrx_word' id='word_1_142' title='bbox 378 1931 510 1978; x_wconf 67' lang='lat' dir='ltr'>tota:</span> <span class='ocrx_word' id='word_1_143' title='bbox 565 1933 678 1978; x_wconf 90' lang='lat' dir='ltr'>tres</span> <span class='ocrx_word' id='word_1_144' title='bbox 738 1943 996 1996; x_wconf 57' lang='lat' dir='ltr'>persona</span> <span class='ocrx_word' id='word_1_145' title='bbox 1031 1933 1327 1980; x_wconf 68' lang='lat' dir='ltr'>coaeternus</span> <span class='ocrx_word' id='word_1_146' title='bbox 1377 1927 1484 1980; x_wconf 88' lang='lat' dir='ltr'>sibi</span> <span class='ocrx_word' id='word_1_147' title='bbox 1540 1931 1672 1980; x_wconf 89' lang='lat' dir='ltr'>sunt</span> <span class='ocrx_word' id='word_1_148' title='bbox 1724 1931 1779 1980; x_wconf 85' lang='lat' dir='ltr'>et</span> 
     </span>
    </p>
   </div>
   <div class='ocr_carea' id='block_1_21' title="bbox 45 2014 1777 2085">
    <p class='ocr_par' dir='ltr' id='par_1_21' title="bbox 45 2014 1777 2085">
     <span class='ocr_line' id='line_1_21' title="bbox 45 2014 1777 2085; baseline 0.002 -21"><span class='ocrx_word' id='word_1_149' title='bbox 45 2016 415 2084; x_wconf 64' lang='lat' dir='ltr'>coaequales.</span> <span class='ocrx_word' id='word_1_150' title='bbox 452 2016 534 2067; x_wconf 90' lang='lat' dir='ltr'>Ita</span> <span class='ocrx_word' id='word_1_151' title='bbox 570 2027 631 2068; x_wconf 84' lang='lat' dir='ltr'>ut</span> <span class='ocrx_word' id='word_1_152' title='bbox 663 2031 761 2084; x_wconf 87' lang='lat' dir='ltr'>per</span> <span class='ocrx_word' id='word_1_153' title='bbox 791 2014 1005 2079; x_wconf 86' lang='lat' dir='ltr'>omnia,</span> <span class='ocrx_word' id='word_1_154' title='bbox 1039 2015 1183 2068; x_wconf 89' lang='lat' dir='ltr'>sicut</span> <span class='ocrx_word' id='word_1_155' title='bbox 1214 2015 1336 2084; x_wconf 88' lang='lat' dir='ltr'>jam</span> <span class='ocrx_word' id='word_1_156' title='bbox 1385 2016 1777 2085; x_wconf 88' lang='lat' dir='ltr'>supradictum</span> 
     </span>
    </p>
   </div>
   <div class='ocr_carea' id='block_1_22' title="bbox 46 2103 1766 2169">
    <p class='ocr_par' dir='ltr' id='par_1_22' title="bbox 46 2103 1766 2169">
     <span class='ocr_line' id='line_1_22' title="bbox 46 2103 1766 2169; baseline 0.004 -17"><span class='ocrx_word' id='word_1_157' title='bbox 46 2107 158 2166; x_wconf 75' lang='lat' dir='ltr'>est,</span> <span class='ocrx_word' id='word_1_158' title='bbox 200 2110 266 2155; x_wconf 85' lang='lat' dir='ltr'>et</span> <span class='ocrx_word' id='word_1_159' title='bbox 302 2103 550 2156; x_wconf 78' lang='lat' dir='ltr'>Trinitas</span> <span class='ocrx_word' id='word_1_160' title='bbox 580 2104 637 2156; x_wconf 90' lang='lat' dir='ltr'>in</span> <span class='ocrx_word' id='word_1_161' title='bbox 669 2104 909 2169; x_wconf 84' lang='lat' dir='ltr'>unitate,</span> <span class='ocrx_word' id='word_1_162' title='bbox 943 2111 999 2157; x_wconf 90' lang='lat' dir='ltr'>et</span> <span class='ocrx_word' id='word_1_163' title='bbox 1054 2104 1240 2157; x_wconf 87' lang='lat' dir='ltr'>unitas</span> <span class='ocrx_word' id='word_1_164' title='bbox 1279 2105 1337 2157; x_wconf 89' lang='lat' dir='ltr'>in</span> <span class='ocrx_word' id='word_1_165' title='bbox 1369 2104 1644 2158; x_wconf 88' lang='lat' dir='ltr'>Trinitate</span> <span class='ocrx_word' id='word_1_166' title='bbox 1677 2121 1766 2159; x_wconf 85' lang='lat' dir='ltr'>ve-</span> 
     </span>
    </p>
   </div>
   <div class='ocr_carea' id='block_1_23' title="bbox 53 2191 1776 2263">
    <p class='ocr_par' dir='ltr' id='par_1_23' title="bbox 53 2191 1776 2263">
     <span class='ocr_line' id='line_1_23' title="bbox 53 2191 1776 2263; baseline 0.003 -22"><span class='ocrx_word' id='word_1_167' title='bbox 53 2191 328 2244; x_wconf 81' lang='lat' dir='ltr'>neranda</span> <span class='ocrx_word' id='word_1_168' title='bbox 358 2192 451 2244; x_wconf 91' lang='lat' dir='ltr'>sit.</span> <span class='ocrx_word' id='word_1_169' title='bbox 485 2192 587 2255; x_wconf 87' lang='lat' dir='ltr'>Qui</span> <span class='ocrx_word' id='word_1_170' title='bbox 622 2193 740 2246; x_wconf 89' lang='lat' dir='ltr'>vult</span> <span class='ocrx_word' id='word_1_171' title='bbox 766 2209 902 2263; x_wconf 84' lang='lat' dir='ltr'>ergo</span> <span class='ocrx_word' id='word_1_172' title='bbox 937 2194 1124 2246; x_wconf 83' lang='lat' dir='ltr'>salvus</span> <span class='ocrx_word' id='word_1_173' title='bbox 1173 2210 1315 2262; x_wconf 86' lang='lat' dir='ltr'>esse,</span> <span class='ocrx_word' id='word_1_174' title='bbox 1359 2193 1436 2247; x_wconf 90' lang='lat' dir='ltr'>ita</span> <span class='ocrx_word' id='word_1_175' title='bbox 1464 2193 1545 2262; x_wconf 65' lang='lat' dir='ltr'>{de</span> <span class='ocrx_word' id='word_1_176' title='bbox 1589 2193 1776 2248; x_wconf 89' lang='lat' dir='ltr'>Trini-</span> 
     </span>
    </p>
   </div>
   <div class='ocr_carea' id='block_1_24' title="bbox 52 2280 513 2333">
    <p class='ocr_par' dir='ltr' id='par_1_24' title="bbox 52 2280 513 2333">
     <span class='ocr_line' id='line_1_24' title="bbox 52 2280 513 2333; baseline 0 -3"><span class='ocrx_word' id='word_1_177' title='bbox 52 2285 175 2331; x_wconf 81' lang='lat' dir='ltr'>tate</span> <span class='ocrx_word' id='word_1_178' title='bbox 209 2280 449 2333; x_wconf 80' lang='lat' dir='ltr'>sentiat.</span> <span class='ocrx_word' id='word_1_179' title='bbox 487 2301 513 2330; x_wconf 85' lang='grc'>››</span> 
     </span>
    </p>
   </div>
   <div class='ocr_carea' id='block_1_25' title="bbox 794 2387 1071 2442">
    <p class='ocr_par' dir='ltr' id='par_1_25' title="bbox 794 2387 1071 2442">
     <span class='ocr_line' id='line_1_25' title="bbox 794 2387 1071 2442; baseline -0.007 0"><span class='ocrx_word' id='word_1_180' title='bbox 794 2387 921 2442; x_wconf 78' lang='lat' dir='ltr'>CAP.</span> <span class='ocrx_word' id='word_1_181' title='bbox 963 2388 1071 2442; x_wconf 82' lang='lat' dir='ltr'>XX.</span> 
     </span>
    </p>
   </div>
   <div class='ocr_carea' id='block_1_26' title="bbox 129 2512 1778 2584">
    <p class='ocr_par' dir='ltr' id='par_1_26' title="bbox 129 2512 1778 2584">
     <span class='ocr_line' id='line_1_26' title="bbox 129 2512 1778 2584; baseline 0.003 -19"><span class='ocrx_word' id='word_1_182' title='bbox 129 2512 486 2566; x_wconf 74' lang='lat' dir='ltr'>Ambrosius</span> <span class='ocrx_word' id='word_1_183' title='bbox 514 2513 946 2567; x_wconf 86' lang='lat' dir='ltr'>Mediolanensis</span> <span class='ocrx_word' id='word_1_184' title='bbox 976 2513 1355 2584; x_wconf 88' lang='lat' dir='ltr'>episcopusin</span> <span class='ocrx_word' id='word_1_185' title='bbox 1403 2514 1548 2567; x_wconf 85' lang='lat' dir='ltr'>libro</span> <span class='ocrx_word' id='word_1_186' title='bbox 1591 2514 1778 2584; x_wconf 86' lang='lat' dir='ltr'>primo</span> 
     </span>
    </p>
   </div>
   <div class='ocr_carea' id='block_1_27' title="bbox 62 2601 1777 2672">
    <p class='ocr_par' dir='ltr' id='par_1_27' title="bbox 62 2601 1777 2672">
     <span class='ocr_line' id='line_1_27' title="bbox 62 2601 1777 2672; baseline 0.002 -19"><span class='ocrx_word' id='word_1_187' title='bbox 62 2617 246 2670; x_wconf 87' lang='lat' dir='ltr'>quem</span> <span class='ocrx_word' id='word_1_188' title='bbox 307 2603 532 2671; x_wconf 81' lang='lat' dir='ltr'>scripsit</span> <span class='ocrx_word' id='word_1_189' title='bbox 578 2602 644 2655; x_wconf 89' lang='lat' dir='ltr'>ad</span> <span class='ocrx_word' id='word_1_190' title='bbox 687 2601 1017 2656; x_wconf 86' lang='lat' dir='ltr'>Gratianum</span> <span class='ocrx_word' id='word_1_191' title='bbox 1064 2602 1468 2672; x_wconf 85' lang='lat' dir='ltr'>imperatorem</span> <span class='ocrx_word' id='word_1_192' title='bbox 1504 2603 1602 2672; x_wconf 85' lang='lat' dir='ltr'>(De</span> <span class='ocrx_word' id='word_1_193' title='bbox 1646 2604 1777 2672; x_wconf 87' lang='lat' dir='ltr'>Spi-</span> 
     </span>
    </p>
   </div>
   <div class='ocr_carea' id='block_1_28' title="bbox 61 2691 1778 2762">
    <p class='ocr_par' dir='ltr' id='par_1_28' title="bbox 61 2691 1778 2762">
     <span class='ocr_line' id='line_1_28' title="bbox 61 2691 1778 2762; baseline 0.003 -20"><span class='ocrx_word' id='word_1_194' title='bbox 61 2695 178 2743; x_wconf 84' lang='lat' dir='ltr'>ritu</span> <span class='ocrx_word' id='word_1_195' title='bbox 229 2700 442 2757; x_wconf 87' lang='lat' dir='ltr'>sancto,</span> <span class='ocrx_word' id='word_1_196' title='bbox 501 2709 622 2762; x_wconf 88' lang='lat' dir='ltr'>cap.</span> <span class='ocrx_word' id='word_1_197' title='bbox 682 2695 765 2757; x_wconf 77' lang='lat' dir='ltr'>tu,</span> <span class='ocrx_word' id='word_1_198' title='bbox 820 2691 972 2759; x_wconf 90' lang='lat' dir='ltr'>iuit.)</span> <span class='ocrx_word' id='word_1_199' title='bbox 1015 2708 1026 2744; x_wconf 94' lang='lat'>:</span> <span class='ocrx_word' id='word_1_200' title='bbox 1082 2693 1233 2757; x_wconf 85' lang='lat' dir='ltr'>Quod</span> <span class='ocrx_word' id='word_1_201' title='bbox 1263 2694 1510 2762; x_wconf 81' lang='lat' dir='ltr'>Spiritus</span> <span class='ocrx_word' id='word_1_202' title='bbox 1560 2699 1778 2747; x_wconf 87' lang='lat' dir='ltr'>sanctus</span> 
     </span>
    </p>
   </div>
   <div class='ocr_carea' id='block_1_29' title="bbox 66 2781 1778 2849">
    <p class='ocr_par' dir='ltr' id='par_1_29' title="bbox 66 2781 1778 2849">
     <span class='ocr_line' id='line_1_29' title="bbox 66 2781 1778 2849; baseline 0.002 -17"><span class='ocrx_word' id='word_1_203' title='bbox 66 2796 187 2832; x_wconf 85' lang='lat' dir='ltr'>cum</span> <span class='ocrx_word' id='word_1_204' title='bbox 231 2796 272 2832; x_wconf 87' lang='lat' dir='ltr'>a</span> <span class='ocrx_word' id='word_1_205' title='bbox 312 2782 473 2833; x_wconf 84' lang='lat' dir='ltr'>Patre</span> <span class='ocrx_word' id='word_1_206' title='bbox 520 2789 570 2833; x_wconf 84' lang='lat' dir='ltr'>et</span> <span class='ocrx_word' id='word_1_207' title='bbox 623 2781 763 2834; x_wconf 84' lang='lat' dir='ltr'>Filio</span> <span class='ocrx_word' id='word_1_208' title='bbox 794 2781 1058 2849; x_wconf 78' lang='lat' dir='ltr'>procedit,</span> <span class='ocrx_word' id='word_1_209' title='bbox 1102 2797 1209 2834; x_wconf 89' lang='lat' dir='ltr'>non</span> <span class='ocrx_word' id='word_1_210' title='bbox 1259 2786 1501 2834; x_wconf 84' lang='lat' dir='ltr'>transeat</span> <span class='ocrx_word' id='word_1_211' title='bbox 1550 2781 1613 2834; x_wconf 84' lang='lat' dir='ltr'>de</span> <span class='ocrx_word' id='word_1_212' title='bbox 1669 2783 1778 2835; x_wconf 91' lang='lat' dir='ltr'>loco</span> 
     </span>
    </p>
   </div>
   <div class='ocr_carea' id='block_1_30' title="bbox 67 2868 1780 2938">
    <p class='ocr_par' dir='ltr' id='par_1_30' title="bbox 67 2868 1780 2938">
     <span class='ocr_line' id='line_1_30' title="bbox 67 2868 1780 2938; baseline 0.003 -20"><span class='ocrx_word' id='word_1_213' title='bbox 67 2868 140 2918; x_wconf 80' lang='lat' dir='ltr'>ad</span> <span class='ocrx_word' id='word_1_214' title='bbox 185 2870 386 2933; x_wconf 79' lang='lat' dir='ltr'>locum,</span> <span class='ocrx_word' id='word_1_215' title='bbox 422 2869 498 2920; x_wconf 90' lang='lat' dir='ltr'>ita</span> <span class='ocrx_word' id='word_1_216' title='bbox 536 2875 778 2921; x_wconf 89' lang='lat' dir='ltr'>tractat:</span> <span class='ocrx_word' id='word_1_217' title='bbox 813 2889 839 2918; x_wconf 78' lang='grc' dir='ltr'>α</span> <span class='ocrx_word' id='word_1_218' title='bbox 893 2869 1114 2922; x_wconf 80' lang='lat' dir='ltr'>Etenim</span> <span class='ocrx_word' id='word_1_219' title='bbox 1143 2869 1187 2922; x_wconf 89' lang='lat' dir='ltr'>si</span> <span class='ocrx_word' id='word_1_220' title='bbox 1236 2870 1305 2923; x_wconf 88' lang='lat' dir='ltr'>de</span> <span class='ocrx_word' id='word_1_221' title='bbox 1354 2870 1476 2923; x_wconf 93' lang='lat' dir='ltr'>loco</span> <span class='ocrx_word' id='word_1_222' title='bbox 1521 2870 1780 2938; x_wconf 85' lang='lat' dir='ltr'>procedit</span> 
     </span>
    </p>
   </div>
   <div class='ocr_carea' id='block_1_31' title="bbox 70 2955 1778 3026">
    <p class='ocr_par' dir='ltr' id='par_1_31' title="bbox 70 2955 1778 3026">
     <span class='ocr_line' id='line_1_31' title="bbox 70 2955 1778 3026; baseline 0.004 -18"><span class='ocrx_word' id='word_1_223' title='bbox 70 2955 344 3024; x_wconf 84' lang='lat' dir='ltr'>Spiritus,</span> <span class='ocrx_word' id='word_1_224' title='bbox 397 2962 453 3009; x_wconf 89' lang='lat' dir='ltr'>et</span> <span class='ocrx_word' id='word_1_225' title='bbox 499 2957 570 3009; x_wconf 86' lang='lat' dir='ltr'>ad</span> <span class='ocrx_word' id='word_1_226' title='bbox 639 2958 828 3010; x_wconf 92' lang='lat' dir='ltr'>locum</span> <span class='ocrx_word' id='word_1_227' title='bbox 882 2957 1104 3021; x_wconf 85' lang='lat' dir='ltr'>transit,</span> <span class='ocrx_word' id='word_1_228' title='bbox 1152 2963 1283 3022; x_wconf 89' lang='lat' dir='ltr'>etc.,</span> <span class='ocrx_word' id='word_1_229' title='bbox 1331 2973 1496 3026; x_wconf 83' lang='lat' dir='ltr'>usque</span> <span class='ocrx_word' id='word_1_230' title='bbox 1543 2959 1616 3011; x_wconf 88' lang='lat' dir='ltr'>ad</span> <span class='ocrx_word' id='word_1_231' title='bbox 1672 2960 1778 3014; x_wconf 68' lang='lat' dir='ltr'>ha’c</span> 
     </span>
    </p>
   </div>
   <div class='ocr_carea' id='block_1_32' title="bbox 69 3045 1782 3116">
    <p class='ocr_par' dir='ltr' id='par_1_32' title="bbox 69 3045 1782 3116">
     <span class='ocr_line' id='line_1_32' title="bbox 69 3045 1782 3116; baseline 0.004 -21"><span class='ocrx_word' id='word_1_232' title='bbox 69 3045 237 3097; x_wconf 79' lang='lat' dir='ltr'>verba</span> <span class='ocrx_word' id='word_1_233' title='bbox 266 3061 279 3098; x_wconf 90' lang='lat'>:</span> <span class='ocrx_word' id='word_1_234' title='bbox 310 3045 373 3097; x_wconf 83' lang='lat' dir='ltr'>Et</span> <span class='ocrx_word' id='word_1_235' title='bbox 422 3045 680 3099; x_wconf 85' lang='lat' dir='ltr'>revelasti</span> <span class='ocrx_word' id='word_1_236' title='bbox 709 3063 774 3100; x_wconf 87' lang='lat' dir='ltr'>ea</span> <span class='ocrx_word' id='word_1_237' title='bbox 821 3045 1093 3116; x_wconf 86' lang='lat' dir='ltr'>parvulis,</span> <span class='ocrx_word' id='word_1_238' title='bbox 1130 3063 1247 3115; x_wconf 69' lang='lat' dir='ltr'>quae</span> <span class='ocrx_word' id='word_1_239' title='bbox 1288 3048 1453 3112; x_wconf 78' lang='lat' dir='ltr'>linem</span> <span class='ocrx_word' id='word_1_240' title='bbox 1481 3049 1654 3116; x_wconf 82' lang='lat' dir='ltr'>capiti</span> <span class='ocrx_word' id='word_1_241' title='bbox 1686 3050 1782 3102; x_wconf 86' lang='lat' dir='ltr'>im-</span> 
     </span>
    </p>
   </div>
   <div class='ocr_carea' id='block_1_33' title="bbox 68 3139 368 3200">
    <p class='ocr_par' dir='ltr' id='par_1_33' title="bbox 68 3139 368 3200">
     <span class='ocr_line' id='line_1_33' title="bbox 68 3139 368 3200; baseline -0.007 -14"><span class='ocrx_word' id='word_1_242' title='bbox 68 3139 308 3200; x_wconf 83' lang='lat' dir='ltr'>po:.~unt.</span> <span class='ocrx_word' id='word_1_243' title='bbox 341 3153 368 3184; x_wconf 73' lang='grc' dir='ltr'>ι)</span> 
     </span>
    </p>
   </div>
   <div class='ocr_carea' id='block_1_34' title="bbox 779 3241 1080 3295">
    <p class='ocr_par' dir='ltr' id='par_1_34' title="bbox 779 3241 1080 3295">
     <span class='ocr_line' id='line_1_34' title="bbox 779 3241 1080 3295; baseline -0.007 0"><span class='ocrx_word' id='word_1_244' title='bbox 779 3241 906 3295; x_wconf 81' lang='lat' dir='ltr'>CAP.</span> <span class='ocrx_word' id='word_1_245' title='bbox 948 3241 1080 3294; x_wconf 89' lang='lat' dir='ltr'>XXI.</span> 
     </span>
    </p>
   </div>
   <div class='ocr_carea' id='block_1_35' title="bbox 145 3361 1781 3431">
    <p class='ocr_par' dir='ltr' id='par_1_35' title="bbox 145 3361 1781 3431">
     <span class='ocr_line' id='line_1_35' title="bbox 145 3361 1781 3431; baseline 0.002 -18"><span class='ocrx_word' id='word_1_246' title='bbox 145 3361 294 3414; x_wconf 88' lang='lat' dir='ltr'>Item</span> <span class='ocrx_word' id='word_1_247' title='bbox 325 3361 478 3414; x_wconf 82' lang='lat' dir='ltr'>idem</span> <span class='ocrx_word' id='word_1_248' title='bbox 520 3361 642 3430; x_wconf 87' lang='lat' dir='ltr'>ipse</span> <span class='ocrx_word' id='word_1_249' title='bbox 696 3361 750 3414; x_wconf 90' lang='lat' dir='ltr'>in</span> <span class='ocrx_word' id='word_1_250' title='bbox 796 3361 1048 3415; x_wconf 88' lang='lat' dir='ltr'>secundo</span> <span class='ocrx_word' id='word_1_251' title='bbox 1101 3361 1291 3415; x_wconf 90' lang='lat' dir='ltr'>libro:</span> <span class='ocrx_word' id='word_1_252' title='bbox 1339 3361 1496 3426; x_wconf 85' lang='lat' dir='ltr'>Quod</span> <span class='ocrx_word' id='word_1_253' title='bbox 1533 3363 1781 3431; x_wconf 82' lang='lat' dir='ltr'>Spiritus</span> 
     </span>
    </p>
   </div>
   <div class='ocr_carea' id='block_1_36' title="bbox 73 3451 1776 3518">
    <p class='ocr_par' dir='ltr' id='par_1_36' title="bbox 73 3451 1776 3518">
     <span class='ocr_line' id='line_1_36' title="bbox 73 3451 1776 3518; baseline 0.004 -19"><span class='ocrx_word' id='word_1_254' title='bbox 73 3456 299 3502; x_wconf 86' lang='lat' dir='ltr'>sanctus</span> <span class='ocrx_word' id='word_1_255' title='bbox 325 3453 466 3504; x_wconf 80' lang='lat' dir='ltr'>sicut</span> <span class='ocrx_word' id='word_1_256' title='bbox 498 3452 738 3502; x_wconf 84' lang='lat' dir='ltr'>mittitur</span> <span class='ocrx_word' id='word_1_257' title='bbox 765 3465 799 3502; x_wconf 90' lang='lat' dir='ltr'>a</span> <span class='ocrx_word' id='word_1_258' title='bbox 820 3453 1000 3514; x_wconf 89' lang='lat' dir='ltr'>Patre,</span> <span class='ocrx_word' id='word_1_259' title='bbox 1047 3453 1127 3504; x_wconf 87' lang='lat' dir='ltr'>ita</span> <span class='ocrx_word' id='word_1_260' title='bbox 1165 3453 1405 3504; x_wconf 83' lang='lat' dir='ltr'>mittitur</span> <span class='ocrx_word' id='word_1_261' title='bbox 1439 3456 1488 3506; x_wconf 87' lang='lat' dir='ltr'>et</span> <span class='ocrx_word' id='word_1_262' title='bbox 1530 3468 1564 3504; x_wconf 91' lang='lat' dir='ltr'>a</span> <span class='ocrx_word' id='word_1_263' title='bbox 1609 3451 1776 3518; x_wconf 88' lang='lat' dir='ltr'>Filio,</span> 
     </span>
    </p>
   </div>
   <div class='ocr_carea' id='block_1_37' title="bbox 76 3540 1782 3611">
    <p class='ocr_par' dir='ltr' id='par_1_37' title="bbox 76 3540 1782 3611">
     <span class='ocr_line' id='line_1_37' title="bbox 76 3540 1782 3611; baseline 0.004 -23"><span class='ocrx_word' id='word_1_264' title='bbox 76 3543 123 3589; x_wconf 85' lang='lat' dir='ltr'>et</span> <span class='ocrx_word' id='word_1_265' title='bbox 159 3540 332 3592; x_wconf 84' lang='lat' dir='ltr'>Filius</span> <span class='ocrx_word' id='word_1_266' title='bbox 379 3541 495 3606; x_wconf 87' lang='lat' dir='ltr'>ipse</span> <span class='ocrx_word' id='word_1_267' title='bbox 538 3541 776 3592; x_wconf 83' lang='lat' dir='ltr'>mittitur</span> <span class='ocrx_word' id='word_1_268' title='bbox 826 3556 857 3591; x_wconf 91' lang='lat' dir='ltr'>a</span> <span class='ocrx_word' id='word_1_269' title='bbox 906 3541 1146 3607; x_wconf 84' lang='lat' dir='ltr'>Spiritu.</span> <span class='ocrx_word' id='word_1_270' title='bbox 1221 3561 1242 3588; x_wconf 79' lang='grc' dir='ltr'>ι</span> <span class='ocrx_word' id='word_1_271' title='bbox 1283 3541 1588 3595; x_wconf 86' lang='lat' dir='ltr'>Considera</span> <span class='ocrx_word' id='word_1_272' title='bbox 1645 3541 1782 3611; x_wconf 85' lang='lat' dir='ltr'>quia</span> 
     </span>
    </p>
   </div>
   <div class='ocr_carea' id='block_1_38' title="bbox 76 3625 1776 3696">
    <p class='ocr_par' dir='ltr' id='par_1_38' title="bbox 76 3625 1776 3696">
     <span class='ocr_line' id='line_1_38' title="bbox 76 3625 1776 3696; baseline 0.002 -18"><span class='ocrx_word' id='word_1_273' title='bbox 76 3625 358 3679; x_wconf 88' lang='lat' dir='ltr'>Dominus</span> <span class='ocrx_word' id='word_1_274' title='bbox 399 3633 592 3680; x_wconf 87' lang='lat' dir='ltr'>noster</span> <span class='ocrx_word' id='word_1_275' title='bbox 618 3629 776 3680; x_wconf 72' lang='lat' dir='ltr'>Iesus</span> <span class='ocrx_word' id='word_1_276' title='bbox 807 3628 1063 3682; x_wconf 85' lang='lat' dir='ltr'>Christus</span> <span class='ocrx_word' id='word_1_277' title='bbox 1113 3629 1169 3681; x_wconf 90' lang='lat' dir='ltr'>iu</span> <span class='ocrx_word' id='word_1_278' title='bbox 1220 3629 1362 3682; x_wconf 89' lang='lat' dir='ltr'>Isaia</span> <span class='ocrx_word' id='word_1_279' title='bbox 1408 3630 1628 3682; x_wconf 91' lang='lat' dir='ltr'>locutus</span> <span class='ocrx_word' id='word_1_280' title='bbox 1673 3635 1776 3696; x_wconf 88' lang='lat' dir='ltr'>est,</span> 
     </span>
    </p>
   </div>
   <div class='ocr_carea' id='block_1_39' title="bbox 75 3715 1776 3788">
    <p class='ocr_par' dir='ltr' id='par_1_39' title="bbox 75 3715 1776 3788">
     <span class='ocr_line' id='line_1_39' title="bbox 75 3715 1776 3788; baseline 0.002 -21"><span class='ocrx_word' id='word_1_281' title='bbox 75 3731 106 3767; x_wconf 85' lang='lat' dir='ltr'>a</span> <span class='ocrx_word' id='word_1_282' title='bbox 128 3715 350 3785; x_wconf 84' lang='lat' dir='ltr'>Spiritu</span> <span class='ocrx_word' id='word_1_283' title='bbox 383 3721 574 3769; x_wconf 86' lang='lat' dir='ltr'>sancto</span> <span class='ocrx_word' id='word_1_284' title='bbox 607 3733 726 3770; x_wconf 87' lang='lat' dir='ltr'>esse</span> <span class='ocrx_word' id='word_1_285' title='bbox 753 3733 812 3770; x_wconf 87' lang='lat' dir='ltr'>se</span> <span class='ocrx_word' id='word_1_286' title='bbox 855 3717 1110 3771; x_wconf 90' lang='lat' dir='ltr'>missum.</span> <span class='ocrx_word' id='word_1_287' title='bbox 1148 3717 1418 3787; x_wconf 76' lang='lat' dir='ltr'>Nunquid</span> <span class='ocrx_word' id='word_1_288' title='bbox 1471 3734 1606 3784; x_wconf 72' lang='lat' dir='ltr'>ergo</span> <span class='ocrx_word' id='word_1_289' title='bbox 1653 3719 1776 3788; x_wconf 83' lang='lat' dir='ltr'>Spi-</span> 
     </span>
    </p>
   </div>
   <div class='ocr_carea' id='block_1_40' title="bbox 79 3804 1778 3876">
    <p class='ocr_par' dir='ltr' id='par_1_40' title="bbox 79 3804 1778 3876">
     <span class='ocr_line' id='line_1_40' title="bbox 79 3804 1778 3876; baseline 0.003 -21"><span class='ocrx_word' id='word_1_290' title='bbox 79 3804 187 3857; x_wconf 86' lang='lat' dir='ltr'>ritu</span> <span class='ocrx_word' id='word_1_291' title='bbox 221 3805 410 3858; x_wconf 88' lang='lat' dir='ltr'>minor</span> <span class='ocrx_word' id='word_1_292' title='bbox 441 3806 632 3870; x_wconf 79' lang='lat' dir='ltr'>Filius,</span> <span class='ocrx_word' id='word_1_293' title='bbox 665 3806 795 3876; x_wconf 85' lang='lat' dir='ltr'>quia</span> <span class='ocrx_word' id='word_1_294' title='bbox 845 3808 1050 3859; x_wconf 89' lang='lat' dir='ltr'>missus</span> <span class='ocrx_word' id='word_1_295' title='bbox 1092 3825 1123 3858; x_wconf 90' lang='lat' dir='ltr'>a</span> <span class='ocrx_word' id='word_1_296' title='bbox 1159 3807 1376 3876; x_wconf 89' lang='lat' dir='ltr'>Spiritu</span> <span class='ocrx_word' id='word_1_297' title='bbox 1432 3809 1556 3860; x_wconf 87' lang='lat' dir='ltr'>est?</span> <span class='ocrx_word' id='word_1_298' title='bbox 1600 3809 1778 3861; x_wconf 85' lang='lat' dir='ltr'>Habes</span> 
     </span>
    </p>
   </div>
   <div class='ocr_carea' id='block_1_41' title="bbox 77 3892 1779 3966">
    <p class='ocr_par' dir='ltr' id='par_1_41' title="bbox 77 3892 1779 3966">
     <span class='ocr_line' id='line_1_41' title="bbox 77 3892 1779 3966; baseline 0.004 -22"><span class='ocrx_word' id='word_1_299' title='bbox 77 3892 248 3961; x_wconf 76' lang='lat' dir='ltr'>igitur</span> <span class='ocrx_word' id='word_1_300' title='bbox 282 3894 580 3962; x_wconf 90' lang='lat' dir='ltr'>scriptum,</span> <span class='ocrx_word' id='word_1_301' title='bbox 612 3895 763 3963; x_wconf 90' lang='lat' dir='ltr'>quod</span> <span class='ocrx_word' id='word_1_302' title='bbox 818 3895 988 3947; x_wconf 79' lang='lat' dir='ltr'>Filius</span> <span class='ocrx_word' id='word_1_303' title='bbox 1019 3911 1051 3948; x_wconf 90' lang='lat' dir='ltr'>a</span> <span class='ocrx_word' id='word_1_304' title='bbox 1104 3897 1264 3948; x_wconf 86' lang='lat' dir='ltr'>Patre</span> <span class='ocrx_word' id='word_1_305' title='bbox 1317 3900 1372 3948; x_wconf 86' lang='lat' dir='ltr'>et</span> <span class='ocrx_word' id='word_1_306' title='bbox 1410 3896 1623 3966; x_wconf 89' lang='lat' dir='ltr'>Spiritu</span> <span class='ocrx_word' id='word_1_307' title='bbox 1655 3898 1779 3965; x_wconf 89' lang='lat' dir='ltr'>ejus</span> 
     </span>
    </p>
   </div>
   <div class='ocr_carea' id='block_1_42' title="bbox 78 3981 1778 4054">
    <p class='ocr_par' dir='ltr' id='par_1_42' title="bbox 78 3981 1778 4054">
     <span class='ocr_line' id='line_1_42' title="bbox 78 3981 1778 4054; baseline 0.004 -22"><span class='ocrx_word' id='word_1_308' title='bbox 78 3981 223 4034; x_wconf 85' lang='lat' dir='ltr'>dicat</span> <span class='ocrx_word' id='word_1_309' title='bbox 252 3999 374 4033; x_wconf 88' lang='lat' dir='ltr'>esse</span> <span class='ocrx_word' id='word_1_310' title='bbox 404 3998 460 4033; x_wconf 89' lang='lat' dir='ltr'>se</span> <span class='ocrx_word' id='word_1_311' title='bbox 494 3982 751 4034; x_wconf 89' lang='lat' dir='ltr'>missum.</span> <span class='ocrx_word' id='word_1_312' title='bbox 795 3985 907 4047; x_wconf 78' lang='lat' dir='ltr'>Ego</span> <span class='ocrx_word' id='word_1_313' title='bbox 954 3998 1092 4047; x_wconf 87' lang='lat' dir='ltr'>sum,</span> <span class='ocrx_word' id='word_1_314' title='bbox 1143 3983 1350 4054; x_wconf 83' lang='lat' dir='ltr'>inquit,</span> <span class='ocrx_word' id='word_1_315' title='bbox 1403 3987 1632 4052; x_wconf 87' lang='lat' dir='ltr'>primus,</span> <span class='ocrx_word' id='word_1_316' title='bbox 1685 4001 1778 4052; x_wconf 71' lang='lat' dir='ltr'>ego</span> 
     </span>
    </p>
   </div>
   <div class='ocr_carea' id='block_1_43' title="bbox 77 4071 1779 4140">
    <p class='ocr_par' dir='ltr' id='par_1_43' title="bbox 77 4071 1779 4140">
     <span class='ocr_line' id='line_1_43' title="bbox 77 4071 1779 4140; baseline 0.004 -20"><span class='ocrx_word' id='word_1_317' title='bbox 77 4073 129 4120; x_wconf 87' lang='lat' dir='ltr'>in</span> <span class='ocrx_word' id='word_1_318' title='bbox 159 4076 440 4129; x_wconf 81' lang='lat' dir='ltr'>aeternum.</span> <span class='ocrx_word' id='word_1_319' title='bbox 474 4076 523 4123; x_wconf 88' lang='lat' dir='ltr'>et</span> <span class='ocrx_word' id='word_1_320' title='bbox 554 4085 744 4124; x_wconf 85' lang='lat' dir='ltr'>manus</span> <span class='ocrx_word' id='word_1_321' title='bbox 795 4087 908 4124; x_wconf 88' lang='lat' dir='ltr'>mea</span> <span class='ocrx_word' id='word_1_322' title='bbox 962 4071 1221 4135; x_wconf 71' lang='lat' dir='ltr'>fundaeit</span> <span class='ocrx_word' id='word_1_323' title='bbox 1275 4080 1498 4140; x_wconf 87' lang='lat' dir='ltr'>terram,</span> <span class='ocrx_word' id='word_1_324' title='bbox 1553 4074 1779 4128; x_wconf 61' lang='lat' dir='ltr'>dextera</span> 
     </span>
    </p>
   </div>
   <div class='ocr_carea' id='block_1_44' title="bbox 80 4159 1777 4228">
    <p class='ocr_par' dir='ltr' id='par_1_44' title="bbox 80 4159 1777 4228">
     <span class='ocr_line' id='line_1_44' title="bbox 80 4159 1777 4228; baseline 0.004 -19"><span class='ocrx_word' id='word_1_325' title='bbox 80 4174 190 4210; x_wconf 83' lang='lat' dir='ltr'>mea</span> <span class='ocrx_word' id='word_1_326' title='bbox 218 4159 479 4212; x_wconf 75' lang='lat' dir='ltr'>solidae-it</span> <span class='ocrx_word' id='word_1_327' title='bbox 508 4159 693 4212; x_wconf 66' lang='lat' dir='ltr'>cirlum</span> <span class='ocrx_word' id='word_1_328' title='bbox 720 4175 732 4224; x_wconf 90' lang='lat'><strong>;</strong></span> <span class='ocrx_word' id='word_1_329' title='bbox 765 4165 821 4212; x_wconf 91' lang='lat' dir='ltr'>et</span> <span class='ocrx_word' id='word_1_330' title='bbox 849 4159 996 4213; x_wconf 86' lang='lat' dir='ltr'>infra</span> <span class='ocrx_word' id='word_1_331' title='bbox 1027 4176 1039 4213; x_wconf 93' lang='lat'>:</span> <span class='ocrx_word' id='word_1_332' title='bbox 1084 4162 1206 4226; x_wconf 90' lang='lat' dir='ltr'>Ego</span> <span class='ocrx_word' id='word_1_333' title='bbox 1248 4163 1452 4214; x_wconf 87' lang='lat' dir='ltr'>locutus</span> <span class='ocrx_word' id='word_1_334' title='bbox 1498 4177 1636 4226; x_wconf 81' lang='lat' dir='ltr'>sum,</span> <span class='ocrx_word' id='word_1_335' title='bbox 1684 4179 1777 4228; x_wconf 87' lang='lat' dir='ltr'>ego</span> 
     </span>
    </p>
   </div>
   <div class='ocr_carea' id='block_1_45' title="bbox 78 4247 1772 4318">
    <p class='ocr_par' dir='ltr' id='par_1_45' title="bbox 78 4247 1772 4318">
     <span class='ocr_line' id='line_1_45' title="bbox 78 4247 1772 4318; baseline 0.005 -20"><span class='ocrx_word' id='word_1_336' title='bbox 78 4250 283 4311; x_wconf 71' lang='lat' dir='ltr'>vocari,</span> <span class='ocrx_word' id='word_1_337' title='bbox 317 4262 411 4312; x_wconf 85' lang='lat' dir='ltr'>ego</span> <span class='ocrx_word' id='word_1_338' title='bbox 461 4247 678 4300; x_wconf 67' lang='lat' dir='ltr'>adduxi</span> <span class='ocrx_word' id='word_1_339' title='bbox 723 4264 859 4312; x_wconf 90' lang='lat' dir='ltr'>eum,</span> <span class='ocrx_word' id='word_1_340' title='bbox 911 4254 961 4301; x_wconf 92' lang='lat' dir='ltr'>et</span> <span class='ocrx_word' id='word_1_341' title='bbox 993 4264 1313 4317; x_wconf 76' lang='lat' dir='ltr'>prosperum</span> <span class='ocrx_word' id='word_1_342' title='bbox 1354 4255 1458 4302; x_wconf 83' lang='lat' dir='ltr'>iter</span> <span class='ocrx_word' id='word_1_343' title='bbox 1507 4251 1624 4318; x_wconf 84' lang='lat' dir='ltr'>ejus</span> <span class='ocrx_word' id='word_1_344' title='bbox 1650 4254 1772 4316; x_wconf 82' lang='lat' dir='ltr'>feci.</span> 
     </span>
    </p>
   </div>
   <div class='ocr_carea' id='block_1_46' title="bbox 1881 521 2925 592">
    <p class='ocr_par' dir='ltr' id='par_1_46' title="bbox 1881 521 2925 592">
     <span class='ocr_line' id='line_1_46' title="bbox 1881 521 2925 592; baseline -0.003 -16"><span class='ocrx_word' id='word_1_345' title='bbox 1881 523 2054 577; x_wconf 85' lang='lat' dir='ltr'>mittit</span> <span class='ocrx_word' id='word_1_346' title='bbox 2084 525 2265 590; x_wconf 86' lang='lat' dir='ltr'>Pater,</span> <span class='ocrx_word' id='word_1_347' title='bbox 2303 521 2474 575; x_wconf 87' lang='lat' dir='ltr'>mittit</span> <span class='ocrx_word' id='word_1_348' title='bbox 2505 529 2560 576; x_wconf 86' lang='lat' dir='ltr'>et</span> <span class='ocrx_word' id='word_1_349' title='bbox 2597 523 2861 592; x_wconf 75' lang='lat' dir='ltr'>Spiritus.</span> <span class='ocrx_word' id='word_1_350' title='bbox 2897 544 2925 573; x_wconf 72' lang='grc' dir='ltr'><strong><em>ι</em></strong></span> 
     </span>
    </p>
   </div>
   <div class='ocr_carea' id='block_1_47' title="bbox 2559 651 2885 705">
    <p class='ocr_par' dir='ltr' id='par_1_47' title="bbox 2559 651 2885 705">
     <span class='ocr_line' id='line_1_47' title="bbox 2559 651 2885 705; baseline 0 -3"><span class='ocrx_word' id='word_1_351' title='bbox 2559 652 2685 702; x_wconf 61' lang='grc' dir='ltr'><strong>(ΖΜ).</strong></span> <span class='ocrx_word' id='word_1_352' title='bbox 2727 651 2885 705; x_wconf 80' lang='lat' dir='ltr'>XXII.</span> 
     </span>
    </p>
   </div>
   <div class='ocr_carea' id='block_1_48' title="bbox 1952 753 3572 824">
    <p class='ocr_par' dir='ltr' id='par_1_48' title="bbox 1952 753 3572 824">
     <span class='ocr_line' id='line_1_48' title="bbox 1952 753 3572 824; baseline -0.002 -16"><span class='ocrx_word' id='word_1_353' title='bbox 1952 756 2092 808; x_wconf 88' lang='lat' dir='ltr'>Item</span> <span class='ocrx_word' id='word_1_354' title='bbox 2124 754 2273 808; x_wconf 88' lang='lat' dir='ltr'>idem</span> <span class='ocrx_word' id='word_1_355' title='bbox 2305 755 2363 807; x_wconf 89' lang='lat' dir='ltr'>in</span> <span class='ocrx_word' id='word_1_356' title='bbox 2395 755 2538 807; x_wconf 87' lang='lat' dir='ltr'>libro</span> <span class='ocrx_word' id='word_1_357' title='bbox 2569 754 2730 806; x_wconf 79' lang='lat' dir='ltr'>tertio</span> <span class='ocrx_word' id='word_1_358' title='bbox 2769 753 2908 824; x_wconf 86' lang='lat' dir='ltr'>(cap.</span> <span class='ocrx_word' id='word_1_359' title='bbox 2951 758 2966 808; x_wconf 92' lang='lat' dir='ltr'>l</span> <span class='ocrx_word' id='word_1_360' title='bbox 3015 761 3062 808; x_wconf 87' lang='lat' dir='ltr'>et</span> <span class='ocrx_word' id='word_1_361' title='bbox 3095 754 3145 824; x_wconf 87' lang='grc'>2)</span> <span class='ocrx_word' id='word_1_362' title='bbox 3175 772 3190 806; x_wconf 88' lang='lat'>:</span> <span class='ocrx_word' id='word_1_363' title='bbox 3239 753 3393 818; x_wconf 85' lang='lat' dir='ltr'>Quod</span> <span class='ocrx_word' id='word_1_364' title='bbox 3439 753 3572 820; x_wconf 86' lang='lat' dir='ltr'>Spi-</span> 
     </span>
    </p>
   </div>
   <div class='ocr_carea' id='block_1_49' title="bbox 1879 840 3568 907">
    <p class='ocr_par' dir='ltr' id='par_1_49' title="bbox 1879 840 3568 907">
     <span class='ocr_line' id='line_1_49' title="bbox 1879 840 3568 907; baseline -0.003 -12"><span class='ocrx_word' id='word_1_365' title='bbox 1879 844 2019 896; x_wconf 84' lang='lat' dir='ltr'>ritus</span> <span class='ocrx_word' id='word_1_366' title='bbox 2050 849 2267 896; x_wconf 86' lang='lat' dir='ltr'>sanetus</span> <span class='ocrx_word' id='word_1_367' title='bbox 2305 859 2338 896; x_wconf 89' lang='lat' dir='ltr'>a</span> <span class='ocrx_word' id='word_1_368' title='bbox 2390 845 2550 896; x_wconf 76' lang='lat' dir='ltr'>Patre</span> <span class='ocrx_word' id='word_1_369' title='bbox 2586 844 2658 895; x_wconf 85' lang='lat' dir='ltr'>sit</span> <span class='ocrx_word' id='word_1_370' title='bbox 2691 847 2882 896; x_wconf 88' lang='lat' dir='ltr'>missus</span> <span class='ocrx_word' id='word_1_371' title='bbox 2933 847 2981 896; x_wconf 86' lang='lat' dir='ltr'>et</span> <span class='ocrx_word' id='word_1_372' title='bbox 3011 844 3176 907; x_wconf 78' lang='lat' dir='ltr'>Filio;</span> <span class='ocrx_word' id='word_1_373' title='bbox 3217 843 3310 894; x_wconf 80' lang='lat' dir='ltr'>ubi</span> <span class='ocrx_word' id='word_1_374' title='bbox 3359 840 3568 901; x_wconf 83' lang='lat' dir='ltr'>missio,</span> 
     </span>
    </p>
   </div>
   <div class='ocr_carea' id='block_1_50' title="bbox 1877 929 3568 1001">
    <p class='ocr_par' dir='ltr' id='par_1_50' title="bbox 1877 929 3568 1001">
     <span class='ocr_line' id='line_1_50' title="bbox 1877 929 3568 1001; baseline -0.004 -17"><span class='ocrx_word' id='word_1_375' title='bbox 1877 934 2146 1000; x_wconf 89' lang='lat' dir='ltr'>processio</span> <span class='ocrx_word' id='word_1_376' title='bbox 2193 933 2537 997; x_wconf 71' lang='lat' dir='ltr'>intelligitur.</span> <span class='ocrx_word' id='word_1_377' title='bbox 2585 951 2611 980; x_wconf 83' lang='grc'><strong>‹‹</strong></span> <span class='ocrx_word' id='word_1_378' title='bbox 2658 931 2937 999; x_wconf 86' lang='lat' dir='ltr'>Spiritum</span> <span class='ocrx_word' id='word_1_379' title='bbox 3000 946 3230 1001; x_wconf 84' lang='lat' dir='ltr'>quoque</span> <span class='ocrx_word' id='word_1_380' title='bbox 3279 935 3335 982; x_wconf 86' lang='lat' dir='ltr'>et</span> <span class='ocrx_word' id='word_1_381' title='bbox 3405 929 3568 980; x_wconf 80' lang='lat' dir='ltr'>Pater</span> 
     </span>
    </p>
   </div>
   <div class='ocr_carea' id='block_1_51' title="bbox 1883 1018 3569 1089">
    <p class='ocr_par' dir='ltr' id='par_1_51' title="bbox 1883 1018 3569 1089">
     <span class='ocr_line' id='line_1_51' title="bbox 1883 1018 3569 1089; baseline -0.004 -16"><span class='ocrx_word' id='word_1_382' title='bbox 1883 1021 2035 1073; x_wconf 87' lang='lat' dir='ltr'>misit</span> <span class='ocrx_word' id='word_1_383' title='bbox 2068 1027 2126 1072; x_wconf 92' lang='lat' dir='ltr'>ut</span> <span class='ocrx_word' id='word_1_384' title='bbox 2159 1020 2347 1080; x_wconf 80' lang='lat' dir='ltr'>Filius,</span> <span class='ocrx_word' id='word_1_385' title='bbox 2381 1022 2545 1073; x_wconf 77' lang='lat' dir='ltr'>Pater</span> <span class='ocrx_word' id='word_1_386' title='bbox 2581 1020 2733 1072; x_wconf 75' lang='lat' dir='ltr'>misit</span> <span class='ocrx_word' id='word_1_387' title='bbox 2765 1020 2899 1089; x_wconf 78' lang='lat' dir='ltr'>quia</span> <span class='ocrx_word' id='word_1_388' title='bbox 2930 1021 3204 1088; x_wconf 89' lang='lat' dir='ltr'>scriptum</span> <span class='ocrx_word' id='word_1_389' title='bbox 3240 1021 3323 1070; x_wconf 86' lang='lat' dir='ltr'>est</span> <span class='ocrx_word' id='word_1_390' title='bbox 3354 1033 3366 1069; x_wconf 89' lang='lat'>:</span> <span class='ocrx_word' id='word_1_391' title='bbox 3402 1018 3569 1069; x_wconf 83' lang='lat' dir='ltr'>Paru-</span> 
     </span>
    </p>
   </div>
   <div class='ocr_carea' id='block_1_52' title="bbox 1881 1107 3572 1177">
    <p class='ocr_par' dir='ltr' id='par_1_52' title="bbox 1881 1107 3572 1177">
     <span class='ocr_line' id='line_1_52' title="bbox 1881 1107 3572 1177; baseline -0.005 -14"><span class='ocrx_word' id='word_1_392' title='bbox 1881 1111 2042 1163; x_wconf 85' lang='lat' dir='ltr'>cleius</span> <span class='ocrx_word' id='word_1_393' title='bbox 2070 1115 2246 1162; x_wconf 83' lang='lat' dir='ltr'>autem</span> <span class='ocrx_word' id='word_1_394' title='bbox 2293 1111 2383 1162; x_wconf 84' lang='lat' dir='ltr'>ille</span> <span class='ocrx_word' id='word_1_395' title='bbox 2422 1110 2664 1177; x_wconf 75' lang='lat' dir='ltr'>Spiritus</span> <span class='ocrx_word' id='word_1_396' title='bbox 2718 1116 2934 1162; x_wconf 88' lang='lat' dir='ltr'>sanctus</span> <span class='ocrx_word' id='word_1_397' title='bbox 2994 1125 3150 1177; x_wconf 83' lang='lat' dir='ltr'>quem</span> <span class='ocrx_word' id='word_1_398' title='bbox 3195 1109 3369 1160; x_wconf 81' lang='lat' dir='ltr'>mittet</span> <span class='ocrx_word' id='word_1_399' title='bbox 3416 1107 3572 1158; x_wconf 83' lang='lat' dir='ltr'>I&#39;uter</span> 
     </span>
    </p>
   </div>
   <div class='ocr_carea' id='block_1_53' title="bbox 1882 1194 3574 1266">
    <p class='ocr_par' dir='ltr' id='par_1_53' title="bbox 1882 1194 3574 1266">
     <span class='ocr_line' id='line_1_53' title="bbox 1882 1194 3574 1266; baseline -0.005 -14"><span class='ocrx_word' id='word_1_400' title='bbox 1882 1201 1938 1252; x_wconf 88' lang='lat' dir='ltr'>in</span> <span class='ocrx_word' id='word_1_401' title='bbox 1964 1204 2173 1252; x_wconf 86' lang='lat' dir='ltr'>nomine</span> <span class='ocrx_word' id='word_1_402' title='bbox 2223 1216 2353 1265; x_wconf 89' lang='lat' dir='ltr'>meo,</span> <span class='ocrx_word' id='word_1_403' title='bbox 2397 1205 2525 1258; x_wconf 90' lang='lat' dir='ltr'>etc..</span> <span class='ocrx_word' id='word_1_404' title='bbox 2574 1215 2742 1266; x_wconf 83' lang='lat' dir='ltr'>usque</span> <span class='ocrx_word' id='word_1_405' title='bbox 2797 1201 2870 1252; x_wconf 88' lang='lat' dir='ltr'>ad</span> <span class='ocrx_word' id='word_1_406' title='bbox 2927 1201 3034 1252; x_wconf 72' lang='lat' dir='ltr'>haec</span> <span class='ocrx_word' id='word_1_407' title='bbox 3083 1198 3245 1252; x_wconf 80' lang='lat' dir='ltr'>verba</span> <span class='ocrx_word' id='word_1_408' title='bbox 3286 1212 3298 1250; x_wconf 92' lang='lat'>:</span> <span class='ocrx_word' id='word_1_409' title='bbox 3354 1194 3574 1264; x_wconf 77' lang='lat' dir='ltr'>Digitus</span> 
     </span>
    </p>
   </div>
   <div class='ocr_carea' id='block_1_54' title="bbox 1884 1288 3052 1358">
    <p class='ocr_par' dir='ltr' id='par_1_54' title="bbox 1884 1288 3052 1358">
     <span class='ocr_line' id='line_1_54' title="bbox 1884 1288 3052 1358; baseline 0.001 -17"><span class='ocrx_word' id='word_1_410' title='bbox 1884 1288 1981 1341; x_wconf 83' lang='lat' dir='ltr'>Dei</span> <span class='ocrx_word' id='word_1_411' title='bbox 2011 1288 2327 1358; x_wconf 86' lang='lat' dir='ltr'>appellatus</span> <span class='ocrx_word' id='word_1_412' title='bbox 2348 1294 2430 1342; x_wconf 86' lang='lat' dir='ltr'>est</span> <span class='ocrx_word' id='word_1_413' title='bbox 2467 1288 2711 1358; x_wconf 86' lang='lat' dir='ltr'>Spiritus</span> <span class='ocrx_word' id='word_1_414' title='bbox 2743 1293 2989 1343; x_wconf 86' lang='lat' dir='ltr'>sanctus.</span> <span class='ocrx_word' id='word_1_415' title='bbox 3025 1310 3052 1336; x_wconf 83' lang='grc'><strong>››</strong></span> 
     </span>
    </p>
   </div>
   <div class='ocr_carea' id='block_1_55' title="bbox 2546 1416 2896 1468">
    <p class='ocr_par' dir='ltr' id='par_1_55' title="bbox 2546 1416 2896 1468">
     <span class='ocr_line' id='line_1_55' title="bbox 2546 1416 2896 1468; baseline -0.003 0"><span class='ocrx_word' id='word_1_416' title='bbox 2546 1416 2672 1468; x_wconf 74' lang='lat' dir='ltr'>CAP.</span> <span class='ocrx_word' id='word_1_417' title='bbox 2716 1416 2896 1468; x_wconf 88' lang='lat' dir='ltr'>XXIII.</span> 
     </span>
    </p>
   </div>
   <div class='ocr_carea' id='block_1_56' title="bbox 1957 1517 3570 1590">
    <p class='ocr_par' dir='ltr' id='par_1_56' title="bbox 1957 1517 3570 1590">
     <span class='ocr_line' id='line_1_56' title="bbox 1957 1517 3570 1590; baseline -0.002 -17"><span class='ocrx_word' id='word_1_418' title='bbox 1957 1522 2095 1574; x_wconf 90' lang='lat' dir='ltr'>Item</span> <span class='ocrx_word' id='word_1_419' title='bbox 2142 1519 2290 1573; x_wconf 85' lang='lat' dir='ltr'>idem</span> <span class='ocrx_word' id='word_1_420' title='bbox 2341 1519 2461 1589; x_wconf 86' lang='lat' dir='ltr'>ipse</span> <span class='ocrx_word' id='word_1_421' title='bbox 2512 1520 2570 1574; x_wconf 88' lang='lat' dir='ltr'>iu</span> <span class='ocrx_word' id='word_1_422' title='bbox 2620 1523 2817 1575; x_wconf 88' lang='lat' dir='ltr'>eodem</span> <span class='ocrx_word' id='word_1_423' title='bbox 2854 1521 2997 1575; x_wconf 87' lang='lat' dir='ltr'>libro</span> <span class='ocrx_word' id='word_1_424' title='bbox 3033 1522 3174 1590; x_wconf 82' lang='lat' dir='ltr'>(cap.</span> <span class='ocrx_word' id='word_1_425' title='bbox 3217 1522 3284 1574; x_wconf 75' lang='grc'>20</span> <span class='ocrx_word' id='word_1_426' title='bbox 3332 1522 3380 1571; x_wconf 90' lang='lat' dir='ltr'>el</span> <span class='ocrx_word' id='word_1_427' title='bbox 3430 1517 3518 1585; x_wconf 78' lang='lat'>2|)</span> <span class='ocrx_word' id='word_1_428' title='bbox 3558 1533 3570 1570; x_wconf 87' lang='lat'><strong>:</strong></span> 
     </span>
    </p>
   </div>
   <div class='ocr_carea' id='block_1_57' title="bbox 1885 1608 3574 1678">
    <p class='ocr_par' dir='ltr' id='par_1_57' title="bbox 1885 1608 3574 1678">
     <span class='ocr_line' id='line_1_57' title="bbox 1885 1608 3574 1678; baseline -0.003 -16"><span class='ocrx_word' id='word_1_429' title='bbox 1885 1609 2040 1675; x_wconf 87' lang='lat' dir='ltr'>Quod</span> <span class='ocrx_word' id='word_1_430' title='bbox 2085 1611 2280 1676; x_wconf 83' lang='lat' dir='ltr'>ﬂuvius</span> <span class='ocrx_word' id='word_1_431' title='bbox 2329 1608 2393 1660; x_wconf 89' lang='lat' dir='ltr'>de</span> <span class='ocrx_word' id='word_1_432' title='bbox 2443 1609 2564 1662; x_wconf 88' lang='lat' dir='ltr'>sede</span> <span class='ocrx_word' id='word_1_433' title='bbox 2613 1612 2704 1663; x_wconf 88' lang='lat' dir='ltr'>Dei</span> <span class='ocrx_word' id='word_1_434' title='bbox 2736 1614 2785 1663; x_wconf 87' lang='lat' dir='ltr'>et</span> <span class='ocrx_word' id='word_1_435' title='bbox 2821 1612 2952 1676; x_wconf 75' lang='lat' dir='ltr'>agni</span> <span class='ocrx_word' id='word_1_436' title='bbox 2994 1609 3285 1678; x_wconf 81' lang='lat' dir='ltr'>procedens</span> <span class='ocrx_word' id='word_1_437' title='bbox 3331 1608 3574 1675; x_wconf 80' lang='lat' dir='ltr'>Spiritus</span> 
     </span>
    </p>
   </div>
   <div class='ocr_carea' id='block_1_58' title="bbox 1883 1697 3575 1765">
    <p class='ocr_par' dir='ltr' id='par_1_58' title="bbox 1883 1697 3575 1765">
     <span class='ocr_line' id='line_1_58' title="bbox 1883 1697 3575 1765; baseline -0.005 -13"><span class='ocrx_word' id='word_1_438' title='bbox 1883 1701 2202 1763; x_wconf 85' lang='lat' dir='ltr'>sanctussit,</span> <span class='ocrx_word' id='word_1_439' title='bbox 2238 1699 2330 1750; x_wconf 84' lang='lat' dir='ltr'>ubi</span> <span class='ocrx_word' id='word_1_440' title='bbox 2361 1699 2686 1764; x_wconf 76' lang='lat' dir='ltr'>intelligitur</span> <span class='ocrx_word' id='word_1_441' title='bbox 2717 1699 2833 1765; x_wconf 88' lang='lat' dir='ltr'>ejus</span> <span class='ocrx_word' id='word_1_442' title='bbox 2882 1715 2916 1751; x_wconf 89' lang='lat' dir='ltr'>a</span> <span class='ocrx_word' id='word_1_443' title='bbox 2959 1700 3116 1751; x_wconf 88' lang='lat' dir='ltr'>Patre</span> <span class='ocrx_word' id='word_1_444' title='bbox 3159 1703 3208 1750; x_wconf 86' lang='lat' dir='ltr'>et</span> <span class='ocrx_word' id='word_1_445' title='bbox 3255 1697 3394 1750; x_wconf 84' lang='lat' dir='ltr'>Filio</span> <span class='ocrx_word' id='word_1_446' title='bbox 3440 1710 3575 1761; x_wconf 76' lang='lat' dir='ltr'>pro-</span> 
     </span>
    </p>
   </div>
   <div class='ocr_carea' id='block_1_59' title="bbox 1886 1782 3572 1856">
    <p class='ocr_par' dir='ltr' id='par_1_59' title="bbox 1886 1782 3572 1856">
     <span class='ocr_line' id='line_1_59' title="bbox 1886 1782 3572 1856; baseline -0.006 -15"><span class='ocrx_word' id='word_1_447' title='bbox 1886 1791 2067 1841; x_wconf 87' lang='lat' dir='ltr'>cessio.</span> <span class='ocrx_word' id='word_1_448' title='bbox 2108 1809 2127 1834; x_wconf 74' lang='grc' dir='ltr'><strong>ι</strong></span> <span class='ocrx_word' id='word_1_449' title='bbox 2169 1787 2348 1839; x_wconf 83' lang='lat' dir='ltr'>Habet</span> <span class='ocrx_word' id='word_1_450' title='bbox 2401 1802 2538 1855; x_wconf 81' lang='lat' dir='ltr'>ergo</span> <span class='ocrx_word' id='word_1_451' title='bbox 2587 1786 2829 1856; x_wconf 84' lang='lat' dir='ltr'>Spiritus</span> <span class='ocrx_word' id='word_1_452' title='bbox 2873 1787 3022 1856; x_wconf 88' lang='lat' dir='ltr'>quod</span> <span class='ocrx_word' id='word_1_453' title='bbox 3074 1785 3246 1838; x_wconf 85' lang='lat' dir='ltr'>habet</span> <span class='ocrx_word' id='word_1_454' title='bbox 3295 1782 3572 1836; x_wconf 82' lang='lat' dir='ltr'>Christus.</span> 
     </span>
    </p>
   </div>
   <div class='ocr_carea' id='block_1_60' title="bbox 1888 1870 3578 1945">
    <p class='ocr_par' dir='ltr' id='par_1_60' title="bbox 1888 1870 3578 1945">
     <span class='ocr_line' id='line_1_60' title="bbox 1888 1870 3578 1945; baseline -0.006 -15"><span class='ocrx_word' id='word_1_455' title='bbox 1888 1875 2069 1930; x_wconf 85' lang='lat' dir='ltr'>Ilabet</span> <span class='ocrx_word' id='word_1_456' title='bbox 2105 1876 2278 1944; x_wconf 78' lang='lat' dir='ltr'>igitur</span> <span class='ocrx_word' id='word_1_457' title='bbox 2307 1875 2457 1945; x_wconf 88' lang='lat' dir='ltr'>quod</span> <span class='ocrx_word' id='word_1_458' title='bbox 2487 1876 2658 1928; x_wconf 87' lang='lat' dir='ltr'>habet</span> <span class='ocrx_word' id='word_1_459' title='bbox 2693 1877 2857 1941; x_wconf 87' lang='lat' dir='ltr'>Deus,</span> <span class='ocrx_word' id='word_1_460' title='bbox 2885 1876 3018 1945; x_wconf 86' lang='lat' dir='ltr'>quia</span> <span class='ocrx_word' id='word_1_461' title='bbox 3040 1874 3236 1927; x_wconf 86' lang='lat' dir='ltr'>omnia</span> <span class='ocrx_word' id='word_1_462' title='bbox 3257 1889 3385 1943; x_wconf 81' lang='lat' dir='ltr'>quae</span> <span class='ocrx_word' id='word_1_463' title='bbox 3409 1870 3578 1923; x_wconf 85' lang='lat' dir='ltr'>habet</span> 
     </span>
    </p>
   </div>
   <div class='ocr_carea' id='block_1_61' title="bbox 1889 1964 3579 2034">
    <p class='ocr_par' dir='ltr' id='par_1_61' title="bbox 1889 1964 3579 2034">
     <span class='ocr_line' id='line_1_61' title="bbox 1889 1964 3579 2034; baseline -0.005 -16"><span class='ocrx_word' id='word_1_464' title='bbox 1889 1966 2073 2029; x_wconf 86' lang='lat' dir='ltr'>Pater,</span> <span class='ocrx_word' id='word_1_465' title='bbox 2108 1964 2278 2016; x_wconf 85' lang='lat' dir='ltr'>habet</span> <span class='ocrx_word' id='word_1_466' title='bbox 2317 1970 2372 2016; x_wconf 91' lang='lat' dir='ltr'>et</span> <span class='ocrx_word' id='word_1_467' title='bbox 2423 1964 2610 2016; x_wconf 76' lang='lat' dir='ltr'>Filius.</span> <span class='ocrx_word' id='word_1_468' title='bbox 2677 1964 2923 2034; x_wconf 89' lang='lat' dir='ltr'>Ideoque</span> <span class='ocrx_word' id='word_1_469' title='bbox 2975 1964 3158 2016; x_wconf 78' lang='lat' dir='ltr'>dixit:</span> <span class='ocrx_word' id='word_1_470' title='bbox 3211 1964 3407 2018; x_wconf 85' lang='lat' dir='ltr'>Omnia</span> <span class='ocrx_word' id='word_1_471' title='bbox 3461 1972 3579 2026; x_wconf 74' lang='lat' dir='ltr'>qua:</span> 
     </span>
    </p>
   </div>
   <div class='ocr_carea' id='block_1_62' title="bbox 1887 2048 3580 2122">
    <p class='ocr_par' dir='ltr' id='par_1_62' title="bbox 1887 2048 3580 2122">
     <span class='ocr_line' id='line_1_62' title="bbox 1887 2048 3580 2122; baseline -0.005 -16"><span class='ocrx_word' id='word_1_472' title='bbox 1887 2053 2044 2106; x_wconf 79' lang='lat' dir='ltr'>habet</span> <span class='ocrx_word' id='word_1_473' title='bbox 2077 2055 2257 2119; x_wconf 83' lang='lat' dir='ltr'>Pater,</span> <span class='ocrx_word' id='word_1_474' title='bbox 2293 2069 2406 2105; x_wconf 85' lang='lat' dir='ltr'>mea</span> <span class='ocrx_word' id='word_1_475' title='bbox 2442 2057 2568 2106; x_wconf 90' lang='lat' dir='ltr'>sunt</span> <span class='ocrx_word' id='word_1_476' title='bbox 2614 2053 2790 2122; x_wconf 87' lang='lat' dir='ltr'>(Joan.</span> <span class='ocrx_word' id='word_1_477' title='bbox 2841 2069 2951 2116; x_wconf 81' lang='lat' dir='ltr'>xvi,</span> <span class='ocrx_word' id='word_1_478' title='bbox 2993 2055 3090 2118; x_wconf 67' lang='grc' dir='ltr'>ιδ).</span> <span class='ocrx_word' id='word_1_479' title='bbox 3123 2052 3232 2104; x_wconf 85' lang='lat' dir='ltr'>Nec</span> <span class='ocrx_word' id='word_1_480' title='bbox 3279 2048 3417 2102; x_wconf 91' lang='lat' dir='ltr'>illud</span> <span class='ocrx_word' id='word_1_481' title='bbox 3446 2063 3580 2114; x_wconf 80' lang='lat' dir='ltr'>me-</span> 
     </span>
    </p>
   </div>
   <div class='ocr_carea' id='block_1_63' title="bbox 1885 2135 3579 2210">
    <p class='ocr_par' dir='ltr' id='par_1_63' title="bbox 1885 2135 3579 2210">
     <span class='ocr_line' id='line_1_63' title="bbox 1885 2135 3579 2210; baseline -0.004 -16"><span class='ocrx_word' id='word_1_482' title='bbox 1885 2141 2074 2194; x_wconf 86' lang='lat' dir='ltr'>diocre</span> <span class='ocrx_word' id='word_1_483' title='bbox 2101 2147 2203 2206; x_wconf 88' lang='lat' dir='ltr'>est,</span> <span class='ocrx_word' id='word_1_484' title='bbox 2237 2141 2384 2210; x_wconf 89' lang='lat' dir='ltr'>quod</span> <span class='ocrx_word' id='word_1_485' title='bbox 2441 2141 2508 2194; x_wconf 87' lang='lat' dir='ltr'>de</span> <span class='ocrx_word' id='word_1_486' title='bbox 2550 2141 2753 2194; x_wconf 86' lang='lat' dir='ltr'>throno</span> <span class='ocrx_word' id='word_1_487' title='bbox 2799 2143 2895 2194; x_wconf 85' lang='lat' dir='ltr'>Dei</span> <span class='ocrx_word' id='word_1_488' title='bbox 2953 2141 3103 2194; x_wconf 75' lang='lat' dir='ltr'>exire</span> <span class='ocrx_word' id='word_1_489' title='bbox 3150 2139 3382 2193; x_wconf 88' lang='lat' dir='ltr'>lluvium</span> <span class='ocrx_word' id='word_1_490' title='bbox 3443 2135 3579 2204; x_wconf 80' lang='lat' dir='ltr'>legi-</span> 
     </span>
    </p>
   </div>
   <div class='ocr_carea' id='block_1_64' title="bbox 1889 2229 3578 2299">
    <p class='ocr_par' dir='ltr' id='par_1_64' title="bbox 1889 2229 3578 2299">
     <span class='ocr_line' id='line_1_64' title="bbox 1889 2229 3578 2299; baseline -0.004 -17"><span class='ocrx_word' id='word_1_491' title='bbox 1889 2246 2033 2282; x_wconf 87' lang='lat' dir='ltr'>mus.</span> <span class='ocrx_word' id='word_1_492' title='bbox 2063 2229 2152 2282; x_wconf 90' lang='lat' dir='ltr'>Sic</span> <span class='ocrx_word' id='word_1_493' title='bbox 2174 2229 2322 2281; x_wconf 83' lang='lat' dir='ltr'>enini</span> <span class='ocrx_word' id='word_1_494' title='bbox 2355 2229 2490 2282; x_wconf 86' lang='lat' dir='ltr'>dicit</span> <span class='ocrx_word' id='word_1_495' title='bbox 2533 2231 2780 2283; x_wconf 83' lang='lat' dir='ltr'>Joannes</span> <span class='ocrx_word' id='word_1_496' title='bbox 2833 2229 3225 2299; x_wconf 79' lang='lat' dir='ltr'>evangelista:</span> <span class='ocrx_word' id='word_1_497' title='bbox 3283 2229 3352 2280; x_wconf 88' lang='lat' dir='ltr'>Et</span> <span class='ocrx_word' id='word_1_498' title='bbox 3403 2231 3578 2278; x_wconf 87' lang='lat' dir='ltr'>osten-</span> 
     </span>
    </p>
   </div>
   <div class='ocr_carea' id='block_1_65' title="bbox 1887 2319 3577 2387">
    <p class='ocr_par' dir='ltr' id='par_1_65' title="bbox 1887 2319 3577 2387">
     <span class='ocr_line' id='line_1_65' title="bbox 1887 2319 3577 2387; baseline -0.004 -16"><span class='ocrx_word' id='word_1_499' title='bbox 1887 2319 1969 2372; x_wconf 89' lang='lat' dir='ltr'>dit</span> <span class='ocrx_word' id='word_1_500' title='bbox 1997 2321 2133 2372; x_wconf 69' lang='lat' dir='ltr'>mi/ti</span> <span class='ocrx_word' id='word_1_501' title='bbox 2159 2322 2353 2386; x_wconf 80' lang='lat' dir='ltr'>[tamen</span> <span class='ocrx_word' id='word_1_502' title='bbox 2381 2335 2536 2387; x_wconf 75' lang='lat' dir='ltr'>aqua:</span> <span class='ocrx_word' id='word_1_503' title='bbox 2573 2321 2729 2378; x_wconf 64' lang='lat' dir='ltr'>vii-te,</span> <span class='ocrx_word' id='word_1_504' title='bbox 2777 2319 3120 2386; x_wconf 85' lang='lat' dir='ltr'>splendidum</span> <span class='ocrx_word' id='word_1_505' title='bbox 3156 2325 3414 2384; x_wconf 80' lang='lat' dir='ltr'>tanquam</span> <span class='ocrx_word' id='word_1_506' title='bbox 3458 2329 3577 2380; x_wconf 77' lang='lat' dir='ltr'>cry-</span> 
     </span>
    </p>
   </div>
   <div class='ocr_carea' id='block_1_66' title="bbox 1886 2401 3632 2474">
    <p class='ocr_par' dir='ltr' id='par_1_66' title="bbox 1886 2401 3632 2474">
     <span class='ocr_line' id='line_1_66' title="bbox 1886 2401 3632 2474; baseline -0.003 -18"><span class='ocrx_word' id='word_1_507' title='bbox 1886 2405 2126 2462; x_wconf 83' lang='lat' dir='ltr'>stallum.</span> <span class='ocrx_word' id='word_1_508' title='bbox 2165 2403 2454 2471; x_wconf 81' lang='lat' dir='ltr'>procedens</span> <span class='ocrx_word' id='word_1_509' title='bbox 2497 2403 2562 2456; x_wconf 89' lang='lat' dir='ltr'>de</span> <span class='ocrx_word' id='word_1_510' title='bbox 2617 2404 2738 2456; x_wconf 88' lang='lat' dir='ltr'>sede</span> <span class='ocrx_word' id='word_1_511' title='bbox 2771 2404 2870 2457; x_wconf 87' lang='lat' dir='ltr'>Dei</span> <span class='ocrx_word' id='word_1_512' title='bbox 2917 2409 2967 2458; x_wconf 87' lang='lat' dir='ltr'>et</span> <span class='ocrx_word' id='word_1_513' title='bbox 3015 2405 3177 2469; x_wconf 85' lang='lat' dir='ltr'>agni;</span> <span class='ocrx_word' id='word_1_514' title='bbox 3207 2408 3257 2455; x_wconf 87' lang='lat' dir='ltr'>et</span> <span class='ocrx_word' id='word_1_515' title='bbox 3305 2405 3359 2454; x_wconf 86' lang='lat' dir='ltr'>in</span> <span class='ocrx_word' id='word_1_516' title='bbox 3409 2401 3579 2452; x_wconf 80' lang='lat' dir='ltr'>medio</span> <span class='ocrx_word' id='word_1_517' title='bbox 3629 2470 3632 2474; x_wconf 13' lang='lat' dir='ltr'><strong>t</strong></span> 
     </span>
    </p>
   </div>
   <div class='ocr_carea' id='block_1_67' title="bbox 1884 2492 3576 2561">
    <p class='ocr_par' dir='ltr' id='par_1_67' title="bbox 1884 2492 3576 2561">
     <span class='ocr_line' id='line_1_67' title="bbox 1884 2492 3576 2561; baseline -0.003 -17"><span class='ocrx_word' id='word_1_518' title='bbox 1884 2493 2076 2561; x_wconf 65' lang='lat' dir='ltr'>plateae</span> <span class='ocrx_word' id='word_1_519' title='bbox 2105 2494 2242 2559; x_wconf 79' lang='lat' dir='ltr'>ejus,</span> <span class='ocrx_word' id='word_1_520' title='bbox 2281 2509 2346 2544; x_wconf 69' lang='lat' dir='ltr'>ex</span> <span class='ocrx_word' id='word_1_521' title='bbox 2381 2498 2611 2560; x_wconf 75' lang='lat' dir='ltr'>utraque</span> <span class='ocrx_word' id='word_1_522' title='bbox 2638 2498 2793 2559; x_wconf 86' lang='lat' dir='ltr'>parte</span> <span class='ocrx_word' id='word_1_523' title='bbox 2819 2493 3025 2557; x_wconf 78' lang='lat' dir='ltr'>lignum</span> <span class='ocrx_word' id='word_1_524' title='bbox 3063 2496 3186 2544; x_wconf 74' lang='lat' dir='ltr'>vita;</span> <span class='ocrx_word' id='word_1_525' title='bbox 3216 2492 3424 2555; x_wconf 61' lang='lat' dir='ltr'>[acii-ns</span> <span class='ocrx_word' id='word_1_526' title='bbox 3453 2492 3576 2554; x_wconf 80' lang='lat' dir='ltr'>fru-</span> 
     </span>
    </p>
   </div>
   <div class='ocr_carea' id='block_1_68' title="bbox 1887 2579 3578 2648">
    <p class='ocr_par' dir='ltr' id='par_1_68' title="bbox 1887 2579 3578 2648">
     <span class='ocr_line' id='line_1_68' title="bbox 1887 2579 3578 2648; baseline -0.003 -15"><span class='ocrx_word' id='word_1_527' title='bbox 1887 2586 2049 2634; x_wconf 88' lang='lat' dir='ltr'>ctum.</span> <span class='ocrx_word' id='word_1_528' title='bbox 2114 2581 2397 2634; x_wconf 78' lang='lat' dir='ltr'>Duodecim</span> <span class='ocrx_word' id='word_1_529' title='bbox 2448 2597 2545 2648; x_wconf 86' lang='lat' dir='ltr'>per</span> <span class='ocrx_word' id='word_1_530' title='bbox 2590 2581 2830 2646; x_wconf 80' lang='lat' dir='ltr'>singulos</span> <span class='ocrx_word' id='word_1_531' title='bbox 2878 2596 3079 2633; x_wconf 87' lang='lat' dir='ltr'>menses</span> <span class='ocrx_word' id='word_1_532' title='bbox 3129 2579 3411 2632; x_wconf 50' lang='lat' dir='ltr'>reditentes</span> <span class='ocrx_word' id='word_1_533' title='bbox 3452 2579 3578 2643; x_wconf 78' lang='lat' dir='ltr'>fru-</span> 
     </span>
    </p>
   </div>
   <div class='ocr_carea' id='block_1_69' title="bbox 1887 2669 3563 2736">
    <p class='ocr_par' dir='ltr' id='par_1_69' title="bbox 1887 2669 3563 2736">
     <span class='ocr_line' id='line_1_69' title="bbox 1887 2669 3563 2736; baseline -0.003 -15"><span class='ocrx_word' id='word_1_534' title='bbox 1887 2673 2028 2722; x_wconf 85' lang='lat' dir='ltr'>ctum</span> <span class='ocrx_word' id='word_1_535' title='bbox 2067 2686 2240 2732; x_wconf 89' lang='lat' dir='ltr'>suum,</span> <span class='ocrx_word' id='word_1_536' title='bbox 2271 2674 2320 2722; x_wconf 89' lang='lat' dir='ltr'>et</span> <span class='ocrx_word' id='word_1_537' title='bbox 2344 2671 2483 2733; x_wconf 80' lang='lat' dir='ltr'>folia</span> <span class='ocrx_word' id='word_1_538' title='bbox 2511 2669 2653 2736; x_wconf 79' lang='lat' dir='ltr'>ligni</span> <span class='ocrx_word' id='word_1_539' title='bbox 2687 2669 2760 2721; x_wconf 84' lang='lat' dir='ltr'>ad</span> <span class='ocrx_word' id='word_1_540' title='bbox 2805 2669 3125 2722; x_wconf 81' lang='lat' dir='ltr'>medicinam</span> <span class='ocrx_word' id='word_1_541' title='bbox 3155 2670 3393 2721; x_wconf 87' lang='lat' dir='ltr'>omnium</span> <span class='ocrx_word' id='word_1_542' title='bbox 3445 2681 3563 2733; x_wconf 62' lang='lat' dir='ltr'>gen»</span> 
     </span>
    </p>
   </div>
   <div class='ocr_carea' id='block_1_70' title="bbox 1888 2752 3580 2827">
    <p class='ocr_par' dir='ltr' id='par_1_70' title="bbox 1888 2752 3580 2827">
     <span class='ocr_line' id='line_1_70' title="bbox 1888 2752 3580 2827; baseline -0.004 -17"><span class='ocrx_word' id='word_1_543' title='bbox 1888 2760 2023 2810; x_wconf 87' lang='lat' dir='ltr'>tium</span> <span class='ocrx_word' id='word_1_544' title='bbox 2056 2758 2239 2826; x_wconf 75' lang='lat' dir='ltr'>(Apoc.</span> <span class='ocrx_word' id='word_1_545' title='bbox 2277 2773 2408 2823; x_wconf 80' lang='lat' dir='ltr'>xxu,</span> <span class='ocrx_word' id='word_1_546' title='bbox 2475 2759 2545 2818; x_wconf 89' lang='lat' dir='ltr'>l).</span> <span class='ocrx_word' id='word_1_547' title='bbox 2583 2758 2680 2810; x_wconf 88' lang='lat' dir='ltr'>Ilic</span> <span class='ocrx_word' id='word_1_548' title='bbox 2731 2763 2814 2809; x_wconf 90' lang='lat' dir='ltr'>cst</span> <span class='ocrx_word' id='word_1_549' title='bbox 2847 2758 3041 2827; x_wconf 87' lang='lat' dir='ltr'>utique</span> <span class='ocrx_word' id='word_1_550' title='bbox 3101 2757 3305 2810; x_wconf 85' lang='lat' dir='ltr'>lluvius</span> <span class='ocrx_word' id='word_1_551' title='bbox 3356 2755 3425 2808; x_wconf 89' lang='lat' dir='ltr'>de</span> <span class='ocrx_word' id='word_1_552' title='bbox 3482 2752 3580 2806; x_wconf 90' lang='lat' dir='ltr'>Dei</span> 
     </span>
    </p>
   </div>
   <div class='ocr_carea' id='block_1_71' title="bbox 1887 2841 3581 2915">
    <p class='ocr_par' dir='ltr' id='par_1_71' title="bbox 1887 2841 3581 2915">
     <span class='ocr_line' id='line_1_71' title="bbox 1887 2841 3581 2915; baseline -0.003 -17"><span class='ocrx_word' id='word_1_553' title='bbox 1887 2846 2016 2898; x_wconf 88' lang='lat' dir='ltr'>sedc</span> <span class='ocrx_word' id='word_1_554' title='bbox 2045 2847 2370 2915; x_wconf 86' lang='lat' dir='ltr'>procedens,</span> <span class='ocrx_word' id='word_1_555' title='bbox 2407 2847 2510 2898; x_wconf 91' lang='lat' dir='ltr'>hoc</span> <span class='ocrx_word' id='word_1_556' title='bbox 2539 2852 2623 2897; x_wconf 90' lang='lat' dir='ltr'>est</span> <span class='ocrx_word' id='word_1_557' title='bbox 2652 2846 2893 2915; x_wconf 87' lang='lat' dir='ltr'>Spiritus</span> <span class='ocrx_word' id='word_1_558' title='bbox 2946 2849 3190 2904; x_wconf 85' lang='lat' dir='ltr'>sanctus,</span> <span class='ocrx_word' id='word_1_559' title='bbox 3234 2859 3404 2914; x_wconf 87' lang='lat' dir='ltr'>quem</span> <span class='ocrx_word' id='word_1_560' title='bbox 3437 2841 3581 2896; x_wconf 85' lang='lat' dir='ltr'>bibit</span> 
     </span>
    </p>
   </div>
   <div class='ocr_carea' id='block_1_72' title="bbox 1887 2932 3578 3003">
    <p class='ocr_par' dir='ltr' id='par_1_72' title="bbox 1887 2932 3578 3003">
     <span class='ocr_line' id='line_1_72' title="bbox 1887 2932 3578 3003; baseline -0.004 -17"><span class='ocrx_word' id='word_1_561' title='bbox 1887 2934 1983 3003; x_wconf 90' lang='lat' dir='ltr'>qui</span> <span class='ocrx_word' id='word_1_562' title='bbox 2017 2934 2196 2987; x_wconf 87' lang='lat' dir='ltr'>credit</span> <span class='ocrx_word' id='word_1_563' title='bbox 2225 2935 2284 2986; x_wconf 89' lang='lat' dir='ltr'>in</span> <span class='ocrx_word' id='word_1_564' title='bbox 2307 2933 2618 3001; x_wconf 78' lang='lat' dir='ltr'>Christum,</span> <span class='ocrx_word' id='word_1_565' title='bbox 2668 2933 2813 2986; x_wconf 88' lang='lat' dir='ltr'>sicut</span> <span class='ocrx_word' id='word_1_566' title='bbox 2843 2933 2962 3002; x_wconf 90' lang='lat' dir='ltr'>ipse</span> <span class='ocrx_word' id='word_1_567' title='bbox 2993 2933 3068 2986; x_wconf 86' lang='lat' dir='ltr'>ait</span> <span class='ocrx_word' id='word_1_568' title='bbox 3102 2949 3114 2985; x_wconf 93' lang='lat'>:</span> <span class='ocrx_word' id='word_1_569' title='bbox 3164 2934 3224 2987; x_wconf 90' lang='lat' dir='ltr'>Si</span> <span class='ocrx_word' id='word_1_570' title='bbox 3275 2935 3394 3000; x_wconf 87' lang='lat' dir='ltr'>quis</span> <span class='ocrx_word' id='word_1_571' title='bbox 3439 2932 3578 2992; x_wconf 90' lang='lat' dir='ltr'>sitit,</span> 
     </span>
    </p>
   </div>
   <div class='ocr_carea' id='block_1_73' title="bbox 1886 3019 3581 3087">
    <p class='ocr_par' dir='ltr' id='par_1_73' title="bbox 1886 3019 3581 3087">
     <span class='ocr_line' id='line_1_73' title="bbox 1886 3019 3581 3087; baseline -0.004 -11"><span class='ocrx_word' id='word_1_572' title='bbox 1886 3026 2068 3076; x_wconf 78' lang='lat' dir='ltr'>veniat</span> <span class='ocrx_word' id='word_1_573' title='bbox 2099 3023 2170 3075; x_wconf 88' lang='lat' dir='ltr'>ad</span> <span class='ocrx_word' id='word_1_574' title='bbox 2211 3039 2292 3076; x_wconf 90' lang='lat' dir='ltr'>me</span> <span class='ocrx_word' id='word_1_575' title='bbox 2339 3028 2386 3077; x_wconf 81' lang='lat' dir='ltr'>et</span> <span class='ocrx_word' id='word_1_576' title='bbox 2422 3023 2588 3075; x_wconf 74' lang='lat' dir='ltr'>bibat.</span> <span class='ocrx_word' id='word_1_577' title='bbox 2626 3023 2732 3087; x_wconf 88' lang='lat' dir='ltr'>Qui</span> <span class='ocrx_word' id='word_1_578' title='bbox 2781 3023 2952 3076; x_wconf 72' lang='lat' dir='ltr'>credit</span> <span class='ocrx_word' id='word_1_579' title='bbox 2996 3025 3051 3075; x_wconf 90' lang='lat' dir='ltr'>in</span> <span class='ocrx_word' id='word_1_580' title='bbox 3102 3039 3200 3087; x_wconf 90' lang='lat' dir='ltr'>me,</span> <span class='ocrx_word' id='word_1_581' title='bbox 3255 3023 3394 3074; x_wconf 87' lang='lat' dir='ltr'>sicut</span> <span class='ocrx_word' id='word_1_582' title='bbox 3433 3019 3581 3071; x_wconf 68' lang='lat' dir='ltr'>dixit</span> 
     </span>
    </p>
   </div>
   <div class='ocr_carea' id='block_1_74' title="bbox 1890 3109 3578 3180">
    <p class='ocr_par' dir='ltr' id='par_1_74' title="bbox 1890 3109 3578 3180">
     <span class='ocr_line' id='line_1_74' title="bbox 1890 3109 3578 3180; baseline -0.004 -15"><span class='ocrx_word' id='word_1_583' title='bbox 1890 3114 2198 3180; x_wconf 78' lang='lat' dir='ltr'>Scriptura,</span> <span class='ocrx_word' id='word_1_584' title='bbox 2240 3113 2465 3179; x_wconf 77' lang='lat' dir='ltr'>[lamina</span> <span class='ocrx_word' id='word_1_585' title='bbox 2505 3111 2569 3164; x_wconf 85' lang='lat' dir='ltr'>de</span> <span class='ocrx_word' id='word_1_586' title='bbox 2621 3117 2800 3164; x_wconf 76' lang='lat' dir='ltr'>ventre</span> <span class='ocrx_word' id='word_1_587' title='bbox 2849 3112 2964 3178; x_wconf 83' lang='lat' dir='ltr'>ejus</span> <span class='ocrx_word' id='word_1_588' title='bbox 3006 3115 3172 3178; x_wconf 73' lang='lat' dir='ltr'>[luent</span> <span class='ocrx_word' id='word_1_589' title='bbox 3223 3125 3377 3176; x_wconf 75' lang='lat' dir='ltr'>aqua:</span> <span class='ocrx_word' id='word_1_590' title='bbox 3423 3109 3578 3159; x_wconf 59' lang='lat' dir='ltr'>sicae.</span> 
     </span>
    </p>
   </div>
   <div class='ocr_carea' id='block_1_75' title="bbox 1889 3197 3580 3271">
    <p class='ocr_par' dir='ltr' id='par_1_75' title="bbox 1889 3197 3580 3271">
     <span class='ocr_line' id='line_1_75' title="bbox 1889 3197 3580 3271; baseline -0.005 -17"><span class='ocrx_word' id='word_1_591' title='bbox 1889 3203 1999 3254; x_wconf 88' lang='lat' dir='ltr'>Hoc</span> <span class='ocrx_word' id='word_1_592' title='bbox 2048 3208 2224 3254; x_wconf 80' lang='lat' dir='ltr'>autem</span> <span class='ocrx_word' id='word_1_593' title='bbox 2273 3201 2483 3253; x_wconf 80' lang='lat' dir='ltr'>dicebat</span> <span class='ocrx_word' id='word_1_594' title='bbox 2513 3200 2578 3252; x_wconf 89' lang='lat' dir='ltr'>de</span> <span class='ocrx_word' id='word_1_595' title='bbox 2624 3201 3038 3271; x_wconf 83' lang='lat' dir='ltr'>Spiritu(Joan.</span> <span class='ocrx_word' id='word_1_596' title='bbox 3091 3215 3210 3264; x_wconf 81' lang='lat' dir='ltr'>vui,</span> <span class='ocrx_word' id='word_1_597' title='bbox 3265 3204 3370 3264; x_wconf 78' lang='lat'>38).</span> <span class='ocrx_word' id='word_1_598' title='bbox 3435 3197 3580 3266; x_wconf 75' lang='lat' dir='ltr'>Ergo</span> 
     </span>
    </p>
   </div>
   <div class='ocr_carea' id='block_1_76' title="bbox 1889 3289 2576 3360">
    <p class='ocr_par' dir='ltr' id='par_1_76' title="bbox 1889 3289 2576 3360">
     <span class='ocr_line' id='line_1_76' title="bbox 1889 3289 2576 3360; baseline 0 -18"><span class='ocrx_word' id='word_1_599' title='bbox 1889 3289 2106 3343; x_wconf 84' lang='lat' dir='ltr'>flumen</span> <span class='ocrx_word' id='word_1_600' title='bbox 2137 3295 2222 3343; x_wconf 89' lang='lat' dir='ltr'>est</span> <span class='ocrx_word' id='word_1_601' title='bbox 2253 3289 2514 3360; x_wconf 87' lang='lat' dir='ltr'>Spiritus.</span> <span class='ocrx_word' id='word_1_602' title='bbox 2550 3310 2576 3335; x_wconf 87' lang='grc'><strong>››</strong></span> 
     </span>
    </p>
   </div>
   <div class='ocr_carea' id='block_1_77' title="bbox 2564 3413 2911 3468">
    <p class='ocr_par' dir='ltr' id='par_1_77' title="bbox 2564 3413 2911 3468">
     <span class='ocr_line' id='line_1_77' title="bbox 2564 3413 2911 3468; baseline -0.003 0"><span class='ocrx_word' id='word_1_603' title='bbox 2564 3414 2686 3468; x_wconf 78' lang='lat' dir='ltr'>CAP.</span> <span class='ocrx_word' id='word_1_604' title='bbox 2724 3413 2911 3468; x_wconf 83' lang='lat' dir='ltr'>XXIV.</span> 
     </span>
    </p>
   </div>
   <div class='ocr_carea' id='block_1_78' title="bbox 1962 3534 3583 3608">
    <p class='ocr_par' dir='ltr' id='par_1_78' title="bbox 1962 3534 3583 3608">
     <span class='ocr_line' id='line_1_78' title="bbox 1962 3534 3583 3608; baseline -0.005 -14"><span class='ocrx_word' id='word_1_605' title='bbox 1962 3539 2222 3608; x_wconf 80' lang='lat' dir='ltr'>Cyrillus,</span> <span class='ocrx_word' id='word_1_606' title='bbox 2275 3538 2426 3604; x_wconf 82' lang='lat' dir='ltr'>Quod</span> <span class='ocrx_word' id='word_1_607' title='bbox 2467 3539 2707 3606; x_wconf 86' lang='lat' dir='ltr'>Spiritus</span> <span class='ocrx_word' id='word_1_608' title='bbox 2753 3542 2972 3590; x_wconf 87' lang='lat' dir='ltr'>sanctus</span> <span class='ocrx_word' id='word_1_609' title='bbox 3020 3553 3053 3590; x_wconf 91' lang='lat' dir='ltr'>a</span> <span class='ocrx_word' id='word_1_610' title='bbox 3099 3539 3261 3590; x_wconf 86' lang='lat' dir='ltr'>Patre</span> <span class='ocrx_word' id='word_1_611' title='bbox 3325 3534 3583 3604; x_wconf 87' lang='lat' dir='ltr'>procedat</span> 
     </span>
    </p>
   </div>
   <div class='ocr_carea' id='block_1_79' title="bbox 1888 3623 3581 3696">
    <p class='ocr_par' dir='ltr' id='par_1_79' title="bbox 1888 3623 3581 3696">
     <span class='ocr_line' id='line_1_79' title="bbox 1888 3623 3581 3696; baseline -0.003 -14"><span class='ocrx_word' id='word_1_612' title='bbox 1888 3634 1938 3682; x_wconf 76' lang='lat' dir='ltr'>et</span> <span class='ocrx_word' id='word_1_613' title='bbox 1975 3630 2133 3693; x_wconf 88' lang='lat' dir='ltr'>Filio,</span> <span class='ocrx_word' id='word_1_614' title='bbox 2187 3628 2246 3679; x_wconf 91' lang='lat' dir='ltr'>in</span> <span class='ocrx_word' id='word_1_615' title='bbox 2279 3627 2522 3696; x_wconf 88' lang='lat' dir='ltr'>epistola</span> <span class='ocrx_word' id='word_1_616' title='bbox 2567 3628 2632 3678; x_wconf 89' lang='lat' dir='ltr'>ad</span> <span class='ocrx_word' id='word_1_617' title='bbox 2682 3626 3028 3689; x_wconf 78' lang='lat' dir='ltr'>Nestorium,</span> <span class='ocrx_word' id='word_1_618' title='bbox 3077 3625 3154 3677; x_wconf 91' lang='lat' dir='ltr'>sic</span> <span class='ocrx_word' id='word_1_619' title='bbox 3199 3623 3383 3678; x_wconf 87' lang='lat' dir='ltr'>dicit:</span> <span class='ocrx_word' id='word_1_620' title='bbox 3439 3644 3465 3671; x_wconf 87' lang='grc'>‹‹</span> <span class='ocrx_word' id='word_1_621' title='bbox 3505 3624 3581 3676; x_wconf 88' lang='lat' dir='ltr'>De</span> 
     </span>
    </p>
   </div>
   <div class='ocr_carea' id='block_1_80' title="bbox 1887 3713 3578 3786">
    <p class='ocr_par' dir='ltr' id='par_1_80' title="bbox 1887 3713 3578 3786">
     <span class='ocr_line' id='line_1_80' title="bbox 1887 3713 3578 3786; baseline -0.002 -16"><span class='ocrx_word' id='word_1_622' title='bbox 1887 3717 2100 3786; x_wconf 90' lang='lat' dir='ltr'>Spiritu</span> <span class='ocrx_word' id='word_1_623' title='bbox 2127 3732 2348 3786; x_wconf 90' lang='lat' dir='ltr'>quoque</span> <span class='ocrx_word' id='word_1_624' title='bbox 2393 3730 2520 3767; x_wconf 92' lang='lat' dir='ltr'>cum</span> <span class='ocrx_word' id='word_1_625' title='bbox 2569 3715 2746 3768; x_wconf 92' lang='lat' dir='ltr'>dicit:</span> <span class='ocrx_word' id='word_1_626' title='bbox 2790 3715 2884 3766; x_wconf 83' lang='lat' dir='ltr'>Ille</span> <span class='ocrx_word' id='word_1_627' title='bbox 2923 3730 3002 3766; x_wconf 89' lang='lat' dir='ltr'>me</span> <span class='ocrx_word' id='word_1_628' title='bbox 3021 3713 3343 3780; x_wconf 80' lang='lat' dir='ltr'>clariﬁcubit</span> <span class='ocrx_word' id='word_1_629' title='bbox 3389 3713 3578 3781; x_wconf 77' lang='lat' dir='ltr'>(Joan.</span> 
     </span>
    </p>
   </div>
   <div class='ocr_carea' id='block_1_81' title="bbox 1885 3802 3578 3870">
    <p class='ocr_par' dir='ltr' id='par_1_81' title="bbox 1885 3802 3578 3870">
     <span class='ocr_line' id='line_1_81' title="bbox 1885 3802 3578 3870; baseline -0.003 -10"><span class='ocrx_word' id='word_1_630' title='bbox 1885 3824 1996 3870; x_wconf 83' lang='lat' dir='ltr'>xvi,</span> <span class='ocrx_word' id='word_1_631' title='bbox 2039 3807 2114 3862; x_wconf 61' lang='lat' dir='ltr'>tis)</span> <span class='ocrx_word' id='word_1_632' title='bbox 2152 3821 2163 3858; x_wconf 92' lang='lat'>:</span> <span class='ocrx_word' id='word_1_633' title='bbox 2200 3806 2306 3858; x_wconf 92' lang='lat' dir='ltr'>hoc</span> <span class='ocrx_word' id='word_1_634' title='bbox 2337 3804 2644 3857; x_wconf 85' lang='lat' dir='ltr'>rectissime</span> <span class='ocrx_word' id='word_1_635' title='bbox 2692 3803 3024 3867; x_wconf 83' lang='lat' dir='ltr'>sentientes,</span> <span class='ocrx_word' id='word_1_636' title='bbox 3067 3818 3244 3855; x_wconf 89' lang='lat' dir='ltr'>unum</span> <span class='ocrx_word' id='word_1_637' title='bbox 3294 3802 3578 3855; x_wconf 81' lang='lat' dir='ltr'>Christum</span> 
     </span>
    </p>
   </div>
   <div class='ocr_carea' id='block_1_82' title="bbox 1889 3891 3581 3960">
    <p class='ocr_par' dir='ltr' id='par_1_82' title="bbox 1889 3891 3581 3960">
     <span class='ocr_line' id='line_1_82' title="bbox 1889 3891 3581 3960; baseline -0.004 -11"><span class='ocrx_word' id='word_1_638' title='bbox 1889 3901 1944 3948; x_wconf 87' lang='lat' dir='ltr'>et</span> <span class='ocrx_word' id='word_1_639' title='bbox 1976 3895 2177 3949; x_wconf 78' lang='lat' dir='ltr'>Filium</span> <span class='ocrx_word' id='word_1_640' title='bbox 2219 3910 2330 3947; x_wconf 88' lang='lat' dir='ltr'>non</span> <span class='ocrx_word' id='word_1_641' title='bbox 2381 3893 2532 3946; x_wconf 89' lang='lat' dir='ltr'>velut</span> <span class='ocrx_word' id='word_1_642' title='bbox 2561 3892 2792 3944; x_wconf 86' lang='lat' dir='ltr'>alterius</span> <span class='ocrx_word' id='word_1_643' title='bbox 2843 3897 3106 3960; x_wconf 75' lang='lat' dir='ltr'>egentem</span> <span class='ocrx_word' id='word_1_644' title='bbox 3158 3891 3360 3960; x_wconf 83' lang='lat' dir='ltr'>gloria,</span> <span class='ocrx_word' id='word_1_645' title='bbox 3407 3892 3581 3943; x_wconf 85' lang='lat' dir='ltr'>conti-</span> 
     </span>
    </p>
   </div>
   <div class='ocr_carea' id='block_1_83' title="bbox 1889 3979 3581 4052">
    <p class='ocr_par' dir='ltr' id='par_1_83' title="bbox 1889 3979 3581 4052">
     <span class='ocr_line' id='line_1_83' title="bbox 1889 3979 3581 4052; baseline -0.003 -15"><span class='ocrx_word' id='word_1_646' title='bbox 1889 3989 2081 4038; x_wconf 90' lang='lat' dir='ltr'>tentur</span> <span class='ocrx_word' id='word_1_647' title='bbox 2117 4001 2148 4036; x_wconf 87' lang='lat' dir='ltr'>a</span> <span class='ocrx_word' id='word_1_648' title='bbox 2191 3983 2403 4052; x_wconf 89' lang='lat' dir='ltr'>Spiritu</span> <span class='ocrx_word' id='word_1_649' title='bbox 2455 3986 2646 4034; x_wconf 91' lang='lat' dir='ltr'>sancto</span> <span class='ocrx_word' id='word_1_650' title='bbox 2699 3981 2943 4050; x_wconf 81' lang='lat' dir='ltr'>gloriam</span> <span class='ocrx_word' id='word_1_651' title='bbox 2993 3985 3393 4044; x_wconf 85' lang='lat' dir='ltr'>consecutum;</span> <span class='ocrx_word' id='word_1_652' title='bbox 3446 3979 3581 4049; x_wconf 88' lang='lat' dir='ltr'>quia</span> 
     </span>
    </p>
   </div>
   <div class='ocr_carea' id='block_1_84' title="bbox 1886 4067 3574 4142">
    <p class='ocr_par' dir='ltr' id='par_1_84' title="bbox 1886 4067 3574 4142">
     <span class='ocr_line' id='line_1_84' title="bbox 1886 4067 3574 4142; baseline -0.004 -17"><span class='ocrx_word' id='word_1_653' title='bbox 1886 4073 2128 4142; x_wconf 85' lang='lat' dir='ltr'>Spiritus</span> <span class='ocrx_word' id='word_1_654' title='bbox 2155 4074 2276 4141; x_wconf 89' lang='lat' dir='ltr'>ejus</span> <span class='ocrx_word' id='word_1_655' title='bbox 2309 4087 2411 4124; x_wconf 84' lang='lat' dir='ltr'>nec</span> <span class='ocrx_word' id='word_1_656' title='bbox 2462 4070 2666 4122; x_wconf 88' lang='lat' dir='ltr'>melior</span> <span class='ocrx_word' id='word_1_657' title='bbox 2712 4085 2813 4122; x_wconf 60' lang='lat' dir='ltr'>nec</span> <span class='ocrx_word' id='word_1_658' title='bbox 2845 4069 3106 4137; x_wconf 84' lang='lat' dir='ltr'>superior</span> <span class='ocrx_word' id='word_1_659' title='bbox 3157 4068 3255 4121; x_wconf 92' lang='lat' dir='ltr'>illo</span> <span class='ocrx_word' id='word_1_660' title='bbox 3309 4074 3422 4133; x_wconf 83' lang='lat' dir='ltr'>est;</span> <span class='ocrx_word' id='word_1_661' title='bbox 3483 4067 3574 4120; x_wconf 88' lang='lat' dir='ltr'>sed</span> 
     </span>
    </p>
   </div>
   <div class='ocr_carea' id='block_1_85' title="bbox 1887 4157 3581 4231">
    <p class='ocr_par' dir='ltr' id='par_1_85' title="bbox 1887 4157 3581 4231">
     <span class='ocr_line' id='line_1_85' title="bbox 1887 4157 3581 4231; baseline -0.001 -19"><span class='ocrx_word' id='word_1_662' title='bbox 1887 4162 2020 4231; x_wconf 82' lang='lat' dir='ltr'>quia</span> <span class='ocrx_word' id='word_1_663' title='bbox 2066 4161 2211 4214; x_wconf 90' lang='lat' dir='ltr'>mira</span> <span class='ocrx_word' id='word_1_664' title='bbox 2258 4176 2432 4229; x_wconf 87' lang='lat' dir='ltr'>opera</span> <span class='ocrx_word' id='word_1_665' title='bbox 2481 4159 2690 4212; x_wconf 82' lang='lat' dir='ltr'>faciens</span> <span class='ocrx_word' id='word_1_666' title='bbox 2741 4158 2806 4210; x_wconf 82' lang='lat' dir='ltr'>ad</span> <span class='ocrx_word' id='word_1_667' title='bbox 2863 4157 3410 4211; x_wconf 63' lang='lat' dir='ltr'>demonstrationem</span> <span class='ocrx_word' id='word_1_668' title='bbox 3465 4173 3581 4210; x_wconf 70' lang='lat' dir='ltr'>sua:</span> 
     </span>
    </p>
   </div>
   <div class='ocr_carea' id='block_1_86' title="bbox 1887 4246 3580 4317">
    <p class='ocr_par' dir='ltr' id='par_1_86' title="bbox 1887 4246 3580 4317">
     <span class='ocr_line' id='line_1_86' title="bbox 1887 4246 3580 4317; baseline -0.003 -14"><span class='ocrx_word' id='word_1_669' title='bbox 1887 4251 2114 4303; x_wconf 87' lang='lat' dir='ltr'>deitatis</span> <span class='ocrx_word' id='word_1_670' title='bbox 2178 4250 2384 4301; x_wconf 89' lang='lat' dir='ltr'>virtute</span> <span class='ocrx_word' id='word_1_671' title='bbox 2436 4247 2668 4317; x_wconf 84' lang='lat' dir='ltr'>propria</span> <span class='ocrx_word' id='word_1_672' title='bbox 2723 4247 2966 4316; x_wconf 85' lang='lat' dir='ltr'>Spiritus</span> <span class='ocrx_word' id='word_1_673' title='bbox 3019 4247 3302 4309; x_wconf 85' lang='lat' dir='ltr'>utebatur,</span> <span class='ocrx_word' id='word_1_674' title='bbox 3344 4246 3414 4299; x_wconf 88' lang='lat' dir='ltr'>ab</span> <span class='ocrx_word' id='word_1_675' title='bbox 3459 4246 3580 4316; x_wconf 89' lang='lat' dir='ltr'>ipso</span> 
     </span>
    </p>
   </div>
   <div class='ocr_carea' id='block_1_87' title="bbox 80 4333 3579 4408">
    <p class='ocr_par' dir='ltr' id='par_1_87' title="bbox 80 4333 3579 4408">
     <span class='ocr_line' id='line_1_87' title="bbox 80 4333 3579 4408; baseline 0.001 -23"><span class='ocrx_word' id='word_1_676' title='bbox 80 4334 330 4387; x_wconf 76' lang='lat' dir='ltr'>Accedite</span> <span class='ocrx_word' id='word_1_677' title='bbox 361 4333 435 4386; x_wconf 85' lang='lat' dir='ltr'>ad</span> <span class='ocrx_word' id='word_1_678' title='bbox 465 4350 550 4387; x_wconf 87' lang='lat' dir='ltr'>me</span> <span class='ocrx_word' id='word_1_679' title='bbox 579 4339 628 4386; x_wconf 89' lang='lat' dir='ltr'>et</span> <span class='ocrx_word' id='word_1_680' title='bbox 653 4334 840 4387; x_wconf 86' lang='lat' dir='ltr'>audite</span> <span class='ocrx_word' id='word_1_681' title='bbox 869 4336 994 4388; x_wconf 71' lang='lat' dir='ltr'>haec.</span> <span class='ocrx_word' id='word_1_682' title='bbox 1034 4337 1148 4390; x_wconf 84' lang='lat' dir='ltr'>Non</span> <span class='ocrx_word' id='word_1_683' title='bbox 1181 4339 1238 4388; x_wconf 88' lang='lat' dir='ltr'>in</span> <span class='ocrx_word' id='word_1_684' title='bbox 1285 4339 1485 4390; x_wconf 89' lang='lat' dir='ltr'>occulto</span> <span class='ocrx_word' id='word_1_685' title='bbox 1533 4340 1601 4390; x_wconf 67' lang='lat' dir='ltr'>at;</span> <span class='ocrx_word' id='word_1_686' title='bbox 1648 4341 1770 4393; x_wconf 85' lang='lat' dir='ltr'>ini-</span> <span class='ocrx_word' id='word_1_687' title='bbox 1812 4338 1852 4391; x_wconf 89' lang='lat' dir='ltr'>D</span> <span class='ocrx_word' id='word_1_688' title='bbox 1881 4338 2186 4408; x_wconf 82' lang='lat' dir='ltr'>gloriticari</span> <span class='ocrx_word' id='word_1_689' title='bbox 2215 4337 2422 4390; x_wconf 69' lang='lat' dir='ltr'>dicitur</span> <span class='ocrx_word' id='word_1_690' title='bbox 2456 4353 2468 4390; x_wconf 93' lang='lat'>:</span> <span class='ocrx_word' id='word_1_691' title='bbox 2504 4335 2992 4405; x_wconf 88' lang='lat' dir='ltr'>quemadmodum</span> <span class='ocrx_word' id='word_1_692' title='bbox 3022 4335 3064 4388; x_wconf 87' lang='lat' dir='ltr'>si</span> <span class='ocrx_word' id='word_1_693' title='bbox 3100 4336 3225 4406; x_wconf 89' lang='lat' dir='ltr'>quis</span> <span class='ocrx_word' id='word_1_694' title='bbox 3275 4335 3342 4388; x_wconf 91' lang='lat' dir='ltr'>de</span> <span class='ocrx_word' id='word_1_695' title='bbox 3393 4335 3579 4388; x_wconf 91' lang='lat' dir='ltr'>homi-</span> 
     </span>
    </p>
   </div>
   <div class='ocr_carea' id='block_1_88' title="bbox 83 4423 1775 4490">
    <p class='ocr_par' dir='ltr' id='par_1_88' title="bbox 83 4423 1775 4490">
     <span class='ocr_line' id='line_1_88' title="bbox 83 4423 1775 4490; baseline 0.007 -21"><span class='ocrx_word' id='word_1_696' title='bbox 83 4424 149 4474; x_wconf 89' lang='lat' dir='ltr'>tio</span> <span class='ocrx_word' id='word_1_697' title='bbox 171 4423 382 4475; x_wconf 90' lang='lat' dir='ltr'>locutus</span> <span class='ocrx_word' id='word_1_698' title='bbox 412 4436 550 4474; x_wconf 86' lang='lat' dir='ltr'>sum.</span> <span class='ocrx_word' id='word_1_699' title='bbox 603 4423 734 4477; x_wconf 87' lang='lat' dir='ltr'>Cum</span> <span class='ocrx_word' id='word_1_700' title='bbox 784 4425 971 4490; x_wconf 81' lang='lat' dir='ltr'>ﬁerent</span> <span class='ocrx_word' id='word_1_701' title='bbox 1009 4424 1122 4477; x_wconf 88' lang='lat' dir='ltr'>illic</span> <span class='ocrx_word' id='word_1_702' title='bbox 1167 4440 1336 4488; x_wconf 83' lang='lat' dir='ltr'>eram,</span> <span class='ocrx_word' id='word_1_703' title='bbox 1388 4430 1438 4478; x_wconf 90' lang='lat' dir='ltr'>et</span> <span class='ocrx_word' id='word_1_704' title='bbox 1484 4441 1624 4479; x_wconf 85' lang='lat' dir='ltr'>nunc</span> <span class='ocrx_word' id='word_1_705' title='bbox 1662 4430 1775 4481; x_wconf 88' lang='lat' dir='ltr'>Do-</span> 
     </span>
    </p>
   </div>
   <div class='ocr_carea' id='block_1_89' title="bbox 81 4511 1770 4582">
    <p class='ocr_par' dir='ltr' id='par_1_89' title="bbox 81 4511 1770 4582">
     <span class='ocr_line' id='line_1_89' title="bbox 81 4511 1770 4582; baseline 0.004 -23"><span class='ocrx_word' id='word_1_706' title='bbox 81 4513 255 4563; x_wconf 85' lang='lat' dir='ltr'>minus</span> <span class='ocrx_word' id='word_1_707' title='bbox 293 4511 442 4563; x_wconf 85' lang='lat' dir='ltr'>misit</span> <span class='ocrx_word' id='word_1_708' title='bbox 495 4526 575 4562; x_wconf 87' lang='lat' dir='ltr'>me</span> <span class='ocrx_word' id='word_1_709' title='bbox 605 4515 655 4562; x_wconf 82' lang='lat' dir='ltr'>et</span> <span class='ocrx_word' id='word_1_710' title='bbox 701 4511 943 4578; x_wconf 88' lang='lat' dir='ltr'>Spiritus</span> <span class='ocrx_word' id='word_1_711' title='bbox 989 4512 1106 4578; x_wconf 85' lang='lat' dir='ltr'>ejus</span> <span class='ocrx_word' id='word_1_712' title='bbox 1158 4513 1282 4577; x_wconf 88' lang='lat' dir='ltr'>(lsa.</span> <span class='ocrx_word' id='word_1_713' title='bbox 1318 4529 1504 4578; x_wconf 76' lang='lat' dir='ltr'>xmu,</span> <span class='ocrx_word' id='word_1_714' title='bbox 1545 4517 1627 4576; x_wconf 85' lang='lat' dir='ltr'>l3,</span> <span class='ocrx_word' id='word_1_715' title='bbox 1687 4517 1770 4582; x_wconf 77' lang='lat' dir='ltr'>l5,</span> 
     </span>
    </p>
   </div>
   <div class='ocr_carea' id='block_1_90' title="bbox 87 4597 1773 4669">
    <p class='ocr_par' dir='ltr' id='par_1_90' title="bbox 87 4597 1773 4669">
     <span class='ocr_line' id='line_1_90' title="bbox 87 4597 1773 4669; baseline 0.005 -20"><span class='ocrx_word' id='word_1_716' title='bbox 87 4598 180 4666; x_wconf 82' lang='lat' dir='ltr'>l6).</span> <span class='ocrx_word' id='word_1_717' title='bbox 234 4598 442 4667; x_wconf 80' lang='lat' dir='ltr'>Utique</span> <span class='ocrx_word' id='word_1_718' title='bbox 478 4597 578 4668; x_wconf 84' lang='lat' dir='ltr'>qui</span> <span class='ocrx_word' id='word_1_719' title='bbox 628 4599 833 4651; x_wconf 83' lang='lat' dir='ltr'>coelum</span> <span class='ocrx_word' id='word_1_720' title='bbox 891 4598 1026 4651; x_wconf 86' lang='lat' dir='ltr'>fecit</span> <span class='ocrx_word' id='word_1_721' title='bbox 1056 4604 1111 4652; x_wconf 89' lang='lat' dir='ltr'>et</span> <span class='ocrx_word' id='word_1_722' title='bbox 1175 4605 1404 4663; x_wconf 84' lang='lat' dir='ltr'>terram,</span> <span class='ocrx_word' id='word_1_723' title='bbox 1440 4601 1560 4669; x_wconf 74' lang='lat' dir='ltr'>ipse</span> <span class='ocrx_word' id='word_1_724' title='bbox 1589 4603 1773 4657; x_wconf 86' lang='lat' dir='ltr'>dicita</span> 
     </span>
    </p>
   </div>
   <div class='ocr_carea' id='block_1_91' title="bbox 85 4686 1772 4761">
    <p class='ocr_par' dir='ltr' id='par_1_91' title="bbox 85 4686 1772 4761">
     <span class='ocr_line' id='line_1_91' title="bbox 85 4686 1772 4761; baseline 0.005 -23"><span class='ocrx_word' id='word_1_725' title='bbox 85 4687 325 4740; x_wconf 86' lang='lat' dir='ltr'>Domino</span> <span class='ocrx_word' id='word_1_726' title='bbox 359 4693 413 4738; x_wconf 86' lang='lat' dir='ltr'>et</span> <span class='ocrx_word' id='word_1_727' title='bbox 443 4687 657 4756; x_wconf 89' lang='lat' dir='ltr'>Spiritu</span> <span class='ocrx_word' id='word_1_728' title='bbox 691 4686 812 4756; x_wconf 87' lang='lat' dir='ltr'>ejus</span> <span class='ocrx_word' id='word_1_729' title='bbox 842 4703 962 4740; x_wconf 88' lang='lat' dir='ltr'>esse</span> <span class='ocrx_word' id='word_1_730' title='bbox 1007 4705 1063 4741; x_wconf 91' lang='lat' dir='ltr'>se</span> <span class='ocrx_word' id='word_1_731' title='bbox 1093 4688 1352 4742; x_wconf 89' lang='lat' dir='ltr'>missum.</span> <span class='ocrx_word' id='word_1_732' title='bbox 1384 4690 1597 4743; x_wconf 87' lang='lat' dir='ltr'>Videtis</span> <span class='ocrx_word' id='word_1_733' title='bbox 1636 4709 1772 4761; x_wconf 81' lang='lat' dir='ltr'>ergo</span> 
     </span>
    </p>
   </div>
   <div class='ocr_carea' id='block_1_92' title="bbox 81 4775 1769 4847">
    <p class='ocr_par' dir='ltr' id='par_1_92' title="bbox 81 4775 1769 4847">
     <span class='ocr_line' id='line_1_92' title="bbox 81 4775 1769 4847; baseline 0.004 -19"><span class='ocrx_word' id='word_1_734' title='bbox 81 4775 224 4844; x_wconf 82' lang='lat' dir='ltr'>quod</span> <span class='ocrx_word' id='word_1_735' title='bbox 259 4775 594 4843; x_wconf 79' lang='lat' dir='ltr'>simplicitas</span> <span class='ocrx_word' id='word_1_736' title='bbox 634 4775 932 4841; x_wconf 84' lang='lat' dir='ltr'>sermonis,</span> <span class='ocrx_word' id='word_1_737' title='bbox 962 4793 1076 4829; x_wconf 88' lang='lat' dir='ltr'>non</span> <span class='ocrx_word' id='word_1_738' title='bbox 1109 4777 1318 4847; x_wconf 85' lang='lat' dir='ltr'>injuria</span> <span class='ocrx_word' id='word_1_739' title='bbox 1351 4778 1423 4830; x_wconf 90' lang='lat' dir='ltr'>sit</span> <span class='ocrx_word' id='word_1_740' title='bbox 1463 4779 1769 4835; x_wconf 88' lang='lat' dir='ltr'>missionis.</span> 
     </span>
    </p>
   </div>
   <div class='ocr_carea' id='block_1_93' title="bbox 82 4863 1768 4937">
    <p class='ocr_par' dir='ltr' id='par_1_93' title="bbox 82 4863 1768 4937">
     <span class='ocr_line' id='line_1_93' title="bbox 82 4863 1768 4937; baseline 0.005 -23"><span class='ocrx_word' id='word_1_741' title='bbox 82 4863 198 4929; x_wconf 81' lang='lat' dir='ltr'>Ipse</span> <span class='ocrx_word' id='word_1_742' title='bbox 233 4863 413 4933; x_wconf 79' lang='lat' dir='ltr'>igitur</span> <span class='ocrx_word' id='word_1_743' title='bbox 445 4864 650 4916; x_wconf 89' lang='lat' dir='ltr'>missus</span> <span class='ocrx_word' id='word_1_744' title='bbox 683 4881 715 4916; x_wconf 92' lang='lat' dir='ltr'>a</span> <span class='ocrx_word' id='word_1_745' title='bbox 747 4865 931 4928; x_wconf 85' lang='lat' dir='ltr'>Patre,</span> <span class='ocrx_word' id='word_1_746' title='bbox 959 4864 1076 4933; x_wconf 91' lang='lat' dir='ltr'>ipse</span> <span class='ocrx_word' id='word_1_747' title='bbox 1109 4871 1192 4918; x_wconf 88' lang='lat' dir='ltr'>est</span> <span class='ocrx_word' id='word_1_748' title='bbox 1232 4866 1437 4919; x_wconf 85' lang='lat' dir='ltr'>missus</span> <span class='ocrx_word' id='word_1_749' title='bbox 1464 4885 1494 4919; x_wconf 91' lang='lat' dir='ltr'>a</span> <span class='ocrx_word' id='word_1_750' title='bbox 1535 4868 1768 4937; x_wconf 85' lang='lat' dir='ltr'>Spiritu.</span> 
     </span>
    </p>
   </div>
   <div class='ocr_carea' id='block_1_94' title="bbox 83 4952 1766 5023">
    <p class='ocr_par' dir='ltr' id='par_1_94' title="bbox 83 4952 1766 5023">
     <span class='ocr_line' id='line_1_94' title="bbox 83 4952 1766 5023; baseline 0.004 -20"><span class='ocrx_word' id='word_1_751' title='bbox 83 4952 136 5005; x_wconf 82' lang='lat' dir='ltr'>Et</span> <span class='ocrx_word' id='word_1_752' title='bbox 184 4958 246 5005; x_wconf 89' lang='lat' dir='ltr'>ut</span> <span class='ocrx_word' id='word_1_753' title='bbox 289 4969 566 5021; x_wconf 76' lang='lat' dir='ltr'>agnoscas</span> <span class='ocrx_word' id='word_1_754' title='bbox 612 4953 829 5005; x_wconf 87' lang='lat' dir='ltr'>nullam</span> <span class='ocrx_word' id='word_1_755' title='bbox 885 4953 1192 5023; x_wconf 86' lang='lat' dir='ltr'>majestatis</span> <span class='ocrx_word' id='word_1_756' title='bbox 1236 4971 1356 5009; x_wconf 87' lang='lat' dir='ltr'>esse</span> <span class='ocrx_word' id='word_1_757' title='bbox 1421 4955 1766 5021; x_wconf 84' lang='lat' dir='ltr'>distantiam,</span> 
     </span>
    </p>
   </div>
   <div class='ocr_carea' id='block_1_95' title="bbox 79 5039 1771 5112">
    <p class='ocr_par' dir='ltr' id='par_1_95' title="bbox 79 5039 1771 5112">
     <span class='ocr_line' id='line_1_95' title="bbox 79 5039 1771 5112; baseline 0.005 -21"><span class='ocrx_word' id='word_1_758' title='bbox 79 5041 243 5092; x_wconf 86' lang='lat' dir='ltr'>etiam</span> <span class='ocrx_word' id='word_1_759' title='bbox 279 5040 450 5092; x_wconf 78' lang='lat' dir='ltr'>Filius</span> <span class='ocrx_word' id='word_1_760' title='bbox 481 5039 760 5108; x_wconf 88' lang='lat' dir='ltr'>Spiritum</span> <span class='ocrx_word' id='word_1_761' title='bbox 796 5040 987 5107; x_wconf 88' lang='lat' dir='ltr'>mittit,</span> <span class='ocrx_word' id='word_1_762' title='bbox 1041 5041 1186 5095; x_wconf 88' lang='lat' dir='ltr'>sicut</span> <span class='ocrx_word' id='word_1_763' title='bbox 1232 5043 1352 5112; x_wconf 88' lang='lat' dir='ltr'>ipse</span> <span class='ocrx_word' id='word_1_764' title='bbox 1397 5044 1541 5098; x_wconf 80' lang='lat' dir='ltr'>dixit</span> <span class='ocrx_word' id='word_1_765' title='bbox 1581 5061 1593 5098; x_wconf 95' lang='lat'>:</span> <span class='ocrx_word' id='word_1_766' title='bbox 1643 5047 1771 5101; x_wconf 89' lang='lat' dir='ltr'>Cum</span> 
     </span>
    </p>
   </div>
   <div class='ocr_carea' id='block_1_96' title="bbox 79 5130 1772 5198">
    <p class='ocr_par' dir='ltr' id='par_1_96' title="bbox 79 5130 1772 5198">
     <span class='ocr_line' id='line_1_96' title="bbox 79 5130 1772 5198; baseline 0.005 -19"><span class='ocrx_word' id='word_1_767' title='bbox 79 5135 250 5181; x_wconf 84' lang='lat' dir='ltr'>autem</span> <span class='ocrx_word' id='word_1_768' title='bbox 303 5131 506 5181; x_wconf 75' lang='lat' dir='ltr'>venerit</span> <span class='ocrx_word' id='word_1_769' title='bbox 556 5130 886 5195; x_wconf 87' lang='lat' dir='ltr'>Puracletus,</span> <span class='ocrx_word' id='word_1_770' title='bbox 944 5145 1099 5198; x_wconf 86' lang='lat' dir='ltr'>quem</span> <span class='ocrx_word' id='word_1_771' title='bbox 1137 5147 1230 5198; x_wconf 85' lang='lat' dir='ltr'>ego</span> <span class='ocrx_word' id='word_1_772' title='bbox 1259 5134 1471 5185; x_wconf 85' lang='lat' dir='ltr'>mittam</span> <span class='ocrx_word' id='word_1_773' title='bbox 1523 5133 1671 5188; x_wconf 84' lang='lat' dir='ltr'>vobis</span> <span class='ocrx_word' id='word_1_774' title='bbox 1738 5152 1772 5188; x_wconf 90' lang='lat' dir='ltr'>a</span> 
     </span>
    </p>
   </div>
   <div class='ocr_carea' id='block_1_97' title="bbox 78 5217 1770 5290">
    <p class='ocr_par' dir='ltr' id='par_1_97' title="bbox 78 5217 1770 5290">
     <span class='ocr_line' id='line_1_97' title="bbox 78 5217 1770 5290; baseline 0.005 -23"><span class='ocrx_word' id='word_1_775' title='bbox 78 5217 231 5269; x_wconf 88' lang='lat' dir='ltr'>Patre</span> <span class='ocrx_word' id='word_1_776' title='bbox 255 5232 387 5281; x_wconf 88' lang='lat' dir='ltr'>meo,</span> <span class='ocrx_word' id='word_1_777' title='bbox 423 5217 691 5284; x_wconf 86' lang='lat' dir='ltr'>Spiritum</span> <span class='ocrx_word' id='word_1_778' title='bbox 725 5220 994 5282; x_wconf 82' lang='lat' dir='ltr'>veritatis,</span> <span class='ocrx_word' id='word_1_779' title='bbox 1052 5221 1149 5285; x_wconf 89' lang='lat' dir='ltr'>qui</span> <span class='ocrx_word' id='word_1_780' title='bbox 1191 5235 1225 5270; x_wconf 82' lang='grc' dir='ltr'><em>α</em></span> <span class='ocrx_word' id='word_1_781' title='bbox 1290 5222 1448 5274; x_wconf 88' lang='lat' dir='ltr'>Patre</span> <span class='ocrx_word' id='word_1_782' title='bbox 1486 5237 1598 5274; x_wconf 88' lang='lat' dir='ltr'>meo</span> <span class='ocrx_word' id='word_1_783' title='bbox 1634 5238 1770 5290; x_wconf 85' lang='lat' dir='ltr'>pro-</span> 
     </span>
    </p>
   </div>
   <div class='ocr_carea' id='block_1_98' title="bbox 79 5305 1770 5372">
    <p class='ocr_par' dir='ltr' id='par_1_98' title="bbox 79 5305 1770 5372">
     <span class='ocr_line' id='line_1_98' title="bbox 79 5305 1770 5372; baseline 0.004 -16"><span class='ocrx_word' id='word_1_784' title='bbox 79 5306 209 5358; x_wconf 88' lang='lat' dir='ltr'>cedit</span> <span class='ocrx_word' id='word_1_785' title='bbox 247 5305 439 5372; x_wconf 87' lang='lat' dir='ltr'>(Joan.</span> <span class='ocrx_word' id='word_1_786' title='bbox 476 5320 586 5368; x_wconf 69' lang='lat' dir='ltr'>xxv,</span> <span class='ocrx_word' id='word_1_787' title='bbox 629 5307 739 5372; x_wconf 85' lang='grc'>26).</span> <span class='ocrx_word' id='word_1_788' title='bbox 781 5307 937 5358; x_wconf 79' lang='lat' dir='ltr'>Nunc</span> <span class='ocrx_word' id='word_1_789' title='bbox 970 5308 1235 5360; x_wconf 85' lang='lat' dir='ltr'>eumdem</span> <span class='ocrx_word' id='word_1_790' title='bbox 1264 5309 1620 5362; x_wconf 78' lang='lat' dir='ltr'>I’aracletum</span> <span class='ocrx_word' id='word_1_791' title='bbox 1654 5313 1709 5361; x_wconf 90' lang='lat' dir='ltr'>et</span> <span class='ocrx_word' id='word_1_792' title='bbox 1740 5327 1770 5362; x_wconf 88' lang='lat' dir='ltr'>a</span> 
     </span>
    </p>
   </div>
   <div class='ocr_carea' id='block_1_99' title="bbox 80 5391 1769 5462">
    <p class='ocr_par' dir='ltr' id='par_1_99' title="bbox 80 5391 1769 5462">
     <span class='ocr_line' id='line_1_99' title="bbox 80 5391 1769 5462; baseline 0.003 -19"><span class='ocrx_word' id='word_1_793' title='bbox 80 5392 234 5444; x_wconf 84' lang='lat' dir='ltr'>Patre</span> <span class='ocrx_word' id='word_1_794' title='bbox 285 5407 410 5443; x_wconf 81' lang='lat' dir='ltr'>esse</span> <span class='ocrx_word' id='word_1_795' title='bbox 467 5391 807 5444; x_wconf 88' lang='lat' dir='ltr'>mittendum</span> <span class='ocrx_word' id='word_1_796' title='bbox 861 5409 1032 5462; x_wconf 86' lang='lat' dir='ltr'>supra</span> <span class='ocrx_word' id='word_1_797' title='bbox 1077 5394 1261 5462; x_wconf 86' lang='lat' dir='ltr'>posuit</span> <span class='ocrx_word' id='word_1_798' title='bbox 1306 5395 1548 5448; x_wconf 88' lang='lat' dir='ltr'>dicens:</span> <span class='ocrx_word' id='word_1_799' title='bbox 1600 5397 1769 5448; x_wconf 81' lang='lat' dir='ltr'>Para-</span> 
     </span>
    </p>
   </div>
   <div class='ocr_carea' id='block_1_100' title="bbox 79 5479 1769 5552">
    <p class='ocr_par' dir='ltr' id='par_1_100' title="bbox 79 5479 1769 5552">
     <span class='ocr_line' id='line_1_100' title="bbox 79 5479 1769 5552; baseline 0.002 -19"><span class='ocrx_word' id='word_1_800' title='bbox 79 5482 232 5533; x_wconf 85' lang='lat' dir='ltr'>clctus</span> <span class='ocrx_word' id='word_1_801' title='bbox 263 5483 445 5531; x_wconf 87' lang='lat' dir='ltr'>autem</span> <span class='ocrx_word' id='word_1_802' title='bbox 473 5479 563 5531; x_wconf 87' lang='lat' dir='ltr'>ille</span> <span class='ocrx_word' id='word_1_803' title='bbox 611 5480 850 5546; x_wconf 86' lang='lat' dir='ltr'>Spiritus</span> <span class='ocrx_word' id='word_1_804' title='bbox 897 5487 1136 5548; x_wconf 88' lang='lat' dir='ltr'>sanctus,</span> <span class='ocrx_word' id='word_1_805' title='bbox 1189 5499 1344 5552; x_wconf 77' lang='lat' dir='ltr'>quem</span> <span class='ocrx_word' id='word_1_806' title='bbox 1384 5485 1557 5536; x_wconf 82' lang='lat' dir='ltr'>mittet</span> <span class='ocrx_word' id='word_1_807' title='bbox 1603 5485 1769 5537; x_wconf 81' lang='lat' dir='ltr'>Pater</span> 
     </span>
    </p>
   </div>
   <div class='ocr_carea' id='block_1_101' title="bbox 80 5567 1767 5640">
    <p class='ocr_par' dir='ltr' id='par_1_101' title="bbox 80 5567 1767 5640">
     <span class='ocr_line' id='line_1_101' title="bbox 80 5567 1767 5640; baseline 0.002 -22"><span class='ocrx_word' id='word_1_808' title='bbox 80 5571 126 5622; x_wconf 84' lang='lat' dir='ltr'>in</span> <span class='ocrx_word' id='word_1_809' title='bbox 155 5567 378 5622; x_wconf 82' lang='lat' dir='ltr'>nomine</span> <span class='ocrx_word' id='word_1_810' title='bbox 414 5582 526 5620; x_wconf 86' lang='lat' dir='ltr'>meo</span> <span class='ocrx_word' id='word_1_811' title='bbox 566 5568 742 5635; x_wconf 82' lang='lat' dir='ltr'>(Joan.</span> <span class='ocrx_word' id='word_1_812' title='bbox 794 5585 904 5633; x_wconf 71' lang='lat' dir='ltr'>xxv,</span> <span class='ocrx_word' id='word_1_813' title='bbox 936 5571 1046 5636; x_wconf 87' lang='grc'>26).</span> <span class='ocrx_word' id='word_1_814' title='bbox 1095 5568 1230 5623; x_wconf 90' lang='lat' dir='ltr'>Vide</span> <span class='ocrx_word' id='word_1_815' title='bbox 1279 5569 1580 5634; x_wconf 87' lang='lat' dir='ltr'>unitatem,</span> <span class='ocrx_word' id='word_1_816' title='bbox 1631 5569 1767 5640; x_wconf 89' lang='lat' dir='ltr'>quia</span> 
     </span>
    </p>
   </div>
   <div class='ocr_carea' id='block_1_102' title="bbox 1886 4423 3582 4494">
    <p class='ocr_par' dir='ltr' id='par_1_102' title="bbox 1886 4423 3582 4494">
     <span class='ocr_line' id='line_1_102' title="bbox 1886 4423 3582 4494; baseline -0.001 -16"><span class='ocrx_word' id='word_1_817' title='bbox 1886 4427 2054 4479; x_wconf 87' lang='lat' dir='ltr'>nibus</span> <span class='ocrx_word' id='word_1_818' title='bbox 2083 4431 2389 4491; x_wconf 72' lang='lat' dir='ltr'>assereret,</span> <span class='ocrx_word' id='word_1_819' title='bbox 2421 4425 2570 4494; x_wconf 86' lang='lat' dir='ltr'>quod</span> <span class='ocrx_word' id='word_1_820' title='bbox 2598 4424 2774 4476; x_wconf 86' lang='lat' dir='ltr'>virtus</span> <span class='ocrx_word' id='word_1_821' title='bbox 2803 4441 2903 4476; x_wconf 89' lang='lat' dir='ltr'>sua</span> <span class='ocrx_word' id='word_1_822' title='bbox 2933 4424 3018 4476; x_wconf 86' lang='lat' dir='ltr'>vel</span> <span class='ocrx_word' id='word_1_823' title='bbox 3051 4423 3352 4493; x_wconf 88' lang='lat' dir='ltr'>disciplina</span> <span class='ocrx_word' id='word_1_824' title='bbox 3383 4439 3582 4494; x_wconf 86' lang='lat' dir='ltr'>quem-</span> 
     </span>
    </p>
   </div>
   <div class='ocr_carea' id='block_1_103' title="bbox 1883 4512 3581 4583">
    <p class='ocr_par' dir='ltr' id='par_1_103' title="bbox 1883 4512 3581 4583">
     <span class='ocr_line' id='line_1_103' title="bbox 1883 4512 3581 4583; baseline -0.002 -15"><span class='ocrx_word' id='word_1_825' title='bbox 1883 4514 2020 4568; x_wconf 86' lang='lat' dir='ltr'>libet</span> <span class='ocrx_word' id='word_1_826' title='bbox 2054 4529 2526 4583; x_wconf 65' lang='lat' dir='ltr'>unumquemquc</span> <span class='ocrx_word' id='word_1_827' title='bbox 2557 4513 2846 4565; x_wconf 83' lang='lat' dir='ltr'>clariticet.</span> <span class='ocrx_word' id='word_1_828' title='bbox 2891 4512 3156 4575; x_wconf 87' lang='lat' dir='ltr'>Quamvis</span> <span class='ocrx_word' id='word_1_829' title='bbox 3188 4512 3340 4564; x_wconf 86' lang='lat' dir='ltr'>enim</span> <span class='ocrx_word' id='word_1_830' title='bbox 3380 4513 3439 4564; x_wconf 90' lang='lat' dir='ltr'>in</span> <span class='ocrx_word' id='word_1_831' title='bbox 3479 4527 3581 4564; x_wconf 90' lang='lat' dir='ltr'>sua.</span> 
     </span>
    </p>
   </div>
   <div class='ocr_carea' id='block_1_104' title="bbox 1884 4598 3579 4670">
    <p class='ocr_par' dir='ltr' id='par_1_104' title="bbox 1884 4598 3579 4670">
     <span class='ocr_line' id='line_1_104' title="bbox 1884 4598 3579 4670; baseline -0.002 -14"><span class='ocrx_word' id='word_1_832' title='bbox 1884 4604 1954 4656; x_wconf 90' lang='lat' dir='ltr'>sit</span> <span class='ocrx_word' id='word_1_833' title='bbox 1984 4603 2298 4656; x_wconf 86' lang='lat' dir='ltr'>substantia</span> <span class='ocrx_word' id='word_1_834' title='bbox 2327 4602 2592 4670; x_wconf 86' lang='lat' dir='ltr'>Spiritus,</span> <span class='ocrx_word' id='word_1_835' title='bbox 2622 4607 2678 4653; x_wconf 92' lang='lat' dir='ltr'>et</span> <span class='ocrx_word' id='word_1_836' title='bbox 2709 4602 2828 4667; x_wconf 82' lang='lat' dir='ltr'>ejus</span> <span class='ocrx_word' id='word_1_837' title='bbox 2861 4600 3218 4668; x_wconf 74' lang='lat' dir='ltr'>intelligatur</span> <span class='ocrx_word' id='word_1_838' title='bbox 3249 4598 3306 4651; x_wconf 90' lang='lat' dir='ltr'>in</span> <span class='ocrx_word' id='word_1_839' title='bbox 3336 4616 3579 4667; x_wconf 86' lang='lat' dir='ltr'>persona</span> 
     </span>
    </p>
   </div>
   <div class='ocr_carea' id='block_1_105' title="bbox 1882 4688 3574 4762">
    <p class='ocr_par' dir='ltr' id='par_1_105' title="bbox 1882 4688 3574 4762">
     <span class='ocr_line' id='line_1_105' title="bbox 1882 4688 3574 4762; baseline -0.004 -17"><span class='ocrx_word' id='word_1_840' title='bbox 1882 4692 2224 4762; x_wconf 86' lang='lat' dir='ltr'>proprietas,</span> <span class='ocrx_word' id='word_1_841' title='bbox 2253 4692 2419 4760; x_wconf 73' lang='lat' dir='ltr'>juxta</span> <span class='ocrx_word' id='word_1_842' title='bbox 2459 4689 2512 4742; x_wconf 90' lang='lat' dir='ltr'>id</span> <span class='ocrx_word' id='word_1_843' title='bbox 2545 4690 2697 4760; x_wconf 84' lang='lat' dir='ltr'>quod</span> <span class='ocrx_word' id='word_1_844' title='bbox 2729 4688 2972 4758; x_wconf 86' lang='lat' dir='ltr'>Spiritus</span> <span class='ocrx_word' id='word_1_845' title='bbox 2999 4693 3085 4740; x_wconf 88' lang='lat' dir='ltr'>est</span> <span class='ocrx_word' id='word_1_846' title='bbox 3133 4693 3190 4740; x_wconf 87' lang='lat' dir='ltr'>et</span> <span class='ocrx_word' id='word_1_847' title='bbox 3223 4704 3334 4738; x_wconf 89' lang='lat' dir='ltr'>non</span> <span class='ocrx_word' id='word_1_848' title='bbox 3381 4688 3574 4751; x_wconf 82' lang='lat' dir='ltr'>Filius,</span> 
     </span>
    </p>
   </div>
   <div class='ocr_carea' id='block_1_106' title="bbox 1881 4775 3577 4846">
    <p class='ocr_par' dir='ltr' id='par_1_106' title="bbox 1881 4775 3577 4846">
     <span class='ocr_line' id='line_1_106' title="bbox 1881 4775 3577 4846; baseline -0.003 -13"><span class='ocrx_word' id='word_1_849' title='bbox 1881 4786 2132 4834; x_wconf 87' lang='lat' dir='ltr'>attamen</span> <span class='ocrx_word' id='word_1_850' title='bbox 2167 4780 2389 4833; x_wconf 89' lang='lat' dir='ltr'>alienus</span> <span class='ocrx_word' id='word_1_851' title='bbox 2418 4795 2532 4831; x_wconf 88' lang='lat' dir='ltr'>non</span> <span class='ocrx_word' id='word_1_852' title='bbox 2573 4785 2655 4831; x_wconf 91' lang='lat' dir='ltr'>est</span> <span class='ocrx_word' id='word_1_853' title='bbox 2677 4780 2747 4830; x_wconf 87' lang='lat' dir='ltr'>ab</span> <span class='ocrx_word' id='word_1_854' title='bbox 2781 4778 2896 4830; x_wconf 88' lang='lat' dir='ltr'>illo.</span> <span class='ocrx_word' id='word_1_855' title='bbox 2940 4777 3077 4828; x_wconf 79' lang='lat' dir='ltr'>Nam</span> <span class='ocrx_word' id='word_1_856' title='bbox 3107 4775 3355 4844; x_wconf 89' lang='lat' dir='ltr'>Spiritus</span> <span class='ocrx_word' id='word_1_857' title='bbox 3387 4777 3577 4846; x_wconf 88' lang='lat' dir='ltr'>appel-</span> 
     </span>
    </p>
   </div>
   <div class='ocr_carea' id='block_1_107' title="bbox 1883 4865 3574 4930">
    <p class='ocr_par' dir='ltr' id='par_1_107' title="bbox 1883 4865 3574 4930">
     <span class='ocr_line' id='line_1_107' title="bbox 1883 4865 3574 4930; baseline -0.004 -8"><span class='ocrx_word' id='word_1_858' title='bbox 1883 4870 2031 4922; x_wconf 90' lang='lat' dir='ltr'>latus</span> <span class='ocrx_word' id='word_1_859' title='bbox 2062 4875 2147 4921; x_wconf 89' lang='lat' dir='ltr'>est</span> <span class='ocrx_word' id='word_1_860' title='bbox 2195 4867 2465 4930; x_wconf 87' lang='lat' dir='ltr'>veritatis,</span> <span class='ocrx_word' id='word_1_861' title='bbox 2512 4872 2569 4918; x_wconf 87' lang='lat' dir='ltr'>et</span> <span class='ocrx_word' id='word_1_862' title='bbox 2606 4866 2811 4918; x_wconf 79' lang='lat' dir='ltr'>veritas</span> <span class='ocrx_word' id='word_1_863' title='bbox 2852 4865 3105 4918; x_wconf 83' lang='lat' dir='ltr'>Christus</span> <span class='ocrx_word' id='word_1_864' title='bbox 3152 4869 3256 4926; x_wconf 88' lang='lat' dir='ltr'>est,</span> <span class='ocrx_word' id='word_1_865' title='bbox 3321 4865 3470 4917; x_wconf 86' lang='lat' dir='ltr'>unde</span> <span class='ocrx_word' id='word_1_866' title='bbox 3519 4869 3574 4916; x_wconf 88' lang='lat' dir='ltr'>et.</span> 
     </span>
    </p>
   </div>
   <div class='ocr_carea' id='block_1_108' title="bbox 1883 4950 3575 5019">
    <p class='ocr_par' dir='ltr' id='par_1_108' title="bbox 1883 4950 3575 5019">
     <span class='ocr_line' id='line_1_108' title="bbox 1883 4950 3575 5019; baseline -0.004 -10"><span class='ocrx_word' id='word_1_867' title='bbox 1883 4957 1951 5009; x_wconf 87' lang='lat' dir='ltr'>ab</span> <span class='ocrx_word' id='word_1_868' title='bbox 1975 4956 2081 5009; x_wconf 86' lang='lat' dir='ltr'>isto</span> <span class='ocrx_word' id='word_1_869' title='bbox 2110 4955 2392 5018; x_wconf 89' lang='lat' dir='ltr'>similiter,</span> <span class='ocrx_word' id='word_1_870' title='bbox 2427 4952 2570 5005; x_wconf 83' lang='lat' dir='ltr'>sicut</span> <span class='ocrx_word' id='word_1_871' title='bbox 2617 4968 2681 5005; x_wconf 81' lang='lat' dir='ltr'>ex</span> <span class='ocrx_word' id='word_1_872' title='bbox 2732 4953 2841 5004; x_wconf 85' lang='lat' dir='ltr'>Deo</span> <span class='ocrx_word' id='word_1_873' title='bbox 2876 4953 3036 5002; x_wconf 85' lang='lat' dir='ltr'>Patre</span> <span class='ocrx_word' id='word_1_874' title='bbox 3085 4951 3355 5019; x_wconf 83' lang='lat' dir='ltr'>procedit.</span> <span class='ocrx_word' id='word_1_875' title='bbox 3407 4950 3575 5003; x_wconf 86' lang='lat' dir='ltr'>Deni-</span> 
     </span>
    </p>
   </div>
   <div class='ocr_carea' id='block_1_109' title="bbox 1881 5038 3574 5112">
    <p class='ocr_par' dir='ltr' id='par_1_109' title="bbox 1881 5038 3574 5112">
     <span class='ocr_line' id='line_1_109' title="bbox 1881 5038 3574 5112; baseline -0.005 -16"><span class='ocrx_word' id='word_1_876' title='bbox 1881 5060 1992 5112; x_wconf 87' lang='lat' dir='ltr'>que</span> <span class='ocrx_word' id='word_1_877' title='bbox 2044 5042 2135 5095; x_wconf 78' lang='lat' dir='ltr'>bic</span> <span class='ocrx_word' id='word_1_878' title='bbox 2180 5041 2300 5110; x_wconf 88' lang='lat' dir='ltr'>ipse</span> <span class='ocrx_word' id='word_1_879' title='bbox 2341 5041 2584 5108; x_wconf 87' lang='lat' dir='ltr'>Spiritus</span> <span class='ocrx_word' id='word_1_880' title='bbox 2617 5038 2787 5091; x_wconf 88' lang='lat' dir='ltr'>etiam</span> <span class='ocrx_word' id='word_1_881' title='bbox 2842 5054 2944 5106; x_wconf 86' lang='lat' dir='ltr'>per</span> <span class='ocrx_word' id='word_1_882' title='bbox 2989 5041 3314 5089; x_wconf 87' lang='lat' dir='ltr'>sanctorum</span> <span class='ocrx_word' id='word_1_883' title='bbox 3370 5053 3574 5089; x_wconf 85' lang='lat' dir='ltr'>manus</span> 
     </span>
    </p>
   </div>
   <div class='ocr_carea' id='block_1_110' title="bbox 1881 5122 3574 5198">
    <p class='ocr_par' dir='ltr' id='par_1_110' title="bbox 1881 5122 3574 5198">
     <span class='ocr_line' id='line_1_110' title="bbox 1881 5122 3574 5198; baseline -0.005 -16"><span class='ocrx_word' id='word_1_884' title='bbox 1881 5130 2269 5198; x_wconf 86' lang='lat' dir='ltr'>apostolorum</span> <span class='ocrx_word' id='word_1_885' title='bbox 2345 5127 2615 5179; x_wconf 81' lang='lat' dir='ltr'>miracula</span> <span class='ocrx_word' id='word_1_886' title='bbox 2675 5124 2925 5194; x_wconf 84' lang='lat' dir='ltr'>gloriosa</span> <span class='ocrx_word' id='word_1_887' title='bbox 2986 5122 3309 5191; x_wconf 82' lang='lat' dir='ltr'>perliciens,</span> <span class='ocrx_word' id='word_1_888' title='bbox 3395 5123 3574 5175; x_wconf 90' lang='lat' dir='ltr'>Deum</span> 
     </span>
    </p>
   </div>
   <div class='ocr_carea' id='block_1_111' title="bbox 1879 5210 3574 5286">
    <p class='ocr_par' dir='ltr' id='par_1_111' title="bbox 1879 5210 3574 5286">
     <span class='ocr_line' id='line_1_111' title="bbox 1879 5210 3574 5286; baseline -0.004 -18"><span class='ocrx_word' id='word_1_889' title='bbox 1879 5216 2215 5286; x_wconf 75' lang='lat' dir='ltr'>glorificavit</span> <span class='ocrx_word' id='word_1_890' title='bbox 2260 5217 2452 5269; x_wconf 77' lang='lat' dir='ltr'>Iesum</span> <span class='ocrx_word' id='word_1_891' title='bbox 2525 5214 2809 5266; x_wconf 88' lang='lat' dir='ltr'>Christum</span> <span class='ocrx_word' id='word_1_892' title='bbox 2857 5219 3159 5281; x_wconf 89' lang='lat' dir='ltr'>postquam</span> <span class='ocrx_word' id='word_1_893' title='bbox 3210 5211 3467 5264; x_wconf 83' lang='lat' dir='ltr'>ascendit</span> <span class='ocrx_word' id='word_1_894' title='bbox 3515 5210 3574 5262; x_wconf 90' lang='lat' dir='ltr'>in</span> 
     </span>
    </p>
   </div>
   <div class='ocr_carea' id='block_1_112' title="bbox 1875 5297 3572 5356">
    <p class='ocr_par' dir='ltr' id='par_1_112' title="bbox 1875 5297 3572 5356">
     <span class='ocr_line' id='line_1_112' title="bbox 1875 5297 3572 5356; baseline -0.003 0"><span class='ocrx_word' id='word_1_895' title='bbox 1875 5305 2100 5356; x_wconf 86' lang='lat' dir='ltr'>coelum.</span> <span class='ocrx_word' id='word_1_896' title='bbox 2136 5303 2275 5355; x_wconf 85' lang='lat' dir='ltr'>Nam</span> <span class='ocrx_word' id='word_1_897' title='bbox 2316 5303 2565 5355; x_wconf 81' lang='lat' dir='ltr'>creditus</span> <span class='ocrx_word' id='word_1_898' title='bbox 2604 5306 2688 5354; x_wconf 88' lang='lat' dir='ltr'>est</span> <span class='ocrx_word' id='word_1_899' title='bbox 2722 5301 2976 5354; x_wconf 83' lang='lat' dir='ltr'>Christus</span> <span class='ocrx_word' id='word_1_900' title='bbox 3014 5305 3216 5352; x_wconf 86' lang='lat' dir='ltr'>natura</span> <span class='ocrx_word' id='word_1_901' title='bbox 3264 5301 3410 5352; x_wconf 91' lang='lat' dir='ltr'>Deus</span> <span class='ocrx_word' id='word_1_902' title='bbox 3454 5297 3572 5351; x_wconf 76' lang='lat' dir='ltr'>exi-</span> 
     </span>
    </p>
   </div>
   <div class='ocr_carea' id='block_1_113' title="bbox 1878 5387 3572 5460">
    <p class='ocr_par' dir='ltr' id='par_1_113' title="bbox 1878 5387 3572 5460">
     <span class='ocr_line' id='line_1_113' title="bbox 1878 5387 3572 5460; baseline -0.003 -17"><span class='ocrx_word' id='word_1_903' title='bbox 1878 5398 2049 5456; x_wconf 87' lang='lat' dir='ltr'>stens,</span> <span class='ocrx_word' id='word_1_904' title='bbox 2085 5407 2185 5459; x_wconf 89' lang='lat' dir='ltr'>per</span> <span class='ocrx_word' id='word_1_905' title='bbox 2213 5406 2381 5444; x_wconf 86' lang='lat' dir='ltr'>suum</span> <span class='ocrx_word' id='word_1_906' title='bbox 2410 5391 2684 5460; x_wconf 83' lang='lat' dir='ltr'>Spiritum</span> <span class='ocrx_word' id='word_1_907' title='bbox 2730 5389 2967 5442; x_wconf 88' lang='lat' dir='ltr'>virtutes</span> <span class='ocrx_word' id='word_1_908' title='bbox 3002 5387 3272 5443; x_wconf 75' lang='lat' dir='ltr'>alliciens.</span> <span class='ocrx_word' id='word_1_909' title='bbox 3325 5389 3572 5457; x_wconf 87' lang='lat' dir='ltr'>Ideoque</span> 
     </span>
    </p>
   </div>
   <div class='ocr_carea' id='block_1_114' title="bbox 1877 5478 3570 5548">
    <p class='ocr_par' dir='ltr' id='par_1_114' title="bbox 1877 5478 3570 5548">
     <span class='ocr_line' id='line_1_114' title="bbox 1877 5478 3570 5548; baseline -0.004 -14"><span class='ocrx_word' id='word_1_910' title='bbox 1877 5481 2140 5535; x_wconf 87' lang='lat' dir='ltr'>dicebat:</span> <span class='ocrx_word' id='word_1_911' title='bbox 2187 5481 2264 5533; x_wconf 91' lang='lat' dir='ltr'>De</span> <span class='ocrx_word' id='word_1_912' title='bbox 2315 5495 2424 5533; x_wconf 87' lang='lat' dir='ltr'>meo</span> <span class='ocrx_word' id='word_1_913' title='bbox 2472 5482 2698 5548; x_wconf 89' lang='lat' dir='ltr'>accipet,</span> <span class='ocrx_word' id='word_1_914' title='bbox 2751 5486 2800 5532; x_wconf 91' lang='lat' dir='ltr'>et</span> <span class='ocrx_word' id='word_1_915' title='bbox 2840 5479 3191 5532; x_wconf 75' lang='lat' dir='ltr'>annuntiabit</span> <span class='ocrx_word' id='word_1_916' title='bbox 3239 5479 3408 5532; x_wconf 77' lang='lat' dir='ltr'>vobis.</span> <span class='ocrx_word' id='word_1_917' title='bbox 3466 5478 3570 5530; x_wconf 76' lang='lat' dir='ltr'>Ne-</span> 
     </span>
    </p>
   </div>
   <div class='ocr_carea' id='block_1_115' title="bbox 1879 5565 3570 5640">
    <p class='ocr_par' dir='ltr' id='par_1_115' title="bbox 1879 5565 3570 5640">
     <span class='ocr_line' id='line_1_115' title="bbox 1879 5565 3570 5640; baseline -0.004 -19"><span class='ocrx_word' id='word_1_918' title='bbox 1879 5585 2162 5640; x_wconf 86' lang='lat' dir='ltr'>quaquam</span> <span class='ocrx_word' id='word_1_919' title='bbox 2199 5584 2332 5621; x_wconf 87' lang='lat' dir='ltr'>vcro</span> <span class='ocrx_word' id='word_1_920' title='bbox 2367 5568 2795 5638; x_wconf 76' lang='lat' dir='ltr'>participatione</span> <span class='ocrx_word' id='word_1_921' title='bbox 2843 5567 3078 5621; x_wconf 79' lang='lat' dir='ltr'>alterius</span> <span class='ocrx_word' id='word_1_922' title='bbox 3134 5567 3286 5621; x_wconf 90' lang='lat' dir='ltr'>idem</span> <span class='ocrx_word' id='word_1_923' title='bbox 3327 5565 3570 5637; x_wconf 82' lang='lat' dir='ltr'>Spiritus</span> 
     </span>
    </p>
   </div>
  </div>
