3846 6244
216 271 316 318 703
1444 262 1664 315 :lSNEAS
1704 262 2133 317 PARISIENSIS
2177 263 2474 319 EPISCOI’I
3662 265 3756 313 70¢

212 394 439 463 sapiens
466 398 563 445 aut
585 396 788 463 potens
818 392 1044 458 dicitur,
1083 393 1219 463 quia
1244 409 1345 463 per
1388 392 1580 446 omnia
1612 394 1895 463 perfectus
1934 401 1977 449 Α
2011 394 2187 447 rentis
2214 401 2433 449 naturai
2465 396 2734 450 virtutem
2766 413 2941 468 opera
2975 414 3096 462 sua,
3157 413 3333 467 opera
3363 396 3576 452 Patris
3638 410 3759 447 esse

213 488 316 547 est,
350 486 405 536 et
437 483 594 536 nullo
626 498 858 551 prorsus
905 482 1168 551 indigens
1224 483 1391 536 bono.
1456 484 1595 536 Nam
1650 489 1903 552 paternae

212 570 437 624 virtutis
463 580 515 623 et
539 569 831 639 sapientiae
882 570 1032 624 idem
1084 571 1210 624 Filii
1251 571 1497 641 Spiritus
1538 571 1806 634 creditur,
1849 576 1906 625 et

211 658 341 712 ideo
370 659 490 727 ipse
534 664 589 712 et
619 658 934 712 substantia
972 660 1170 725 virtus,
1219 665 1273 713 et
1316 659 1595 730 sapientia
1640 676 1903 729 compro-

210 749 395 802 batur.
425 769 449 793 ››

901 838 1027 891 CAP.
1073 838 1223 893 XXV.

284 963 425 1015 Item
455 960 609 1015 idem
640 961 700 1014 in
733 961 969 1031 Dialogo
1004 978 1132 1015 cum
1174 961 1525 1015 Theodoreto
1576 961 1636 1015 in
1677 961 1905 1032 Tripar-

211 1050 314 1103 tita
363 1051 605 1104 Historia
649 1050 889 1119 Cyriauo
939 1050 1203 1120 episcopo
1243 1050 1437 1104 habito
1474 1065 1487 1104 :
1542 1050 1693 1117 Quod
1720 1053 1905 1119 Spiri-

159 1140 165 1148 ’
215 1144 299 1192 tus
332 1144 551 1193 sanctus
584 1156 617 1191 a
647 1141 807 1192 Patre
833 1140 1109 1207 procedat,
1143 1145 1193 1193 et
1242 1157 1275 1193 a
1312 1141 1449 1193 Filio
1498 1156 1606 1193 non
1644 1142 1717 1193 sit
1766 1142 1907 1193 alie-

214 1243 335 1293 nus,
378 1227 457 1279 sic
496 1228 860 1298 prosequitur
895 1244 906 1280 :
944 1250 970 1275 ‹‹
1023 1228 1381 1281 Meminimus
1422 1229 1575 1281 enim
1623 1228 1904 1281 dicentem

215 1316 497 1369 Christum
548 1318 736 1386 palam
786 1318 854 1369 de
908 1316 1122 1386 Spiritu
1172 1323 1364 1370 sancto
1429 1319 1525 1371 Ille
1581 1333 1659 1370 me
1710 1319 1908 1385 clariﬁ-

213 1403 381 1459 cabit.
414 1404 682 1457 Novimus
712 1406 781 1459 ad
813 1405 931 1458 haec
980 1405 1160 1459 sancti
1209 1405 1456 1474 Spiritus
1514 1406 1905 1475 operationem

214 1498 605 1546 conterentem
682 1495 1063 1563 nequissimas
1141 1494 1583 1564 immundasque
1646 1494 1902 1560 virtutes,

215 1581 459 1649 sednon
488 1582 566 1634 ita
597 1582 838 1635 dicimus
869 1599 1000 1636 eum
1036 1583 1198 1635 sicuti
1234 1584 1481 1654 denique
1520 1599 1901 1653 unumquem-

216 1685 327 1739 que
376 1676 720 1735 sanctorum,
778 1677 1051 1742 tanquam
1103 1671 1289 1724 aliena
1324 1688 1428 1742 per
1457 1672 1733 1741 Spiritum
1783 1689 1906 1725 san-

215 1763 371 1810 ctum
404 1763 659 1812 utentem
686 1759 916 1813 virtute.
949 1760 1074 1814 Fuit
1098 1761 1251 1814 enim
1284 1766 1341 1813 et
1371 1767 1454 1813 est
1483 1762 1604 1831 ejus
1644 1761 1903 1829 Spiritus,

215 1846 381 1899 sicuti
404 1847 651 1917 denique
682 1854 737 1901 et
770 1850 968 1903 Patris.
1006 1851 1070 1903 Et
1102 1849 1207 1903 hoc
1238 1849 1403 1902 nobis
1444 1850 1588 1904 bene
1639 1851 1773 1903 satis
1816 1867 1907 1903 ex-

215 1935 412 2005 planat
441 1936 689 1989 scribens
730 1938 1139 1991 sacratissimus
1187 1939 1394 1991 Paulus
1432 1957 1447 1991 :
1498 1941 1604 2002 Qui
1640 1944 1818 1992 autem
1850 1941 1909 1992 in

215 2039 377 2078 carne
414 2030 559 2091 sunt,
592 2027 802 2092 placere
833 2030 933 2080 Deo
963 2043 1067 2080 non
1112 2033 1377 2095 possunt:
1436 2029 1538 2083 Vos
1577 2034 1753 2081 autem
1806 2043 1910 2081 non

217 2115 344 2166 estis
382 2116 439 2168 in
488 2130 665 2174 carne,
713 2116 807 2169 sed
832 2118 887 2169 in
928 2119 1150 2184 spiritu,
1194 2119 1244 2171 si
1295 2121 1481 2172 tamen
1521 2118 1759 2186 Spiritus
1812 2118 1913 2171 Dei

218 2203 432 2256 habitat
471 2205 525 2256 in
557 2204 723 2259 vobis.
773 2206 833 2260 Si
864 2207 984 2273 quis
1037 2211 1213 2259 autem
1251 2207 1520 2274 Spiritum
1557 2208 1763 2262 Christi
1806 2223 1910 2261 non

218 2292 394 2358 habet,
430 2293 515 2345 hic
541 2308 645 2346 non
674 2299 751 2347 est
795 2309 911 2362 ejus
952 2293 1120 2364 (Rom.
1159 2311 1278 2362 vui,
1321 2296 1396 2360 8).
1449 2295 1711 2349 Procedit
1754 2295 1908 2348 enim

218 2396 282 2433 ex
342 2381 454 2433 Deo
488 2387 542 2434 et
568 2382 728 2434 Patre
763 2382 1008 2452 Spiritus
1053 2390 1297 2450 sanctus,
1346 2384 1658 2437 secundum
1716 2384 1909 2438 Salva-

218 2469 358 2522 toris
390 2486 606 2535 vocem,
632 2471 727 2524 sed
759 2488 874 2524 non
909 2478 993 2526 est
1020 2472 1238 2526 alienus
1270 2489 1300 2525 a
1332 2474 1493 2527 Filio.
1529 2473 1732 2527 Omnia
1757 2472 1910 2525 enim

220 2558 392 2611 habet
421 2574 549 2611 cum
582 2560 765 2627 Patre,
799 2566 855 2613 et
885 2560 990 2613 hoc
1038 2562 1158 2631 ipse
1202 2562 1395 2615 docuit
1437 2561 1630 2615 dicens
1678 2562 1746 2615 de
1783 2561 1911 2632 Spi-

223 2646 339 2699 ritu
391 2653 629 2701 sancto:
683 2650 879 2706 Omnia
956 2665 1281 2718 quaecunque
1340 2651 1499 2704 habet
1559 2653 1739 2716 Pater,
1796 2666 1914 2704 mea

222 2739 367 2788 sunt.
430 2736 697 2804 Proptera
745 2738 869 2791 dimi
910 2739 1060 2792 vobis
1117 2741 1247 2805 quia
1293 2755 1360 2792 ea:
1392 2754 1508 2793 meo
1563 2742 1806 2807 acc2piet,
1864 2744 1914 2792 et

220 2825 573 2877 annuntiabit
621 2826 769 2879 vobis
829 2825 1005 2895 (Joan.
1051 2843 1161 2892 xvi,
1202 2827 1308 2895 15).
1374 2828 1517 2895 Ergo
1575 2828 1916 2897 gloriticavit

226 2911 456 2980 quidem
486 2912 675 2966 Jesum
709 2914 955 2982 Spiritus
991 2922 1221 2968 sanctus
1250 2915 1627 2985 inopinabilia
1670 2933 1913 2986 operan-

2014 483 2154 536 dixit
2185 485 2377 537 dicens
2407 500 2421 537 :
2458 486 2576 552 Ego
2606 501 2771 554 opera
2810 486 2999 539 Patris
3051 487 3157 539 mei
3198 486 3346 554 facio
3379 501 3394 538 :
3437 484 3757 539 missurn;-

2014 587 2245 642 quoque
2275 573 2646 638 Paracletum,
2690 574 2856 626 sicuti
2896 573 3233 643 frequenter
3281 571 3659 643 spopondit,
3705 572 3759 623 in

2012 661 2237 713 terdum
2271 677 2402 714 eum
2431 668 2485 716 et
2519 662 2863 716 mittendum
2886 662 3029 715 dixit
3070 678 3102 714 a
3135 664 3322 727 Patre,
3360 664 3513 715 dum
3573 675 3758 713 omne

2015 750 2170 820 quod
2222 755 2437 820 ageret,
2483 751 2577 820 pie
2607 753 2818 804 referre
2873 755 2957 804 est
2986 751 3187 804 solitus
3234 752 3305 805 ad
3344 753 3629 805 Patrem.
3687 749 3754 801 Ex

2015 854 2127 908 quo
2183 840 2434 893 haeretici
2489 841 2843 893 occasionem
2920 841 3256 911 frequenter
3322 840 3653 909 arripiunt
3702 846 3759 889 ut

2014 927 2203 998 ipsum
2237 944 2357 982 esse
2406 929 2613 983 Filium
2672 931 3022 983 Paracletum
3082 928 3292 997 dicant,
3343 945 3479 982 cum
3556 928 3632 980 in
3694 943 3757 979 eo

2015 1018 2168 1087 quod
2194 1018 2368 1070 alium
2402 1019 2758 1071 Paracletum
2792 1018 3135 1071 mittendum
3170 1034 3203 1069 a
3252 1018 3419 1071 Patre
3472 1018 3565 1069 sit
3620 1032 3755 1085 pre-

2016 1111 2264 1174 caturus,
2314 1106 2697 1160 differentiam
2740 1107 2918 1168 missi,
2966 1106 3342 1177 rogantisque
3392 1106 3755 1176 signiﬁcet.)
3844 1164 3846 1177 Ι

2016 1194 2072 1248 Si
2111 1195 2236 1265 quis
2262 1196 2536 1265 Spiritum
2572 1202 2828 1249 sanctum
2872 1197 3097 1249 Patrem
3125 1194 3266 1248 dicit
3288 1195 3476 1248 Patris
3507 1192 3621 1244 vel
3662 1191 3755 1243 Fi-

2016 1282 2098 1347 lii,
2124 1285 2426 1338 anathema
2457 1285 2547 1337 sit.
2579 1284 2854 1351 (Stultitia
2889 1283 3143 1337 hteretici
3185 1283 3401 1336 furoris
3456 1283 3601 1335 haec
3666 1296 3758 1331 co-

2016 1371 2135 1441 egit
2166 1372 2223 1424 in
2255 1372 2546 1443 Scriptura
2576 1373 2808 1437 referre,
2848 1389 2960 1425 non
2990 1372 3251 1441 quaestio.
3291 1373 3433 1424 Nam
3468 1370 3750 1439 Spiritus

2014 1460 2192 1513 sancti
2226 1478 2434 1514 nomen
2466 1462 2673 1515 habeat
2704 1476 2865 1514 suam
2897 1460 3406 1530 significationem,
3450 1466 3510 1511 et
3560 1458 3753 1527 Spiri-

2014 1553 2104 1603 tus
2130 1555 2356 1603 sanctus
2386 1551 2705 1619 paracletus
2736 1549 2941 1603 habeat
2964 1549 3299 1603 substantiae
3331 1564 3451 1600 sum
3488 1553 3555 1600 et.
3608 1546 3753 1599 ulti-

2017 1640 2166 1692 cium
2199 1646 2256 1693 et
2295 1639 2574 1692 ordinem.
2614 1640 2677 1692 Et
2705 1654 2831 1692 cum
2858 1638 3071 1708 ubique
3095 1636 3533 1690 indemutabilis
3566 1636 3751 1688 Pater

2018 1732 2074 1781 et
2109 1728 2278 1781 Filius
2309 1728 2666 1798 praedicetur,
2712 1727 3005 1798 quomodo
3056 1742 3185 1797 pars
3229 1742 3351 1778 esse
3386 1732 3491 1778 aut
3541 1723 3753 1778 Patris

2019 1822 2076 1869 et
2115 1816 2242 1870 Filii
2294 1817 2536 1885 Si'iritus
2588 1821 2816 1869 sanctus
2861 1816 3184 1868 asseretur?
3223 1814 3331 1867 Sed
3374 1816 3516 1883 quia
3570 1812 3749 1881 fsicut

2019 1905 2171 1959 inter
2192 1912 2399 1959 caetera
2446 1904 2799 1958 insaniarum
2834 1920 3064 1975 genera,
3101 1904 3271 1956 etiam
3321 1903 3427 1956 hoc
3484 1916 3745 1971 quoque

2017 1994 2261 2063 proferri
2318 1994 2386 2047 ab
2438 1994 2632 2063 impiis
2690 1993 2853 2057 solet,
2904 1992 3114 2045 idcirco
3169 2008 3201 2043 a
3244 1991 3455 2043 sanctis
3524 1988 3747 2042 debuit

2019 2082 2378 2153 improbari.)
2429 2082 2488 2136 Si
2527 2082 2653 2153 quis
2708 2084 2931 2136 Patrem
2975 2087 3029 2134 et
3075 2080 3280 2134 Filium
3331 2084 3388 2132 et
3438 2079 3744 2148 Spiritum

2020 2178 2277 2225 sanctum
2312 2178 2424 2224 tres
2448 2171 2581 2225 dicit
2615 2172 2768 2234 deos,
2798 2170 3102 2224 anathema
3131 2169 3223 2222 sit.
3260 2189 3288 2217 ››

2676 2278 2801 2333 CAP.
2836 2277 3064 2332 XXVIII.

2091 2386 2233 2441 Item
2303 2389 2528 2438 sanctus
2582 2384 2871 2437 Hilarius:
2926 2383 3077 2449 Quod
3124 2398 3291 2435 unum
3340 2383 3417 2434 sit
3480 2382 3736 2450 Spiritui

2017 2481 2206 2527 sancto
2263 2490 2296 2527 a
2347 2477 2508 2529 Patre
2553 2473 2856 2542 procedere,
2909 2478 2960 2526 et
3015 2488 3049 2524 a
3102 2472 3237 2525 Filio
3294 2472 3541 2540 accipere
3615 2471 3735 2522 sive

2020 2562 2277 2631 mittigin
2309 2562 2455 2616 libro
2499 2578 2595 2615 vni
2649 2562 2717 2614 de
2777 2566 2966 2613 sancta
3014 2559 3314 2623 Trinitate,
3368 2558 3449 2611 ita
3498 2558 3726 2611 refert:

2024 2670 2050 2702 (ί
2083 2652 2213 2707 Cum
2259 2654 2466 2704 venerit
2512 2650 2806 2703 advocatus
2846 2650 2956 2713 itte,
2990 2663 3144 2716 quem
3185 2663 3279 2713 ego
3310 2649 3523 2700 mittam
3565 2645 3729 2698 vobis

2022 2757 2056 2793 a
2082 2741 2246 2793 Patre
2274 2740 2542 2808 Spiritum
2569 2739 2838 2801 veritatis,
2890 2738 2988 2805 qui
3025 2737 3238 2789 aPatre
3287 2750 3402 2787 meo
3446 2733 3726 2802 procedit,

2022 2833 2138 2900 ipse
2204 2827 2581 2894 testiﬁcabitur
2620 2810 2686 2879 de
2739 2842 2820 2879 me
2868 2826 3044 2891 (Joan.
3108 2840 3195 2884 xv.
3254 2825 3366 2892 26).
3404 2822 3731 2878 Advocatus

2024 2917 2230 2984 veniet,
2264 2923 2320 2969 et
2380 2916 2532 2969 hunc
2571 2914 2761 2967 mittet
2787 2914 2961 2967 Filius
2989 2928 3023 2965 a
3082 2914 3266 2976 Patre,
3316 2910 3561 2980 Spiritus
3623 2924 3729 2961 ve-

221 3004 337 3052 tem
372 3016 384 3053 :
418 3007 811 3055 verumtamen
872 3004 1016 3056 sicut
1045 3004 1289 3073 Spiritus
1321 3005 1461 3074 ejus,
1491 3011 1547 3058 et
1577 3021 1689 3058 non
1729 3006 1913 3059 aliena
1955 2994 1994 3049 Ο
2022 3007 2207 3061 ritatis
2237 3009 2322 3059 est
2350 3005 2449 3075 qui
2494 3002 2755 3074 procedit
2786 3019 2816 3053 a
2862 3004 3047 3068 Patre,
3090 3006 3224 3067 etc.,
3278 3015 3449 3069 usque
3495 2998 3567 3051 ad
3599 3014 3614 3051 ε
3672 2997 3726 3049 id

223 3088 421 3154 virtus,
480 3094 538 3142 et
579 3107 644 3142 eo
688 3092 950 3161 superior
991 3092 1309 3145 secundum
1371 3093 1524 3163 quod
1571 3093 1916 3164 intelligitur

225 3177 391 3231 Deus.
430 3199 456 3225 »

901 3269 1028 3322 CAP.
1069 3270 1246 3325 XXVI.

297 3392 541 3447 Hilarius
563 3436 575 3460 ,
610 3393 952 3447 Pictavensis
984 3395 1304 3465 episcopus,
1344 3396 1412 3449 de
1443 3395 1707 3450 Missione
1739 3396 1916 3467 Spiri-

226 3486 316 3535 tus
349 3482 526 3535 sancti
553 3500 584 3535 a
621 3482 782 3548 Filio,
819 3482 877 3535 in
918 3483 1064 3536 libro
1106 3500 1277 3554 quem
1312 3484 1537 3553 scripsit
1580 3484 1641 3537 in
1691 3485 1919 3539 Germa-

227 3572 405 3636 niam,
438 3571 699 3638 Galliam,
738 3574 1037 3641 Belgicam,
1084 3574 1541 3643 Lugdunensem,
1595 3574 1916 3643 Novempo-

226 3661 519 3729 pulanam,
553 3662 817 3715 Tolosam
851 3667 906 3714 et
938 3663 1313 3730 Britanniam,
1364 3663 1443 3715 sic
1483 3663 1619 3717 dicit
1651 3680 1663 3717 :
1699 3684 1726 3712 ‹‹
1779 3664 1917 3717 Cre—

226 3749 414 3802 dimus
445 3756 499 3802 et
526 3748 583 3802 in
609 3750 885 3820 Spiritum
928 3756 1209 3812 sanctum,
1263 3752 1370 3804 hoc
1421 3757 1505 3805 est
1544 3752 1917 3822 paracletum,

226 3853 395 3907 quem
429 3839 769 3907 promittens
809 3840 1081 3909 apostolis
1116 3840 1250 3907 suis,
1288 3846 1414 3910 post
1460 3841 1706 3894 reditum
1750 3856 1918 3893 suum

227 3925 286 3978 in
335 3926 528 3992 ccelos,
586 3928 743 3981 misit
798 3929 1000 3981 docere
1051 3944 1148 3982 eos
1204 3946 1265 3982 ac
1332 3930 1643 3982 memorari
1701 3929 1917 3997 omnia,

228 4030 327 4083 per
359 4032 531 4083 quem
590 4016 1014 4071 sanctiﬁcantur
1053 4017 1349 4071 sinceriter
1399 4019 1457 4071 in
1511 4035 1641 4072 eum
1686 4018 1918 4072 creden-

227 4104 372 4157 tium
404 4105 633 4158 animaa.
670 4125 697 4156 n

892 4213 1019 4267 CAP.
1061 4215 1260 4268 XXVII.

301 4301 443 4353 Item
472 4299 623 4353 idem
651 4300 711 4352 in
751 4301 953 4354 eodem
978 4302 1139 4356 libro.
1179 4322 1206 4352 (ί
1239 4302 1297 4357 Si
1328 4302 1455 4372 quis
1484 4302 1758 4372 Spiritum
1796 4320 1920 4357 san-

230 4393 383 4441 ctum
435 4390 785 4458 paracletum
835 4390 1043 4458 dicens,
1098 4391 1491 4444 innascibilem
1544 4394 1719 4446 Deum
1749 4394 1915 4460 dicat,

230 4478 530 4531 anathema
564 4478 651 4532 sit.
690 4482 730 4547 (α
762 4479 1013 4547 Adjectio
1049 4496 1201 4532 nunc
1231 4480 1523 4549 Paracleti,
1573 4482 1920 4535 anathemati

230 4566 537 4620 obnoxiam
569 4567 698 4620 fecit
744 4567 1096 4621 innascibilis
1130 4569 1187 4620 in
1228 4583 1360 4621 eum
1411 4568 1505 4621 Dei
1557 4570 1919 4639 praedicatio-

232 4671 383 4709 nem.
416 4655 829 4725 Impiissimum
863 4657 1016 4709 enim
1045 4657 1548 4711 estinnascibilem
1580 4660 1757 4712 Deum
1787 4674 1919 4711 eum

231 4744 360 4809 dici,
393 4745 492 4814 qui
519 4747 590 4799 ad
630 4746 1081 4799 consolationem
1122 4751 1375 4798 nostram
1408 4746 1479 4799 sit
1529 4738 1735 4800 missus
1765 4764 1795 4799 a
1829 4748 1922 4800 Fi-

228 4832 349 4901 lio.)
380 4832 435 4887 Si
463 4834 607 4903 quis,
645 4834 809 4887 sicuti
847 4834 1039 4887 docuit
1090 4851 1190 4887 nos
1231 4835 1526 4902 Dominus,
1578 4851 1696 4889 non
1744 4836 1921 4889 alium

231 4920 378 4974 dicat
430 4923 781 4976 Paracletum
826 4939 855 4975 a
914 4922 1073 4989 Filio,
1127 4923 1268 4977 dixit
1324 4924 1518 4977 enim:
1577 4927 1648 4979 Et
1693 4926 1922 4978 alterum

234 5011 577 5065 Paracletum
632 5013 806 5065 mittet
869 5012 1017 5065 vobis
1080 5014 1258 5078 Pater,
1319 5028 1471 5080 quem
1541 5015 1739 5081 rogabo
1805 5029 1920 5067 eum

236 5100 407 5169 (Joan.
455 5113 567 5165 xvr,
628 5099 735 5167 16),
781 5099 1084 5154 anathema
1136 5100 1225 5154 sit.
1270 5105 1335 5167 (Α
1378 5101 1514 5155 Filio
1567 5103 1921 5156 Paracletum

240 5188 474 5241 missum
525 5189 913 5254 meminimus,
965 5196 1020 5243 et
1059 5190 1118 5243 in
1148 5190 1432 5262 principio
1487 5191 1594 5244 hoc
1625 5191 1767 5245 tides
1803 5191 1925 5261 ipsa

238 5277 519 5348 exposuit.
553 5278 660 5331 Sed
694 5278 827 5349 quia
869 5279 1201 5351 frequenter
1232 5281 1403 5335 Filius
1432 5285 1665 5352 propter
1704 5280 1925 5333 indiffe-

2027 3096 2201 3151 Filius
2239 3095 2492 3149 dandum
2523 3108 2556 3145 a
2594 3108 2651 3145 se
2680 3092 2940 3145 fateatur.
2982 3112 3004 3138 ι

2698 3216 2827 3270 CAP.
2867 3215 3044 3269 XXIX.

2096 3328 2477 3395 Hieronymus
2532 3324 2589 3377 in
2649 3321 2793 3376 libro
2845 3320 3067 3390 Didymi
3118 3320 3233 3390 (lib.
3286 3318 3368 3388 ιι),
3424 3334 3596 3389 quem
3660 3317 3724 3370 de

2026 3420 2218 3473 Graeco
2244 3416 2303 3468 in
2333 3413 2598 3467 Latinum
2629 3410 2921 3464 transtulit
2960 3426 2973 3462 :
3017 3408 3169 3474 Quod
3205 3409 3455 3476 Spiritus
3505 3412 3725 3460 sanctus

2025 3522 2059 3558 a
2088 3507 2252 3559 Patre
2280 3502 2614 3570 egrediatur,
2645 3504 2693 3552 et
2738 3514 2772 3552 a
2803 3500 2937 3551 Filio
2966 3499 3240 3563 mittatur,
3270 3512 3380 3549 non
3431 3495 3727 3549 secundum

2022 3591 2356 3657 angelorum,
2406 3590 2794 3658 prophetarum
2837 3593 2885 3640 et
2917 3587 3282 3655 apostolorum
3332 3586 3721 3647 ministerium,

2024 3681 2118 3735 sed
2148 3686 2206 3733 ut
2243 3696 2277 3733 a
2315 3681 2589 3747 sapientia
2633 3679 2726 3731 Dei
2770 3678 3038 3745 Spiritum
3080 3676 3175 3728 Dei
3212 3675 3361 3727 mitti
3413 3674 3586 3738 decet,
3648 3672 3725 3724 sic

2025 3771 2205 3835 docet,
2228 3786 2290 3822 ex
2325 3785 2437 3838 quo
2460 3766 2765 3820 conﬁtetur
2798 3769 2852 3818 et
2904 3781 2935 3817 a
2984 3764 3123 3817 Filio
3172 3763 3340 3815 illum
3374 3762 3525 3814 sicut
3585 3768 3642 3813 et
3696 3777 3723 3811 a

2029 3860 2190 3911 Patre
2222 3855 2552 3925 procedere.
2590 3874 2616 3901 ‹‹
2650 3854 2789 3906 Cum
2822 3867 2959 3921 ergo
2990 3849 3236 3919 Spiritus
3283 3853 3518 3900 sanctus
3566 3847 3723 3899 simi-

2026 3946 2156 4000 liter
2188 3952 2248 3998 ut
2278 3946 2442 3998 Pater
2473 3949 2529 3996 et
2559 3942 2731 3996 Filius
2764 3944 3017 3993 mentem
3066 3944 3123 3991 et
3149 3936 3494 3990 interiorem
3527 3935 3721 3989 homi-

2026 4051 2159 4090 nem
2186 4033 2446 4087 habitare
2473 4033 2763 4096 doceatur,
2798 4045 2911 4081 non
2949 4028 3133 4081 dicam
3166 4027 3451 4095 ineptum,
3490 4024 3587 4077 sed
3614 4030 3725 4076 im-

2035 4124 2187 4196 pium
2216 4128 2302 4175 est
2340 4137 2473 4174 eum
2506 4120 2693 4174 dicere
2737 4123 3078 4171 creaturam.
3115 4114 3454 4184 Disciplinas
3485 4112 3723 4182 quippe,

2030 4213 2265 4265 virtutes
2286 4210 2412 4262 dico
2454 4213 2510 4260 et
2556 4212 2725 4271 artes,
2759 4210 2813 4257 et
2854 4205 2942 4257 his
2983 4202 3295 4257 contrarias
3334 4200 3726 4272 perturbatio-

1959 4293 2000 4345 Ι)
2034 4318 2150 4366 nes,
2175 4304 2231 4353 et
2259 4296 2575 4367 imperitias
2624 4301 2677 4349 et
2723 4294 2955 4347 affectus
3010 4292 3070 4344 in
3128 4288 3435 4344 animabus
3467 4288 3727 4342 habitare

2030 4388 2301 4460 possibile
2327 4392 2439 4451 est;
2474 4400 2591 4439 non
2622 4388 2815 4437 tamen
2853 4387 2914 4434 ut
2949 4379 3313 4446 substantias,
3359 4378 3457 4431 sed
3517 4382 3580 4430 ut
3641 4395 3729 4431 ac-

2028 4479 2276 4533 cidentes
2310 4492 2323 4529 :
2365 4480 2612 4528 creatam
2663 4488 2793 4525 vero
2824 4476 3085 4523 naturam
3146 4469 3203 4521 in
3236 4484 3406 4520 sensu
3466 4467 3728 4520 habitare

2029 4566 2380 4639 impossibile
2411 4567 2512 4617 est.
2548 4561 2710 4626 Quod
2741 4561 2786 4613 si
2818 4575 3016 4613 verum
3061 4563 3169 4624 est,
3206 4562 3263 4609 et
3300 4556 3547 4626 Spiritus
3594 4574 3728 4609 san-

2035 4661 2156 4710 ctus
2186 4657 2400 4723 absque
2434 4652 2547 4704 ulla
2574 4648 2952 4719 ambiguitate
3005 4646 3340 4711 subsistens,
3384 4644 3594 4699 animae
3647 4652 3730 4698 est

2034 4745 2317 4799 habitator
2347 4746 2405 4795 et
2436 4740 2642 4803 cordis,
2666 4738 2811 4792 nulli
2840 4736 3078 4790 dubium
3110 4739 3194 4788 est
3226 4734 3366 4803 quin
3396 4750 3526 4787 cum
3558 4735 3724 4787 Patre

2035 4838 2090 4889 et
2136 4834 2275 4888 Filio
2316 4830 2471 4884 credi
2510 4829 2714 4882 debeat
2762 4827 3073 4880 increatus.
3123 4825 3202 4877 Ex
3237 4823 3505 4876 omnibus
3552 4823 3729 4892 igitur

2036 4940 2164 4994 quae
2212 4921 2540 4991 praecedens
2571 4932 2760 4971 sermo
2824 4914 3110 4978 disseruit,
3162 4912 3621 4981 incorruptibilis
3678 4918 3729 4964 et

2034 5011 2417 5080 sempiternus
2468 5007 2779 5060 secundum
2832 5008 3093 5057 naturam
3144 5000 3326 5054 Patris
3355 5007 3412 5054 et
3470 5000 3643 5063 Filii,
3677 5008 3729 5053 et

2036 5101 2279 5170 Spiritus
2310 5103 2535 5151 sanctus
2589 5096 3008 5148 demonstratus
3056 5091 3384 5143 universam
3418 5088 3487 5142 de
3528 5105 3586 5141 se
3617 5106 3729 5142 am-

2034 5189 2371 5259 biguitatem
2405 5191 2461 5239 et
2492 5183 2878 5253 suspicionem
2916 5179 3169 5244 abstulit,
3202 5194 3274 5230 ne
3317 5193 3467 5230 unus
3501 5193 3531 5229 e
3575 5194 3726 5231 crea-

2035 5279 2106 5331 tis
2136 5275 2469 5330 substantiis
2538 5271 2856 5327 mstimetur
2908 5268 3008 5340 qui
3063 5267 3307 5337 Spiritus
3366 5265 3468 5319 Dei
3518 5264 3608 5327 sit,
3675 5272 3728 5320 et

306 5475 330 5500 ⁸
359 5463 616 5532 Adjectio
654 5480 813 5519 nunc.
847 5465 1135 5537 Quidquid
1188 5465 1245 5520 in
1298 5465 1404 5520 hoc
1445 5464 1694 5535 capitulo
1738 5462 1962 5518 uncinis
2007 5460 2293 5516 inclusum
2348 5462 2452 5523 est,
2491 5456 2552 5511 in
2582 5455 2867 5510 veteribus
2908 5452 3089 5507 sancti
3133 5451 3334 5506 Hilarii
3384 5450 3726 5507 editionibus

236 5537 448 5590 deerat.
