3846 6244
34 350 146 401 705

1353 342 1560 398 LIBEI‘.
1598 338 1959 396 ADVERSUS
1996 338 2298 395 GRzECOS.

3472 346 3575 427 ’ξοδ

39 501 229 556 quem
269 486 441 539 exire
472 485 542 538 de
596 485 758 537 Patre
788 478 1096 536 Salvatoris
1153 479 1210 534 in
1245 477 1549 547 Evangelio
1598 477 1769 530 verba
1807 478 1850 529 Α
1881 475 2167 528 increatus
2205 475 2295 540 sit,
2351 480 2768 546 consequenter
2813 475 3153 547 intelligere,
3203 476 3358 547 quod
3405 477 3568 546 cujus

40 573 371 626 declarant
422 591 440 626 .·
477 574 604 626 Cum
636 575 862 634 venerit,
892 570 1100 639 inquit,
1136 569 1459 625 consolator,
1495 582 1650 631 quem
1678 581 1771 631 ego

45 667 274 714 mittam
323 663 498 719 rubis,
537 662 774 728 Spiritus
811 661 1077 717 veritatis,
1127 660 1221 721 qui
1270 656 1333 707 (le
1361 658 1524 709 Patre
1561 653 1770 720 egredi-

47 756 161 809 tur,
214 754 351 817 ipse
440 749 802 802 testimonium.
855 747 1007 800 dabit
1065 746 1250 798 deme
1311 747 1490 814 (Joan.
1547 743 1767 809 xv,'26).

52 839 512 891 Consolatorem
561 840 748 888 autem
802 835 1120 886 venientem
1185 832 1460 902 Spiritum
1515 835 1772 882 sanctum

52 926 229 991 dicit;
269 925 355 978 ab
390 923 724 993 operatione
774 921 826 975 ei
860 938 1074 975 nomen
1113 921 1438 990 imponens,
1474 918 1610 988 quia
1655 933 1771 969 non

53 1016 251 1068 solum
297 1013 636 1067 consolatur
679 1026 777 1064 eos
823 1027 964 1080 quos
1014 1025 1072 1062 se
1111 1009 1316 1078 dignos
1368 1023 1490 1060 esse
1535 1005 1771 1074 reperit,

54 1105 152 1158 sed
184 1108 246 1157 et
280 1103 364 1156 ab
393 1102 551 1155 omni
582 1099 813 1154 tristitia
862 1105 918 1152 et
951 1098 1385 1168 perturbatione
1421 1095 1609 1149 reddit
1639 1094 1773 1146 alie-

51 1209 183 1247 nos.
219 1192 450 1244 Verum
485 1188 816 1242 incredibile
860 1187 1150 1258 quoddam
1179 1187 1454 1254 gaudium
1489 1190 1543 1237 et
1574 1182 1773 1236 hilari-

59 1287 242 1333 tatem
281 1279 376 1331 eis
406 1276 629 1342 tribuit,
663 1276 723 1330 in
765 1282 988 1329 tantum
1041 1281 1101 1328 ut
1129 1275 1312 1345 possit
1341 1275 1469 1344 quis
1503 1275 1619 1326 Deo
1655 1287 1778 1340 gra-

60 1368 170 1420 tias
201 1366 498 1430 referens,
529 1364 678 1434 quod
712 1364 811 1417 tali
851 1363 1074 1432 hospite
1125 1363 1332 1432 dignus
1365 1363 1660 1424 habeatur,
1697 1358 1778 1410 di-

66 1471 247 1510 cere:
320 1454 542 1507 Dedisti
596 1454 844 1506 lzetitiam
894 1456 954 1504 in
1016 1451 1174 1504 corde
1224 1467 1339 1504 meo
1388 1452 1553 1521 (Psat.
1588 1469 1659 1516 iv,
1699 1457 1773 1516 7).

64 1543 446 1613 Sempiterna
478 1541 692 1611 quippe
727 1539 923 1593 Imtitia
956 1540 1012 1592 in
1043 1556 1241 1593 eorum
1283 1539 1453 1593 corde
1499 1547 1777 1606 versatur,

73 1647 333 1701 quorum
369 1630 614 1699 Spiritus
647 1634 872 1682 sanctus
911 1627 1198 1680 habitator
1231 1632 1333 1680 est.
1385 1629 1494 1682 Iste
1537 1628 1780 1698 Spiritus

72 1720 470 1771 consolatora
522 1717 662 1771 Filio
717 1716 984 1780 mittitur,
1033 1732 1147 1768 non
1192 1718 1510 1770 secundum
1557 1719 1782 1786 angelo-

76 1824 219 1867 rum,
253 1812 315 1859 et
350 1806 792 1875 prophetarum,
837 1809 892 1856 et
933 1804 1323 1872 apostolorum
1373 1805 1779 1869 ministerium,

77 1897 169 1947 sed
210 1901 274 1947 ut
334 1894 489 1947 mitti
523 1895 684 1947 decet
714 1911 746 1946 ει
787 1891 1065 1962 sapientia
1119 1897 1171 1945 et
1217 1893 1452 1945 veritate
1504 1894 1782 1962 Spiritum

78 1981 198 2046 Dei,
251 1981 571 2034 indivisam
628 1979 932 2034 habentem
974 1995 1102 2032 cum
1138 1980 1302 2032 Patre
1345 1985 1402 2033 et
1444 1980 1583 2034 Filio
1643 1981 1786 2034 sub-

80 2069 381 2122 stantiam.
412 2093 439 2113 ι»

777 2155 904 2208 CAP.
947 2153 1108 2208 XXX.

155 2261 298 2313 Item
346 2260 503 2313 idem
563 2259 622 2312 iu
665 2259 868 2313 eodem
899 2261 1067 2324 libro,
1124 2264 1254 2330 post
1291 2276 1506 2329 pauca:
1545 2279 1569 2312 ι
1639 2261 1787 2315 Licet

89 2352 242 2402 enim
285 2367 353 2402 ex
392 2351 510 2403 Deo
560 2349 890 2419 frequenter
948 2366 1005 2402 se
1063 2349 1216 2402 dicat
1273 2349 1452 2402 exisse
1513 2349 1787 2416 Salvator,

96 2439 512 2509 proprietatem
545 2443 760 2499 tamen,
789 2442 865 2502 et,
897 2437 1058 2492 utita
1080 2438 1282 2501 dicam,
1315 2438 1788 2505 familiaritatem,

96 2527 160 2581 de
210 2543 329 2596 qua
390 2542 542 2596 saepe
590 2526 975 2590 tractavimus,
1018 2542 1083 2579 ex
1142 2526 1416 2579 vocabulo
1467 2526 1648 2595 magis
1685 2527 1792 2581 sibi

101 2615 280 2667 Patris
333 2629 632 2668 assumens
695 2612 852 2680 dicit,
906 2619 1036 2678 etc.,
1080 2627 1253 2678 usque
1294 2613 1368 2666 ad
1406 2615 1588 2681 verba,
1629 2617 1794 2685 juxta

98 2702 450 2772 operationis
480 2701 795 2754 veritatem.
832 2718 858 2749 ι)

785 2822 911 2875 CAP.
936 2823 1110 2875 XXXI.

169 2950 306 3003 Item
341 2949 497 3002 idem
529 2947 588 3000 in
620 2947 818 3001 eodem
851 2961 1024 3015 opere
1050 2951 1180 3015 post
1203 2961 1380 3016 pauca
1404 2962 1416 2999 :
1437 2966 1460 2994 κ
1495 2945 1637 3009 Quia
1659 2961 1794 3015 ergo

1881 580 1997 616 non
2038 570 2122 617 est
2153 569 2339 618 creata
2369 566 2684 618 substantia
2721 571 2867 619 recte
2906 568 3058 620 Patri
3097 567 3352 636 Filioque
3383 567 3570 619 socie-

1882 657 1992 706 tur.
2027 673 2054 700 »

2539 743 2667 795 CAP.
2720 744 2912 796 XXXV.

1953 849 2009 901 S.
2054 846 2398 914 Augustinus
2444 846 2501 899 in
2537 845 2772 898 liomilia
2794 861 2964 915 super
2991 847 3265 900 Joannem
3304 863 3316 900 :
3350 867 3377 897 α
3408 856 3432 880 ι
3474 847 3572 900 Hic

1885 934 2090 1005 aliquis
2120 934 2358 987 forsitan
2393 939 2632 1003 quaerat,
2683 940 2878 986 utrum
2935 939 2992 986 et
3029 950 3062 984 a
3111 934 3251 986 Filio
3300 936 3571 1004 procedat

1884 1024 2128 1093 Spiritus
2159 1027 2405 1076 sanctus.
2443 1022 2616 1075 Filius
2646 1023 2800 1074 enim
2837 1022 3012 1074 solius
3049 1024 3226 1075 Patris
3260 1029 3344 1076 est
3376 1023 3568 1088 Filius,

1886 1117 1940 1164 et
1973 1113 2137 1165 Pater
2167 1111 2340 1164 solius
2373 1110 2497 1164 Filii
2545 1116 2629 1163 est
2665 1112 2828 1163 Pater
2860 1126 2872 1163 :
2925 1110 3168 1179 Spiritus
3200 1117 3391 1164 autem
3443 1129 3572 1166 san-

1883 1206 2004 1254 ctus
2039 1216 2153 1254 non
2202 1205 2286 1252 est
2340 1199 2507 1251 unius
2559 1215 2756 1250 eorum
2794 1199 3059 1267 Spiritus,
3115 1200 3210 1252 sed
3251 1201 3570 1254 amborum.

1888 1290 2068 1343 IIabes
2135 1289 2323 1356 ipsum
2378 1289 2678 1342 Dominum
2741 1288 3071 1341 dicentem:
3115 1290 3233 1342 Non
3291 1291 3430 1341 enim
3481 1306 3573 1341 vos

1887 1382 2014 1431 estis
2058 1381 2151 1442 qui
2191 1378 2495 1442 loquimini,
2542 1377 2636 1430 sed
2663 1377 2902 1444 Spiritus
2925 1378 3108 1429 Patris
3160 1381 3326 1429 vestri
3371 1382 3464 1442 qui
3497 1379 3572 1431 lo-

1889 1469 2078 1531 quitur
2105 1471 2160 1518 in
2200 1467 2348 1518 vobis
2400 1466 2617 1534 (Matth.
2647 1482 2697 1527 x,
2727 1468 2836 1535 ‘20).
2891 1466 3072 1518 Habes
3101 1471 3158 1518 ct
3187 1468 3522 1536 Apostolum
3557 1484 3570 1520 ε

1891 1557 2041 1607 illisit
2076 1557 2238 1617 Deus,
2271 1553 2474 1623 inquit,
2503 1555 2769 1622 Spiritum
2800 1555 2924 1607 Filii
2967 1559 3053 1607 sui
3083 1559 3139 1608 in
3183 1555 3348 1607 corda
3389 1561 3578 1610 nostra

1893 1643 2096 1708 (Galat.
2125 1659 2194 1701 iv,
2231 1642 2303 1711 6).
2339 1643 2605 1712 Nunquid
2639 1644 2750 1696 duo
2798 1649 2951 1706 sunt,
2991 1644 3136 1695 alius
3184 1644 3383 1706 Patris,
3429 1645 3576 1698 alius

1897 1731 2059 1784 Filii?
2089 1731 2265 1783 Absit.
2302 1733 2478 1783 (fnum
2504 1731 2658 1783 enim
2681 1748 2875 1799 corpus
2908 1733 3007 1794 ait,
3046 1749 3172 1785 cum
3225 1733 3580 1801 signiﬁcaret

1899 1819 2218 1879 Ecclesiam,
2259 1835 2505 1888 moxque
2534 1819 2769 1883 addidit,
2808 1826 2857 1872 et
2893 1836 3033 1872 unus
3073 1821 3312 1888 Spiritus
3355 1821 3576 1888 (Ep/tes.

1893 1925 1964 1966 1v,
2003 1907 2074 1973 4).
2131 1907 2197 1959 Et
2251 1907 2374 1960 vide
2415 1907 2701 1977 quomodo
2751 1908 2866 1962 illic
2918 1909 3153 1978 impleat
3191 1909 3528 1962 Trinitatem
3565 1927 3577 1963 :

1895 1996 2044 2050 Sicut
2082 1997 2257 2047 vocati
2288 2000 2433 2056 estis,
2470 1995 2674 2065 inquit,
2701 2001 2754 2050 in
2784 2013 2893 2050 una
2915 2013 3008 2064 spe
3036 2001 3331 2050 vocationis
3366 2002 3577 2050 vestrae.

1901 2085 2050 2136 Unus
2101 2087 2380 2136 Dominus.
2437 2085 2535 2136 IIic
2583 2085 2777 2154 utique
2829 2085 3113 2138 Christum
3177 2085 3422 2155 intelligi
3478 2102 3583 2138 vo-

1895 2171 2022 2225 luit.
2089 2172 2281 2225 Restat
2341 2179 2404 2224 ut
2461 2172 2634 2225 etiam
2695 2175 2914 2226 Patrem
2975 2173 3253 2228 nominet.
3312 2173 3584 2242 Sequitur

1896 2275 2073 2328 ergo:
2145 2261 2262 2312 Una
2331 2261 2483 2328 fides,
2544 2276 2712 2312 unum
2784 2261 3075 2329 baptisma,
3139 2275 3281 2313 unus
3345 2264 3489 2314 Deus
3533 2265 3583 2312 et

1897 2351 2059 2404 Pater
2110 2355 2366 2410 omnium,
2415 2354 2509 2414 qui
2570 2355 2646 2402 est
2704 2366 2870 2419 super
2919 2367 3097 2404 omnes
3152 2356 3202 2404 et
3247 2367 3349 2418 per
3383 2367 3580 2410 omnes,

1899 2442 1949 2490 et
2021 2441 2079 2489 in
2163 2437 2411 2490 omnibus
2488 2438 2696 2506 (Ibid.).
2777 2439 2916 2492 Cum
2993 2456 3128 2508 ergo
3204 2439 3351 2492 sicut
3434 2454 3587 2491 unus

1901 2527 2087 2590 Pater,
2157 2531 2211 2577 et
2271 2542 2418 2578 unus
2491 2526 2788 2591 Dominus,
2877 2527 2935 2581 id
2993 2533 3079 2581 est
3117 2527 3312 2594 Filius,
3375 2527 3452 2579 ita
3515 2527 3588 2578 sit

1901 2617 1956 2664 et
1982 2628 2128 2664 unus
2181 2611 2445 2680 Spiritus,
2503 2612 2753 2681 profecto
2791 2615 3089 2667 amborum
3134 2619 3256 2668 est:
3324 2613 3586 2682 quando-

1902 2699 2133 2769 quidem
2185 2700 2322 2752 dicit
2376 2701 2496 2768 ipse
2551 2700 2804 2754 Christus
2847 2703 3050 2754 Jesus:
3113 2703 3354 2770 Spiritus
3405 2703 3588 2755 Patris

1899 2788 2068 2839 vestri
2093 2791 2187 2851 qui
2227 2788 2471 2851 loquitur
2498 2790 2552 2839 in
2596 2787 2763 2840 vobis.
2794 2788 2857 2840 Et
2896 2787 3030 2841 dicit
3058 2790 3360 2856 Apostolus
3387 2806 3406 2842 :
3438 2791 3590 2842 Misit

1903 2877 2044 2927 Deus
2071 2876 2335 2942 Spiritum
2358 2876 2484 2927 Filii
2527 2878 2613 2926 sui
2642 2879 2696 2926 in
2731 2875 2892 2927 corda
2922 2879 3128 2928 nostra.
3171 2875 3352 2928 Habes
3386 2875 3444 2928 in
3477 2875 3589 2928 alio

1901 2964 2027 3017 loco
2058 2963 2324 3016 eumdem
2353 2963 2688 3032 Apostolum
2715 2963 3000 3016 dicentem
3037 2978 3048 3016 :
3087 2964 3146 3017 Si
3185 2970 3367 3018 autem
3410 2965 3587 3033 Spiri-

105 3044 156 3090 et
184 3037 435 3107 Spiritus
476 3042 707 3089 sanctus
737 3034 795 3088 in
828 3034 1059 3087 nomine
1090 3033 1215 3087 Filii
1248 3050 1280 3086 a
1310 3034 1470 3087 Patre
1520 3034 1624 3085 mit

2072 3053 2150 3110 ius
2199 3057 2293 3117 qui
2340 3055 2624 3106 suscitavit
2663 3055 2844 3106 Jesum
2883 3070 2949 3106 em
2993 3058 3241 3115 mortuis,
3271 3055 3485 3108 habitat
3533 3059 3591 3108 in

107 3123 316 3177 habens
365 3123 492 3177 Filii
554 3121 989 3192 proprietatem,
1037 3125 1167 3187 etc.,
1227 3136 1398 3186 usque
1475 3119 1550 3174 ad
1593 3120 1788 3182 verba;

109 3211 406 3265 Scientiam
432 3210 778 3264 divinorum.
816 3231 842 3257 ››

769 3333 895 3387 CAP.
928 3332 1132 3386 XXXII.

176 3439 315 3493 Item
336 3439 493 3492 idem
526 3438 584 3492 in
621 3439 822 3494 eodem
857 3455 1029 3509 opere
1060 3443 1191 3508 post
1222 3454 1404 3508 pauca
1437 3454 1448 3491 :
1478 3459 1505 3486 «
1540 3439 1795 3511 Denique

114 3525 638 3597 interpretationem
691 3528 960 3593 inferens,
1012 3528 1301 3597 quomodo
1330 3527 1561 3581 dixisset
1594 3527 1659 3582 de
1682 3543 1795 3582 meo

117 3617 348 3682 accipiet.
387 3616 659 3669 Protinus
694 3615 934 3686 subjecit
967 3633 980 3669 ε
1016 3616 1208 3670 Omnia
1254 3631 1374 3681 quae
1419 3614 1578 3668 habet
1614 3617 1793 3680 Pater,

117 3715 223 3753 mea
252 3710 413 3766 sunt;
458 3709 749 3772 propterea
775 3705 928 3758 dimi:
969 3708 1045 3759 De
1069 3721 1181 3758 meo
1218 3706 1462 3772 accipiet,
1499 3708 1549 3756 et
1579 3719 1794 3757 annun-

119 3790 460 3925 ﬁabitvobis,
496 3798 628 3858 etc.,
665 3809 836 3859 usque
861 3795 935 3848 ad
962 3794 1144 3855 verba,
1180 3793 1304 3846 haec
1333 3792 1529 3846 eadem
1567 3795 1801 3846 etPater

155 3875 296 3925 abet-
333 3900 354 3925 ι

155 3875 296 3930 abet.
333 3900 354 3925 ι

832 3964 1056 4018 XXXIII.

183 4056 315 4111 Item
370 4059 529 4112 idem
577 4059 634 4113 in
685 4061 888 4115 eodem
934 4077 1104 4132 opere
1142 4063 1273 4130 post
1321 4075 1550 4130 pauca:
1607 4079 1633 4112 α
1675 4061 1800 4128 ξνοε

126 4150 321 4214 autem,
355 4149 436 4201 ait
467 4149 637 4217 (haud
678 4150 918 4204 dubium
950 4151 1088 4221 quin
1137 4149 1402 4219 discipuli
1441 4149 1666 4219 Christi)
1701 4150 1800 4220 qui

124 4232 448 4301 sapientiam
492 4235 734 4306 Spiritus
787 4237 1115 4307 suscepistis
1154 4241 1210 4291 et
1255 4237 1426 4290 vitam
1477 4241 1531 4290 et
1579 4253 1797 4308 pacem,

127 4324 175 4371 et
215 4336 325 4374 non
375 4322 511 4375 estis
561 4323 618 4376 in
669 4339 860 4391 carne,
909 4324 963 4378 id
1015 4329 1119 4390 est,
1169 4324 1227 4377 in
1271 4324 1457 4377 carnis
1507 4324 1798 4394 operibus,

128 4421 297 4478 neque
343 4411 500 4464 enim
535 4411 658 4481 ejus
696 4429 871 4482 opera
901 4411 1265 4483 perpetratis,
1299 4411 1582 4483 siquidem
1615 4411 1800 4482 Spiri-

124 4500 235 4550 tum
264 4499 359 4552 Dei
393 4500 618 4554 habetis
647 4501 707 4554 in
742 4501 916 4555 vobis.
969 4502 1107 4554 Item
1157 4503 1347 4554 autem
1400 4499 1642 4570 Spiritus
1699 4499 1800 4553 Dei

127 4587 176 4635 et
202 4583 443 4654 Spiritus
493 4588 700 4643 Christi
749 4594 852 4655 est,
904 4588 1190 4642 adducens
1236 4592 1291 4642 et
1339 4587 1613 4658 copulans
1665 4603 1799 4641 eum

128 4671 214 4739 qui
240 4690 294 4726 se
327 4675 594 4730 habuerit
625 4675 867 4730 Domino
891 4677 1025 4730 Jesu
1059 4676 1306 4743 Christo,
1338 4679 1472 4744 etc.,
1502 4689 1673 4740 usque
1703 4674 1794 4736 ad,

131 4756 402 4818 Trinitatis
429 4763 806 4818 substantiam
839 4764 1286 4818 demonstratur.
1327 4783 1353 4813 »

752 4889 880 4944 CAP.
917 4888 1142 4942 XXXIV.

191 4987 321 5044 Item
350 4992 504 5046 idem
554 4991 614 5044 in
663 4991 865 5046 eodem
915 5009 1089 5063 opere
1136 4996 1264 5063 post
1288 5008 1516 5062 pauca:
1563 5013 1590 5038 «
1657 4993 1799 5047 Cum

131 5074 288 5142 igitur
327 5085 523 5134 sancta
569 5079 862 5151 Scriptura
910 5080 1160 5151 amplius
1212 5081 1280 5134 de
1351 5080 1626 5135 Trinitate
1683 5096 1798 5134 non

132 5160 279 5231 dicat,
326 5169 435 5221 nisi
472 5169 651 5221 Deum
684 5169 910 5222 Patrem
959 5183 1081 5221 esse
1122 5167 1445 5230 Salvatoris,
1484 5172 1539 5222 et
1589 5168 1798 5222 Filium

132 5260 444 5317 generatum
467 5271 589 5309 esse
611 5255 678 5310 de
703 5257 888 5324 Patre,
921 5255 1030 5309 hoc
1061 5261 1252 5309 autem
1283 5255 1558 5310 debemus
1588 5255 1798 5308 sentire

134 5340 267 5405 quod
292 5344 569 5414 scriptum
616 5350 699 5396 est
731 5359 744 5396 :
778 5347 832 5398 et
861 5347 1087 5396 ostenso
1119 5342 1272 5413 quod
1301 5341 1546 5413 Spiritus
1572 5345 1799 5396 sanctus

193 5520 215 5545 ⁸
263 5516 355 5571 Hic
420 5517 646 5581 aliquis.
707 5517 895 5570 Monet
968 5515 1244 5570 Acherius
1308 5515 1604 5569 homiliam
1654 5515 1799 5568 hanc

136 5579 319 5640 frustra
347 5604 377 5642 a
403 5605 464 5642 se
510 5579 632 5640 esse
675 5588 1006 5658 quaesitam;
1049 5586 1146 5640 sed
1177 5586 1328 5657 quod
1359 5603 1422 5640 ex
1479 5602 1544 5639 ea
1589 5585 1796 5640 exscri-

1902 3141 2050 3193 vobis
2075 3141 2241 3205 (Rom.
2270 3155 2386 3206 vui,
2451 3140 2556 3209 ll).
2594 3140 2691 3194 Hic
2731 3141 2930 3211 utique
2969 3141 3246 3212 Spiritum
3284 3134 3462 3196 Patris
3505 3143 3592 3196 in-

1903 3227 2082 3296 telligi
2116 3227 2317 3287 voluit,
2351 3227 2417 3280 de
2451 3245 2564 3298 quo
2597 3233 2790 3283 tamen
2823 3229 2880 3282 in
2911 3231 3022 3283 alio
3057 3231 3182 3284 loco
3215 3230 3352 3284 dicit
3392 3247 3404 3284 :
3439 3230 3594 3295 Quis-

1906 3320 2029 3381 quis
2070 3320 2249 3368 autem
2302 3317 2569 3385 Spiritum
2616 3317 2815 3372 Christi
2853 3335 2959 3372 non
3003 3319 3182 3380 habet,
3235 3319 3321 3372 hic
3362 3336 3470 3373 non
3517 3323 3596 3373 est

1905 3405 2024 3472 ejus
2057 3405 2243 3473 (Ibid.,
2280 3408 2346 3473 9).
2384 3407 2450 3459 Et
2515 3407 2693 3459 multa
2724 3407 2835 3460 alia
2883 3414 3017 3460 sunt
3073 3408 3425 3471 testimonia,
3466 3409 3592 3478 qui-

1906 3491 2012 3544 bus
2035 3492 2144 3544 hoc
2174 3493 2466 3546 evidenter
2497 3495 2837 3560 ostenditur,
2885 3500 2939 3548 et
2969 3495 3154 3549 Patris
3205 3500 3262 3549 et
3294 3495 3418 3549 Filii
3473 3512 3594 3548 esse

1906 3579 2205 3648 Spiritum,
2230 3581 2329 3651 qui
2352 3581 2408 3634 in
2430 3581 2703 3636 Trinitate
2724 3582 2932 3636 dicitur
2951 3582 3193 3653 Spiritus
3212 3588 3459 3637 sanctus.
3486 3585 3596 3637 Nec

1907 3667 1980 3720 ob
2033 3666 2188 3720 aliud
2238 3669 2499 3721 existimo
2543 3668 2730 3739 ipsum
2787 3670 3018 3739 proprie
3057 3670 3248 3724 vocari
3293 3670 3593 3740 Spiritum,

1907 3770 2034 3808 cum
2071 3754 2266 3820 etiam,
2297 3755 2343 3808 si
2393 3755 2460 3808 de
2491 3756 2731 3825 singulis
2761 3756 3206 3826 interrogemus,
3240 3773 3358 3811 non
3388 3775 3593 3828 possu-

1907 3859 2035 3897 mus
2060 3843 2168 3896 nisi
2199 3849 2255 3897 et
2308 3845 2534 3898 Patrem
2580 3851 2636 3898 et
2667 3846 2872 3899 Filium
2903 3846 3182 3915 Spiritum
3217 3845 3425 3910 dicere,
3460 3862 3596 3916 quo-

1907 3931 2063 3984 niam
2089 3930 2337 4000 Spiritus
2377 3936 2463 3985 est
2493 3931 2660 3997 Deus,
2703 3931 2756 3986 id
2784 3937 2868 3986 est
2902 3949 3018 3985 non
3052 3949 3261 4003 corpus
3310 3938 3394 3987 est
3428 3933 3594 3997 Deus,

1909 4019 2004 4072 sed
2037 4018 2301 4088 Spiritus.
2338 4018 2498 4082 Quod
2521 4035 2664 4089 ergo
2691 4020 3076 4074 communiter
3103 4027 3376 4076 vocantur
3407 4027 3464 4075 et
3488 4022 3599 4075 sin-

1909 4105 2049 4176 guli,
2085 4107 2192 4159 hoc
2221 4106 2453 4176 proprie
2501 4106 2690 4160 vocari
2721 4108 2976 4178 oportuit
3006 4125 3159 4173 eum,
3216 4109 3317 4180 qui
3370 4126 3486 4163 non
3514 4114 3598 4162 est

1908 4193 2081 4248 unius
2111 4210 2331 4260 eorum,
2364 4195 2461 4248 sed
2489 4194 2547 4248 in
2575 4211 2688 4265 quo
2736 4197 3117 4250 communitas
3147 4197 3449 4250 amborum
3499 4212 3599 4266 ap-

1911 4287 2092 4354 paret.
2128 4284 2242 4337 Cur
2273 4300 2408 4355 ergo
2435 4301 2552 4338 non
2585 4285 2885 4340 credamus
2910 4328 2923 4352 ,
2957 4287 3109 4357 quod
3141 4287 3315 4342 etiam
3355 4287 3423 4340 de
3457 4286 3599 4340 Filio

1911 4372 2179 4442 procedat
2209 4372 2453 4442 Spiritus
2499 4379 2748 4441 sanctus,
2783 4390 2914 4428 cum
2947 4375 3074 4430 Filii
3103 4391 3335 4446 quoque
3373 4375 3495 4445 ipse
3525 4373 3599 4426 sit

1909 4459 2172 4530 Spiritus.
2205 4460 2262 4515 Si
2294 4461 2450 4514 enim
2505 4463 2576 4516 ab
2624 4478 2690 4515 eo
2744 4478 2862 4516 non
2907 4463 3262 4534 procederet,
3304 4479 3420 4517 non
3472 4466 3598 4532 post

1909 4547 2390 4601 resurrectionem
2438 4564 2496 4603 se
2552 4553 2968 4619 repraesentans
3013 4549 3308 4619 discipulis
3345 4549 3460 4602 suis
3504 4549 3598 4600 in-

1909 4631 2210 4695 sufflasset,
2241 4635 2435 4689 dicens
2476 4652 2488 4690 :
2521 4637 2766 4705 Accipite
2823 4638 3089 4704 Spiritum
3132 4642 3379 4690 sanctum
3415 4637 3594 4706 (Joan.

1908 4739 2000 4790 xx,
2035 4725 2149 4793 2‘2).
2179 4723 2324 4788 Quid
2357 4725 2511 4778 enim
2542 4725 2693 4778 aliud
2728 4724 3070 4794 signiﬁcavit
3117 4723 3452 4792 insufﬂatio,
3488 4725 3595 4778 nisi

1909 4813 2063 4883 quod
2093 4813 2362 4884 procedat
2408 4812 2649 4883 Spiritus
2697 4819 2923 4866 sanctus
2973 4817 3030 4865 et
3063 4812 3132 4866 de
3164 4812 3328 4883 ipso?
3356 4813 3438 4867 Ad
3479 4814 3599 4882 {hoc

1909 4901 2348 4972 pertinetetiam
2381 4900 2518 4954 illud
2551 4900 2699 4970 quod
2731 4899 2811 4952 ait
2830 4901 2899 4954 de
2927 4899 3194 4966 muliere,
3225 4917 3352 4970 quae
3376 4902 3596 4955 fluxum

1909 4989 2206 5058 sanguinis
2253 4987 2618 5058 patiebatur:
2676 4989 2874 5053 Tetigit
2910 5003 2992 5040 me
3031 4988 3266 5052 aliquis;
3316 5003 3410 5054 ego
3457 4993 3596 5041 enim

1908 5081 2052 5131 sensi
2091 5079 2346 5130 virtutem
2389 5075 2455 5129 de
2491 5091 2573 5128 me
2594 5079 2767 5127 exisse
2794 5072 2948 5146 '(Luc.
2981 5091 3099 5140 vm,
3132 5076 3240 5144 46).
3293 5077 3434 5130 Nam
3483 5077 3596 5130 vir-

1910 5165 2044 5218 tutis
2075 5164 2309 5218 nomine
2355 5163 2631 5234 appellari
2689 5163 2860 5216 etiam
2919 5162 3196 5233 Spiritum
3230 5169 3509 5231 sanctum,
3542 5172 3600 5218 et

1909 5269 1974 5305 eo
2005 5253 2128 5306 loco
2157 5255 2372 5305 clarum
2401 5256 2504 5318 est,
2549 5250 2644 5304 ubi
2674 5251 2910 5319 angelus
2932 5251 3144 5305 dicenti
3186 5252 3372 5306 Marica
3399 5269 3413 5306 :
3464 5253 3598 5318 Quo-

1905 5339 2062 5392 modo
2119 5343 2209 5407 ﬁet
2260 5338 2446 5400 istud;
2477 5341 2731 5403 quoniam
2780 5342 2958 5391 virum
3002 5355 3109 5392 non
3161 5344 3461 5406 cognosco?
3491 5341 3597 5395 Re-

1908 5517 2070 5587 ptum
2103 5511 2284 5587 est_ab
2311 5514 2502 5587 Ainca,
2538 5512 2915 5568 Theodulfum
2971 5530 3201 5587 quoque
3243 5515 3508 5571 retulisse
3542 5516 3601 5570 in

1912 5583 2057 5639 libro
2087 5583 2158 5638 de
2189 5584 2406 5654 Spiritu
2436 5592 2652 5638 sancto.
