3846 6244
265 322 367 376 707
1489 324 1598 380 ᾸΞΝ
1609 325 1718 382 ΕΑΒ
1758 325 2187 384 PARISIENSIS
2227 326 2540 385 EPISCOPI
3692 333 3784 387 70$

262 458 495 528 spondit
527 475 542 512 :
576 457 817 529 Spiritus
863 462 1086 512 sanctus
1129 462 1471 528 superveniet
1502 462 1558 513 in
1594 464 1661 528 te,
1691 464 1742 515 et
1782 463 1958 515 virtus
1995 464 2041 517 A
2073 466 2129 516 et
2160 461 2300 517 Filio
2327 478 2442 516 non
2490 465 2704 534 potest;
2737 459 2883 517 sicut
2920 463 3088 519 Pater
3143 462 3299 518 solus
3346 461 3575 529 sufﬁcit,
3627 464 3761 534 quia

265 549 541 602 Altissimi
614 547 959 602 obumbrabit
1000 549 1098 602 tibi
1132 550 1280 618 (Luc.
1333 565 1371 611 ι,
1404 552 1509 620 34).
1561 552 1626 605 Et
1669 552 1792 622 ipse
1845 553 1952 606 Do-

261 637 453 690 minus
503 636 846 707 promittens
899 654 1031 692 eum
1092 638 1387 710 discipulis
1439 641 1569 694 ait:
1620 642 1723 697 Vos
1771 647 1953 695 autent

259 725 438 778 sedete
481 730 538 779 in
583 730 820 793 civitate,
875 727 1233 792 quoadusque
1276 728 1588 782 induamini
1638 734 1842 783 virtute
1887 745 1953 782 etc

258 815 369 867 alto
413 813 563 883 (Luc.
610 832 760 883 xxxv,
809 816 917 882 49).
970 817 1031 869 Et
1084 816 1292 870 iterum
1330 833 1343 871 :
1389 818 1705 888 Accipictis,
1740 818 1946 890 inquit,

255 908 515 958 virtutem
546 905 788 974 Spiritus
823 909 998 958 sancti
1036 911 1496 974 supervenientem
1523 912 1580 961 in
1605 923 1718 970 vos,
1760 913 1812 961 et
1843 913 1949 962 eri-

256 998 328 1048 tis
358 994 493 1048 mihi
524 999 680 1049 testes
702 995 847 1065 (Act.
884 1011 922 1060 I,
952 995 1028 1066 6),

915 1104 1042 1156 CAP.
1074 1103 1289 1158 XXXVI.

331 1208 474 1262 Item
507 1212 735 1262 sanctus
752 1210 1102 1279 Augustinus
1126 1210 1181 1263 in
1216 1209 1358 1264 libro
1379 1227 1476 1264 xm
1498 1211 1564 1265 de
1586 1210 1824 1266 Civitate
1846 1211 1948 1266 Dei

262 1298 522 1367 (60.19.24)
559 1313 571 1350 :
601 1296 756 1362 Quod
796 1298 1036 1365 Spiritus
1066 1303 1287 1351 sanctus
1310 1300 1494 1352 Patris
1536 1303 1609 1352 sit
1655 1304 1705 1353 et
1749 1301 1946 1366 Unige-

257 1389 383 1447 niti,
438 1390 487 1438 et
530 1400 674 1438 unus
732 1386 1032 1439 amborum.
1083 1386 1239 1450 Quod
1298 1402 1417 1440 cum
1456 1391 1537 1440 ita
1578 1391 1671 1453 sit,
1721 1404 1828 1441 non
1868 1393 1947 1442 est

258 1475 484 1527 dubizun
539 1475 807 1542 Spiritum
889 1480 1137 1529 sanctum
1200 1476 1493 1544 procedere
1559 1476 1627 1529 ab
1693 1481 1943 1542 utroque.

263 1586 282 1610 ι
315 1563 676 1632 Quapi-Opter
709 1564 766 1616 in
799 1580 867 1616 eo
919 1565 1068 1634 quod
1126 1565 1404 1617 Dominus
1429 1564 1561 1618 fecit
1608 1565 1837 1634 quando
1864 1568 1945 1619 in-

253 1650 523 1717 sufllavit,
574 1652 767 1704 dicens
802 1668 815 1704 :
866 1654 1111 1721 Accipite
1138 1654 1403 1721 Spiritum
1432 1656 1678 1706 sanctum
1713 1668 1725 1706 :
1772 1654 1945 1707 nimi-

253 1755 383 1793 rum
429 1739 486 1793 in
523 1740 627 1793 hoc
672 1740 916 1809 intelligi
959 1740 1161 1807 voluit,

252 1842 364 1880 non
394 1831 617 1880 tantum
651 1827 725 1880 sit
749 1827 949 1893 Patris,
978 1843 1173 1879 verum
1225 1827 1398 1879 etiam
1438 1827 1619 1897 ipsius
1654 1829 1944 1898 Unigeniti

252 1914 517 1982 Spiritus.
550 1914 706 1968 Idem
753 1915 874 1984 ipse
928 1919 1011 1967 est
1040 1915 1252 1985 quippe
1284 1914 1527 1985 Spiritus
1567 1920 1618 1970 et
1676 1918 1858 1970 Patris
1889 1922 1945 1972 et

253 2005 406 2073 Filii,
433 2011 490 2058 et
518 2022 646 2059 cum
683 2022 797 2076 quo
830 2011 917 2059 est
953 2006 1199 2059 Trinitas
1235 2008 1401 2060 Pater
1428 2012 1483 2060 et
1516 2007 1688 2061 Filius
1738 2013 1794 2061 et
1816 2008 1942 2079 Spi-

250 2093 394 2147 ritus
472 2100 723 2159 sanctus,
778 2110 897 2147 non
958 2100 1237 2155 creatura,
1288 2096 1383 2149 sed
1436 2096 1686 2150 Creator.
1748 2098 1944 2168 Neque

250 2182 402 2235 enim
434 2181 601 2234 ﬂatus
638 2181 734 2234 ille
774 2198 1087 2251 corporeus
1135 2184 1204 2236 de
1251 2183 1435 2236 carnis
1487 2201 1582 2238 ore
1632 2185 1942 2254 procedens

249 2270 565 2323 substantia
624 2275 745 2322 erat
792 2269 1035 2339 Spiritus
1075 2271 1253 2323 sancti
1314 2276 1483 2341 atque
1543 2278 1767 2349 natura,
1846 2273 1943 2327 sed

249 2356 443 2426 potius
474 2356 833 2426 signiﬁcatio,
869 2373 983 2427 qua
1024 2357 1506 2428 intelligeremus,
1542 2365 1604 2413 ut
1633 2360 1768 2427 dixi,
1820 2360 1941 2430 Spi-

248 2444 426 2498 ritum
474 2450 733 2499 sanctum
797 2446 952 2499 Patri
1029 2463 1149 2499 esse
1224 2446 1481 2518 Filioque
1547 2464 1937 2515 communem,

248 2533 383 2603 quia
457 2549 571 2587 non
647 2539 783 2588 sunt
855 2534 937 2587 eis
1011 2534 1220 2604 singuli
1297 2551 1355 2587 se
1429 2552 1577 2589 unus
1638 2537 1938 2591 amborum

248 2627 349 2676 est.
382 2641 410 2673 )›
1149 2644 1157 2658 ε

884 2711 1010 2766 CAP.
1044 2711 1297 2766 XXXVII.

316 2818 459 2871 Item
507 2816 660 2871 idem
692 2816 749 2870 in
782 2817 928 2871 libro
960 2817 1148 2887 primo
1195 2817 1264 2871 de
1302 2816 1577 2871 Trinitate
1621 2834 1750 2888 quas
1792 2819 1937 2873 Deus

246 2911 377 2959 est:
434 2905 588 2970 Quod
628 2906 870 2973 Spiritus
916 2911 1136 2959 sanctus
1180 2910 1230 2959 et
1280 2907 1464 2960 Patris
1497 2911 1546 2960 et
1589 2908 1716 2960 Filii
1758 2911 1849 2968 sit,
1887 2911 1939 2961 et

245 2998 399 3050 Patri
450 3000 500 3047 et
545 2995 680 3047 Filio
738 2996 1048 3059 coaequalis,
1095 2995 1578 3048 consubstantialis
1635 3000 1685 3047 et
1723 2999 1939 3049 coaeter-

245 3098 368 3149 nus,
398 3082 477 3134 sic
505 3082 696 3136 docet:
731 3101 758 3133 α
804 3084 1015 3136 Omnes
1045 3099 1187 3153 quos
1219 3083 1409 3152 legere
1446 3083 1611 3153 potui
1660 3083 1760 3153 qui
1802 3090 1934 3138 ante
1975 3065 2015 3120 C

245 3185 336 3223 me
366 3170 717 3240 scripserunt
743 3171 811 3224 de
846 3171 1147 3237 Triuitate,
1207 3186 1334 3239 qum
1376 3171 1523 3223 Deus
1572 3176 1679 3238 est,
1711 3171 1932 3225 divino-

244 3258 675 3313 rumlibrorum
725 3263 978 3312 veterum
1011 3264 1066 3312 et
1113 3274 1391 3312 novorum
1432 3258 1693 3313 catholici
1731 3264 1935 3314 tracta-

243 3354 412 3414 tores,
454 3348 563 3401 hoc
596 3347 966 3402 intenderunt
1014 3346 1326 3401 secundum
1360 3347 1678 3418 Scripturas
1711 3347 1933 3416 docere,

241 3435 393 3505 quod
438 3436 625 3501 Pater,
670 3436 863 3503 Filius,
913 3442 970 3490 et
998 3436 1245 3506 Spiritus
1297 3442 1524 3490 sanctus
1573 3436 1747 3491 unius
1796 3437 1932 3491 sub-

239 3524 462 3579 stantiae
525 3524 897 3596 iuseparabili
953 3526 1279 3596 aequalitate
1327 3525 1577 3580 divinam
1637 3525 1935 3581 insinuent

238 3611 538 3668 unitatem.
592 3614 837 3684 Ideoque
895 3630 1014 3669 non
1067 3621 1179 3670 tres
1225 3613 1328 3683 dii,
1379 3615 1476 3669 sed
1555 3631 1704 3669 unus
1761 3617 1928 3683 Deus,

239 3700 498 3769 quamvis
537 3703 701 3756 Pater
748 3701 954 3756 Filium
1006 3701 1289 3774 genuerit,
1317 3706 1373 3756 et
1420 3701 1547 3756 ideo
1596 3701 1768 3756 Filius
1817 3719 1931 3756 non

239 3788 442 3861 sitqui
474 3792 642 3846 Pater
679 3803 782 3860 est,
820 3792 1110 3864 Filiusque
1141 3810 1173 3847 a
1224 3794 1388 3847 Patre
1445 3793 1520 3847 sit
1573 3793 1822 3864 genitus,
1875 3798 1933 3847 et

236 3878 362 3932 ideo
393 3880 563 3935 Pater
606 3896 717 3934 non
770 3881 842 3934 sit
883 3882 980 3952 qui
1033 3882 1205 3935 Filius
1242 3886 1356 3948 est;
1402 3881 1765 3953 Spiritusque
1806 3898 1929 3935 san-

237 3971 360 4020 ctus
418 3983 522 4021 nec
560 3969 729 4022 Pater
782 3969 854 4023 sit
885 3985 989 4023 nec
1031 3970 1229 4036 Filius,
1264 3969 1362 4022 sed
1395 3973 1621 4023 tantum
1662 3970 1844 4025 Patris
1874 3975 1933 4024 et

238 4052 365 4106 Filii
389 4053 656 4123 Spiritus,
689 4053 864 4107 etiam
898 4054 1050 4109 Patri
1101 4059 1157 4109 et
1188 4055 1327 4110 Filio
1357 4055 1478 4127 ipse
1505 4058 1832 4128 coasqualis,
1874 4062 1932 4113 et

234 4139 305 4193 ad
331 4140 625 4194 Trinitatis
655 4141 949 4211 pertinens
979 4142 1278 4197 unitatem.
1313 4162 1341 4196 ι»

871 4246 1000 4301 CAP.
1025 4248 1292 4303 XXXVIII.

305 4348 447 4402 Item
497 4349 649 4403 idem
709 4352 771 4404 in
802 4352 1001 4406 eodem
1031 4352 1177 4407 libro
1214 4354 1406 4418 :Quod
1430 4354 1671 4423 Spiritus
1703 4359 1925 4409 sanctus
1964 4346 2007 4401 Ι)

232 4437 685 4506 inseparabiliter
728 4440 911 4493 Patris
953 4445 1003 4493 et
1051 4442 1180 4494 Filii
1221 4446 1326 4503 sit;
1373 4442 1520 4507 quod
1564 4459 1685 4496 cum
1724 4448 1805 4496 ita
1833 4448 1924 4504 sit,

238 4541 453 4593 magna:
520 4527 803 4582 dementia?
861 4532 942 4582 est
985 4530 1143 4583 illum
1185 4545 1220 4582 α
1269 4531 1432 4583 Patre
1466 4534 1516 4583 et
1574 4531 1711 4584 Filio
1736 4547 1926 4599 proce-

234 4614 358 4668 dere
388 4631 497 4669 non
518 4620 786 4687 proﬁteri.
828 4638 853 4668 α
893 4617 1150 4688 Denique
1194 4623 1432 4688 propter
1460 4618 1644 4688 ipsam
1699 4619 1927 4689 insepa-

233 4703 580 4759 rabilitatem
639 4706 993 4761 sufﬁcienter
1051 4706 1363 4778 aliquando
1414 4707 1766 4774 nominatur,
1842 4710 1926 4763 vel

235 4794 402 4847 Pater
428 4795 585 4848 solus
609 4795 696 4849 vel
734 4795 910 4849 Filius
964 4796 1119 4849 solus
1149 4796 1566 4866 adimpleturus
1595 4812 1701 4850 nos
1731 4797 1929 4851 laetitia

233 4897 364 4935 cum
395 4883 560 4937 vultu
592 4899 716 4937 suo.
751 4884 864 4938 Nec
893 4883 1026 4938 inde
1087 4890 1388 4955 separatur
1412 4884 1711 4955 utriusque
1742 4884 1928 4955 Spiri-

234 4975 346 5037 tus,
397 4970 453 5025 id
499 4975 586 5025 est
642 4971 825 5025 Patris
880 4977 936 5025 et
991 4972 1119 5026 Filii
1169 4972 1414 5042 Spiritus
1463 4988 1476 5027 :
1526 4972 1626 5043 qui
1682 4972 1929 5043 Spiritus

234 5058 466 5128 proprie
494 5058 701 5113 dicitur
737 5059 985 5130 Spiritus
1029 5061 1303 5127 veritatis,
1351 5078 1521 5131 quem
1554 5060 1648 5115 hic
1680 5061 1927 5116 mundus

233 5146 490 5215 accipere
535 5163 653 5200 non
700 5152 893 5217 potest
950 5150 1129 5217 (Joan.
1187 5165 1297 5211 xxv,
1359 5152 1468 5219 l7).
1511 5150 1628 5203 Hoc
1656 5153 1740 5203 est
1771 5149 1926 5203 enim

234 5230 473 5304 plenum
508 5236 780 5305 gaudium
816 5242 1099 5304 nostrum,
1130 5254 1244 5309 quo
1266 5240 1513 5308 amplius
1543 5255 1656 5291 non
1680 5242 1784 5306 est,
1813 5238 1927 5291 frui

234 5320 513 5375 'l‘rinitate
550 5323 686 5388 Deo,
719 5324 787 5377 ad
817 5325 979 5395 cujus
1010 5326 1322 5396 imaginem
1362 5325 1496 5380 facti
1526 5342 1749 5381 sumus.
1790 5327 1925 5380 Pro-

237 5416 365 5482 pter
416 5410 527 5464 hoc
572 5411 881 5482 aliquando
927 5414 1005 5467 ita
1053 5415 1307 5487 loquitur
1346 5416 1415 5469 de
1447 5416 1665 5485 Spiritu
1709 5420 1924 5482 sancto,

231 5505 505 5569 tanquam
566 5502 724 5562 solus
764 5501 883 5572 ipse
930 5504 1177 5557 sufﬁciat
1230 5503 1299 5558 ad
1346 5502 1758 5558 beatitudinem
1821 5519 1926 5558 no-

233 5592 426 5641 stram.
472 5589 532 5642 Et
574 5588 699 5642 ideo
732 5591 880 5642 solus
920 5592 1151 5657 Hliiit'II,
1204 5592 1337 5663 quia
1390 5591 1641 5662 separari
1695 5609 1725 5644 a
1764 5593 1926 5645 Patre

2064 551 2318 620 separari
2376 568 2408 604 a
2460 552 2601 605 Filio
2652 556 2710 605 et
2754 550 2970 622 Spiritu
3002 554 3196 606 sancto
3242 568 3360 606 non
3407 556 3599 622 potest
3633 568 3651 604 :
3713 558 3763 604 et

2065 639 2241 693 Filius
2281 638 2408 693 ideo
2456 639 2665 694 sufﬁcit
2703 640 2882 709 solus,
2929 639 3064 710 quia
3114 639 3371 711 separari
3416 658 3452 694 a
3511 641 3684 695 Patre
3712 648 3761 694 et

2060 727 2278 799 Spiritu
2301 734 2497 782 sancto
2519 744 2636 782 non
2667 732 2876 800 potest.
2914 749 2934 777 ιι

2709 852 2835 907 CAP.
2868 853 3102 908 XXXIX.

2127 977 2270 1031 Item
2302 977 2456 1031 idem
2491 977 2549 1031 in
2596 977 2741 1031 libro
2772 976 2942 1031 tertio
2977 977 3045 1032 de
3075 976 3353 1031 Trinitate
3389 994 3404 1030 :
3436 976 3595 1042 Quod
3626 995 3757 1031 san-

2057 1072 2176 1121 ctus
2219 1068 2461 1136 Spiritus
2497 1083 2531 1120 a
2562 1069 2725 1121 Patre
2757 1072 2806 1120 et
2844 1067 2980 1120 Filio
3006 1070 3078 1120 sit
3106 1070 3324 1120 missus.
3364 1087 3392 1115 ‹‹
3427 1068 3570 1121 Cum
3600 1068 3754 1121 enim

2057 1157 2127 1211 ad
2156 1157 2208 1210 id
2241 1162 2474 1210 ventum
2507 1161 2674 1223 esset,
2703 1160 2765 1208 ut
2794 1156 3066 1209 vellemus
3096 1155 3417 1221 ostendere,
3456 1170 3574 1207 non
3627 1156 3756 1208 ideo

2061 1246 2345 1299 minorem
2380 1246 2545 1298 Patre
2575 1244 2804 1310 Filium,
2853 1243 2989 1314 quia
3035 1244 3134 1297 ille
3177 1243 3352 1308 misit,
3400 1243 3493 1297 hic
3546 1245 3754 1296 missas

2057 1340 2170 1402 est;
2203 1350 2309 1388 nec
2360 1334 2488 1387 ideo
2530 1332 2812 1387 minorem
2858 1338 3102 1403 utroque
3149 1331 3423 1402 Spiritum
3463 1338 3749 1396 sanetum,

2055 1423 2193 1496 quia
2224 1429 2282 1477 et
2320 1423 2390 1477 ab
2438 1423 2539 1476 illo
2572 1426 2630 1476 et
2675 1422 2747 1476 ab
2780 1423 2878 1476 illo
2918 1422 3126 1476 missus
3155 1421 3215 1475 in
3270 1422 3580 1491 Evangelia
3623 1424 3753 1492 legi.

2054 1517 2166 1577 tur,
2222 1509 2578 1581 suscepimus
2621 1510 2728 1563 hoc
2758 1524 3039 1579 quaerere,
3098 1524 3227 1562 cum
3262 1508 3399 1561 illuc
3443 1509 3656 1561 missus
3682 1509 3751 1560 sit

2058 1598 2230 1653 Filius
2268 1598 2368 1651 ubi
2411 1602 2551 1664 erat,
2593 1598 2729 1668 quia
2766 1598 2827 1650 in
2876 1597 3030 1650 hunc
3061 1596 3341 1649 mundum
3392 1596 3568 1662 venit,
3603 1603 3664 1649 et
3694 1598 3748 1649 in

2055 1687 2161 1739 IlOC
2206 1685 2423 1739 mundo
2456 1691 2577 1738 erat
2611 1704 2623 1738 :
2677 1701 2805 1738 cum
2840 1684 2975 1737 illuc
3013 1683 3186 1737 etiam
3218 1684 3467 1753 Spiritus
3495 1692 3746 1748 sanctus,

1219 1741 1373 1842 qffud
1424 1740 1942 1842 Spitmﬁvsfmciﬂé
1983 1765 2024 1819 Β
2059 1772 2154 1826 ubi
2182 1777 2239 1825 et
2291 1772 2412 1842 ipse
2463 1777 2602 1839 erat,
2650 1771 2923 1841 quoniam
2971 1772 3213 1841 Spiritus
3256 1740 3475 1826 Domini
3520 1740 3748 1840 replevit

2052 1862 2229 1915 orbem
2265 1866 2555 1921 terrarum,
2592 1866 2643 1914 et
2679 1861 2777 1914 hoc
2802 1860 2948 1926 quod
2983 1864 3223 1914 continet
3256 1865 3437 1915 omnia
3463 1866 3745 1913 scientiam

2051 1951 2212 2004 habet
2234 1954 2377 2004 vocis
2405 1951 2562 2020 (Sap.
2597 1967 2633 2017 ι,
2664 1953 2786 2017 7).»

2764 2074 2889 2128 CAP.
2920 2073 3030 2127 XL.

2122 2184 2262 2237 Item
2294 2182 2442 2236 idem
2475 2181 2536 2234 in
2568 2180 2713 2234 libro
2744 2186 2947 2250 quarto
2997 2179 3251 2248 ejusdem
3287 2182 3431 2249 (cap.
3464 2180 3555 2247 xx)
3606 2196 3739 2249 ope-

2051 2272 2126 2326 ris
2175 2276 2370 2343 aperte
2410 2270 2596 2336 docet,
2638 2270 2784 2335 quod
2832 2270 3075 2337 Spiritus
3128 2272 3352 2321 sanctus
3404 2268 3656 2336 procedit
3710 2283 3740 2318 u

2050 2361 2205 2421 Filio,
2260 2362 2400 2413 sicut
2463 2362 2513 2411 et
2566 2374 2600 2410 a
2650 2358 2830 2410 Patre.
2873 2377 2898 2404 ‹‹
2958 2356 3125 2408 Pater
3156 2371 3287 2407 cum
3319 2371 3385 2408 ex
3421 2360 3678 2424 tempore
3714 2370 3741 2406 a

2049 2463 2343 2518 quoquam
2374 2446 2757 2515 cognoscitur,
2788 2460 2901 2497 non
2934 2443 3142 2496 dicitur
3169 2443 3393 2496 missus.
3422 2443 3544 2495 Non
3586 2441 3737 2494 enim

2048 2535 2219 2589 habet
2248 2535 2318 2589 de
2373 2549 2488 2605 quo
2538 2533 2629 2598 sit,
2679 2537 2777 2585 aut
2819 2547 2881 2584 ex
2941 2547 3053 2602 quo
3100 2531 3388 2600 procedat.
3451 2530 3741 2600 Sapientia

2049 2624 2264 2695 quippe
2321 2622 2503 2676 dicit:
2558 2623 2674 2688 Ego
2724 2637 2791 2674 ea:
2828 2636 2919 2673 ore
2972 2620 3248 2673 Altissimi
3302 2619 3493 2687 prodit
3553 2620 3733 2685 (Ec—cli.

2045 2729 2195 2774 xxxv,
2232 2713 2306 2781 5).
2339 2712 2408 2764 Et
2438 2710 2506 2764 de
2538 2710 2758 2780 Spiritu
2797 2714 2988 2763 sancto
3027 2708 3270 2763 dicimus
3299 2724 3313 2762 :
3341 2708 3393 2761 A
3416 2709 3579 2761 Patre
3615 2724 3739 2776 pro-

2046 2802 2206 2855 cedit.
2240 2803 2402 2855 Pater
2432 2816 2565 2854 vero
2608 2815 2642 2852 a
2688 2799 2869 2868 nullo,
2929 2802 3063 2865 etc.,
3112 2812 3287 2863 usque
3326 2796 3421 2861 ad,
3464 2804 3730 2866 operatur

2047 2890 2238 2945 omnia
2266 2889 2327 2944 in
2357 2889 2645 2944 omnibus.
2671 2907 2699 2941 η

2734 3012 2862 3067 CAP.
2897 3011 3027 3066 XLI.

2118 3120 2254 3173 Item
2288 3118 2443 3173 idem
2476 3118 2534 3171 in
2568 3117 2717 3171 libro
2745 3122 2902 3169 sexto
2934 3116 3004 3170 de
3043 3114 3342 3181 Trinitate,
3394 3115 3543 3181 quod
3572 3116 3735 3185 Spiri-

2048 3213 2135 3263 tus
2190 3213 2411 3263 sanctus
2460 3212 2533 3261 sit
2582 3208 2712 3260 Filii
2758 3207 3049 3271 Patrisque
3092 3209 3388 3258 suavitas:
3450 3206 3594 3258 unde
3644 3208 3731 3269 qui

2045 3302 2211 3365 negat
2234 3313 2354 3351 eum
2384 3297 2451 3350 ab
2478 3300 2725 3361 utroque,
2768 3308 3096 3359 consequens
3145 3298 3223 3347 est
3263 3298 3329 3346 ut
3357 3299 3517 3361 neget
3554 3294 3728 3346 suavi-

2046 3392 2209 3441 tatem
2235 3403 2268 3440 a
2308 3388 2469 3440 Patre
2496 3386 2741 3450 Filioque
2760 3384 3069 3453 procedere.
3106 3405 3134 3431 α
3181 3384 3282 3436 Illa
3316 3399 3458 3452 ergo
3490 3383 3727 3447 dilectio,

2044 3474 2365 3539 delectatio,
2415 3473 2658 3527 felicitas
2708 3472 2794 3526 vel
2825 3470 3143 3537 beatitudo,
3195 3471 3243 3523 si
3290 3475 3493 3524 tamen
3547 3471 3730 3541 aliqua

2041 3563 2296 3617 humana
2326 3578 2461 3616 voce
2497 3560 2669 3631 digne
2713 3559 2942 3625 dicitur,
2992 3574 3127 3612 usus
3160 3558 3229 3611 ab
3273 3558 3372 3611 illo
3410 3559 3726 3629 appellatus

2043 3657 2145 3717 est,
2171 3655 2227 3705 et
2255 3656 2340 3705 est
2369 3652 2428 3704 in
2456 3649 2734 3704 Trinitate
2761 3647 3005 3718 Spiritus
3046 3651 3272 3700 sanctus
3321 3662 3436 3699 non
3487 3647 3730 3717 genitus,

2040 3739 2139 3793 sed
2198 3737 2473 3809 genitoris
2530 3735 2826 3807 genitique
2865 3734 3132 3799 suavitas,
3191 3733 3436 3803 ingeniti
3478 3734 3731 3803 largitate

2039 3832 2212 3899 atque
2243 3827 2504 3881 ubertate
2535 3823 2883 3895 perfundens
2912 3838 3115 3876 omnes
3134 3828 3422 3875 creaturas
3443 3838 3550 3892 pro
3571 3826 3731 3892 captu

2040 3932 2262 3977 eorum,
2297 3919 2360 3969 ut
2394 3912 2655 3968 ordinem
2701 3928 2866 3965 suum
2927 3914 3180 3976 teneant,
3214 3915 3272 3964 et
3308 3910 3449 3964 locis
3491 3910 3610 3963 suis
3647 3925 3728 3963 ac-

2041 4005 2354 4077 quiescant.
2392 4005 2521 4057 llmc
2571 4001 2745 4071 igitur
2786 4000 2981 4053 omnia
3030 4015 3159 4070 quas
3192 4003 3313 4053 arte
3353 3999 3549 4053 divina
3594 3999 3731 4052 facta

2039 4097 2191 4161 sunt,
2221 4098 2280 4147 et
2309 4092 2588 4146 unitatem
2623 4089 2930 4160 quamdam
2961 4089 3020 4142 in
3064 4105 3122 4141 se
3145 4087 3481 4156 ostendunt,
3512 4093 3568 4141 et
3613 4103 3729 4157 spe-

2039 4182 2183 4237 ciem
2228 4185 2285 4236 et
2335 4179 2618 4235 ordinem.
2664 4176 2954 4248 Quidquid
3043 4176 3198 4229 enim
3253 4175 3465 4230 horum
3510 4183 3612 4244 est,
3680 4181 3728 4229 et

2040 4285 2224 4324 unum
2255 4267 2471 4339 aliquid
2506 4271 2608 4320 est.
2648 4286 2670 4311 ι

2727 4388 2854 4442 CAP.
2883 4387 3048 4442 XLII.

2107 4499 2246 4551 Item
2296 4495 2446 4549 idem
2498 4495 2559 4549 in
2605 4494 2750 4549 libro
2795 4510 2864 4547 xv
2915 4493 2985 4548 de
3026 4500 3217 4547 sancta
3268 4495 3549 4550 'l‘rinitate
3585 4498 3723 4565 (cup.

2033 4584 2126 4655 ‘17)
2161 4601 2173 4639 :
2207 4585 2362 4650 Quod
2394 4587 2617 4638 sanctus
2645 4583 2887 4652 Spiritus
2920 4584 3183 4652 procedat
3211 4599 3245 4635 α
3286 4585 3453 4637 Patre
3486 4591 3539 4638 et
3570 4586 3722 4639 Filio.

2039 4695 2066 4723 (ί
2097 4674 2295 4729 Nescio
2327 4689 2429 4727 cur
2457 4689 2575 4726 non
2612 4672 2758 4725 sicut
2785 4671 3069 4741 sapientia
3098 4676 3155 4725 et
3200 4672 3368 4725 Pater
3416 4672 3642 4726 dicatur
3673 4680 3725 4728 et

2035 4762 2209 4815 Filius
2232 4766 2288 4815 et
2315 4759 2560 4831 Spiritus
2588 4762 2838 4826 sanctus,
2880 4761 2938 4812 et
2985 4758 3152 4811 simul
3195 4774 3398 4812 omnes
3452 4776 3565 4814 non
3593 4768 3720 4827 tres,

2033 4849 2130 4904 sed
2192 4866 2307 4903 una
2350 4848 2649 4919 sapientia,
2701 4852 2834 4916 etc.,
2894 4862 3067 4913 usque
3118 4847 3210 4909 ad,
3269 4848 3567 4903 Trinitatis
3621 4850 3724 4903 ista

2034 4937 2348 4992 distinctio.
2380 4955 2408 4988 »

2709 5041 2838 5094 Car.
2872 5040 3056 5094 XLIII.

2105 5152 2247 5204 Item
2297 5148 2448 5203 idem
2480 5148 2539 5202 in
2590 5148 2790 5203 eodem
2823 5146 2972 5200 libro
3006 5146 3150 5217 (cap.
3184 5146 3276 5217 26)
3312 5163 3325 5200 :
3358 5167 3385 5197 α
3420 5146 3637 5202 Deinde
3667 5148 3723 5202 in

2032 5239 2131 5293 illa
2170 5254 2397 5292 summa
2436 5237 2732 5301 'l‘rinitate,
2765 5251 2894 5306 qua:
2938 5236 3084 5288 Deus
3110 5242 3219 5303 est,
3259 5235 3559 5289 intervalla
3584 5241 3723 5291 tem-

2032 5343 2237 5399 porum
2288 5326 2446 5379 nulla
2493 5328 2647 5392 sunt,
2697 5340 2800 5395 per
2837 5340 2966 5395 quae
2993 5323 3169 5393 possit
3197 5324 3445 5385 ostendi,
3478 5330 3576 5378 aut
3617 5325 3723 5378 sal—

2032 5419 2148 5469 tem
2180 5413 2417 5484 requiri,
2454 5417 2645 5467 utrum
2688 5412 2849 5483 prius
2876 5411 2946 5465 de
2992 5412 3153 5465 Patre
3184 5417 3355 5465 natus
3412 5413 3488 5466 sit
3531 5413 3722 5479 Filius,

2036 5507 2093 5556 et
2146 5506 2345 5573 postea
2403 5501 2473 5556 de
2546 5501 2831 5556 ambobus
2898 5500 3237 5572 processerit
3310 5500 3556 5570 Spiritus
3605 5517 3726 5555 san.

2034 5595 2177 5659 ctus,
2205 5595 2335 5656 etc.,
2358 5605 2532 5654 usque
2550 5589 2643 5651 ad.
2672 5594 2911 5660 propter
2937 5589 3298 5644 dilectionem
3334 5589 3449 5644 Dei.
3487 5610 3514 5640 ι
