3846 6244
49 348 100 398 19
1339 359 1547 416 LIBER
1585 362 1948 421 ADVERSUS
1988 363 2301 424 GRAECOS.

737 493 862 549 CAP.
899 493 1080 548 XLIV.

65 585 235 643 Item
298 590 472 648 idem
538 595 593 648 in
649 596 850 650 eodem
909 597 1049 651 libro
1108 598 1266 666 (ibid.
1323 606 1373 653 et
1433 616 1553 670 cap.
1613 602 1753 672 27):

61 676 392 749 Nunquid
427 701 564 754 ergo
597 701 900 754 possumus
944 703 1197 756 quaerere
1233 693 1422 742 utrum
1461 691 1582 760 jam
1617 708 1757 762 pro-

43 773 271 820 -sserat
313 770 401 824 de
444 773 608 826 Patre
637 773 889 843 Spiritus
928 781 1154 828 sanctus
1199 778 1427 846 quando
1473 785 1638 832 natus
1674 787 1757 834 est

43 855 215 923 ilius,
255 875 349 912 an
392 861 650 914 nondum
686 868 1059 931 processerat,
1094 869 1148 918 et
1186 865 1284 918 illo
1328 871 1461 920 nato
1497 867 1564 920 de
1601 874 1752 922 utro-

41 958 112 994 ue
150 950 477 1014 processit
509 950 605 1004 ubi
639 952 794 1005 nulla
825 957 958 1006 sunt
991 959 1271 1024 tempora,
1303 960 1431 1024 etc.,
1462 973 1630 1027 usque
1659 959 1752 1025 ad,

39 1032 296 1088 ideatur
338 1043 538 1092 mente
571 1042 723 1111 quod
755 1045 982 1095 tenetur
1013 1042 1146 1096 tide.
1183 1065 1210 1091 »

747 1149 873 1202 CAP.
907 1149 1059 1203 XLV.

66 1246 236 1301 Item
287 1249 358 1304 S.
410 1252 807 1320 Augustinus:
855 1255 1008 1324 Quod
1043 1256 1284 1323 Spiritus
1325 1263 1545 1312 sanctus
1584 1262 1657 1312 sit
1696 1263 1753 1314 in

40 1342 171 1388 utre
203 1345 262 1391 et
299 1341 471 1404 Filio,
497 1342 584 1408 sic
625 1342 762 1395 dicit
802 1342 860 1395 in
893 1344 1036 1396 libro
1077 1361 1249 1414 quem
1291 1346 1516 1416 scripsit
1555 1353 1754 1401 contra

43 1426 298 1494 uinque
364 1429 632 1497 lum-eses,
690 1431 747 1483 id
793 1437 897 1493 est,
949 1433 1224 1501 Paganos,
1277 1435 1518 1501 Judmos,
1570 1437 1752 1490 Mani—

38 1517 237 1581 lianas,
288 1517 679 1581 Sabellianos,
724 1524 780 1572 et
818 1521 1074 1574 Ariauos.
1113 1543 1138 1568 «
1176 1523 1429 1576 Diximus
1472 1526 1540 1577 de
1587 1527 1750 1578 Patre

43 1612 61 1654 t
116 1605 285 1656 Filio
342 1609 498 1676 quod
550 1608 838 1676 potuimus
883 1615 936 1662 et
989 1617 1270 1680 quantum
1331 1613 1648 1681 potuimus,
1705 1614 1751 1668 si

35 1711 221 1744 :uneu
260 1695 498 1764 aliquid
531 1696 701 1764 digne
736 1697 1044 1766 potuimus.
1084 1702 1158 1755 De
1192 1701 1406 1768 Spiritu
1441 1707 1632 1755 sancto
1667 1709 1748 1756 ta-

41 1783 282 1846 uimus,
325 1786 426 1836 sed
465 1801 578 1836 non
624 1801 753 1837 eum
795 1788 1228 1855 prmterivimus.
1273 1789 1555 1859 Quidquid
1597 1792 1748 1844 enim

28 1873 76 1921 le
113 1873 309 1924 Patre
346 1877 405 1924 et
437 1873 576 1925 Filio
609 1874 880 1940 diximus,
909 1876 977 1928 de
1009 1877 1224 1945 Spiritu
1258 1885 1450 1931 sancto
1477 1879 1743 1933 diximus.

28 1961 100 2011 ist
141 1960 324 2012 enim
361 1961 419 2012 in
453 1961 564 2013 illis
596 1967 650 2014 et
675 1963 937 2016 cumillis
961 1981 1106 2017 unus
1140 1971 1195 2018 et
1224 1982 1388 2018 verus
1417 1968 1597 2033 Deus;
1633 1986 1744 2021 non

32 2048 214 2100 ninor
250 2055 362 2100 aut
411 2051 608 2102 tertius
650 2051 816 2103 Deus.
863 2052 1009 2114 Quid
1043 2053 1226 2106 adhuc
1268 2055 1455 2106 dicam
1497 2054 1748 2124 fatigatis

26 2136 356 2206 atlgatus?
392 2139 496 2202 Qui
523 2139 797 2206 Spiritum
824 2146 1082 2194 sanctum
1107 2159 1134 2193 a
1155 2143 1318 2194 Patre
1344 2149 1398 2195 et
1422 2143 1558 2196 Filio
1583 2150 1746 2196 mter-

24 2225 204 2278 iitate
235 2233 297 2278 et
321 2227 664 2293 substantia,
685 2230 769 2281 vel
796 2229 1200 2282 communione
1225 2238 1472 2300 reparat,
1499 2249 1746 2302 eumque

21 2322 198 2381 negat
228 2314 520 2384 Spiritum
554 2333 673 2368 esse
715 2319 890 2371 Patris
918 2325 966 2370 et
1009 2319 1146 2380 Filii,
1182 2319 1384 2388 plenus
1417 2327 1502 2372 est
1532 2321 1748 2390 Spiritu

21 2404 93 2454 im
106 2404 368 2469 mundo,
394 2420 601 2457 vacuus
624 2407 934 2475 estSpiritu
950 2415 1164 2461 sancto.
1191 2409 1320 2461 Ideo
1344 2409 1496 2461 enim
1515 2409 1741 2475 dicitur,

22 2493 170 2543 Deus
207 2493 468 2546 Charitas
504 2492 689 2562 (Joan.
733 2511 806 2561 iv,
854 2498 931 2564 8),
966 2496 1101 2566 quia
1145 2496 1407 2564 partibus
1449 2513 1562 2550 non
1604 2499 1743 2551 divi-

21 2580 104 2631 dit
146 2583 470 2646 unitatem,
518 2583 611 2635 sed
660 2583 1024 2637 iuetfabiliter
1076 2586 1341 2655 coagulat
1383 2586 1740 2640 Trinitatem.

25 2669 154 2734 Ipsa
192 2678 288 2722 est
321 2670 477 2724 enim
508 2672 754 2724 Trinitas
785 2689 932 2725 unus
965 2674 1126 2736 Deus,
1173 2674 1345 2726 turris
1391 2675 1744 2728 fortitudinis

26 2775 56 2806 ει
88 2757 240 2810 facie
279 2759 516 2817 inimici.
553 2760 650 2829 qui
682 2761 740 2813 in
768 2777 826 2814 se
855 2761 1148 2815 credentes
1177 2763 1420 2816 custodit
1445 2763 1503 2816 in
1539 2766 1745 2818 saecula

26 2848 407 2902 saeculorum.
445 2853 648 2901 Amen.
683 2870 710 2895 ν»

721 2941 847 2992 CAP.
881 2939 1056 2992 XLVI.

101 3032 246 3086 Item
313 3034 670 3103 Augustinus
721 3035 778 3087 in
836 3036 1248 3106 disceptatione
1309 3054 1483 3108 quam
1540 3039 1742 3094 habuit

29 3128 236 3174 contra
299 3123 662 3176 Pascentium
713 3125 979 3177 comitem
1036 3125 1398 3193 Arianorum,
1459 3139 1738 3196 prmseute
1778 3102 1818 3156 C

35 3209 368 3276 Laurentio,
394 3211 588 3280 judice
631 3211 809 3264 electo
852 3212 920 3264 ab
958 3213 1218 3283 utrisque
1258 3215 1515 3283 partibus
1556 3217 1734 3287 (epist.

34 3301 132 3351 178
166 3299 227 3352 in
264 3299 503 3368 medio).
541 3319 566 3349 ‹ι
600 3299 738 3353 Ecce
771 3301 906 3370 quid
938 3307 1023 3354 est
1052 3302 1413 3368 homousion,
1451 3307 1602 3375 quod
1641 3323 1737 3360 ex-

36 3388 348 3454 probratur
381 3388 628 3458 injuste?
673 3389 794 3442 Non
834 3389 987 3442 enim
1032 3391 1267 3444 verbum
1310 3393 1516 3459 solum,
1559 3395 1657 3448 sed
1685 3400 1741 3449 et

31 3491 119 3526 res
159 3476 222 3529 in
266 3477 440 3530 verbo
486 3482 592 3542 est,
636 3493 738 3530 nec
782 3479 936 3530 solus
979 3494 1166 3530 sermo
1220 3495 1427 3532 sonans
1479 3480 1736 3548 auribus,

35 3564 127 3616 sed
162 3565 484 3619 substantia
516 3583 629 3619 una
660 3572 745 3619 est
778 3566 877 3619 Dei
911 3567 1196 3620 credenda
1229 3568 1287 3620 in
1332 3569 1642 3625 mentibus.
1679 3569 1736 3624 Si

35 3653 186 3706 enim
219 3655 280 3707 in
315 3654 646 3707 hominibus
683 3655 1044 3708 credentibus
1067 3655 1127 3708 in
1168 3672 1226 3708 se
1260 3661 1413 3710 totus
1441 3658 1585 3710 Deus
1617 3673 1735 3711 cre-

37 3741 252 3795 dendus
281 3749 368 3796 est
429 3743 713 3810 habitare,
770 3743 1064 3814 quomodo
1097 3745 1301 3799 Filium
1351 3751 1531 3799 totum
1575 3746 1633 3799 in
1678 3762 1734 3800 se

37 3829 217 3896 Pater,
249 3837 348 3884 aut
381 3832 556 3884 Filius
598 3832 820 3885 Patrem
868 3849 986 3885 non
1027 3832 1291 3887 credatur
1327 3834 1626 3904 excipere?
1659 3837 1736 3888 Ac

37 3934 133 3985 per
175 3921 282 3973 hoc
335 3920 458 3989 ipse
497 3921 556 3973 in
598 3921 786 3989 Patre,
827 3924 879 3974 et
910 3921 1078 3974 Pater
1111 3922 1168 3974 in
1211 3938 1276 3975 eo
1321 3929 1535 3990 manet,
1569 3928 1624 3976 et
1670 3940 1735 3976 ex

42 4007 198 4060 Patre
249 4009 338 4061 vel
389 4009 531 4062 Filio
582 4013 809 4061 sanctus
848 4009 1165 4064 credendus
1207 4015 1289 4063 est
1325 4010 1571 4080 Spiritus
1622 4027 1733 4064 non

38 4096 215 4149 solum
256 4097 623 4166 processisse,
667 4097 762 4150 sed
804 4113 1029 4168 semper
1067 4099 1133 4152 ad
1190 4099 1515 4170 peragenda
1560 4115 1734 4170 opera

40 4184 324 4239 Trinitatis
355 4186 594 4240 omnino
621 4187 951 4256 procedere.
988 4207 1016 4235 »

701 4294 830 4347 CAP.
864 4292 1066 4348 XLVII.

104 4399 243 4452 Item
293 4399 347 4453 S.
407 4399 760 4468 Augustinus
797 4415 810 4453 :
868 4399 1020 4469 ()uod
1058 4401 1296 4468 Spiritus
1339 4405 1556 4454 sanctus
1602 4416 1727 4470 pro-

39 4489 181 4542 (ῖς-(ἰαί
223 4505 258 4540 a
294 4491 452 4542 Patre
479 4494 528 4540 et
563 4489 720 4553 Filio,
759 4488 820 4540 in
868 4488 1013 4540 libro
1046 4489 1296 4543 secundo
1347 4491 1471 4558 (imo
1511 4490 1604 4543 lib.
1648 4506 1725 4555 ιιι,

39 4592 148 4646 cap.
212 4579 319 4644 Π),
365 4593 534 4646 quem
573 4577 796 4647 scripsit
847 4585 1044 4630 contra
1090 4577 1458 4632 Maximinum
1501 4579 1728 4632 lucreti-

40 4681 180 4730 cum,
215 4668 296 4718 sic
328 4665 408 4718 ait
443 4681 456 4718 :
494 4685 518 4716 α
558 4667 823 4735 Magnum
857 4665 1074 4736 aliquid
1115 4681 1248 4719 sane
1281 4667 1382 4719 tibi
1430 4667 1616 4721 dicere
1649 4667 1729 4719 vi-

41 4755 198 4820 deris,
239 4754 375 4826 quia
415 4753 574 4820 dicis,
621 4755 793 4808 Filius
849 4760 969 4808 erat
998 4755 1057 4808 in
1102 4754 1383 4824 principio
1421 4761 1728 4825 antequam

39 4843 247 4913 aliquid
297 4848 465 4908 esset,
515 4845 677 4896 Pater
725 4859 860 4896 vero
901 4847 1032 4896 ante
1083 4843 1454 4913 principium.
1496 4843 1596 4897 tibi
1647 4844 1730 4897 le-

39 4933 158 4999 gisti
189 4938 251 4985 ut
285 4931 392 4985 hoc
422 4930 721 4986 crederes?
753 4930 908 4984 Unde
941 4931 1354 5002 prtesumpsisti
1411 4937 1472 4985 ut
1500 4933 1607 4986 hoc
1643 4932 1727 4986 di-

38 5035 198 5082 ceres,
251 5019 352 5074 ubi
391 5036 494 5073 nec
543 5020 848 5074 auctoritas
893 5021 1010 5075 ulla
1060 5037 1162 5074 nec
1212 5021 1356 5075 ratio
1413 5020 1535 5076 est?
1582 5021 1729 5086 Quid

39 5115 110 5162 est
137 5109 292 5162 enim
326 5114 460 5162 ante
500 5109 871 5179 principium,
921 5110 1394 5181 quandoquidem
1444 5109 1726 5182 quidquid

94 5280 116 5307 ι
144 5267 211 5321 In
241 5265 384 5318 libro
425 5264 490 5318 de
530 5267 936 5320 Incarnatione.
995 5267 1224 5321 Nullum
1267 5283 1415 5320 nunc
1464 5266 1728 5319 novimus

36 5336 336 5406 Augustini
371 5341 673 5389 tractatum
707 5337 775 5390 de
802 5338 1230 5403 Incaruatione;
1270 5354 1396 5390 nam
1426 5353 1522 5390 eos
1556 5338 1728 5390 libros

37 5409 92 5461 de
129 5407 556 5468 lncarnatione.
602 5406 701 5477 qui
742 5408 890 5460 inter
929 5408 1110 5476 Opera
1151 5409 1204 5462 S.
1242 5408 1546 5476 Augustini
1591 5408 1729 5460 editi

38 5486 175 5544 sunt,
209 5478 352 5531 satis
391 5482 614 5530 constat
646 5477 880 5531 alterius
926 5480 1218 5548 cujusdam
1246 5494 1376 5548 esse
1412 5478 1724 5548 scriptoris.

40 5552 87 5602 lu
121 5550 332 5620 quibus
358 5563 628 5620 cuminon
659 5549 980 5618 reperiatur
999 5547 1101 5602 hoc
1133 5547 1467 5620 capitulum,
1513 5547 1728 5601 nemini

36 5619 260 5675 dubium
310 5635 436 5671 esse
476 5619 641 5672 debet
678 5621 816 5690 quin
859 5620 1244 5688 fragmentum
1290 5619 1362 5671 sit
1400 5620 1588 5688 operis
1624 5635 1728 5672 cu—

3455 384 3558 436 7m

1795 504 1838 555 Α
1871 506 2000 555 ante
2035 509 2202 570 esset,
2235 505 2339 558 hoc
2371 511 2517 560 esset
2545 506 2932 578 principium?
2971 508 3026 564 Si
3053 528 3190 582 ergo
3233 515 3398 569 Pater
3423 524 3556 573 ante

1867 591 2214 660 principium
2247 599 2366 660 est;
2396 602 2525 648 ante
2553 615 2609 649 se
2640 598 2828 666 ipsum
2860 603 2972 665 est;
2996 601 3129 670 quia
3162 607 3216 655 et
3247 602 3368 672 ipse
3397 607 3554 674 prin-

1867 679 2079 749 cipium
2115 687 2214 735 est.
2263 683 2406 746 Quid
2442 690 2524 735 est
2568 693 2759 738 autem
2797 703 2808 739 :
2857 688 2926 739 In
2965 692 3236 758 principio
3275 699 3390 745 erat
3431 697 3554 748 Ver-

1867 769 1992 822 bum
2023 771 2209 838 (Joan.
2253 788 2288 824 ι.
2333 770 2396 841 1),
2443 772 2550 824 nisi
2601 774 2657 826 in
2697 776 2862 828 Patre
2903 783 3025 828 erat
3069 779 3284 833 Filius?
3325 783 3388 835 Et
3434 783 3554 853 ipse

1872 859 2043 912 Filius
2083 861 2465 930 interrogatus
2504 879 2535 914 a
2571 863 2782 915 Judzeis
2822 865 2950 935 quis
2992 874 3156 933 esset,
3211 873 3550 939 respondit:

1866 950 2201 1017 Principium
2241 952 2336 1018 qui
2383 956 2433 1002 ct
2463 952 2650 1019 loquor
2677 952 2826 1005 vobis
2870 954 3044 1018 (Joan.
3078 971 3192 1020 vui,
3235 958 3344 1026 24).
3390 960 3554 1012 Pater

1864 1054 1998 1107 ergo
2029 1039 2372 1107 principium
2404 1056 2518 1092 non
2551 1040 2619 1092 de
2652 1040 2956 1110 principio,
3003 1042 3175 1096 Filius
3207 1046 3550 1116 principium

1863 1127 1931 1180 de
1980 1127 2284 1196 principio.
2329 1128 2433 1181 Sed
2485 1133 2791 1198 utrumque
2838 1129 3027 1197 simul,
3093 1148 3207 1186 non
3261 1134 3397 1200 duo,
3455 1137 3553 1190 sed

1865 1232 2043 1268 unum
2093 1216 2458 1286 principium.
2503 1218 2658 1270 Sicut
2695 1220 2860 1270 Pater
2891 1220 3039 1272 Deus
3077 1226 3133 1274 et
3176 1222 3347 1276 Filius
3386 1226 3552 1290 Deus,

1864 1305 2031 1356 ambo
2064 1310 2252 1358 autem
2284 1305 2474 1370 simul,
2507 1323 2618 1359 non
2653 1307 2766 1360 duo
2793 1307 2870 1360 dii
2909 1309 3006 1361 sed
3046 1325 3198 1362 unus
3237 1313 3399 1364 Deus.
3446 1314 3555 1366 Nec

1863 1393 2134 1462 Spiritum
2177 1399 2432 1446 sanetum
2473 1394 2540 1447 de
2594 1400 2833 1466 utroque
2880 1399 3280 1466 procedentem
3332 1402 3554 1471 negabo

1863 1498 1985 1535 esse
2046 1481 2413 1552 principium,
2464 1483 2557 1536 sed
2624 1484 2728 1536 tria
2780 1484 2901 1538 haec
2955 1486 3124 1540 simul
3173 1489 3317 1542 sicut
3372 1506 3551 1544 unum

1866 1572 2062 1638 Deum,
2087 1571 2164 1624 ita
2200 1587 2376 1624 unum
2401 1571 2523 1624 dico
2557 1588 2676 1625 esse
2705 1574 3071 1642 principium.
3106 1598 3134 1623 ι)

2515 1679 2638 1732 CAP.
2681 1679 2904 1734 XLVIII.

1934 1767 2073 1820 Item
2115 1765 2268 1819 idem
2314 1766 2369 1818 in
2404 1767 2604 1819 eodem
2635 1768 2776 1820 libro
2814 1784 2826 1822 :
2862 1791 2888 1818 ιι
2918 1769 3134 1833 Οιιωι·ἱδ
3169 1788 3201 1824 a
3232 1788 3322 1826 me
3359 1790 3371 1827 ε
3407 1773 3453 1828 si
3484 1774 3552 1828 de

1858 1854 2172 1908 substantia
2215 1855 2392 1909 Patris
2433 1861 2514 1908 est
2557 1857 2745 1919 Filius,
2787 1857 2854 1910 de
2891 1859 3208 1914 substantia
3247 1862 3425 1914 Patris
3469 1869 3554 1917 est

1859 1943 2031 1996 etiam
2070 1943 2312 2012 Spiritus
2352 1949 2600 2009 sanctus,
2643 1962 2744 1998 cur
2795 1963 2938 1999 unus
2974 1948 3147 2001 Filius
3183 1950 3272 2014 sit,
3315 1955 3370 2004 et
3409 1951 3552 2004 alius

1859 2048 1973 2085 nou
2027 2033 2098 2084 sit
2167 2032 2374 2085 Filius?
2433 2035 2565 2086 Ecce
2628 2035 2962 2103 respondeo,
3027 2037 3142 2089 sive
3185 2039 3394 2108 capias,
3436 2040 3551 2092 sive

1858 2136 1971 2173 non
2005 2119 2212 2189 capias.
2252 2121 2327 2172 De
2360 2122 2522 2174 Patre
2555 2127 2638 2174 est
2670 2123 2860 2188 Filius,
2894 2124 2960 2176 de
2995 2126 3156 2177 Patre
3195 2132 3274 2179 est
3306 2127 3551 2195 Spiritus

1854 2213 2101 2273 sanctus,
2123 2213 2250 2273 etc.,
2275 2224 2443 2277 usque
2466 2209 2558 2274 ad,
2589 2211 2682 2263 sed
2710 2211 2842 2264 inde
2864 2217 2947 2265 est
2969 2214 3118 2267 unde
3142 2215 3411 2284 procedit.
3454 2237 3476 2263 ι

2551 2317 2675 2370 CAP.
2703 2317 2872 2371 XLIX.

1925 2403 2063 2456 Item
2097 2403 2149 2457 S.
2187 2405 2536 2472 Augustinus
2567 2414 2610 2470 ει,
2638 2407 2693 2457 in
2725 2407 2868 2459 libro
2900 2407 2968 2459 de
3002 2409 3402 2462 Incarnatione
3437 2411 3546 2462 Do-

1854 2493 1998 2546 mini
2037 2509 2050 2546 :
2086 2513 2112 2542 α
2147 2492 2422 2562 Spiritum
2465 2509 2693 2563 quoque
2743 2502 3002 2550 sanctum
3051 2513 3164 2550 non
3219 2499 3540 2568 ingenitum

1852 2596 2040 2651 neque
2066 2581 2344 2650 genitum,
2381 2581 2477 2634 sed
2512 2596 2577 2634 ex
2617 2583 2778 2635 Patre
2823 2583 3078 2654 Filioque
3115 2586 3544 2654 procedentem,

1853 2687 1920 2723 eo
1951 2670 2100 2739 quod
2144 2669 2326 2722 Patris
2368 2674 2424 2721 et
2465 2669 2594 2723 Filii
2638 2671 2712 2724 sit
2750 2672 3015 2740 Spiritus,
3060 2677 3114 2726 et
3148 2674 3267 2743 ipse
3300 2674 3548 2727 consub-

1853 2758 2133 2811 stautialis
2183 2763 2238 2810 et
2285 2762 2598 2811 cozeternus
2645 2759 2942 2824 ambobus,
2994 2778 3098 2814 nec
3141 2763 3316 2815 alium
3373 2762 3547 2815 fuisse

1851 2847 2126 2916 Spiritum
2173 2852 2433 2899 sanctum
2475 2863 2646 2916 quem
2687 2848 2987 2901 insuttlans
3047 2850 3225 2915 dedit,
3271 2856 3328 2903 et
3367 2851 3542 2904 alium

1851 2951 2022 3005 quem
2059 2939 2186 3004 post
2216 2934 2599 2988 ascensionem
2636 2952 2797 2989 suam
2835 2937 3007 2990 misit.
3059 2939 3214 2991 Unus
3241 2939 3394 2991 enim
3428 2939 3544 3008 Spi-

1854 3025 1990 3076 ritus
2035 3023 2153 3088 Dei,
2203 3023 2450 3092 Spiritus
2492 3024 2670 3077 Patris
2719 3030 2775 3078 et
2822 3026 2967 3092 Filii,
3001 3027 3243 3096 Spiritus
3295 3033 3542 3093 sanctus,

1850 3113 2001 3165 idem
2044 3114 2190 3166 Deus
2231 3113 2329 3184 qui
2370 3119 2639 3183 operatur
2677 3115 2869 3167 omnia
2923 3115 2982 3168 in
3024 3116 3310 3169 omnibus.
3361 3117 3443 3169 Ita
3489 3122 3548 3169 ut

1852 3202 2100 3270 perfecta
2131 3203 2398 3256 credatur
2426 3202 2672 3256 Trinitas
2712 3210 2947 3274 propter
2975 3205 3381 3275 proprietatem
3415 3221 3544 3274 per-

1851 3305 2142 3358 sonarum,
2173 3296 2230 3344 et
2259 3307 2408 3344 unus
2438 3292 2586 3345 Deus
2617 3297 2852 3364 propter
2888 3293 3331 3364 inseparabilem
3359 3292 3542 3347 Trini-

1848 3382 2044 3432 tatem.
2084 3400 2108 3429 δ

2566 3452 2694 3505 CAP.
2729 3451 2788 3505 L.

1921 3539 2061 3592 Item
2094 3539 2150 3592 S.
2194 3539 2548 3606 Augustinus
2578 3543 2620 3606 ἰ),
2673 3540 2731 3593 in
2780 3540 2926 3594 libro
2976 3541 3357 3611 Expositionis
3406 3540 3540 3594 ﬁdei

1848 3627 1912 3679 ad
1962 3628 2233 3680 Petrum:
2288 3626 2492 3681 «Sicut
2549 3644 2684 3697 ergo
2736 3645 2840 3681 nec
2885 3629 3056 3682 Filius
3106 3630 3391 3698 posterior
3446 3636 3543 3683 aut

1847 3715 2033 3768 minor
2055 3727 2139 3767 est
2187 3715 2368 3782 Patre,
2421 3715 2498 3767 ita
2547 3731 2649 3768 nec
2704 3716 2943 3785 Spiritus
2982 3721 3212 3770 sanctus
3260 3717 3544 3788 posterior

1845 3809 1944 3857 aut
2003 3803 2193 3856 minor
2235 3807 2318 3856 est
2369 3803 2525 3866 Filio,
2575 3809 2706 3869 etc.,
2766 3819 2935 3872 usque
2991 3805 3084 3873 ad,
3135 3805 3314 3860 Graeci
3359 3810 3541 3856 οὐσίαν

1844 3895 2063 3945 vocant.
2097 3910 2123 3942 ››

2563 3962 2687 4017 Car.
2726 3963 2810 4017 LI.

1921 4051 2064 4103 Item
2127 4049 2277 4104 idem
2338 4051 2396 4103 in
2457 4051 2657 4104 eodem
2717 4067 2888 4122 opere
2954 4057 3080 4123 post
3151 4069 3432 4124 paucam
3479 4055 3540 4107 In

1847 4141 1942 4192 illa
1974 4138 2152 4209 igitur
2195 4145 2385 4192 sancta
2424 4139 2716 4205 Trinitate,
2760 4141 2912 4210 quod
2950 4141 3082 4196 ideo
3125 4159 3157 4195 a
3187 4142 3350 4196 nobis
3378 4158 3541 4212 repe-

1842 4229 2006 4293 titur,
2061 4231 2121 4280 ut
2170 4233 2356 4281 vestro
2405 4228 2564 4282 cordi
2613 4231 2869 4283 tenacius
2915 4230 3212 4301 inligatur,
3259 4248 3408 4285 unus
3457 4238 3540 4285 est

1843 4319 2008 4370 Pater
2039 4315 2137 4387 qui
2165 4317 2315 4370 solus
2364 4318 2745 4372 essentialiter
2783 4319 2850 4373 de
2891 4319 3078 4390 seipso
3123 4337 3299 4374 unum
3333 4320 3538 4374 Filium

1843 4405 2061 4474 genuit,
2101 4409 2154 4458 et
2200 4421 2350 4459 unus
2397 4407 2590 4474 Filius,
2644 4407 2743 4477 qui
2783 4408 2852 4462 de
2900 4425 3016 4462 uno
3057 4411 3221 4463 Patre
3271 4410 3422 4463 solus
3457 4416 3540 4462 est

1838 4485 2218 4538 essentialiter
2278 4490 2478 4552 natus;
2539 4493 2595 4540 et
2650 4503 2797 4541 unus
2840 4488 3083 4558 Spiritus
3141 4495 3388 4555 sanctus,
3438 4489 3536 4558 qui

1838 4573 1994 4626 solus
2035 4575 2414 4628 essentialiter
2453 4575 2520 4628 de
2572 4577 2736 4629 Patre
2783 4577 3041 4646 Filioque
3091 4578 3364 4646 procedit.
3424 4579 3536 4630 Hoc

1837 4667 2030 4716 autem
2083 4668 2269 4717 totum
2313 4681 2426 4718 una
2474 4681 2717 4734 persona
2755 4680 2870 4718 non
2914 4671 3121 4734 posset,
3165 4665 3219 4718 id
3263 4673 3346 4719 est
3377 4671 3426 4719 et
3457 4668 3534 4734 gi-

1837 4767 2014 4821 gnere
2055 4768 2134 4816 se,
2180 4757 2232 4805 et
2272 4753 2428 4806 nasci
2469 4752 2538 4805 de
2581 4768 2659 4818 se,
2703 4757 2760 4805 et
2802 4752 3107 4821 procedere
3155 4753 3224 4806 de
3267 4770 3342 4806 se.
3391 4753 3534 4817 Quia

1838 4839 2016 4908 igitur
2054 4839 2209 4893 aliud
2238 4845 2322 4893 est
2364 4839 2630 4910 genuisse
2658 4855 2829 4908 quam
2859 4845 3054 4892 natum
3089 4855 3226 4901 esse,
3259 4839 3531 4910 aliudque

1836 4928 2148 4997 procedere
2199 4943 2370 4997 quam
2421 4926 2685 4997 genuisse
2727 4928 2812 4980 vel
2858 4933 3053 4981 natum
3096 4943 3239 4987 esse.
3290 4930 3530 4982 manife-

1838 5022 1988 5069 stum
2032 5022 2134 5080 est,
2169 5015 2437 5084 quoniam
2481 5015 2627 5069 alius
2663 5021 2750 5070 est
2787 5017 2974 5084 Pater,
3025 5015 3173 5069 alius
3213 5022 3299 5070 est
3335 5018 3527 5085 Filius,

1838 5105 1982 5157 alius
2011 5108 2097 5157 est
2122 5103 2366 5174 Spiritus
2395 5109 2643 5158 sanctus.
2678 5124 2728 5156 ».

1831 5262 2062 5332 jusdam
2100 5261 2404 5331 deperditi.

1906 5334 2029 5408 b1n_
2066 5333 2204 5408 _libr_o
2245 5334 2830 5408 ewpositionis.ANunc
2884 5352 3084 5388 omnes
3135 5341 3349 5391 norunt
3407 5338 3530 5408 ejus

1837 5402 2209 5476 expositionis
2249 5404 2583 5476 scriptorem
2629 5404 2799 5476 fuisse
2837 5423 2951 5460 non
2990 5409 3396 5476 Augustinum,
3433 5402 3528 5462 sed

1839 5473 2224 5597 Fulgesibtéum,
2259 5474 2420 5544 cujus
2456 5474 2607 5527 inter
2645 5475 2830 5544 Opera
2873 5478 3022 5532 edita
3060 5473 3148 5533 est
3184 5496 3337 5534 anno
3374 5473 3528 5544 l68-i,

1839 5559 1968 5597 nan.
2074 5558 2085 5570 '
2113 5583 2124 5596 .

1836 5559 1968 5614 pag.
2001 5549 2124 5597 502.
