3846 6244
283 278 337 326 7t
358 279 373 327 -ί
1505 268 1726 324 AENEAS
1766 266 2197 324 PABISIENSIS
2237 262 2550 321 EPISCOPI

992 402 1121 455 CAP.
1159 401 1267 454 LII.

356 511 495 562 Item
529 510 677 562 idem
715 510 771 562 in
800 507 1000 560 eodem
1026 523 1198 577 opere
1223 509 1359 576 (cap.
1391 507 1444 574 '2)
1481 524 1492 560 ε
1532 530 1552 554 u
1597 507 1790 576 Neque
1823 506 1975 558 enim

284 601 339 653 in
373 598 466 652 illa
517 598 790 652 Trinitate
834 597 1131 666 proprium
1175 603 1316 649 esset
1360 596 1533 647 solius
1581 597 1778 661 Patris,
1823 595 1977 665 quod

281 708 393 744 non
433 693 516 742 est
549 693 713 739 natus
758 686 900 755 ipse,
936 686 1030 739 sed
1074 702 1253 738 unum
1289 684 1489 738 Filium
1523 684 1757 753 genuit;
1792 700 1979 753 neque

281 779 434 832 enim
480 776 775 846 proprium
820 774 994 827 solius
1036 774 1182 836 Filii,
1235 773 1389 844 quod
1440 790 1551 826 non
1594 773 1793 842 genuit
1834 772 1977 841 ipse,

281 866 378 918 sed
416 863 594 918 Patris
628 861 870 914 essentia
902 865 1069 914 natus
1100 867 1220 914 est:
1257 877 1440 931 neque
1483 862 1637 914 enim
1678 863 1976 931 proprium

282 952 530 1022 Spiritus
559 951 762 1016 sancti,
799 950 950 1020 quod
986 966 1084 1002 nec
1118 955 1282 1002 natus
1329 950 1449 1019 ipse
1479 966 1583 1002 nec
1624 949 1842 1020 genuit,
1881 950 1978 1002 sed

282 1033 440 1086 solus
496 1032 564 1085 de
624 1032 788 1084 Patre
829 1029 1107 1099 lliilioque
1156 1028 1608 1083 incommutabili
1667 1029 1980 1082 aeternitate

280 1121 562 1193 procedit.
599 1140 624 1170 »

993 1218 1116 1271 CAP.
1157 1217 1290 1271 LIII.

355 1327 494 1380 Item
546 1323 698 1378 idem
754 1323 815 1377 in
855 1323 979 1394 ipso
1029 1340 1200 1393 opere
1243 1328 1369 1394 post
1422 1340 1604 1394 pauca
1654 1321 1794 1391 (cap.
1844 1323 1976 1390 tl):

287 1435 313 1465 α
353 1413 702 1470 Firmissime
732 1417 787 1466 et
813 1412 1140 1464 nullatenus
1162 1411 1386 1464 dubites
1417 1410 1680 1464 eumdem
1704 1409 1979 1480 Spiritum

286 1508 542 1555 sanctum
595 1501 692 1571 qui
743 1499 923 1553 Patris
973 1505 1027 1551 et
1077 1499 1202 1552 Filii
1263 1514 1412 1550 unus
1460 1498 1704 1568 Spiritus
1755 1501 1861 1560 est,
1911 1496 1979 1549 de

288 1593 450 1645 Patre
496 1597 552 1643 et
595 1590 734 1642 Filio
786 1588 1116 1658 procedere,
1171 1592 1302 1656 etc.,
1355 1602 1524 1654 usque
1580 1586 1674 1651 ad,
1727 1585 1863 1655 quia
1913 1585 1981 1638 de

286 1681 409 1750 ejus
441 1695 538 1732 ore
569 1677 850 1748 procedit.
887 1696 912 1726 »

983 1773 1111 1826 CAP.
1144 1772 1270 1825 1.1V.

362 1878 694 1934 tlormisdas
719 1895 864 1948 papa
897 1877 1166 1931 Romanae
1196 1877 1459 1929 Ecclesim
1491 1895 1506 1929 :
1553 1875 1704 1940 Quod
1743 1877 1985 1944 Spiritus

287 1973 506 2022 sanctus
540 1984 574 2020 a
605 1969 764 2020 Patre
791 1966 1035 2034 Filioque
1083 1965 1347 2034 procedit,
1379 1965 1458 2016 sic
1488 1964 1623 2016 dicit
1653 1964 1710 2016 in
1741 1963 1986 2032 epistola

289 2071 461 2124 quam
496 2055 562 2107 ad
597 2054 882 2106 Iustinum
931 2054 1339 2122 imperatorem
1384 2053 1538 2105 misit
1580 2052 1845 2105 adversus
1873 2051 1984 2104 Ne-

290 2143 449 2196 storii
535 2150 586 2195 et
647 2140 971 2211 Eutychetis
1047 2141 1429 2210 blasplieuiias
1479 2143 1676 2208 (Epist.
1735 2138 1916 2200 LXXVI)
1970 2154 1983 2191 :

291 2254 317 2280 «
350 2233 670 2286 Adoremus
710 2232 932 2284 Patrem
978 2234 1033 2282 et
1063 2230 1268 2283 Filium
1312 2236 1366 2282 et
1394 2230 1671 2299 Spiritum
1704 2235 1982 2289 sanctum,

289 2321 676 2373 indistinctam
723 2321 1008 2386 distincte,
1058 2318 1692 2387 inconipreliensibilem
1749 2324 1805 2369 et
1859 2316 1986 2368 ine-

289 2407 635 2460 narrabilem
687 2407 1062 2459 substantiam
1114 2405 1455 2473 Trinitatis;
1503 2405 1601 2457 ubi
1643 2404 1746 2456 etsi
1777 2403 1984 2456 admit-

289 2501 371 2548 tat
408 2510 714 2548 numerum
757 2495 900 2547 ratio
949 2509 1350 2563 pcrsonarum,
1395 2493 1584 2546 unitas
1635 2496 1828 2545 tamen
1869 2507 1984 2544 non

292 2584 543 2638 admittit
571 2592 595 2616 ⁸
634 2583 893 2636 essentia:
937 2581 1378 2652 sepal‘alionem.
1422 2582 1506 2635 Ita
1541 2587 1735 2634 tamen
1769 2583 1832 2633 ut
1869 2595 1982 2632 ser-

289 2689 488 2726 vemus
542 2671 748 2725 divinze
800 2671 1031 2741 propria
1087 2670 1399 2740 unicuique
1457 2685 1740 2740 personas,
1801 2675 1862 2722 ut
1917 2684 1989 2720 ne

293 2760 555 2830 personis
597 2760 912 2813 divinitatis
964 2760 1333 2829 siugularitas
1381 2759 1718 2828 denegetur,
1767 2773 1870 2812 nec
1920 2759 1987 2810 ad

293 2849 598 2902 essentiam
634 2849 742 2901 hoc
780 2847 932 2918 quod
968 2853 1052 2900 est
1082 2847 1380 2917 proprium
1414 2847 1712 2900 nominum
1747 2846 1986 2899 tiausfe-

291 2939 472 2988 ratur.
538 2935 802 3004 Magnum
849 2941 953 3001 est,
1005 2942 1262 2988 sanctum
1315 2941 1369 2988 et
1410 2933 1989 3004 incompreliensibile

293 3021 629 3091 mysterium
661 3023 970 3089 Trinitatis,
1021 3024 1164 3075 Deus
1196 3024 1382 3090 Pater,
1433 3023 1580 3076 Deus
1618 3023 1811 3084 Filius,
1846 3024 1990 3075 Deus

295 3110 540 3179 Spiritus
575 3116 821 3176 sanctus,
846 3111 1092 3163 Trinitas
1139 3110 1416 3176 indivisa;
1463 3115 1519 3163 et
1559 3117 1750 3164 tamen
1789 3118 1989 3164 notum

297 3204 383 3250 est
409 3198 544 3268 quia
578 3199 878 3268 proprium
932 3203 1016 3251 est
1056 3199 1238 3252 Patris
1274 3215 1548 3267 generare
1593 3199 1820 3263 Filium,
1854 3215 1992 3269 pro-

295 3286 489 3357 prium
525 3286 650 3340 Filii
684 3287 801 3354 Dei,
842 3292 904 3341 ut
934 3303 998 3339 ex
1039 3287 1205 3340 Patre
1249 3287 1400 3340 Patri
1439 3293 1768 3341 nasceretur
1806 3304 1994 3358 mqua-

294 3375 388 3442 lis,
441 3375 738 3446 proprium
780 3375 1026 3445 Spiritus
1077 3375 1255 3428 sancti
1312 3379 1374 3427 ut
1417 3375 1483 3429 de
1533 3377 1698 3430 Patre
1746 3380 1803 3431 et
1855 3376 1991 3430 Filio

296 3464 630 3535 procederet
655 3463 758 3518 sub
792 3480 904 3518 una
939 3465 1256 3518 substantia
1283 3463 1528 3519 deitatis.
1564 3486 1592 3513 »

1011 3572 1137 3626 CAP.
1175 3573 1279 3626 LV.

367 3687 494 3754 Leo,
545 3703 694 3758 papa
746 3688 1016 3741 Romana:
1052 3687 1351 3742 Ecclesiae:
1393 3686 1544 3753 Quod
1584 3687 1824 3755 Spiritus
1863 3700 1994 3740 san-

295 3781 410 3830 ctus
449 3792 480 3830 a
527 3777 688 3830 Patre
733 3777 977 3844 Filioque
1016 3777 1293 3845 procedat,
1338 3777 1415 3830 sic
1461 3775 1597 3830 dicit
1646 3776 1706 3828 in
1755 3775 1996 3845 cpistola

297 3880 469 3934 quam
524 3864 682 3918 misit
729 3865 797 3918 ad
847 3865 1143 3919 Turibium
1191 3865 1613 3918 Asturicensem
1661 3863 1992 3933 episcopum

299 3956 479 4022 (epist.
540 3956 630 4018 93,
682 3969 730 4006 c.
773 3953 860 4022 l):
911 3976 930 4001 ι
969 3955 1159 4007 Primo
1207 3953 1402 4024 itaque
1453 3953 1704 4022 capitulo
1753 3952 1996 4004 demou-

301 4047 532 4106 stratur,
569 4057 741 4111 quam
776 4042 952 4112 impie
984 4042 1050 4095 de
1080 4042 1352 4095 Trinitate
1377 4041 1568 4094 divina
1597 4041 1865 4105 sentiant,
1899 4039 2000 4110 qui

299 4129 482 4182 Patris
513 4135 570 4182 et
621 4128 746 4182 Filii
796 4134 852 4181 et
897 4129 1142 4199 Spiritus
1184 4129 1358 4182 sancti
1399 4144 1571 4182 unam
1619 4135 1792 4198 atque
1839 4144 2000 4181 eam-

300 4217 430 4270 dem
475 4221 741 4269 asserunt
787 4233 908 4270 csse
958 4233 1282 4286 personam,
1329 4221 1604 4288 tanquam
1644 4216 1799 4270 idem
1852 4233 2002 4270 nunc

301 4306 487 4370 Pater,
521 4320 673 4358 nunc
706 4305 898 4371 Filius,
924 4321 1075 4358 nunc
1099 4305 1340 4376 Spiritus
1376 4311 1600 4358 sanctus
1629 4306 1995 4375 nominetur;
2039 4295 2082 4348 Ι)

301 4409 407 4446 nec
432 4393 574 4447 alius
622 4393 694 4447 sit
727 4393 828 4464 qui
867 4394 1087 4464 genuit,
1137 4393 1281 4447 alius
1317 4394 1417 4464 qui
1457 4394 1684 4464 genitus
1725 4399 1826 4460 est,
1856 4395 2001 4448 alius

303 4481 403 4552 qui
430 4481 500 4535 de
533 4486 778 4554 utroque
827 4483 1106 4552 procedit,
1149 4487 1204 4536 et
1243 4482 1553 4553 singularis
1592 4483 1781 4536 unitas
1807 4484 1866 4536 iu
1896 4484 2001 4537 tri-

301 4569 408 4624 bus
438 4571 670 4641 quidem
701 4572 1010 4640 vocabulis,
1036 4571 1133 4625 sed
1160 4587 1272 4624 non
1295 4572 1353 4624 in
1377 4571 1559 4624 tribus
1578 4571 1651 4625 sit
1671 4572 2001 4642 accipienda

303 4660 578 4729 personis.
620 4661 782 4724 Quod
835 4659 1214 4731 blasphemiae
1263 4675 1446 4730 genus
1496 4659 1564 4715 de
1615 4659 1846 4715 Sabellii
1876 4660 2000 4732 opi-

304 4746 477 4803 nione
511 4755 905 4820 sumpserunt.
943 4768 970 4801 »

1015 4855 1142 4910 CAP.
1181 4856 1306 4910 LVI.

374 4971 700 5042 Gregorius,
737 4988 883 5043 papa
918 4971 1190 5025 Romanae
1232 4971 1488 5026 Ecclesiae
1521 4990 1532 5027 :
1569 4971 1720 5039 Quod
1753 4975 2002 5042 Spiritus

304 5065 522 5113 sanctus
565 5076 599 5112 a
656 5062 813 5113 Patre
854 5060 1100 5128 Filioque
1135 5061 1412 5129 procedat,
1457 5061 1512 5114 in
1547 5062 1787 5115 homilia
1823 5065 1892 5115 26
1924 5061 2002 5115 sic

307 5145 442 5198 dicit
473 5162 486 5198 :
527 5145 781 5216 «Itaque
817 5146 1062 5201 dicitur:
1096 5149 1245 5204 Sicut
1282 5151 1432 5204 misit
1477 5165 1556 5203 me
1603 5151 1782 5216 Pater,
1829 5155 1879 5203 et
1907 5165 2003 5217 ego

306 5235 459 5286 mitto
488 5248 581 5286 vos
626 5236 809 5302 (Joan.
859 5252 952 5301 xx,
988 5236 1094 5303 2t),
1149 5237 1203 5291 id
1236 5243 1322 5292 est
1351 5255 1417 5292 ea
1455 5239 1734 5292 charitate
1781 5255 1879 5292 vos
1924 5239 2004 5292 di-

376 5397 400 5422 ³
429 5393 692 5462 Εεεθηιίςε
725 5395 1139 5459 separationem.
1193 5393 1286 5447 Sic
1336 5394 1646 5448 maluimus
1695 5411 1762 5449 ex
1810 5393 1999 5462 editis,

307 5475 482 5536 quam
512 5461 866 5536 quodantea
886 5463 1202 5536 legebatur,
1231 5468 1536 5519 essentiam.

375 5533 400 5573 δ
430 5532 770 5597 Fulgentius.
825 5532 974 5588 Nihil
1021 5551 1089 5588 ex
1140 5535 1264 5590 istis
1308 5535 1594 5606 Fulgentii
1633 5535 1794 5590 libris
1824 5540 2005 5589 exstat

2016 402 2054 454 A
2090 397 2206 466 ligo
2246 412 2376 449 cum
2430 396 2581 449 inter
2621 393 2886 448 scandala
2936 398 3364 464 persecutorum
3414 389 3642 453 mitto,
3710 406 3788 457 qua

2088 503 2179 539 me
2211 485 2485 538 charitate
2526 486 2693 538 Pater
2739 482 2946 552 diligit,
2983 499 3153 552 quem
3193 482 3383 535 venire
3426 480 3515 533 ad
3562 481 3792 529 toleras-

2087 575 2185 628 das
2229 575 2522 643 passiones
2565 572 2717 626 fecit.
2757 571 3026 636 Quamvis
3072 570 3222 624 mitti
3263 572 3431 622 etiam
3483 570 3676 638 juxta
3720 584 3792 618 na-

2087 667 2274 715 turam
2321 661 2634 715 divinitatis
2682 660 2861 730 possit
2909 660 3174 728 intelligi.
3225 661 3299 712 Eo
3357 659 3534 711 enim
3600 656 3725 724 ἱιιςυ
3771 674 3792 705 a

2090 753 2254 805 Patre
2309 751 2482 804 Filius
2525 749 2676 803 mitti
2726 750 2951 814 dicitur,
3003 766 3116 818 quo
3156 763 3189 799 a
3238 749 3401 800 Patre
3460 736 3829 815 generatar.‘

2092 841 2230 893 Nam
2265 846 2521 892 sanctum
2567 855 2798 909 quoque
2828 837 3105 908 Spiritum
3153 837 3276 907 qui,
3307 853 3435 888 cum
3495 835 3582 886 sit
3629 850 3796 900 mqua-

2088 929 2157 982 lis
2197 929 2348 982 Patri
2388 934 2443 982 et
2482 929 2642 993 Filio,
2685 944 2799 981 non
2838 932 3030 980 tamen
3081 926 3410 979 incarnatus
3442 929 3577 988 est,
3617 923 3794 974 iisdem

2090 1034 2146 1070 se
2202 1018 2375 1071 Filius
2424 1017 2650 1070 mittere
2708 1015 2970 1086 perbibet
3019 1020 3076 1068 et
3122 1014 3363 1066 dicens:
3408 1013 3573 1066 Cum
3615 1016 3798 1062 veneri:

2091 1107 2406 1162 Paracletus
2459 1121 2613 1174 quem
2653 1120 2746 1172 ego
2779 1107 2931 1158 mitto
2975 1104 3125 1157 vobis
3168 1119 3203 1155 a
3253 1104 3413 1156 Putre
3461 1100 3683 1167 (Joan.
3729 1114 3798 1158 ενι,

2087 1199 2199 1262 26),
2234 1200 2357 1260 etc.,
2382 1210 2549 1262 usque
2578 1194 2670 1260 ad,
2701 1193 2906 1247 debeat
2931 1192 2998 1245 ad
3035 1206 3296 1244 amorem
3332 1188 3612 1242 Domini.
3649 1207 3677 1235 ι

2778 1309 2904 1362 CAP.
2942 1307 3101 1362 LVII.

2163 1426 2302 1480 Item
2336 1424 2486 1477 idem
2539 1422 2598 1477 in
2638 1423 2782 1476 libro
2822 1421 3115 1476 Moralium
3163 1418 3412 1472 secundo
3457 1417 3633 1486 (cap.
3689 1420 3797 1482 ‘27):
3842 1411 3843 1464 ἶ

2094 1535 2119 1562 ‹‹
2153 1513 2208 1568 Si
2262 1513 2575 1583 prophetiae
2635 1511 2883 1583 Spiritus
2919 1509 3213 1579 prophetis
3261 1523 3498 1576 semper
3569 1505 3796 1565 adesset.

2093 1603 2264 1656 David
2317 1602 2435 1670 regi
2481 1601 2549 1653 de
2599 1600 2799 1669 templi
2843 1596 3270 1652 constructione
3318 1592 3693 1652 consulenti,
3725 1608 3800 1642 ne-

2023 1697 2065 1753 B
2095 1706 2386 1761 quaquam
2437 1689 2660 1742 Nathan
2711 1688 2992 1758 propheta
3042 1683 3402 1746 concederet,
3450 1680 3636 1750 quod
3697 1693 3804 1748 post

2094 1780 2412 1850 paupulum
2445 1781 2701 1846 negaret.
2741 1775 2895 1828 Unde
2919 1774 3063 1827 bene
3097 1773 3154 1824 in
3181 1768 3492 1838 Evangeliu
3530 1767 3801 1836 scriptum

2093 1873 2220 1921 est:
2276 1869 2449 1936 Super
2498 1881 2652 1933 quem
2704 1863 2906 1917 videris
2965 1863 3237 1929 Spiritum
3293 1856 3722 1910 descendentem
3767 1865 3804 1904 ex

2091 1960 2389 2008 manentem
2413 1969 2577 2023 super
2597 1969 2734 2020 eum,
2769 1954 2854 2005 hic
2884 1956 2960 2004 est
2983 1952 3079 2018 qui
3110 1950 3358 2016 buptizat
3390 1948 3583 2012 (Joan.
3623 1961 3662 2008 ι,
3707 1945 3798 2000 33:.

2093 2045 2154 2096 In
2188 2049 2418 2096 cunctos
2452 2059 2700 2112 namque
2734 2041 2929 2094 ﬁdeles
2953 2038 3198 2109 Spiritus
3234 2036 3407 2099 venit,
3444 2034 3547 2086 sed
3587 2033 3651 2085 in
3695 2037 3802 2083 Sole

2096 2133 2408 2184 mediatore
2454 2131 2823 2200 singulariter
2868 2132 3194 2198 permanet;
3239 2124 3373 2194 quia
3415 2124 3548 2192 ejus
3610 2122 3798 2173 huma-

2092 2220 2330 2272 nitatem
2364 2235 2661 2288 nunquam
2693 2217 2964 2281 deseruit,
2999 2232 3062 2268 ex
3113 2214 3276 2282 cujus
3321 2211 3646 2264 Diviuitate
3679 2225 3798 2277 pro-

2094 2309 2259 2361 cedit.
2295 2309 2356 2361 Iu
2392 2307 2491 2360 illo
2550 2307 2727 2377 igitur
2777 2312 2993 2372 manet,
3040 2303 3140 2374 qui
3183 2302 3336 2354 solus
3382 2304 3441 2352 et
3489 2298 3703 2350 omnia
3756 2302 3797 2347 et

2095 2412 2323 2465 semper
2347 2400 2552 2466 potest.
2589 2416 2616 2444 »

2770 2510 2895 2565 CAP.
2932 2511 3114 2566 LVIII.

2168 2610 2308 2662 Item
2353 2608 2502 2661 idem
2545 2607 2603 2660 in
2654 2607 2854 2662 eodem
2894 2608 3042 2662 libro
3088 2615 3215 2680 post
3260 2625 3441 2680 pauca
3473 2612 3626 2678 (cap.
3669 2610 3786 2659 28::

2100 2718 2127 2748 ι(
2156 2699 2217 2752 In
2247 2699 2334 2751 his
2366 2697 2542 2766 igitur
2582 2696 2748 2750 donis
2783 2697 2903 2750 sine
2948 2698 3158 2768 quibus
3194 2699 3260 2752 ad
3305 2697 3480 2751 vitam
3513 2698 3786 2767 perveniri

2100 2803 2212 2840 non
2258 2792 2467 2856 potest,
2509 2785 2753 2855 Spiritus
2799 2792 3026 2840 sanctus
3066 2788 3180 2840 sive
3226 2787 3286 2840 in
3329 2785 3786 2856 praedicatoribus

2097 2873 2235 2939 suis,
2282 2889 2379 2926 seu
2439 2872 2498 2924 in
2562 2873 2755 2926 electis
2803 2873 3072 2928 omnibus
3131 2891 3350 2945 semper
3397 2879 3616 2939 manet,
3671 2879 3782 2930 etc.

2098 2977 2268 3032 usque
2298 2961 2392 3030 ad,
2423 2959 2612 3015 manet
2645 2963 2714 3015 ad
2744 2969 2965 3017 cuncta.
3002 2985 3029 3011 »

2829 3087 2956 3142 CAP.
2989 3087 3119 3143 LIX.

2170 3203 2309 3254 Item
2349 3200 2502 3254 idem
2551 3201 2608 3254 in
2656 3200 2803 3254 libro
2851 3201 3055 3271 quinto
3094 3201 3235 3270 (cap.
3279 3203 3366 3269 26)
3400 3218 3412 3256 :
3443 3201 3598 3266 Quod
3630 3201 3779 3268 Spiri-

2101 3294 2187 3344 tus
2226 3296 2445 3344 sanctus
2480 3291 2544 3344 de
2585 3293 2748 3344 Patre
2783 3291 3058 3358 procedat,
3113 3295 3162 3343 et
3194 3290 3259 3344 de
3296 3305 3354 3343 eo
3393 3291 3538 3359 quod
3570 3294 3650 3342 est
3680 3288 3782 3341 Filii

2101 3381 2356 3448 accipiat,
2382 3379 2476 3432 ubi
2504 3380 2832 3447 intelligitur
2875 3383 2924 3432 et
2953 3378 3020 3431 ab
3042 3395 3099 3432 eo
3115 3379 3424 3448 procedere.
3454 3402 3480 3426 «
3516 3379 3597 3432 Et
3629 3390 3777 3429 vocem

2101 3471 2263 3536 quasi
2291 3483 2441 3522 aura
2468 3468 2601 3522 lenis
2633 3468 2826 3521 audiui
2846 3467 2974 3534 (Job
2991 3483 3066 3533 ιν,
3095 3469 3198 3522 tGl.
3223 3467 3369 3530 Quid
3403 3467 3562 3520 enim
3588 3481 3689 3535 per
3706 3479 3779 3515 vo-

2103 3571 2224 3608 cem
2255 3571 2410 3609 auras
2442 3556 2606 3624 lenis,
2642 3555 2751 3608 nisi
2780 3555 3032 3624 cognitio
3054 3555 3300 3626 Spiritus
3327 3555 3508 3608 sancti
3536 3554 3775 3621 designa—

2101 3644 2234 3698 tur?
2259 3644 2357 3714 qui
2388 3645 2456 3698 de
2488 3647 2652 3698 Patre
2683 3644 3017 3714 procedens,
3049 3649 3105 3697 et
3137 3645 3204 3698 de
3246 3659 3313 3696 eo
3359 3643 3516 3713 quod
3569 3647 3652 3695 est
3679 3639 3781 3693 Filii

2103 3731 2409 3803 accipiens,
2441 3737 2648 3786 nostrae
2676 3733 2926 3786 tenuiter
2955 3733 3174 3786 notitiaa
3206 3731 3562 3786 inﬁrmitatis
3612 3729 3776 3784 infun-

2107 3820 2281 3888 ditur,
2317 3827 2442 3888 etc.,
2470 3837 2641 3889 usque
2669 3820 2763 3887 ad,
2797 3821 3177 3875 illuminando
3209 3821 3530 3891 perturbat.
3568 3840 3594 3870 ιι

2847 3945 2976 4000 CAP.
3014 3946 3116 3999 LX.

2173 4042 2597 4108 Fulgentiusb:
2670 4042 2823 4108 Quod
2866 4043 3009 4096 solus
3057 4044 3218 4096 Pater
3268 4043 3517 4108 genuerit
3586 4040 3779 4094 Filium.

2107 4132 2251 4186 solus
2273 4131 2452 4184 Filius
2482 4147 2515 4183 a
2545 4132 2708 4184 Patre
2736 4134 2948 4196 genitus
2979 4133 3070 4195 sit,
3122 4131 3264 4184 solus
3308 4131 3562 4198 Spiritus
3592 4129 3777 4182 sanctus

2109 4237 2141 4274 a
2168 4222 2328 4275 Patre
2358 4221 2601 4288 Filioque
2639 4219 2915 4288 procedat,
2965 4219 3024 4272 in
3067 4218 3210 4272 libro
3242 4219 3413 4271 tertio
3459 4233 3632 4288 quem
3681 4211 3781 4266 scri-

2109 4309 2221 4380 psit
2259 4313 2456 4361 contra
2486 4307 2820 4374 Fabianum,
2866 4307 2944 4360 sic
2989 4306 3127 4360 dicit
3161 4323 3173 4360 :
3205 4325 3234 4358 α
3268 4307 3557 4359 Veraciter
3601 4304 3776 4375 quippe

2107 4397 2447 4469 proﬁtemur
2476 4396 2658 4449 solum
2691 4397 2915 4450 Patrem
2943 4394 3230 4464 genuisse,
3266 4395 3451 4447 solum
3494 4394 3695 4447 Filium
3727 4390 3778 4440 de

2109 4488 2274 4540 Patre
2323 4490 2522 4538 natum
2573 4500 2741 4538 esse:
2784 4485 3061 4537 veraciter
3115 4483 3288 4537 etiam
3331 4483 3577 4536 dicimus
3625 4480 3773 4533 solum

2109 4573 2384 4645 Spiritum
2421 4577 2681 4626 sanctum
2712 4572 2781 4626 de
2813 4574 2978 4626 Patre
3009 4572 3265 4642 Filioque
3296 4571 3633 4642 procedere.
3665 4589 3687 4618 ν

2815 4688 2942 4742 CAP.
2977 4689 3106 4742 LXI.

2182 4795 2322 4849 Item
2367 4793 2520 4848 idem
2553 4793 2613 4847 in
2657 4793 2800 4847 libro
2834 4795 3036 4864 quinto
3062 4797 3260 4847 contra
3292 4792 3568 4848 eumdem
3602 4789 3775 4845 Fabia-

2109 4899 2249 4938 num
2288 4900 2300 4936 :
2341 4903 2365 4933 «
2414 4883 2550 4936 Ecce
2591 4882 2937 4953 inquantum
2977 4883 3161 4952 potui,
3202 4882 3335 4935 licet
3370 4881 3642 4945 breviter,
3678 4874 3774 4931 red-

2111 4972 2227 5025 didi
2259 4971 2567 5036 rationem,
2602 4988 2716 5038 qua
2753 4987 2934 5024 unum
2980 4973 3155 5024 Deum
3199 4970 3459 5024 dicamus
3499 4971 3710 5022 Patrem
3737 4969 3776 5015 et

2113 5059 2318 5113 Filium
2349 5064 2403 5112 et
2435 5059 2710 5130 Spiritum
2757 5064 3036 5121 sanctum,
3083 5064 3137 5111 et
3167 5059 3226 5111 in
3265 5058 3392 5128 ipsa
3431 5058 3679 5128 imagine
3708 5051 3776 5107 Dei

2115 5145 2344 5200 ostendi
2374 5146 2662 5215 quoddam
2693 5145 2899 5199 divinae
2931 5145 3239 5216 agnitionis
3271 5145 3572 5198 indicium.
3615 5146 3671 5197 ln
3697 5153 3780 5210 qua

2113 5233 2344 5306 quidem
2381 5234 2655 5305 imagine,
2693 5234 2994 5300 memoria,
3035 5232 3416 5304 intelligentia
3458 5238 3514 5286 et
3556 5233 3778 5287 voluntas

2113 5397 2320 5466 praeter
2349 5394 2536 5448 haecce
2585 5395 2927 5466 fragmenta,
2957 5410 3084 5464 quae
3116 5393 3472 5448 Theodulfus
3498 5392 3668 5446 etiam
3703 5404 3774 5442 ex-

2113 5465 2336 5535 scripsit
2367 5466 2427 5519 in
2460 5467 2606 5521 libro
2637 5465 2706 5520 de
2733 5465 2947 5537 Spiritu
2973 5471 3187 5520 sancto.
