3846 6244
3 316 66 362 ιει
1306 322 1511 378 LIBER
1553 322 1911 379 ADVERSUS
1949 321 2263 376 GR/ECOS.

3427 324 3528 376 714-

3 464 78 499 on
148 448 409 506 habent
465 453 722 522 singulas
762 454 1138 525 propriasque
1180 472 1472 526 personas.
1526 459 1720 528 lmago
1763 461 1805 512 Α
1840 456 2040 510 turalis
2069 461 2406 526 agnoscunt.
2445 458 2569 510 Haec
2601 459 2685 510 est
2714 472 2819 509 vox
2847 455 2992 522 Filii,
3025 456 3147 511 haec
3200 460 3284 510 cst
3313 456 3522 512 locutio

3 535 207 605 uippe
244 546 356 594 est
392 542 497 594 ista
534 558 648 596 non
695 549 847 609 nata,
881 543 977 597 sed
1017 543 1199 608 facta;
1230 561 1345 598 non
1384 547 1599 616 genita,
1635 547 1729 600 sed

3 630 204 679 reata.
263 630 366 682 Ad
405 629 511 682 hoc
533 631 751 700 utique,
798 636 858 684 ut
896 633 1041 685 sicut
1077 632 1135 684 in
1177 633 1281 686 ista
1324 651 1436 686 una
1479 635 1729 704 imagine

3 717 319 768 ivenitur
382 719 646 786 quaedam
706 719 973 772 discretio
1054 721 1483 788 vocabulorum,
1541 723 1617 774 sic
1671 723 1730 776 in

4 800 63 853 la
100 818 242 855 una
279 805 592 859 divinitate
623 813 1000 876 cognoscatur
1030 809 1291 862 discretio
1317 827 1687 879 personarum
1713 829 1725 876 ;

3 894 391 946 tnaturalis
456 895 648 947 unitas
701 897 958 949 ostendat
1005 912 1186 949 unum
1244 899 1419 951 Deum
1455 915 1576 952 esse
1625 901 1728 951 Pa-

4 993 124 1030 rem
165 987 238 1033 et
299 982 536 1046 Filium,
572 989 629 1036 et
677 983 952 1052 Spiritum
1003 989 1301 1051 sanctum;
1351 1002 1723 1054 personarum

4 1083 113 1120 ero
185 1073 544 1140 proprietas
617 1073 976 1125 demonstret
1054 1073 1228 1126 alium
1289 1091 1411 1126 esse
1473 1076 1721 1143 Patrem,

3 1156 165 1208 lium
213 1158 473 1222 Filium,
499 1159 676 1212 alium
700 1160 974 1230 Spiritum
1009 1168 1289 1215 sanctum.
1314 1163 1502 1216 Alium
1531 1170 1722 1216 autem

4 1253 251 1306 ‘airem.
298 1263 424 1300 non
464 1263 531 1299 eo
573 1249 722 1316 quod
762 1248 941 1300 Deum
977 1255 1077 1308 est,
1121 1249 1215 1302 sed
1256 1267 1322 1303 eo
1364 1251 1518 1320 quod
1561 1252 1726 1304 Pater

4 1339 96 1395 st;
142 1343 208 1386 et
263 1335 459 1388 alium
492 1335 722 1402 Filium,
753 1352 870 1388 non
911 1352 977 1389 eo
1017 1337 1168 1406 quod
1204 1339 1350 1390 Deus
1390 1345 1493 1404 est,
1529 1340 1623 1392 sed
1656 1357 1722 1393 eo

13 1421 135 1474 uod
177 1421 388 1475 Filius
442 1429 560 1487 est;
611 1424 785 1478 alium
835 1441 1065 1495 quoque
1110 1426 1386 1494 Spiritum
1438 1431 1720 1493 sanctum,

3 1526 96 1561 .on
132 1525 214 1561 eo
268 1511 438 1581 quod
475 1512 623 1564 Deus
662 1517 767 1576 est,
801 1513 898 1566 sed
941 1529 1006 1565 eo
1039 1514 1192 1583 quod
1227 1519 1280 1566 et
1311 1514 1492 1567 Patris
1518 1520 1571 1567 et
1599 1514 1722 1568 Filii

3 1597 252 1666 .piritus
295 1607 408 1653 est.
442 1601 628 1655 Alium
671 1617 805 1671 ergo
838 1603 1084 1668 Patrem,
1118 1601 1254 1672 quia
1282 1603 1512 1672 genuit:
1546 1603 1720 1656 alium

4 1686 235 1752 ‘ilium,
299 1689 443 1758 quia
473 1689 540 1742 de
577 1691 738 1743 Patre
774 1695 939 1742 natus
972 1696 1056 1742 est
1083 1709 1098 1755 ;
1130 1694 1183 1743 ct
1212 1691 1388 1743 alium
1423 1690 1719 1760 Spiritum,

3 1777 124 1844 [uia
159 1776 242 1829 de
282 1778 458 1830 Patre
501 1778 754 1848 Filioque
805 1778 1079 1847 procedit.
1135 1780 1258 1832 Non
1303 1785 1493 1831 tamen
1545 1779 1720 1832 alium

4 1865 181 1917 )eum
266 1866 529 1931 Patrem,
575 1871 632 1919 et
682 1865 856 1919 alium
915 1867 1088 1918 Deum
1147 1867 1373 1932 Filium,
1435 1872 1490 1919 et
1541 1867 1718 1919 alium

3 1953 181 2005 Deum
217 1953 518 2022 Spiritum
564 1960 858 2020 sanctum;
894 1955 988 2008 sed
1043 1971 1222 2007 unum
1257 1955 1435 2008 Deum
1471 1957 1715 2020 Patrem,

3 2047 39 2092 et
78 2041 344 2105 Filium,
387 2048 442 2094 et
481 2041 754 2110 Spiritum
803 2049 1081 2094 sanctum.
1128 2043 1251 2094 Non
1293 2042 1444 2094 enim
1479 2041 1717 2094 confun-

3 2129 66 2181 lit
99 2132 322 2183 unitas
357 2130 718 2191 Trinitatem,
753 2145 857 2182 nec
877 2129 1122 2182 Trinitas
1151 2134 1376 2199 separat
1407 2130 1714 2192 unitatem;

4 2219 127 2286 {uia
171 2219 447 2288 quodin
509 2235 888 2288 personarum
947 2218 1296 2288 proprietate
1353 2218 1716 2285 discernitur,

8 2322 94 2357 lOC
124 2322 331 2359 unum
368 2305 710 2359 naturaliter
767 2306 1025 2359 essentite
1083 2305 1256 2358 unius
1307 2306 1716 2359 communione

3 2401 400 2448 monstratur.
437 2416 463 2440 ››

708 2483 835 2536 Car.
885 2484 1032 2536 LXII.

70 2598 219 2650 Item
266 2597 430 2650 idem
488 2597 545 2650 in
586 2597 731 2650 libro
797 2613 870 2649 vn
928 2596 1185 2666 ejusdem
1251 2595 1477 2666 operis:
1512 2618 1530 2643 ι
1599 2599 1713 2652 Non

3 2690 140 2737 enim
203 2687 472 2750 loquetur
527 2703 560 2737 a
616 2690 940 2754 semetipso;
997 2686 1091 2738 sed
1148 2700 1480 2749 quaecunque
1529 2685 1714 2737 audiet

6 2775 285 2836 loquetur,
325 2779 376 2826 et
432 2789 551 2838 qua:
582 2778 813 2826 ventura
833 2777 961 2826 sunt
1015 2773 1367 2825 annuutiabit
1416 2773 1582 2826 vobis.
1620 2774 1715 2826 Ille

6 2879 82 2911 me
114 2863 473 2930 etariﬁcabit,
528 2865 658 2925 quia.
697 2861 762 2913 de
812 2877 924 2913 meo
981 2865 1206 2928 accipiet
1258 2864 1309 2910 et
1361 2861 1716 2913 annuntiabit

10 2950 148 3002 vobis
186 2950 380 3016 (Joan.
415 2966 526 3010 xvr,
557 2950 665 3012 l3).
710 2951 846 3002 Ecce
880 2949 1132 3018 primum
1164 2949 1415 3002 ostendit
1447 2965 1562 3002 non
1594 2966 1715 3002 esse

9 3040 113 3090 alia
143 3038 403 3108 Spiritus
453 3039 655 3103 sancti,
692 3053 866 3108 quam
899 3053 1027 3107 qum
1059 3042 1193 3090 sunt
1225 3037 1370 3090 Filii.
1409 3037 1621 3090 Deinde
1653 3043 1713 3090 ut
1753 3051 1792 3104 ί]

10 3128 340 3180 extenderet
381 3127 579 3180 omnia
617 3143 718 3179 sua
753 3142 873 3178 esse
907 3141 1034 3195 quae
1067 3126 1249 3178 Patris
1280 3131 1433 3190 sunt,
1468 3125 1708 3194 adjecit:

15 3216 197 3268 tiinnia
247 3232 587 3281 quaemmque
633 3215 792 3267 habet
823 3217 1005 3277 Pater,
1054 3230 1172 3266 mea.
1218 3219 1382 3266 sunt:
1422 3220 1710 3282 propterea

15 3304 145 3362 vitri,
183 3311 320 3369 quia
369 3305 432 3357 de
476 3321 589 3357 meo
633 3308 859 3372 accipiet
891 3308 938 3355 et
982 3303 1336 3355 annuutiabit
1374 3303 1540 3356 vobis.
1573 3303 1712 3356 Illud

19 3393 187 3460 igitur
227 3393 501 3462 primitus
543 3392 904 3445 attendamus
945 3391 1098 3460 quod
1138 3391 1253 3444 ait:
1299 3393 1415 3445 Non
1455 3396 1595 3443 enim.
1636 3393 1712 3443 to-

19 3486 211 3543 quetur
239 3500 272 3535 α
329 3485 634 3549 semetipso,
703 3481 799 3534 sed
824 3495 1157 3545 quzceunquc
1203 3479 1389 3531 audiet
1443 3480 1712 3542 loquetur.

23 3567 148 3630 Quis
172 3575 370 3623 autem
403 3568 852 3638 comprehendat
887 3568 1070 3637 qualis
1117 3567 1191 3619 sit
1235 3566 1388 3618 illius
1440 3565 1714 3636 simplicis

22 3661 237 3709 natura:
266 3657 502 3724 locutio,
529 3658 614 3710 vel
646 3656 832 3727 qualis
881 3655 1124 3718 auditio,
1169 3653 1268 3707 ubi
1296 3670 1411 3707 non
1442 3658 1526 3706 est
1559 3653 1712 3708 aliud

26 3743 212 3797 audire
257 3761 435 3816 quam
484 3745 653 3798 esse?
709 3744 884 3798 Audit
929 3744 1125 3814 itaque
1193 3743 1437 3812 Spiritus
1485 3747 1715 3795 sanctus

27 3847 376 3903 quaecunque
408 3834 577 3886 Pater
625 3837 682 3886 et
722 3831 893 3885 Filius
944 3831 1099 3896 dicit,
1135 3835 1189 3883 et
1222 3829 1343 3883 huic
1388 3830 1588 3883 cadem
1638 3829 1715 3882 si-

27 3921 228 3975 militer
255 3922 410 3975 facit.
448 3923 513 3975 In
544 3922 642 3974 illa
685 3921 840 3973 enim
881 3924 1105 3984 natura,
1141 3919 1234 3972 ubi
1283 3923 1369 3971 est
1407 3933 1631 3971 summa
1660 3921 1715 3970 et

33 4025 152 4062 vera
181 4011 546 4080 simplicitas,
580 4009 637 4062 in
673 4025 740 4062 eo
781 4009 953 4061 Filius
1000 4008 1146 4062 videt
1176 4007 1326 4077 quod
1361 4008 1526 4060 Pater
1558 4006 1711 4068 facit,

30 4097 259 4168 Spiritus
291 4104 523 4153 sanctus
564 4098 723 4152 audit
752 4098 905 4168 quod
950 4113 1079 4150 cum
1132 4097 1294 4149 Patre
1341 4095 1514 4148 Filius
1557 4095 1711 4159 dicit,

36 4188 156 4254 quia
186 4187 598 4242 communione
653 4186 934 4239 naturalis
987 4183 1268 4250 essentiae,
1332 4185 1386 4235 et
1443 4182 1617 4256 Filius
1647 4182 1714 4235 de

38 4275 182 4330 Patre
213 4284 382 4330 natus
427 4275 660 4340 exstitit,
695 4281 752 4328 et
799 4273 1046 4342 Spiritus
1077 4278 1301 4325 sanctus
1333 4273 1400 4324 de
1432 4272 1594 4323 Patre
1629 4270 1713 4323 Fi-

39 4362 211 4433 lioque
265 4364 542 4435 procedit.
596 4365 711 4418 Hoc
743 4363 920 4432 igitur
962 4368 1047 4415 est
1094 4360 1332 4431 Spiritui
1382 4365 1574 4413 sancto
1612 4376 1712 4411 au-

42 4452 166 4519 dire,
199 4455 354 4525 quod
388 4460 476 4507 est
529 4453 596 4506 de
631 4457 834 4506 natura
881 4449 1061 4504 Patris
1096 4450 1334 4519 Filiique
1365 4449 1710 4516 procedere:

45 4547 91 4594 et
115 4543 216 4597 hoc
249 4548 336 4596 est
388 4542 566 4612 loqui,
626 4541 778 4612 quod
828 4545 913 4594 est
942 4556 1045 4610 per
1077 4538 1320 4608 gratiam
1359 4535 1569 4590 nostris
1602 4552 1717 4588 cor-

48 4630 190 4684 dibus
215 4631 588 4686 ineﬂ'abiliter
617 4629 902 4684 intimare.
942 4651 968 4677 ››

693 4755 820 4808 CAP.
868 4753 1042 4806 LXIII.

109 4873 236 4926 Item
273 4873 426 4926 idem
463 4871 521 4924 in
541 4871 743 4924 eodem
768 4870 953 4923 libro:
991 4890 1016 4916 ‹‹
1055 4871 1245 4921 Etnou
1280 4871 1426 4935 rapit
1452 4881 1541 4918 eas
1568 4869 1718 4930 quis-

53 4974 186 5019 quam
241 4961 309 5013 de
349 4976 516 5012 manu
578 4975 713 5011 mea.
773 4959 937 5010 Pater
985 4972 1135 5010 meus
1190 4955 1336 5019 quod
1387 4954 1537 5005 dedit
1563 4953 1715 5017 mihi,

53 5049 203 5113 majus
233 5049 488 5103 erunibus
520 5053 634 5101 est:
693 5052 742 5099 et
787 5062 936 5098 nemo
980 5049 1159 5113 potest
1205 5059 1396 5110 capere
1451 5043 1516 5094 de
1555 5056 1718 5094 manu

57 5135 202 5190 Patris
231 5143 358 5190 mei.
401 5139 512 5201 Ego
539 5141 587 5187 et
638 5137 800 5188 Pater
848 5150 1013 5187 unum
1059 5149 1246 5186 sumus
1295 5133 1471 5200 (Joan.
1519 5146 1568 5195 Χ,
1603 5130 1715 5190 28).

57 5221 162 5278 Haac
187 5231 269 5279 est
301 5241 441 5291 ergo
473 5239 577 5276 vox
610 5238 782 5293 quam
815 5239 946 5274 oves
977 5220 1098 5288 ejus
1140 5219 1415 5272 audiunt:
1453 5233 1581 5287 quae
1613 5217 1714 5268 sci-

56 5310 161 5365 licet
197 5315 255 5368 in
307 5330 377 5367 eo
418 5312 569 5382 quod
611 5327 779 5364 nemo
822 5309 969 5379 rapit
1007 5309 1074 5361 de
1116 5323 1289 5360 manu
1334 5305 1478 5369 Filii,
1537 5320 1719 5373 neque

59 5397 109 5450 de
136 5417 298 5456 manu
333 5401 540 5463 Patris,
578 5413 752 5450 unam
789 5395 1056 5448 virtutem
1107 5393 1229 5446 Filii
1256 5398 1310 5445 et
1343 5391 1519 5444 Patris
1555 5390 1720 5442 intel-

61 5488 245 5557 ligunt;
281 5496 339 5543 et
371 5485 660 5541 audientis
691 5485 762 5538 ab
798 5500 865 5536 eo
901 5482 1036 5553 quia
1075 5482 1194 5550 ipse
1245 5486 1299 5532 et
1345 5482 1509 5532 Pater
1543 5493 1718 5530 unum

63 5585 183 5648 sunt,
210 5579 495 5633 unitatem
531 5591 721 5627 veram
769 5574 826 5625 in
859 5573 1022 5625 Patre
1053 5576 1107 5621 et.
1159 5569 1297 5620 Filio
1331 5568 1588 5619 essentia!
1624 5581 1720 5617 na-

386 5668 662 5730 PATROL.
717 5662 918 5726 CXXI.

1841 546 2088 616 Spiritus
2110 545 2310 610 sancti,
2344 545 2480 616 quia
2501 545 2568 598 de
2597 551 2802 598 natura
2826 545 3000 598 Patris
3023 550 3190 599 natus
3212 549 3298 599 est
3329 545 3528 611 Filius,

1840 643 1897 690 et
1952 636 2156 690 exinde
2211 635 2466 705 procedit
2520 633 2761 703 Spiritus
2825 639 3070 687 sanctus.
3136 635 3246 688 Hoc
3293 634 3530 688 etiama

1840 727 2003 778 Patre
2027 729 2082 776 et
2115 724 2252 776 Filio
2284 722 2524 793 Spiritus
2573 727 2797 774 sanctus
2843 723 3022 787 audit,
3069 722 3202 792 quia
3243 722 3312 776 de
3361 723 3528 776 Patre

1839 818 1894 866 et
1943 813 2085 866 Filio
2135 811 2458 866 communis
2514 810 2826 863 divinitatis
2873 811 3196 880 aequalitate
3248 810 3523 880 procedit.

1838 901 1958 954 Non
2018 916 2154 970 ergo
2212 900 2459 969 Spiritus
2514 905 2738 952 sanctus
2793 899 3348 969 loquituraseipso,
3392 899 3529 969 quia

1838 1005 1953 1041 non
1985 993 2068 1042 est
2099 1005 2129 1041 a
2157 989 2362 1057 seipso,
2397 987 2493 1041 sed
2528 987 2597 1040 de
2633 988 2796 1040 Patre
2832 991 2887 1039 et
2919 986 3058 1040 Filio
3089 987 3264 1040 habet
3295 991 3526 1040 natura-

1834 1077 1947 1130 lem
1979 1076 2346 1138 locutionem,
2381 1076 2534 1128 unde
2589 1075 2926 1128 naturaliter
2985 1075 3299 1145 procedens
3357 1075 3529 1129 habet

1835 1165 2074 1233 originis
2105 1165 2422 1218 veritatem.
2458 1164 2544 1216 Ad
2577 1164 2683 1216 hoc
2715 1163 2914 1232 utique
2947 1165 3195 1234 pertinet
3224 1165 3375 1234 quod
3409 1164 3521 1218 ait:

1834 1255 2037 1306 ltteme
2092 1253 2432 1321 clariﬁeabit.
2495 1256 2626 1316 quia.
2686 1253 2750 1303 de
2801 1268 2914 1305 meo
2971 1257 3198 1320 accipiet
3229 1258 3279 1305 et
3309 1269 3524 1306 annuu-

1834 1342 1993 1394 tiabit
2017 1341 2186 1393 vobis.
2223 1340 2415 1394 Omnia
2448 1356 2567 1404 quae
2621 1340 2779 1392 habet
2828 1343 2992 1393 Pater
3043 1357 3163 1394 mea.
3192 1346 3358 1394 sunt:
3388 1358 3526 1410 pro-

1824 1434 2015 1496 pterea
2041 1429 2180 1491 diari,
2213 1431 2341 1492 quia
2383 1428 2448 1480 de
2501 1444 2611 1480 meo
2647 1433 2892 1495 accipiet.
2927 1429 3106 1491 Quam
3139 1429 3284 1482 bene
3317 1429 3524 1482 verita-

1832 1523 1944 1568 tem
1983 1516 2255 1570 doctrinzn
2285 1531 2397 1567 suae
2429 1515 2638 1567 veritas
2668 1515 2792 1584 ipsa
2831 1517 3076 1569 servavit
3104 1514 3115 1568 ι
3151 1515 3209 1570 Si
3236 1516 3389 1570 enim
3419 1517 3528 1568 hoc

1831 1621 1949 1656 non
2007 1604 2257 1669 dixisset,
2313 1603 2477 1673 quasi
2548 1619 2715 1656 suum
2771 1620 2891 1657 esse
2958 1611 3178 1658 tantum
3247 1604 3524 1674 Spiritum

1835 1691 2216 1754 ostendisset;
2273 1693 2369 1744 sed
2445 1691 2638 1744 dicens
2711 1693 2903 1745 Omnia.
2975 1708 3091 1757 qua:
3149 1693 3308 1745 habet
3363 1695 3527 1745 Pater

1832 1797 1952 1834 mea
1978 1785 2107 1833 sunt
2139 1797 2149 1832 :
2177 1785 2469 1848 propterea
2501 1780 2638 1839 dimi,
2671 1784 2801 1844 quia
2831 1781 2896 1832 de
2922 1797 3032 1833 meo
3059 1785 3304 1848 accipiet,
3335 1779 3526 1850 ipsum

1831 1869 2106 1938 Spiritum
2145 1874 2401 1920 sanctum
2453 1883 2634 1920 unum
2691 1884 2812 1920 esse
2866 1869 3114 1922 ostendit
3171 1875 3225 1920 et
3258 1867 3438 1920 Patris
3467 1873 3526 1920 et

1831 1972 2016 2008 suum.
2053 1956 2226 2023 Cujus
2259 1955 2645 2024 intelligentia
2685 1955 2918 2008 dicens:
2981 1957 3295 2010 Paracletus
3343 1960 3521 2008 autem

1830 2047 2070 2112 Spiritus
2113 2048 2354 2108 sanctus,
2409 2060 2564 2107 quem
2617 2048 2793 2096 mittet
2842 2046 3004 2096 Pater
3055 2049 3112 2095 in
3145 2049 3358 2096 nomine
3385 2060 3518 2102 meo,

1829 2133 1919 2184 ille
1948 2147 2039 2185 vos
2093 2132 2301 2183 docebit
2343 2135 2524 2183 munia.
2567 2146 2898 2194 quaecunque
2941 2130 3128 2182 dixero
3163 2131 3328 2182 vobis.
3358 2131 3524 2182 Pater

1828 2220 2022 2285 mittit,
2059 2219 2157 2272 sed
2187 2219 2246 2272 in
2276 2219 2510 2272 nomine
2564 2218 2692 2271 Filii
2735 2217 2948 2292 mittit:
2979 2218 3222 2288 Spiritus
3263 2217 3465 2270 missus
3491 2234 3522 2269 a

1827 2309 1992 2361 Patre
2021 2307 2204 2371 docet,
2237 2305 2334 2359 sed
2367 2305 2537 2359 Filius
2568 2305 2723 2360 dicit.
2759 2307 2874 2359 Hoc
2905 2306 3078 2358 etiam
3130 2306 3231 2358 illo
3280 2306 3520 2360 demon-

1827 2400 2039 2449 stratur
2066 2396 2212 2461 loco,
2267 2395 2362 2448 ubi
2400 2393 2674 2448 Dominus
2703 2393 2838 2447 dicit
2869 2410 2881 2447 :
2916 2395 3046 2448 Cum
3097 2398 3277 2446 autem
3315 2410 3463 2446 vene-1
3478 2398 3521 2446 it

1826 2485 2134 2537 Paraclitus
2165 2499 2319 2548 quem
2347 2499 2440 2549 ego
2470 2487 2682 2534 mittam
2717 2487 2774 2534 in
2799 2498 2890 2534 vos
2935 2498 2969 2534 a
3020 2484 3201 2541 Patre,
3253 2483 3516 2549 Spiritum

1824 2577 2092 2636 veritatis,
2145 2576 2238 2636 qui
2278 2587 2307 2623 (ι
2341 2573 2503 2624 Patre
2538 2570 2803 2638 procedit.
2859 2570 2992 2622 Ecce
3025 2570 3116 2622 hic
3166 2569 3513 2638 paracletum

1826 2678 2000 2730 quem
2035 2661 2210 2714 mittit
2241 2659 2477 2713 Paterin
2499 2659 2730 2712 nomine
2761 2658 2906 2724 Filii,
2930 2657 3118 2727 ipsum
3143 2658 3321 2710 mittit
3344 2657 3516 2711 Filius

1826 2767 1857 2801 a
1890 2752 2088 2803 Patre:
2154 2749 2330 2801 mittit
2390 2753 2643 2801 autema
2695 2749 2858 2800 Patre
2913 2746 3189 2816 Spiritum
3245 2746 3516 2800 veritatis.

1824 2838 1991 2891 Mittit
2023 2854 2159 2906 ergo
2193 2854 2223 2889 a
2251 2838 2416 2890 Patre
2447 2835 2725 2906 Spiritum
2757 2851 2946 2898 suum,
2991 2835 3126 2904 quia
3156 2835 3278 2905 ipse
3309 2840 3394 2887 est
3423 2851 3517 2889 ve-

1825 2926 2002 2991 ritas;
2032 2926 2205 2978 mittit
2239 2941 2369 2977 eum
2403 2925 2569 2977 Pater
2626 2925 2683 2976 in
2735 2924 2967 2976 nomine
3019 2923 3164 2987 Filii,
3199 2923 3335 2992 quia
3366 2938 3516 2977 unus

1825 3013 2069 3083 Spiritus
2100 3018 2184 3066 est
2215 3012 2395 3066 Patris
2425 3017 2480 3065 et
2515 3011 2659 3066 Filii.
2699 3011 2863 3065 Mittit
2894 3027 3027 3064 eum
3060 3010 3234 3064 Filius
3265 3028 3294 3064 a
3327 3013 3511 3077 Patre,

1824 3102 1958 3170 quia
1984 3101 2063 3154 sic
2115 3101 2372 3171 procedit
2429 3117 2461 3153 a
2509 3101 2665 3166 Filio,
2727 3099 2871 3153 sicut
2923 3098 3181 3170 procedit
3236 3116 3267 3152 a
3329 3101 3514 3152 Patre.

1827 3190 1981 3242 Idem
2015 3205 2242 3260 quoque
2303 3189 2546 3258 Spiritus
2606 3188 2808 3255 Patris,
2858 3187 2958 3258 qui
3014 3187 3259 3258 Spiritus
3304 3191 3390 3239 est
3431 3203 3520 3240 ve-

1824 3277 2022 3332 ritatis.
2060 3279 2137 3332 De
2198 3278 2335 3330 Filio
2395 3294 2532 3348 ergo
2572 3277 2809 3347 accepit,
2843 3281 2899 3330 et
2934 3277 3128 3330 omnia
3177 3292 3306 3347 quas
3351 3276 3522 3330 habet

1825 3367 2010 3431 Pater,
2077 3365 2200 3419 Filii
2260 3370 2411 3427 sunt,
2465 3381 2594 3434 quae
2653 3363 2899 3434 Spiritus
2965 3369 3191 3417 sanctus
3253 3364 3514 3434 accepit:

1825 3454 1959 3524 quia
2011 3470 2122 3506 non
2171 3454 2240 3506 de
2293 3453 2412 3505 solo
2469 3454 2654 3518 Patre,
2724 3467 2828 3505 nec
2877 3452 2945 3505 de
3005 3453 3125 3505 solo
3189 3451 3352 3513 Filio,
3422 3453 3518 3505 sed

1825 3542 1996 3595 simul
2025 3543 2093 3595 de
2125 3549 2368 3610 utroque
2419 3540 2690 3610 procedit.
2755 3539 2871 3594 Hoc
2929 3543 3122 3593 autem
3182 3539 3517 3592 vocabulum

1822 3629 2200 3701 processionis
2233 3629 2301 3682 de
2359 3629 2520 3681 Patre
2579 3629 2724 3681 nulli
2777 3632 3052 3680 creaturae
3110 3627 3400 3680 invenitur
3439 3628 3522 3680 in-

1823 3719 2069 3785 dultum,
2105 3722 2165 3771 ut
2223 3717 2541 3787 prpprietas
2591 3716 2699 3769 ista
2754 3715 3131 3785 processionis
3186 3715 3361 3768 solius
3397 3731 3518 3769 esse

1824 3807 2250 3861 demonstretur
2307 3804 2568 3858 essentite
2653 3802 2948 3856 naturalis.
3038 3802 3304 3873 Legimus
3363 3803 3518 3856 enim

1827 3895 2029 3949 Filium
2063 3895 2130 3948 de
2165 3894 2328 3946 Patre
2384 3892 2665 3961 genitum,
2727 3895 2782 3944 et
2834 3891 3094 3960 quamvis
3149 3890 3207 3943 in
3265 3906 3331 3943 eo
3363 3891 3518 3960 quod

1826 3982 2157 4052 unigenitus
2187 3980 2416 4044 dicitur,
2477 3981 2533 4032 in
2591 3980 2709 4032 solo
2770 3978 3042 4032 naturalis
3073 3979 3364 4048 generatio
3419 3979 3518 4033 de-

1825 4075 2197 4136 monstretur,
2232 4074 2423 4122 tameu
2467 4074 2697 4138 propter
2753 4069 2998 4137 gratiam
3057 4067 3379 4138 adoptionis
3412 4085 3516 4122 nos

1825 4174 2052 4228 quoque
2101 4159 2247 4210 Deus
2309 4158 2472 4209 Pater
2523 4156 2843 4209 voluntarie
2903 4157 3106 4225 genuit
3163 4157 3334 4210 verbo
3362 4157 3517 4211 veri-

1825 4248 1974 4299 tatis.
2012 4246 2352 4315 L'nigenitus
2409 4245 2585 4314 igitur
2645 4262 2790 4298 unus
2852 4250 2906 4298 ct
2966 4245 3118 4298 solus
3171 4250 3255 4298 est
3303 4246 3373 4300 de
3425 4247 3521 4300 Pa-

1758 4343 1797 4396 D
1830 4335 1930 4387 tris
1961 4334 2206 4386 essentia
2251 4334 2420 4386 Filius
2471 4341 2670 4399 nitus;
2732 4333 2828 4386 sed
2863 4338 2920 4386 et
2975 4350 3081 4388 nos
3121 4349 3224 4403 per
3253 4334 3518 4404 adoptio-

1827 4439 1957 4476 nem
1988 4429 2044 4476 et
2074 4422 2176 4476 lilii
2207 4423 2308 4475 Dei
2339 4423 2603 4487 dicimur,
2638 4423 2694 4475 et
2724 4423 2790 4475 de
2825 4423 2938 4476 Deo
2971 4423 3111 4486 nati,
3147 4423 3310 4476 beato
3345 4424 3521 4476 Evan-

1826 4510 2024 4579 gelista
2057 4511 2313 4564 dicentc:
2357 4511 2630 4576 Quotquot
2685 4515 2860 4564 autem
2914 4515 3228 4578 receperunt
3261 4527 3399 4572 eum,
3428 4512 3516 4564 de-

1828 4599 1909 4650 dit
1943 4601 2016 4650 eis
2043 4603 2360 4667 potestatem
2410 4601 2548 4668 filios
2579 4602 2676 4650 Dei
2715 4602 2850 4666 ﬁeri,
2915 4598 2998 4650 his
3057 4602 3152 4662 qui
3210 4599 3437 4651 credunt
3463 4603 3517 4652 in

1827 4691 2040 4740 nomine
2067 4687 2202 4754 ejus,
2234 4691 2328 4751 qui
2361 4703 2463 4738 non
2505 4703 2572 4737 ex
2601 4685 2982 4750 sanguinibus.
3027 4700 3196 4748 neque
3231 4700 3296 4735 ea:
3334 4687 3521 4738 colun-

1830 4781 1939 4828 tate
1962 4780 2085 4832 viri,
2115 4775 2209 4828 sed
2230 4791 2296 4824 em
2323 4779 2426 4828 Deo
2459 4778 2575 4825 nati
2614 4778 2742 4825 sunt
2771 4774 2948 4830 (Joan.
2985 4788 3021 4831 ι,
3066 4775 3172 4836 t'2).
3210 4771 3350 4825 Cum
3383 4789 3518 4843 ergo

1829 4870 2018 4916 nosset
2054 4863 2147 4916 Dci
2183 4863 2348 4927 tilios,
2384 4868 2438 4914 ct
2473 4862 2538 4913 de
2571 4862 2682 4913 Deo
2713 4859 2954 4928 genitos,
3017 4865 3073 4911 et
3104 4860 3172 4913 de
3210 4860 3324 4913 Deo
3358 4866 3520 4914 natos

1827 4950 2031 5004 divinis
2079 4951 2410 5002 ostendatur
2459 4947 2721 5017 eloquiis,
2773 4947 3153 5016 processionis
3215 4952 3408 5001 tamen
3451 4949 3520 5001 de

1829 5039 1944 5091 Deo
1977 5036 2308 5088 vocabulum
2343 5051 2509 5087 nemo
2542 5038 2726 5103 potest
2767 5038 3041 5086 creaturae
3095 5034 3362 5102 cuiquam
3425 5035 3523 5089 do-

1829 5141 1955 5178 cere
2012 5139 2364 5176 concessum.
2442 5121 2588 5184 Quid
2641 5122 2736 5187 ita,
2796 5121 2904 5174 nisi
2964 5122 3100 5192 quia
3159 5120 3520 5191 unigenitum

1833 5213 2034 5266 Filium
2066 5215 2256 5279 posset
2287 5210 2562 5262 naturalis
2587 5209 2850 5262 nativitas
2882 5226 3079 5263 verum
3119 5210 3294 5263 Deum
3329 5217 3512 5265 osten-

1830 5300 1984 5361 dere,
2021 5313 2266 5364 cumquo
2322 5313 2435 5350 non
2489 5297 2844 5364 adoptivum,
2879 5314 2983 5352 nec
3013 5298 3249 5351 diversae
3282 5302 3520 5357 naturie.

1831 5387 1926 5440 sed
1972 5385 2518 5438 consubstantialem
2579 5385 2728 5438 Patri
2785 5387 2906 5440 sine
2965 5386 3321 5440 dubitatione
3353 5403 3524 5441 mon-

1832 5481 2028 5527 strare.
2067 5473 2378 5525 Pi'oecdere
2411 5481 2600 5527 autem
2636 5473 2703 5526 de
2757 5476 2870 5529 Deo
2907 5477 3033 5530 ideo
3079 5475 3236 5529 nulla
3264 5481 3525 5530 creatura

1838 5563 2068 5624 dicitur,
2105 5563 2156 5609 ut
2194 5559 2290 5611 illo
2345 5564 2443 5631 qui
2499 5563 2757 5632 procedit
2812 5566 2880 5618 de
2943 5569 3103 5620 Patre
3144 5569 3199 5615 et
3255 5561 3415 5623 Filio,
3452 5566 3530 5616 sic

3103 5661 3180 5716 '23
