3846 6244
329 305 387 356 7t
1567 299 1780 353 gENE/E
1823 299 1904 352 PA
1917 301 1954 354 Β
1968 297 2247 352 ISIENSIS
2281 297 2588 354 EPISCOPI
3717 305 3780 349 71',

331 450 450 487 esse
479 431 744 484 credatur
777 431 942 495 Deus,
977 431 1116 482 sicut
1152 435 1236 482 est
1295 431 1459 482 Pater
1489 433 1542 481 et
1577 430 1779 494 Filius;
1834 430 2012 483 solius
2051 433 2093 483 Α
2125 431 2407 494 essentize,
2457 431 2833 501 ejusdemque
2891 431 3184 500 potestatis
3244 438 3303 484 et
3333 433 3782 502 sempiternitats.

331 525 416 572 est
437 519 586 572 enim
619 518 863 587 Spiritus
923 519 1102 571 sancti
1153 519 1222 571 de
1281 521 1442 572 Patre
1497 523 1554 572 et
1587 519 1727 572 Filio
1759 519 2022 589 proprie-
2137 535 2316 572 unum
2351 521 2528 572 Deum
2561 518 2935 582 invisibilem;
2970 519 3048 572 ita
3077 525 3140 573 ut
3177 520 3420 590 singulis
3449 539 3784 591 personat-us.

329 612 414 661 tas
435 609 540 660 ista
593 607 997 676 processionis,
1051 609 1214 676 cujus
1255 613 1338 660 est
1390 623 1520 660 cum
1562 609 1724 660 Patre
1778 615 1834 661 et
1887 606 2027 662 Filio
2137 608 2491 678 proprietate
2522 617 2766 672 servata,
2803 624 2904 660 nec
2945 609 3402 662 substantialiter
3446 611 3690 664 Trinitas
3729 613 3823 676 οξξ-¹

331 702 532 750 natura
563 695 904 749 communis.
945 698 1020 749 De
1049 697 1214 750 Patre
1262 695 1476 766 quippe
1536 713 1597 749 ac
1651 695 1790 750 Filio
1825 713 2026 766 proce-
2135 697 2270 763 vidi,
2305 713 2408 750 nec
2437 697 2818 766 personaliter
2859 697 3064 750 debeat
3099 699 3340 751 omnino
3395 699 3686 752 confundi.
3715 701 3788 750 Pa-

329 786 431 850 dit,
465 785 560 838 sed
596 801 710 838 non
759 785 1012 842 recedit;
1062 801 1164 837 nec
1221 791 1306 838 cst
1367 785 1424 836 in
1483 786 1676 854 aliquo
1711 786 1901 838 minor
1929 789 2029 838 aut.
2137 790 2282 837 trem
2311 801 2542 854 quoque
2601 785 2862 838 contiteri
2905 785 3252 854 ingenitum,
3299 786 3500 840 Filium
3543 789 3774 856 genitur-

329 874 609 938 subditus,
643 873 742 943 qui
799 874 868 926 de
917 874 1079 926 Patre
1137 873 1438 938 immenso,
1503 891 1565 926 ac
1622 875 1686 927 de
1741 874 2026 928 immenso
2137 873 2412 943 Spiritum
2443 879 2635 926 autem
2663 879 2918 926 sanctum
2941 889 3042 926 nec
3072 875 3332 944 genitum
3359 891 3459 928 nec
3487 875 3790 944 ingenitum.

331 962 471 1015 Filio
517 961 980 1030 inseparabiliter
1021 969 1074 1014 et
1119 978 1266 1014 unus
1314 962 1575 1030 procedit
1627 967 1683 1014 et
1737 967 1906 1016 totus.
1937 961 2028 1016 Sic
2138 962 2234 1014 sed
2261 978 2324 1014 ex
2349 963 2512 1014 Patre
2535 967 2594 1015 et
2649 961 2786 1014 Filio
2847 962 3290 1031 procedentem;
3343 963 3546 1015 Filium
3577 978 3614 1014 ει
3667 964 3792 1016 Patre

327 1050 506 1120 igitur
537 1050 589 1104 ei
622 1065 736 1103 non
771 1054 958 1119 potest
991 1050 1262 1119 imperari
1311 1050 1466 1119 quod
1514 1050 1857 1104 mirabiliter
1887 1067 2024 1120 ope-
2138 1052 2424 1104 nascendo
2455 1050 2787 1120 procedere,
2841 1049 3118 1120 Spiritum
3175 1067 3312 1104 vero
3344 1056 3602 1104 sanctum
3631 1067 3794 1120 proce-

329 1145 503 1192 ratur.
541 1157 570 1188 ι)
2137 1138 2323 1192 dendo
2345 1154 2460 1192 non
2493 1138 2665 1192 nasci.
2703 1159 2729 1186 ››

1005 1209 1132 1264 CAP.
1179 1209 1351 1262 LXIV.

403 1325 546 1377 Item
573 1323 724 1376 idem
757 1323 816 1376 in
856 1323 1003 1376 libro
1045 1339 1138 1375 γιιι
1195 1323 1452 1392 ejusdem
1507 1323 1728 1392 operis:
1762 1343 1788 1374 ι(
1851 1323 2028 1377 Filius

331 1411 618 1480 estigitur
649 1428 682 1464 a
721 1411 886 1464 Patre
943 1410 1173 1478 missus,
1209 1427 1322 1464 non
1385 1411 1551 1464 Pater
1581 1427 1612 1464 a
1667 1411 1830 1478 Filio,
1893 1413 2030 1482 quia

331 1499 506 1554 Filius
537 1505 683 1553 esta
737 1501 903 1553 Patre
962 1503 1153 1566 natus,
1205 1515 1320 1552 non
1383 1501 1608 1552 Patera
1666 1499 1831 1554 Filio.
1865 1500 2030 1554 Simi-

331 1588 461 1642 liter
491 1587 662 1641 etiam
714 1588 960 1657 Spiritus
1022 1591 1252 1640 sanctus
1282 1605 1313 1640 a
1343 1589 1506 1641 Patre
1561 1592 1615 1640 et
1648 1589 1787 1642 Filio
1821 1589 2030 1659 legitur

333 1678 558 1742 missus,
588 1676 720 1746 quia
751 1692 782 1728 a
813 1677 976 1729 Patre
1011 1676 1267 1746 Filioque
1297 1677 1564 1746 procedit.
1598 1677 1704 1731 Sed
1747 1677 1882 1748 quia
1913 1693 2028 1731 non

329 1782 448 1819 uno
483 1766 652 1818 modo
679 1765 740 1817 in
769 1763 1078 1833 Scripturis
1133 1763 1342 1817 sanctis
1395 1764 1605 1818 dicitur
1639 1765 1856 1830 missio,
1885 1783 2026 1836 pro-

333 1859 530 1923 pterea
561 1854 618 1906 in
649 1857 1004 1906 sacramento
1041 1852 1450 1904 incarnationis
1509 1869 1621 1906 non
1656 1854 1838 1906 solum
1866 1871 1898 1906 a
1929 1855 2030 1908 Pa-

331 1949 438 2008 tre,
471 1957 666 1996 verum
719 1942 892 1994 etiam
927 1941 996 1994 ab
1051 1941 1268 2010 Spiritu
1314 1946 1508 1994 sancto
1560 1941 1767 1994 missus
1799 1948 1884 1996 est
1939 1942 2028 1997 Fi-

331 2032 464 2097 lius,
499 2031 632 2101 quia
665 2031 950 2084 mediator
981 2029 1082 2083 Dei
1119 2035 1176 2082 et
1217 2029 1522 2084 hominum
1573 2031 1747 2084 homo
1775 2032 2030 2086 Christus

330 2121 490 2172 Iesus
523 2119 698 2172 totius
729 2124 814 2170 est
842 2118 1133 2172 Trinitatis
1165 2119 1496 2186 operatione
1535 2120 1866 2188 plasmatus.
1903 2121 2028 2174 Alio

333 2213 526 2260 autem
559 2206 730 2259 modo
767 2205 1013 2266 mittitur
1046 2221 1078 2258 a
1111 2207 1270 2258 Patre
1307 2212 1363 2259 et
1413 2206 1552 2260 Filio
1607 2206 1851 2276 Spiritus
1899 2224 2028 2260 san-

330 2301 476 2360 ctus,
510 2295 644 2364 quia
695 2293 1031 2347 naturaliter
1061 2312 1090 2345 a
1119 2295 1282 2347 Patre
1317 2295 1576 2364 Filioque
1603 2295 1874 2364 procedit.
1905 2296 2028 2350 Mit-

335 2384 478 2437 titur
525 2384 678 2436 enim
717 2399 750 2435 a
777 2384 940 2436 Patre
971 2388 1026 2436 et
1059 2383 1230 2436 Filius
1260 2389 1314 2436 et
1345 2383 1589 2452 Spiritus
1619 2391 1867 2446 sanctus,
1900 2399 2029 2437 cum

338 2473 410 2526 ab
441 2473 564 2542 ipso
591 2471 865 2525 Trinitate
905 2487 1021 2524 uno
1057 2472 1170 2524 Deo
1216 2473 1415 2540 gratiae
1467 2472 1741 2542 spiritalis
1785 2473 2032 2526 donatur

338 2561 588 2616 effectus.
620 2581 646 2608 »

2811 1253 2939 1306 CAP.
2983 1253 3149 1308 LXIX.

2210 1368 2462 1422 Isidorus
2495 1369 2553 1421 in
2585 1367 2731 1422 libro
2763 1367 3008 1436 septimo
3035 1367 3524 1437 Etymologiarum
3557 1379 3698 1436 (cap.

2139 1456 2292 1521 Quod
2323 1458 2560 1525 Spiritus
2616 1461 2837 1510 sanctus
2865 1473 2898 1510 α
2929 1457 3090 1510 Patre
3145 1457 3390 1520 Filioque
3431 1457 3708 1524 procedat,
3743 1459 3794 1506 sic

2138 1545 2274 1598 dicit
2308 1561 2318 1597 :
2365 1565 2390 1594 ί(
2423 1545 2665 1615 Spiritus
2697 1549 2924 1598 sanctus
2957 1544 3084 1598 ideo
3129 1545 3474 1614 praedicatur
3507 1545 3672 1605 Deus,
3695 1545 3798 1612 quia

2140 1651 2206 1687 ex
2247 1635 2410 1687 Patre
2443 1633 2700 1703 Filioque.
2749 1633 3020 1704 procedit,
3080 1639 3210 1696 οἷο..
3271 1649 3443 1698 usque
3491 1633 3680 1686 adhic
3709 1649 3796 1684 non

2071 1729 2108 1781 Β
2139 1727 2222 1774 est
2250 1721 2390 1789 ejus.
2429 1743 2454 1766 ιι

2828 1810 2953 1862 ΟΜ».
3003 1809 3142 1862 LXX.

2189 1925 2348 1977 .Item
2389 1925 2540 1979 idem
2582 1925 2642 1978 in
2693 1925 2894 1979 eodem
2945 1940 3116 1994 opere.
3173 1930 3299 1994 post
3339 1941 3516 1994 pauca
3561 1927 3700 1992 (cap.
3731 1925 3796 1974 ir

2143 2033 2170 2058 ‹‹
2203 2013 2370 2064 Pater
2399 2013 2576 2082 igitur
2615 2017 2670 2065 et
2718 2013 2892 2065 Filius
2935 2019 2992 2064 et
3021 2012 3264 2082 Spiritus
3321 2017 3546 2064 sanctus
3591 2011 3802 2064 Trinitas

2140 2105 2197 2152 et
2225 2102 2435 2154 unitas.
2475 2101 2631 2154 Idem
2667 2100 2880 2154 etenim
2917 2117 3114 2164 unum,
3175 2099 3327 2154 idem
3362 2105 3416 2152 et
3473 2101 3604 2152 tria.
3641 2100 3700 2152 In
3727 2115 3802 2150 ua-

2139 2193 2284 2252 tura,
2323 2205 2522 2252 unum,
2555 2189 2612 2242 in
2646 2189 2905 2258 personis
2955 2189 3081 2242 tria.
3117 2189 3302 2242 Unum
3333 2193 3570 2258 propter
3627 2189 3802 2256 majes—

2139 2277 2273 2330 tatis
2304 2277 2792 2342 communionem,
2841 2277 2948 2330 tria
3005 2283 3242 2347 propter
3295 2292 3668 2346 personarum
3699 2293 3804 2344 pro-

2139 2365 2458 2435 prietatem.
2489 2367 2630 2418 Nam
2661 2367 2806 2418 alius
2841 2367 3020 2431 Pater,
3053 2367 3198 2418 alius
3231 2367 3426 2430 Filius,
3487 2365 3632 2418 alius
3661 2365 3802 2434 Spiri.

2140 2459 2232 2507 tus
2258 2461 2506 2521 sanctus,
2541 2454 2637 2508 sed
2671 2455 2838 2518 alius,
2871 2471 2988 2508 nou
3021 2454 3252 2524 quidem
3285 2454 3440 2507 aliud
3471 2471 3483 2508 :
3518 2453 3654 2524 quia
3679 2453 3798 2522 pari-

2141 2547 2228 2596 ter
2285 2543 2550 2611 simplex,
2608 2541 2938 2612 pariterque
2991 2543 3464 2596 incommutabile
3504 2543 3716 2595 bonum
3763 2549 3802 2592 et

2141 2636 2512 2684 coasternum.
2551 2631 2715 2684 Pater
2753 2631 2908 2683 solus
2948 2646 3064 2684 non
3095 2636 3178 2683 est
3209 2630 3278 2684 de
3325 2631 3476 2696 alio;
3523 2630 3652 2683 ideo
3681 2631 3800 2682 scias

2142 2718 2351 2772 dicitur
2379 2719 2688 2788 ingenitus.
2726 2718 2900 2771 Filius
2929 2719 3082 2770 solus
3109 2718 3178 2770 de
3207 2719 3374 2770 Patre
3397 2723 3480 2772 est
3497 2723 3683 2776 natus.
3705 2717 3802 2769 ideo

2143 2807 2300 2860 solus
2337 2808 2658 2876 appellatur
2708 2805 2971 2875 genitus:
3019 2805 3260 2875 Spiritus
3301 2811 3530 2858 sanctus
3577 2807 3724 2858 solus
3753 2804 3800 2856 de

2145 2897 2312 2950 Patre
2365 2901 2422 2948 et
2486 2894 2624 2948 Filio
2685 2895 2959 2964 procedit,
3000 2893 3128 2946 ideo
3185 2894 3339 2946 solus
3381 2895 3502 2963 jam
3533 2895 3800 2947 amborum

2143 2989 2508 3055 nuncupatus
2542 2984 2808 3054 Spiritus.

2816 3125 2942 3179 CAP.
2989 3125 3159 3180 LXXI.

2215 3244 2354 3296 Item
2387 3241 2535 3294 idem
2569 3240 2629 3292 in
2679 3239 2826 3294 libro
2861 3239 3326 3292 Differentiarum
3365 3241 3480 3308 (lib.
3514 3256 3572 3300 ιι,
3599 3241 3762 3309 cupit

2145 3331 2356 3383 «Inter
2403 3343 2706 3398 personam
2765 3328 2946 3382 Patris
2979 3334 3034 3382 et
3097 3328 3220 3381 Filii
3281 3333 3337 3382 et
3385 3328 3632 3398 Spiritus
3661 3341 3800 3380 sana.-

2141 3419 2222 3473 ita
2247 3417 2586 3483 secernitur,
2625 3417 2780 3487 quod
2827 3417 2993 3470 Pater
3031 3432 3136 3469 nec
3171 3417 3354 3469 factus
3392 3432 3500 3470 nec
3533 3421 3694 3470 natus
3719 3421 3800 3467 est;

2143 3507 2317 3560 Filius
2347 3511 2514 3559 natus
2555 3521 2670 3558 non
2727 3505 2926 3570 factus,
2981 3504 3226 3575 Spiritus
3281 3520 3418 3557 vero
3469 3511 3694 3558 sanctus
3731 3519 3800 3554 ne:

2142 3600 2310 3648 natus
2361 3609 2464 3646 nec
2519 3593 2722 3657 factus,
2773 3593 2868 3646 sed
2914 3609 2982 3646 ex
3033 3594 3198 3646 Patre
3247 3593 3586 3662 procedens,
3629 3613 3654 3642 υ
3703 3599 3800 3644 εις..

2142 3699 2312 3749 usque
2338 3683 2412 3737 ad
2439 3687 2597 3752 ﬁnem.
2629 3687 2844 3751 capitis.

2797 3798 2925 3852 Car.
2969 3797 3165 3850 LXXII.

2217 3916 2360 3969 Item
2411 3914 2560 3968 idem
2597 3914 2653 3966 in
2697 3913 2842 3966 libro
2872 3913 3298 3968 Sententiarum
3333 3915 3454 3983 (lib.
3490 3931 3524 3974 ι,
3557 3931 3678 3984 cap.
3713 3917 3806 3966 lTi:

2146 4023 2173 4054 (ι
2203 4003 2449 4073 Spiritus
2494 4007 2720 4054 sanctus
2746 4005 2971 4055 creator
3000 4007 3102 4064 est,
3135 4001 3279 4054 sicut
3315 4003 3483 4056 Pater
3507 4007 3564 4054 et
3595 4001 3806 4054 Verbum

2141 4095 2384 4144 testante
2417 4091 2733 4159 prepheta:
2791 4089 3033 4158 Spiritus
3085 4092 3300 4143 Domini
3357 4091 3490 4155 fecit
3543 4105 3647 4146 me.
3699 4095 3738 4141 et
3773 4093 3808 4135 is

2143 4180 2480 4249 spiraculum
2535 4181 2918 4246 omnipotentis
2972 4179 3266 4245 vieiﬁcavit
3317 4193 3400 4230 me
3461 4177 3604 4244 (Job.
3651 4191 3808 4230 nm.

2144 4271 2218 4336 4).
2245 4268 2492 4338 Spiritus
2523 4271 2750 4319 sanctus
2781 4266 2961 4319 Patris
2995 4270 3053 4318 et
3081 4265 3202 4318 Filii
3239 4269 3357 4330 est;
3395 4270 3452 4318 et
3503 4266 3638 4319 inde
3667 4277 3810 4318 unum

1023 2649 1151 2702 CAP.
1197 2649 1345 2702 LXV.

409 2769 546 2820 Item
577 2764 728 2817 idem
759 2764 818 2816 in
873 2763 1018 2817 libro
1079 2780 1130 2816 ix
1179 2763 1437 2832 ejusdem
1492 2763 1682 2833 operis
1721 2779 1733 2816 :
1769 2783 1796 2814 (ι
1853 2765 2032 2818 Deum

337 2855 530 2922 itaque
561 2853 782 2904 Patrem
817 2866 932 2904 non
965 2850 1140 2903 totius
1187 2850 1492 2916 Trinitatis,
1542 2851 1638 2904 sed
1674 2851 1794 2904 Filii
1824 2855 1878 2904 et
1909 2851 2030 2916 Spi-

337 2942 479 2994 ritus
510 2941 685 2994 sancti
733 2939 977 2993 fatemur
1007 2943 1298 2992 auctorem
1325 2956 1337 3004 ;
1371 2941 1440 2992 de
1469 2956 1583 3009 quo
1613 2939 1784 2993 habet
1813 2945 1868 2993 et
1899 2941 2028 2994 uni-

339 3031 570 3099 genitus
603 3029 774 3081 Filius
804 3033 1032 3080 arternae
1065 3027 1398 3092 nativitatis,
1445 3033 1500 3080 et
1527 3027 1771 3096 Spiritus
1804 3035 2033 3082 sanctus
2072 3025 2111 3080 C

339 3125 568 3172 aeternas.
600 3116 977 3186 processionis
1000 3115 1308 3184 originem.
1356 3116 1552 3170 Unitas
1580 3122 1772 3170 autem
1807 3123 2032 3172 natura-

343 3207 428 3272 lis,
465 3211 779 3259 creatorem
812 3203 1016 3256 Filium
1071 3203 1140 3257 de
1169 3209 1425 3258 creatore
1457 3205 1622 3258 Patre
1654 3207 1902 3260 naturali
1937 3223 2030 3260 na-

341 3295 560 3348 tivitate
599 3293 852 3346 insinuat
908 3291 1208 3354 exstitisse,
1267 3295 1322 3345 et
1381 3301 1694 3347 creatorem
1751 3295 2029 3364 Spiritum

339 3389 596 3436 sanctum
634 3381 702 3434 de
736 3383 897 3434 Patre
931 3381 1190 3451 Filioque
1213 3381 1542 3451 procedere.
1585 3407 1600 3428 ιι

1023 3495 1147 3548 CAP.
1191 3493 1359 3548 LXVI.

411 3605 551 3656 Item
607 3601 756 3655 idem
791 3601 850 3654 in
909 3601 1052 3654 libro
1093 3617 1124 3654 x
1177 3601 1432 3670 ejusdem
1467 3603 1694 3672 operis:
1733 3626 1753 3650 ι
1795 3605 2031 3674 Expleta

337 3707 466 3745 verr
503 3689 860 3744 confessione
891 3705 1036 3743 verae
1088 3689 1430 3758 Divinitatis,
1463 3706 1728 3760 veraeque
1764 3690 2032 3744 humani-

339 3779 468 3834 tatis
498 3778 651 3832 unici
681 3779 806 3832 Filii
841 3778 960 3844 Dei,
1020 3778 1366 3832 conﬁtemur
1405 3795 1511 3832 nos
1551 3779 1783 3833 credere
1817 3780 1874 3832 in
1906 3779 2032 3848 Spi-

339 3870 511 3922 ritum
553 3872 832 3934 sanctum,
878 3867 977 3938 qui
1007 3871 1092 3920 est
1127 3883 1276 3920 unus
1305 3867 1554 3935 Spiritus
1589 3867 1768 3921 Patris
1797 3874 1854 3922 et
1885 3869 2031 3930 Filii,

341 3957 408 4010 de
453 3957 612 4010 Patre
645 3956 899 4025 Filioque
927 3955 1266 4024 procedens,
1297 3955 1356 4008 in
1383 3957 1547 4009 Patre
1575 3957 1830 4026 Filioque
1863 3961 2035 4010 natu-

309 4043 532 4097 .raliter
563 4060 823 4100 manens.
867 4045 936 4096 de
969 4045 1131 4098 Patre
1161 4059 1226 4096 ac
1275 4043 1416 4098 Filio
1467 4045 1636 4098 unius
1671 4045 1906 4100 Deitatis
1939 4045 2036 4098 ha-

339 4132 478 4184 bens
505 4131 840 4183 naturaliter
873 4131 1186 4184 veritatem.
1227 4151 1254 4180 ι)

1004 4247 1132 4298 CAP.
1179 4245 1376 4298 LXVII.

2073 4327 2115 4382 D

409 4360 546 4412 Item
578 4357 748 4422 idem,
793 4363 852 4411 ut
882 4358 1206 4412 ostenderet
1237 4358 1514 4430 Spiritum
1550 4365 1808 4413 sanctum
1843 4377 2027 4431 aequa-

337 4448 451 4501 lem
481 4448 630 4500 Patri
662 4453 716 4500 et
771 4445 932 4512 Filio,
967 4447 1230 4500 eumdem
1284 4447 1562 4517 Spiritum
1607 4453 1866 4502 sanctum
1911 4455 1967 4502 et
1997 4466 2028 4502 a

339 4537 502 4590 Patre
532 4543 586 4589 et
618 4551 648 4588 a
701 4535 862 4604 Filio,
894 4541 948 4588 et
1001 4535 1202 4588 Filium
1238 4553 1268 4588 a
1297 4537 1456 4589 Patre
1510 4541 1565 4588 et
1593 4536 1802 4606 Spiritu
1835 4543 2027 4592 sancto

339 4625 572 4678 missum
607 4642 726 4678 esse
767 4629 1007 4679 testatur
1041 4624 1098 4676 in
1131 4623 1277 4676 libro
1309 4625 1557 4678 secundo
1605 4641 1776 4695 quem
1805 4625 2029 4696 scripsit

337 4713 404 4764 ad
445 4713 898 4766 Trasemundum
935 4727 1128 4781 regem
1164 4712 1316 4782 (Lib.
1369 4729 1406 4766 ιι
1437 4713 1510 4766 ad
1543 4715 1836 4766 Monimum
1866 4731 1910 4768 c.
1938 4717 2024 4782 6):

341 4823 362 4848 «ι
401 4803 522 4855 Jam
557 4819 708 4854 nunc
765 4801 937 4854 etiam
995 4801 1090 4853 illa
1137 4801 1298 4854 nobis
1336 4809 1418 4856 est
1465 4801 1533 4854 de
1567 4803 1813 4872 Spiritus
1847 4803 2026 4856 sancti

337 4891 608 4943 missione
667 4890 908 4960 quiestio
968 4891 1324 4955 revolvenda,
1385 4895 1516 4948 etc...
1577 4907 1748 4957 usque
1783 4893 1856 4945 ad
1885 4909 2026 4963 quos

335 4993 508 5046 quam
541 4977 738 5030 locatis
779 4977 1074 5030 adventus.
1113 4996 1140 5026 »

981 5091 1108 5145 CAP.
1155 5093 1377 5147 LXVIII.

409 5197 673 5262 Isidorus,
736 5197 1022 5267 Spalensis
1067 5199 1386 5269 episcopus,
1449 5201 1508 5253 in
1571 5201 1718 5254 libro
1777 5201 2026 5254 secundo

335 5285 666 5339 Ofﬁciorum
701 5289 844 5354 (cap.
898 5287 988 5352 23)
1041 5287 1192 5340 inter
1222 5293 1424 5341 caetera
1479 5289 1556 5342 sic
1588 5289 1764 5342 dicit:
1817 5309 1844 5340 ι(
1901 5291 2028 5342 Hac

335 5379 422 5426 est
465 5377 658 5426 autem
707 5381 840 5443 post
895 5376 1270 5445 apostolicum
1329 5376 1662 5446 Symbolum
1712 5376 2028 5430 certissima

335 5461 494 5530 ﬁdes,
532 5477 701 5531 quam
729 5464 988 5516 doctores
1033 5466 1205 5518 nostri
1243 5465 1624 5530 tradiderunt,
1661 5469 1723 5518 ut
1751 5465 2028 5534 proﬁtea—

337 5567 463 5604 mur
491 5553 714 5606 Patrem
745 5557 800 5606 et
841 5553 1042 5607 Filium
1093 5559 1148 5606 et
1199 5554 1484 5623 Spiritum
1543 5558 1796 5608 sanctum
1855 5553 2026 5608 unius

2146 4363 2281 4410 sunt
2309 4357 2476 4409 Pater
2524 4361 2582 4408 et
2631 4355 2848 4418 Filius;
2883 4353 3019 4424 quia
3065 4353 3210 4406 nihil
3263 4353 3436 4406 habet
3493 4355 3666 4408 Pater
3691 4353 3806 4424 quod

2135 4461 2250 4500 non
2285 4445 2492 4497 habeat
2525 4443 2720 4497 Filius.
2763 4443 2886 4495 Non
2903 4443 3055 4494 enim
3083 4457 3172 4494 res
3205 4457 3320 4495 una
3345 4447 3402 4495 et
3432 4442 3686 4497 duorum
3715 4457 3810 4496 con-

2137 4531 2525 4587 substantialis
2559 4531 2773 4600 poterit
2822 4531 2992 4584 simul
3051 4530 3121 4584 ab
3153 4529 3234 4582 eis
3265 4531 3601 4599 procedere,
3663 4539 3714 4585 et
3755 4531 3808 4580 si-

2137 4621 2256 4676 mul
2287 4621 2492 4684 inesse,
2527 4619 2636 4672 nisi
2673 4635 2850 4672 unum
2885 4617 3098 4671 fuerint
3129 4633 3159 4670 a
3181 4618 3390 4688 quibus
3422 4619 3706 4688 procedit.
3737 4641 3758 4666 ν

2795 4733 2924 4789 CAP.
2971 4733 3192 4786 LXXIII.

2209 4851 2450 4918 Prosper
2481 4848 2539 4901 in
2583 4849 2725 4901 libro
2765 4847 2834 4901 de
2875 4849 2996 4900 Vita
3035 4847 3480 4915 contemplativa
3513 4848 3650 4912 (sive
3677 4851 3812 4902 Iuli-I-

2139 4953 2240 4992 nus
2285 4940 2564 4992 Pomcrius
2603 4937 2694 4990 lib.
2755 4953 2792 5002 1,
2829 4951 2949 5004 cap.
2987 4937 3049 4989 t8
3113 4940 3162 4988 ei
3205 4938 3326 4996 19):
3391 4935 3550 4999 Quod
3597 4937 3808 5006 Spiritus

2137 5031 2358 5080 sanctus
2411 5041 2444 5078 α
2501 5027 2684 5084 Patre,
2747 5029 2798 5076 et
2841 5024 2979 5077 Filio
3021 5023 3302 5092 procedat,
3347 5022 3427 5075 sic
3473 5022 3676 5076 docet:
3715 5049 3734 5068 τι
3763 5027 3810 5076 At

2137 5131 2266 5168 cum
2299 5131 2412 5167 non
2449 5115 2638 5166 solum
2677 5112 2992 5165 secundum
3053 5110 3394 5180 Apostolum
3441 5127 3546 5163 nos
3575 5119 3810 5181 oporteat

2137 5201 2380 5256 formam
2415 5201 2672 5272 praebere
2721 5201 3004 5260 ﬁdelibus,
3051 5199 3147 5252 sed
3181 5199 3354 5252 etiam
3389 5215 3488 5252 eos
3521 5199 3680 5269 ipsos
3711 5199 3812 5254 Iide-

2135 5291 2216 5344 les
2247 5291 2346 5362 qui
2373 5292 2542 5344 nobis
2585 5289 2858 5344 divinitus
2883 5289 3222 5342 instituendi
3254 5289 3552 5343 commissi
3583 5297 3720 5344 sunt
3747 5291 3810 5342 in-

2137 5383 2360 5433 struere
2416 5379 2746 5444 debeamus,
2803 5379 2874 5431 de
2927 5379 3089 5432 Patre
3149 5385 3442 5447 quomodo
3497 5379 3658 5430 solus
3705 5377 3812 5432 acci-

2139 5467 2328 5537 piatur
2359 5467 2675 5536 ingenitus;
2711 5467 2779 5520 de
2816 5467 2956 5520 Filio
2983 5465 3273 5536 quomodo
3306 5465 3464 5518 solus
3483 5466 3712 5520 dicatur
3741 5481 3810 5536 ge-

2137 5555 2318 5620 nitus;
2353 5559 2408 5608 et
2439 5555 2508 5610 de
2556 5555 2770 5624 Spiritu
2817 5561 3012 5610 sancto
3041 5554 3336 5624 quomodo
3367 5569 3434 5608 ex
3472 5555 3642 5610 Patre
3667 5561 3724 5610 et
3751 5556 3808 5608 Fi-
