3846 6244
29 335 88 382 IT
1311 335 1518 388 LIBER
1558 338 1596 386 Α
1613 330 1919 388 ")VERSUS
1956 333 2261 390 GIH‘ICOS.

3421 343 3524 392 718

12 482 63 516 l0
92 469 466 533 procedens,
493 484 594 521 nec
629 469 914 536 ingenitus
945 469 1122 538 possit
1151 469 1258 522 dici
1316 485 1417 522 nec
1451 470 1699 539 genitus.
1745 474 1784 523 Λ
1814 470 2013 536 sibilis,
2051 487 2254 542 corpus
2289 477 2491 525 nostrae
2552 474 2874 543 fragilitatis
2907 475 3220 545 assumpsit
3256 491 3267 529 :
3304 492 3418 530 non
3451 482 3520 530 ut

11 557 270 619 )ualiter
303 558 412 612 ista
447 561 556 612 tria
592 577 764 614 unum
799 560 934 622 sint,
966 567 1022 614 et
1056 561 1159 614 hoc
1217 577 1393 614 unum
1429 578 1540 614 non
1572 561 1712 616 divi-

11 648 188 708 latur,
233 648 345 700 sed
380 648 768 718 distinguatur
799 649 856 702 in
889 650 1016 716 tria,
1058 669 1082 699 ι)
1117 655 1243 713 etc.,,
1279 666 1447 717 usque
1469 652 1542 704 mi
1573 652 1715 703 bene

11 738 142 800 igat.

686 826 811 878 Car.
845 825 1060 879 LXXIV.

59 937 355 1005 Vigilius,
415 939 715 993 Africanus
771 941 1073 1010 episcopus
1135 943 1256 1010 ’Lal.,
1319 942 1556 1010 Vigilius
1606 943 1719 996 sive

11 1026 205 1094 t‘irgil.
273 1027 537 1081 Trident.
595 1029 795 1098 episc.,
857 1029 895 1083 I.
945 1033 1004 1096 1},
1064 1030 1338 1098 Spiritum
1374 1037 1630 1084 sanctum
1689 1047 1723 1084 a

12 1115 164 1166 ’atre
205 1115 481 1186 Filioque
513 1117 819 1186 procedere
873 1118 961 1170 his
1010 1119 1196 1170 verbis
1257 1118 1614 1172 demonstrat
1664 1120 1721 1173 in

14 1202 157 1254 ihris
225 1220 385 1272 quos
428 1206 652 1274 scripsit
683 1205 1179 1276 Constantinopoli
1216 1207 1271 1259 in
1325 1208 1722 1262 defensionem

12 1290 141 1342 .omi
179 1290 403 1344 Leonis
434 1308 596 1361 papa:
626 1299 823 1346 contra
856 1294 1310 1364 Eutychianistas
1344 1311 1355 1348 :
1394 1316 1419 1344 (ι
1453 1296 1725 1349 Similiter

12 1378 169 1430 iobis
216 1385 278 1431 et
317 1379 388 1432 de
418 1379 696 1432 Trinitate
736 1382 1114 1450 quaestionem
1159 1384 1409 1453 aliquam
1471 1389 1720 1449 movent,

12 1472 60 1518 λι
89 1467 237 1535 quia
276 1473 420 1521 sunt
453 1468 714 1538 quaedam
765 1471 998 1539 propria
1054 1471 1252 1537 Patris,
1315 1488 1443 1539 quae
1495 1489 1598 1525 nec
1655 1473 1723 1526 ad

11 1555 241 1620 Filium,
286 1571 395 1608 nec
459 1557 526 1608 ad
585 1556 864 1624 Spiritum
937 1563 1196 1612 sanctum
1255 1561 1608 1628 pertineant;
1671 1566 1727 1614 et

11 1649 136 1694 sunt
168 1643 456 1710 quaedam
498 1644 730 1713 propria
769 1645 913 1710 Filii,
949 1661 1076 1715 qua:
1126 1662 1227 1699 nec
1255 1647 1322 1699 ad
1353 1648 1572 1701 Patrem
1623 1665 1724 1702 nec

12 1733 69 1782 ad
101 1732 405 1800 Spiritum
439 1739 697 1786 sanctum
722 1734 1065 1803 pertineant,
1110 1741 1164 1788 et
1197 1741 1332 1789 sunt
1389 1737 1561 1790 etiam
1594 1738 1726 1806 Spi-
1769 1747 1806 1800 Β

11 1819 150 1871 ritus
183 1819 382 1872 sancti
427 1821 707 1872 nonnulla
748 1821 1005 1890 propria,
1057 1838 1182 1892 qum
1215 1838 1319 1876 nec
1355 1824 1424 1876 ad
1481 1826 1726 1890 Patrem,

12 1920 108 1956 nec
151 1906 224 1958 ad
293 1906 505 1959 Filium
539 1905 824 1976 pertinere
863 1913 1274 1975 monstrantur,
1323 1915 1436 1962 tres
1475 1927 1505 1963 a
1537 1927 1596 1964 se
1637 1912 1729 1964 in-

12 1993 193 2046 vicem
282 2000 584 2064 separatos
656 1994 1037 2048 criminentur
1115 1998 1420 2051 catholicos
1499 2000 1729 2053 credere

13 2082 164 2134 deos.
207 2082 332 2136 Sed
367 2098 438 2135 ne
487 2083 726 2135 forsitan
752 2082 1051 2152 inopinata
1082 2085 1398 2153 quaestione
1456 2086 1724 2154 turberis,

17 2170 253 2223 adverte
289 2187 400 2240 per
429 2171 656 2240 singula
679 2172 928 2240 suscepti
947 2171 1198 2244 hominis
1223 2174 1730 2244 dispensationem,

19 2275 118 2312 nec
149 2260 222 2313 ad
255 2262 491 2313 Patrem
530 2277 630 2313 nec
671 2259 743 2313 ad
775 2260 1074 2330 Spiritum,
1107 2263 1203 2316 sed
1235 2262 1304 2316 ad
1334 2264 1518 2316 solum
1551 2264 1728 2333 perti-

21 2364 150 2402 nere
217 2349 454 2402 Filium.
516 2348 752 2417 Proprie
811 2349 964 2402 enim
1022 2350 1192 2402 Filius
1252 2366 1363 2404 non
1419 2353 1605 2412 Pater,
1661 2352 1731 2405 de

29 2437 258 2502 Virgine
292 2440 464 2488 natus
493 2442 597 2489 est.
643 2438 858 2490 Rursus
886 2438 984 2490 illa
1017 2455 1146 2508 qua:
1177 2456 1350 2509 super
1377 2456 1506 2493 eum
1541 2440 1733 2493 audita

27 2528 105 2577 est
128 2541 259 2589 vox,
297 2527 401 2578 Hic
440 2532 518 2579 est
548 2525 730 2579 Filius
765 2541 909 2579 meus
964 2525 1211 2591 dilectus,
1260 2543 1362 2580 nec
1401 2529 1470 2582 ad
1521 2529 1731 2582 Filium

32 2630 128 2666 nec
188 2613 259 2667 ad
327 2613 607 2682 Spiritum
659 2619 940 2680 sanctum,
971 2614 1070 2667 sed
1116 2616 1186 2668 ad
1221 2617 1445 2670 Patrem
1477 2618 1731 2686 pertinet

34 2703 234 2755 solum.
273 2704 420 2755 Item
454 2702 730 2755 columbae
761 2703 976 2772 species
1008 2719 1136 2773 quae
1169 2704 1224 2756 in
1273 2705 1519 2758 Jordane
1553 2722 1730 2775 appa-

37 2791 161 2854 ruit,
191 2797 246 2844 et
280 2791 588 2860 ignearum
623 2791 950 2860 linguarum
991 2793 1369 2861 multipertita
1399 2793 1732 2847 distributio

41 2879 263 2948 proprie
296 2879 366 2932 ad
402 2879 580 2932 sancti
610 2879 851 2948 Spiritus
892 2895 1194 2948 personam
1247 2881 1532 2950 pertinere
1567 2897 1730 2935 mon-

45 2974 270 3020 stratur.
302 2967 412 3021 Sed
449 2984 519 3020 ne
541 2968 725 3020 adhuc
763 2968 833 3021 de
869 2967 956 3020 his
996 2969 1444 3037 proprietatibus
1483 2971 1732 3038 dubites,

1831 557 2130 611 invisibilis
2155 576 2274 613 esse
2307 567 2570 625 cessaret,
2607 563 2704 616 sed
2733 568 2794 615 ut
2825 564 2882 616 in
2916 564 3040 634 ipso
3065 565 3292 618 Christo
3328 565 3525 619 invisi-

1832 646 1956 699 bilis
1987 647 2292 701 incredulis
2323 656 2706 717 permaneret.
2754 652 2913 710 Nam.
2949 669 3079 705 cum
3140 653 3279 706 dicit
3311 669 3322 706 :
3367 655 3524 708 Beati

1831 736 1970 788 oculi
2003 737 2100 802 qui
2127 752 2268 789 nunc
2288 737 2471 789 vident
2505 752 2622 804 quae
2649 753 2741 791 vos
2763 739 2956 792 videtis
2976 742 2991 802 l
3001 741 3128 794 Luc.
3154 758 3208 805 x,
3233 745 3352 807 23):
3387 757 3524 812 ergo

1832 822 1983 876 beati
2016 828 2178 876 erant
2205 824 2386 877 Judaei
2432 840 2648 890 omnes,
2697 830 2750 878 et
2798 827 2856 878 hi
2916 827 3015 896 qui
3059 845 3188 882 eum
3239 829 3525 884 crucifixu—

1830 917 1990 975 runt;
2017 912 2086 964 de
2109 911 2318 981 quibus
2341 928 2441 982 per
2459 912 2626 965 Davi-.I
2657 913 2792 966 dicit
2822 930 2834 966 :
2865 916 2987 982 Ipsi
3006 932 3128 968 vero
3155 917 3525 972 considerave-

1831 1005 1958 1053 runt
1979 1006 2028 1053 et
2057 1002 2734 1068 conspcweruntchsal.
2761 1019 2872 1068 xxx,
2907 1007 3014 1070 I8).
3044 1005 3208 1058 Vides
3233 1022 3368 1074 ergo
3391 1006 3528 1076 quia

1833 1088 2132 1141 invisibilis
2167 1089 2326 1141 Pater
2358 1096 2701 1158 perseverat,
2725 1097 2782 1143 et
2811 1097 3002 1144 mente
3031 1092 3284 1147 cernitur
3309 1109 3453 1162 pura
3475 1099 3529 1146 et

1833 1177 2080 1230 credula.
2119 1178 2262 1246 Ergo
2317 1177 2618 1230 invisibilis
2655 1180 2838 1244 Pater,
2872 1179 3176 1233 invisibilis
3209 1181 3401 1247 Filius,
3437 1182 3526 1234 in—

1833 1266 2072 1318 visibilis
2103 1265 2348 1333 Spiritus
2401 1272 2650 1320 sanctus.
2691 1269 2754 1320 Et
2789 1272 2848 1320 ut
2890 1268 2958 1322 ad
3018 1268 3122 1323 hoc
3153 1274 3207 1322 te
3241 1285 3524 1338 revocem,

1833 1355 1983 1408 unde
2028 1354 2238 1406 factum
2267 1359 2438 1406 estut
2469 1355 2576 1408 hoc
2607 1355 2674 1408 de
2716 1355 2904 1425 fragili
2934 1357 3170 1411 homine
3201 1359 3526 1423 doceamus,

1835 1443 1945 1496 tria
1974 1443 2095 1496 haec
2139 1442 2472 1504 invisibilia,
2529 1449 2584 1496 et
2612 1444 2874 1508 indivisa,
2911 1450 2969 1498 et
2996 1445 3056 1498 in
3088 1462 3268 1499 unum
3302 1449 3529 1517 conglo—

1837 1537 2072 1596 metata,
2125 1537 2180 1584 et
2224 1531 2448 1584 virtutis
2507 1531 2759 1584 efficacia
2789 1533 3191 1600 redundantia,
3223 1533 3275 1586 id
3311 1540 3393 1586 est
3436 1550 3530 1589 vo-

1836 1636 1957 1672 cem
1989 1619 2326 1689 geuitricem
2358 1621 2532 1686 verbi,
2571 1637 2632 1672 ex
2666 1621 2839 1674 verbo
2873 1637 3004 1674 vero
3037 1623 3205 1675 simul
3238 1638 3366 1675 cum
3397 1640 3530 1676 voce

1838 1709 2182 1777 procedente
2210 1709 2542 1772 efficaciam,
2582 1726 2710 1778 qua:
2769 1709 2935 1762 faciat
2967 1711 3204 1762 alterum
3234 1709 3529 1762 consulem

1840 1797 1982 1863 fieri,
2037 1797 2281 1850 alterum
2315 1798 2584 1850 trucidari
2615 1814 2626 1850 :
2663 1798 2752 1850 dic
2803 1797 2966 1864 mihi,
3004 1797 3229 1863 Ariane,
3284 1798 3391 1850 ista
3421 1796 3530 1849 tria

1840 1899 2019 1936 unum
2053 1889 2180 1936 sunt
2216 1900 2289 1937 an
2313 1885 2468 1936 non?
2500 1884 2557 1938 Si
2580 1901 2759 1938 unum
2784 1901 2900 1938 non
2933 1891 3084 1949 sunt,
3119 1886 3308 1940 divide
3337 1901 3532 1940 vocem

1841 1989 1872 2025 a
1898 1972 2084 2036 verbo,
2119 1976 2172 2024 et
2205 1971 2516 2025 efficaciam
2547 1989 2577 2024 a
2628 1989 2761 2025 voce
2794 1979 2850 2026 et
2888 1973 3078 2027 verbo.
3143 1974 3304 2038 Quod
3337 1974 3383 2026 si
3426 1975 3534 2028 hoc

1843 2061 1900 2113 in
1961 2061 2150 2130 fragili
2208 2061 2441 2114 homine
2483 2062 2560 2113 ita
2590 2077 2769 2114 unum
2803 2066 2937 2114 sunt
2969 2063 3096 2128 tria,
3131 2079 3257 2128 vox,
3319 2068 3374 2116 et
3407 2078 3531 2115 ver—

1851 2149 2008 2216 bum,
2044 2154 2099 2201 et
2127 2149 2398 2216 efficacia,
2435 2155 2494 2201 ut
2525 2156 2638 2202 tres
2685 2151 2919 2220 quidem
2975 2166 3234 2220 personae
3265 2152 3396 2217 sint,
3433 2151 3532 2204 sed

1841 2254 1955 2290 una
1985 2237 2332 2291 subsistendi
2374 2239 2679 2306 potentia:
2737 2238 2796 2292 in
2849 2239 3082 2292 homine
3138 2239 3533 2308 fragilissimo,

1842 2331 1902 2378 ut
1937 2326 2205 2392 diximus,
2238 2327 2358 2379 haec
2388 2325 2461 2378 sit
2490 2331 2648 2380 tanta
2678 2327 2956 2396 potentia,
3000 2332 3214 2396 quanto
3259 2327 3440 2396 magis
3472 2327 3530 2379 in

1841 2415 2256 2485 omnipotentia
2320 2415 2416 2468 Dei
2449 2415 2528 2468 ita
2571 2420 2675 2480 est,
2727 2419 2786 2467 ut
2839 2415 2909 2467 sit
2971 2417 3138 2468 Pater
3168 2415 3534 2485 omnipotens

1842 2502 2068 2572 genitor
2103 2502 2250 2567 Filii,
2281 2507 2338 2556 et
2379 2520 2442 2556 ex
2481 2505 2642 2557 Patre
2687 2508 2744 2556 et
2776 2503 2912 2557 Filio
2969 2504 3299 2572 procedens
3331 2505 3533 2570 virtus,

1843 2592 1938 2661 qui
1974 2595 2058 2644 est
2089 2592 2332 2661 Spiritus
2364 2596 2610 2646 sanctus.
2651 2612 2671 2639 ι

2484 2698 2608 2751 CAP.
2653 2697 2894 2750 LXXVII.

1915 2793 2304 2857 Cassiodorus,
2333 2791 2389 2845 in
2423 2792 2777 2862 expositione
2811 2790 3018 2844 Psalmi
3051 2807 3098 2858 L,
3125 2791 3269 2860 quod
3288 2793 3530 2860 Spiritus

1843 2887 2060 2935 sanctus
2091 2897 2124 2932 a
2152 2882 2311 2933 Patre
2363 2881 2604 2946 Filioque
2647 2879 2902 2948 procedat
2941 2879 3018 2931 sic
3057 2880 3195 2932 dicit
3229 2897 3240 2932 :
3275 2900 3300 2928 α
3345 2880 3536 2934 Redde

1844 2970 1982 3021 mihi
2016 2968 2262 3022 laetitiam
2298 2969 2561 3021 salutaris
2595 2970 2690 3031 tui,
2741 2973 2789 3020 et
2831 2968 3050 3035 Spiritu
3077 2969 3378 3036 principali
3406 2983 3531 3021 con-

46 3055 163 3107 andi
209 3056 599 3110 manifestius.
651 3056 952 3126 PrOprinm
1008 3056 1188 3110 Patris
1237 3063 1321 3110 cst
1363 3058 1648 3128 genuisse,
1682 3065 1736 3112 et
1777 3067 1815 3120 C
1842 3057 2006 3127 ﬁrma
2034 3073 2114 3110 me
2145 3058 2310 3125 (Psal.
2370 3073 2418 3120 L,
2454 3057 2559 3124 14).
2596 3057 2706 3110 Nec
2744 3055 3028 3110 incassum
3082 3062 3352 3126 putemus
3383 3057 3539 3127 quod

45 3145 335 3212 proprium
371 3144 496 3198 Filii
531 3149 612 3197 est
636 3151 835 3198 natum
891 3145 1093 3210 fuisse;
1130 3146 1431 3215 proprium
1473 3163 1606 3200 vero
1647 3152 1732 3201 est

48 3232 267 3300 Spiritui
323 3238 518 3286 sancto
577 3233 646 3286 de
693 3234 854 3286 Patre
904 3233 1156 3304 Filioque
1211 3235 1540 3304 procedere.
1626 3237 1738 3289 Nec

49 3321 273 3374 omnino
324 3321 713 3390 reciprocatur
769 3321 827 3374 in
886 3322 1052 3375 aliam
1087 3339 1417 3392 personam,
1469 3324 1621 3393 quod
1655 3330 1737 3377 est

52 3410 351 3479 unicuique
382 3426 643 3479 personae
675 3409 998 3478 specialiter
1020 3411 1336 3479 proprium.
1371 3411 1427 3464 Si
1469 3428 1606 3481 ergo
1648 3413 1736 3466 hie

52 3501 152 3548 tres
198 3514 457 3567 personae
508 3499 782 3552 habentes
845 3498 1085 3568 singula:
1145 3499 1522 3568 proprietates
1585 3517 1734 3562 suas,

55 3585 246 3653 quibus
303 3586 722 3655 significantius
773 3585 1215 3656 distinguantur,
1254 3603 1367 3640 non
1398 3587 1607 3656 quibus
1645 3604 1736 3640 se-

55 3680 338 3740 parentur,
396 3691 548 3728 nnus
607 3681 690 3727 est
750 3676 916 3740 Deus,
971 3676 1263 3745 quomodo
1356 3675 1530 3728 Filius
1587 3677 1740 3730 salva

57 3762 342 3834 utriusque
392 3769 620 3816 natura:
670 3762 1021 3833 prOprietate
1081 3781 1198 3817 non
1257 3769 1343 3818 est
1387 3780 1534 3817 unus
1577 3765 1736 3818 Chri-

60 3851 204 3902 stus?
235 3870 262 3902 io

720 3942 848 3995 Car.
873 3942 1065 3996 LXXV.

126 4055 369 4123 Proclus,
387 4055 1076 4126 Constantinopolitanus,
1094 4055 1413 4126 episcopus,
1430 4055 1488 4108 in
1503 4055 1743 4125 epistola

69 4140 128 4192 ad
159 4144 452 4197 Armenios
499 4145 774 4196 adversus
813 4143 1108 4196 haereticos
1153 4143 1433 4197 destinata
1465 4143 1739 4212 Spiritum

71 4237 307 4284 sanctum
358 4233 428 4285 ab
473 4232 718 4285 essentia
765 4231 988 4285 deitatis
1037 4231 1496 4301 inseparabiliter
1543 4248 1741 4300 proce-

73 4315 190 4370 dere
220 4319 304 4372 his
344 4320 532 4373 verbis
564 4321 764 4374 edocet
795 4335 806 4373 :
869 4339 895 4370 (ί
933 4320 1239 4389 Fugiamus
1271 4320 1463 4390 itaque
1508 4337 1592 4373 cor

621 4321 764 4373 locet
795 4335 806 4373 :
869 4339 895 4370 (ί
933 4320 1239 4389 Fugiamus
1271 4320 1463 4390 itaque
1508 4321 1744 4373 consilia
1788 4359 1828 4412 Β
1859 4299 2140 4351 ἀιδδθνωῗ·

76 4405 423 4474 seductionis,
482 4408 698 4462 fluenta
754 4407 1152 4461 haereticorum
1209 4407 1336 4462 dico
1405 4408 1742 4478 perniciosa,

80 4493 287 4566 Deoque
321 4496 554 4550 iuimica
586 4496 868 4565 contagia,
905 4497 1020 4549 Arii
1085 4496 1395 4560 vesaniam,
1425 4497 1526 4566 qui
1559 4496 1744 4548 Trini-

79 4586 229 4637 tatem
276 4585 719 4656 inseparabilem
771 4584 1110 4638 substantiis
1163 4585 1410 4638 dividit:
1475 4583 1746 4638 Eunomii

80 4672 367 4734 audaciam,
427 4673 525 4745 qui
583 4678 846 4726 naturam
906 4672 1544 4742 incomprehensibilem
1602 4673 1750 4725 infra

84 4759 351 4816 scientiam
387 4761 758 4815 humanitatis
793 4761 1034 4814 includit
1067 4777 1078 4812 :
1137 4759 1432 4813 Manichiei
1465 4766 1520 4812 et
1578 4761 1753 4814 Mace-

83 4843 219 4900 donii
261 4851 504 4916 rabiem,
562 4848 661 4919 qui
707 4853 1028 4919 sequestrat
1087 4849 1159 4901 ab
1219 4849 1465 4902 essentia
1520 4849 1753 4903 Deitatis

86 4931 329 5001 Spiritum
365 4943 646 5000 sanctum,
710 4941 769 4989 ut
819 4936 1214 5006 separabiliter
1265 4937 1690 5006 procedentem.
1728 4959 1745 4982 ιι

716 5051 844 5105 Car.
881 5051 1097 5105 LXXVI.

148 5149 407 5218 Agnellus
466 5150 526 5203 in
575 5149 819 5220 epistola
869 5150 942 5204 ad
991 5149 1259 5215 Menium,
1311 5149 1454 5217 quod
1514 5150 1754 5219 Spiritus

93 5243 277 5292 sanctus
305 5257 340 5292 a
373 5241 548 5292 Patre
602 5237 862 5307 procedat
914 5244 962 5292 et
1001 5240 1137 5292 Filio
1191 5238 1269 5290 sic
1316 5237 1526 5290 docet:
1571 5260 1589 5284 ε
1629 5238 1756 5291 Ideo

98 5334 146 5372 ex
174 5324 326 5382 Patre
379 5327 580 5392 Filius,
630 5343 694 5380 ex
728 5327 892 5380 Patre
921 5331 976 5379 et
1014 5327 1152 5380 Filio
1211 5326 1469 5396 procedit
1515 5325 1759 5395 Spiritus

98 5418 313 5468 sanctus.
348 5416 481 5479 Nec,
524 5421 588 5467 ut
619 5414 852 5485 quidam
884 5414 1102 5478 dicunt,
1134 5415 1276 5468 duos
1304 5415 1475 5468 habet
1507 5414 1656 5466 Deus
1680 5413 1761 5466 Fi-

101 5494 187 5550 lios
213 5501 496 5557 Christum
529 5507 584 5557 et
611 5503 890 5573 Spiritum
913 5508 1190 5568 sanctum,
1226 5502 1320 5556 sed
1354 5502 1523 5556 habet
1556 5501 1760 5554 Filium

103 5582 443 5650 invisibilem.
480 5591 626 5645 sicut
655 5593 775 5660 ipse
806 5591 1106 5645 invisibilis
1137 5598 1249 5655 est;
1282 5591 1380 5660 qui
1413 5595 1473 5643 ut
1503 5594 1649 5642 esset
1681 5588 1762 5640 vi-

1845 3145 1932 3197 vir
1958 3150 2186 3197 sanctus
2226 3149 2283 3197 et
2343 3145 2529 3197 cordis
2587 3143 3013 3197 illuminatione
3074 3145 3324 3198 radiatus
3370 3146 3538 3198 tertio

1845 3233 2124 3303 Spiritum
2161 3233 2504 3299 nominavit,
2554 3232 2666 3286 nisi
2725 3232 2858 3303 quia
2909 3233 3222 3287 individuus
3278 3233 3539 3288 Trinitati

1847 3323 2104 3387 devotus,
2148 3321 2382 3375 concedi
2418 3321 2524 3374 sibi
2552 3321 2621 3374 ab
2672 3338 2738 3374 ea
2766 3321 2988 3375 veniam
3049 3322 3375 3390 postulavit.
3411 3322 3536 3392 Spl-

1846 3411 1990 3464 ritus
2021 3411 2173 3464 enim
2203 3415 2480 3480 quantum
2515 3409 2584 3462 ad
2625 3409 2930 3462 essentiam
2958 3409 3294 3475 divinitatis,
3346 3414 3400 3463 et
3433 3411 3534 3463 Pa-

1846 3502 1933 3552 ter
1980 3505 2035 3552 et
2066 3499 2237 3552 Filius
2268 3505 2323 3551 et
2352 3498 2596 3567 Spiritus
2656 3504 2885 3552 sanctus
2943 3503 3090 3551 recte
3145 3515 3292 3552 unus
3331 3497 3541 3551 dicitur

1850 3589 2016 3652 Deus,
2049 3588 2145 3641 sed
2195 3604 2298 3656 pro
2354 3586 2716 3640 distinctione
2775 3600 3174 3656 personarum,
3240 3587 3538 3656 proprium

1848 3682 1933 3730 est
1964 3675 2116 3730 Patri
2164 3675 2319 3745 quod
2366 3673 2702 3728 naturaliter
2755 3675 2875 3726 sine
2932 3673 3097 3727 initio
3158 3679 3286 3728 ante
3333 3675 3541 3727 sarcula

1849 3765 2052 3834 genuit
2084 3764 2317 3828 Filium;
2350 3763 2650 3832 proprium
2684 3767 2768 3815 est
2825 3762 2962 3816 Filio
3018 3763 3168 3831 quod
3203 3762 3542 3816 naturaliter

1850 3855 2072 3906 aPatre
2127 3856 2430 3922 generatus
2475 3855 2576 3915 est;
2625 3851 2927 3920 proprium
2985 3857 3067 3904 est
3123 3851 3360 3921 Spiritui
3396 3851 3541 3904 'san-

1849 3946 1937 3995 cto
1999 3941 2152 4011 quod
2204 3958 2235 3992 a
2293 3941 2457 3992 Patre
2487 3944 2544 3992 et
2574 3940 2714 3992 Filio
2765 3939 3037 4009 procedit,
3097 3939 3231 4010 quia
3266 3938 3544 3993 ineffabili

1851 4035 2128 4087 charitatc
2160 4039 2330 4102 atque
2363 4032 2763 4102 cooperatione
2796 4048 2996 4084 eorum
3045 4031 3544 4086 consubstantialis

1853 4123 2148 4177 aeternitas
2184 4127 2240 4174 et
2291 4126 2542 4191 potestas
2569 4121 2762 4174 omnia
2791 4120 2920 4175 facit
2960 4137 3088 4191 quae
3117 4121 3238 4174 vult
3291 4120 3349 4174 in
3403 4121 3544 4174 coelo

1853 4217 1904 4264 et
1948 4212 2005 4264 in
2045 4215 2214 4275 terra,
2255 4235 2272 4254 ιι
2311 4216 2440 4274 etc.,
2493 4225 2657 4278 usque
2704 4209 2778 4262 ad
2809 4209 3054 4262 breviter
3107 4210 3176 4263 de
3228 4209 3546 4277 aeternitate

2484 4387 2611 4440 Car.
2652 4386 2922 4440 LXXVIII.

1933 4485 2070 4536 Item
2103 4482 2254 4536 idem
2287 4482 2345 4536 in
2375 4483 2597 4552 psalmo
2629 4483 2982 4552 sexagesimo
3005 4483 3229 4552 primo:
3270 4505 3289 4530 ι
3319 4483 3402 4536 Ab
3432 4486 3550 4552 ipso

1857 4572 1997 4622 enim
2046 4571 2286 4623 salutare
2342 4586 2534 4636 meum,
2592 4569 2645 4623 id
2699 4575 2786 4622 est
2842 4570 3172 4640 unigenitus
3223 4571 3413 4634 Filius,
3452 4570 3550 4641 qui

1859 4662 2009 4711 recte
2040 4658 2401 4712 credentibus
2433 4658 2692 4712 salutaris
2721 4657 2929 4710 existit.
2960 4658 3041 4711 Ab
3075 4658 3200 4726 ipso
3233 4658 3384 4711 enim
3420 4674 3551 4711 cum

1860 4747 2085 4812 dicitur,
2121 4747 2290 4800 Filius
2351 4747 2728 4816 significatur.
2765 4747 2892 4798 Haec
2922 4744 3076 4797 enim
3115 4745 3369 4814 propria,
3405 4761 3554 4798 unus

1861 4836 2008 4888 Deus
2065 4842 2258 4888 sancta
2314 4835 2558 4888 Trinitas
2607 4833 2777 4886 habet
2830 4833 2980 4902 quod
3015 4833 3181 4886 Pater
3238 4833 3549 4902 ingenitus,

1865 4923 2034 4976 Filius
2065 4923 2310 4993 genitus,
2352 4922 2593 4992 Spiritus
2627 4925 2852 4974 sanctus
2879 4937 2912 4973 a
2941 4921 3103 4973 Patre
3135 4926 3191 4973 et
3237 4921 3380 4975 Filio
3417 4938 3550 4990 pro-

1863 5011 2032 5075 cedit,
2063 5031 2090 5060 »
2124 5015 2252 5073 etc.,
2290 5025 2458 5077 usque
2503 5009 2576 5062 ad
2634 5007 2882 5061 mirabili
2923 5007 3162 5061 veritate
3193 5009 3552 5062 monstravit.

2525 5123 2650 5175 ΟΑΡ.
2687 5121 2901 5176 LXXIX.

1938 5237 2211 5291 Alcninus
2252 5236 2307 5287 in
2341 5235 2485 5289 libro
2518 5235 2705 5304 primo
2737 5236 2806 5289 de
2859 5236 2992 5289 Fide
3036 5242 3242 5291 sanctae
3273 5237 3561 5292 Trinitatis

1870 5331 2012 5394 (cap.
2041 5326 2096 5386 6‘)
2133 5324 2322 5388 :Quod
2362 5325 2605 5392 Spiritus
2655 5330 2874 5377 sanctus
2923 5327 3215 5378 communis
3267 5332 3343 5380 est
3381 5328 3562 5381 Patris

1867 5419 1916 5467 et
1945 5415 2072 5467 Filii
2117 5413 2400 5480 Spiritus:
2438 5434 2457 5460 ι
2501 5413 2643 5480 Ergo
2697 5411 2803 5466 hoc
2836 5413 3045 5466 donum
3080 5413 3198 5480 Dei,
3242 5415 3295 5469 id
3327 5420 3411 5468 est
3436 5415 3561 5485 Spi-

1870 5501 2014 5554 ritus
2046 5503 2274 5551 sanctus
2327 5500 2425 5568 qui
2457 5499 2524 5552 de
2558 5499 2719 5552 Patre
2753 5505 2808 5552 ct
2857 5500 2996 5553 Filio
3035 5503 3336 5571 aequaliter
3384 5519 3568 5572 proce-

1875 5588 1981 5653 dit,
2017 5584 2322 5638 iucflabilis
2351 5587 2615 5656 quwdam
2649 5587 2826 5640 Patris
2847 5588 3087 5658 Filiique
3109 5592 3437 5643 Communia
3463 5597 3563 5643 est.
