  <div class='ocr_page' id='page_1' title='image "/cluster/home/n/w/nwhite01/storage/ocr_20150623/121/uva.x000827051/369.png"; bbox 0 0 3846 6244; ppageno 0'>
   <div class='ocr_carea' id='block_1_1' title="bbox 338 323 2615 379">
    <p class='ocr_par' dir='ltr' id='par_1_1' title="bbox 338 323 2615 379">
     <span class='ocr_line' id='line_1_1' title="bbox 338 323 2615 379; baseline 0 -1"><span class='ocrx_word' id='word_1_1' title='bbox 338 329 441 378; x_wconf 64' lang='lat' dir='ltr'>7H!</span> <span class='ocrx_word' id='word_1_2' title='bbox 1574 324 1798 377; x_wconf 55' lang='lat' dir='ltr'>:ENEA‘J</span> <span class='ocrx_word' id='word_1_3' title='bbox 1842 323 2266 377; x_wconf 79' lang='lat' dir='ltr'>PARISIENSIS</span> <span class='ocrx_word' id='word_1_4' title='bbox 2312 324 2615 379; x_wconf 74' lang='lat' dir='ltr'>EPISCOPI</span> 
     </span>
    </p>
   </div>
   <div class='ocr_carea' id='block_1_2' title="bbox 341 452 3765 524">
    <p class='ocr_par' dir='ltr' id='par_1_2' title="bbox 341 452 3765 524">
     <span class='ocr_line' id='line_1_2' title="bbox 341 452 3765 524; baseline -0.001 -16"><span class='ocrx_word' id='word_1_5' title='bbox 341 457 405 509; x_wconf 84' lang='lat' dir='ltr'>Et</span> <span class='ocrx_word' id='word_1_6' title='bbox 434 456 563 508; x_wconf 91' lang='lat' dir='ltr'>ideo</span> <span class='ocrx_word' id='word_1_7' title='bbox 596 455 830 507; x_wconf 84' lang='lat' dir='ltr'>fortasse</span> <span class='ocrx_word' id='word_1_8' title='bbox 876 454 951 506; x_wconf 76' lang='lat' dir='ltr'>sic</span> <span class='ocrx_word' id='word_1_9' title='bbox 993 453 1336 522; x_wconf 76' lang='lat' dir='ltr'>appellatur,</span> <span class='ocrx_word' id='word_1_10' title='bbox 1388 452 1524 522; x_wconf 84' lang='lat' dir='ltr'>quia</span> <span class='ocrx_word' id='word_1_11' title='bbox 1562 452 1710 505; x_wconf 81' lang='lat' dir='ltr'>Patri</span> <span class='ocrx_word' id='word_1_12' title='bbox 1783 459 1838 505; x_wconf 89' lang='lat' dir='ltr'>et</span> <span class='ocrx_word' id='word_1_13' title='bbox 1889 454 2026 506; x_wconf 81' lang='lat' dir='ltr'>Filio</span> <span class='ocrx_word' id='word_1_14' title='bbox 2066 458 2111 509; x_wconf 83' lang='lat' dir='ltr'><strong>A</strong></span> <span class='ocrx_word' id='word_1_15' title='bbox 2142 470 2272 507; x_wconf 90' lang='lat' dir='ltr'>cum</span> <span class='ocrx_word' id='word_1_16' title='bbox 2302 457 2465 508; x_wconf 88' lang='lat' dir='ltr'>Patre</span> <span class='ocrx_word' id='word_1_17' title='bbox 2497 461 2552 507; x_wconf 87' lang='lat' dir='ltr'>et</span> <span class='ocrx_word' id='word_1_18' title='bbox 2587 455 2726 508; x_wconf 73' lang='lat' dir='ltr'>Filio</span> <span class='ocrx_word' id='word_1_19' title='bbox 2780 455 3056 521; x_wconf 70' lang='lat' dir='ltr'>consistit,</span> <span class='ocrx_word' id='word_1_20' title='bbox 3094 479 3111 501; x_wconf 74' lang='grc' dir='ltr'>ι</span> <span class='ocrx_word' id='word_1_21' title='bbox 3167 462 3297 521; x_wconf 85' lang='lat' dir='ltr'>etc.,</span> <span class='ocrx_word' id='word_1_22' title='bbox 3352 472 3514 524; x_wconf 71' lang='lat' dir='ltr'>usque</span> <span class='ocrx_word' id='word_1_23' title='bbox 3552 458 3622 509; x_wconf 76' lang='lat' dir='ltr'>ad</span> 
     </span>
    </p>
   </div>
   <div class='ocr_carea' id='block_1_3' title="bbox 336 542 2364 614">
    <p class='ocr_par' dir='ltr' id='par_1_3' title="bbox 336 542 2364 614">
     <span class='ocr_line' id='line_1_3' title="bbox 336 542 2364 614; baseline -0 -17"><span class='ocrx_word' id='word_1_24' title='bbox 336 548 525 614; x_wconf 87' lang='lat' dir='ltr'>potest</span> <span class='ocrx_word' id='word_1_25' title='bbox 549 544 746 596; x_wconf 89' lang='lat' dir='ltr'>eadem</span> <span class='ocrx_word' id='word_1_26' title='bbox 778 544 1086 612; x_wconf 82' lang='lat' dir='ltr'>appellatio</span> <span class='ocrx_word' id='word_1_27' title='bbox 1109 542 1436 595; x_wconf 83' lang='lat' dir='ltr'>convenire.</span> <span class='ocrx_word' id='word_1_28' title='bbox 1465 543 1605 594; x_wconf 87' lang='lat' dir='ltr'>Nam</span> <span class='ocrx_word' id='word_1_29' title='bbox 1630 542 1735 594; x_wconf 91' lang='lat' dir='ltr'>hoc</span> <span class='ocrx_word' id='word_1_30' title='bbox 1754 542 1876 610; x_wconf 89' lang='lat' dir='ltr'>ipse</span> <span class='ocrx_word' id='word_1_31' title='bbox 1899 559 2027 612; x_wconf 91' lang='lat' dir='ltr'>pro-</span> <span class='ocrx_word' id='word_1_32' title='bbox 2142 547 2364 611; x_wconf 78' lang='lat' dir='ltr'>capitis.</span> 
     </span>
    </p>
   </div>
   <div class='ocr_carea' id='block_1_4' title="bbox 335 630 3167 701">
    <p class='ocr_par' dir='ltr' id='par_1_4' title="bbox 335 630 3167 701">
     <span class='ocr_line' id='line_1_4' title="bbox 335 630 3167 701; baseline 0.001 -18"><span class='ocrx_word' id='word_1_33' title='bbox 335 632 457 701; x_wconf 87' lang='lat' dir='ltr'>prie</span> <span class='ocrx_word' id='word_1_34' title='bbox 487 632 712 697; x_wconf 92' lang='lat' dir='ltr'>dicitur,</span> <span class='ocrx_word' id='word_1_35' title='bbox 747 632 901 701; x_wconf 87' lang='lat' dir='ltr'>quod</span> <span class='ocrx_word' id='word_1_36' title='bbox 926 632 1009 683; x_wconf 90' lang='lat' dir='ltr'>illi</span> <span class='ocrx_word' id='word_1_37' title='bbox 1041 632 1427 683; x_wconf 73' lang='lat' dir='ltr'>communiter</span> <span class='ocrx_word' id='word_1_38' title='bbox 1458 630 1745 683; x_wconf 91' lang='lat' dir='ltr'>dicuntur.</span> <span class='ocrx_word' id='word_1_39' title='bbox 1783 631 1923 692; x_wconf 82' lang='lat' dir='ltr'>Quia</span> <span class='ocrx_word' id='word_1_40' title='bbox 1973 634 2031 683; x_wconf 89' lang='lat' dir='ltr'>et</span> <span class='ocrx_word' id='word_1_41' title='bbox 2748 632 2875 685; x_wconf 80' lang='lat' dir='ltr'>CAP.</span> <span class='ocrx_word' id='word_1_42' title='bbox 2910 632 3167 685; x_wconf 87' lang='lat' dir='ltr'><strong>LXXXVI.</strong></span> 
     </span>
    </p>
   </div>
   <div class='ocr_carea' id='block_1_5' title="bbox 339 719 3777 816">
    <p class='ocr_par' dir='ltr' id='par_1_5' title="bbox 339 719 3777 816">
     <span class='ocr_line' id='line_1_5' title="bbox 339 719 3777 816; baseline -0.001 -42"><span class='ocrx_word' id='word_1_43' title='bbox 339 725 507 775; x_wconf 86' lang='lat' dir='ltr'>Pater</span> <span class='ocrx_word' id='word_1_44' title='bbox 551 721 816 791; x_wconf 83' lang='lat' dir='ltr'>Spiritus,</span> <span class='ocrx_word' id='word_1_45' title='bbox 879 727 935 773; x_wconf 88' lang='lat' dir='ltr'>et</span> <span class='ocrx_word' id='word_1_46' title='bbox 988 721 1157 816; x_wconf 70' lang='lat' dir='ltr'>Filius</span> <span class='ocrx_word' id='word_1_47' title='bbox 1188 719 1460 789; x_wconf 84' lang='lat' dir='ltr'>Spiritus;</span> <span class='ocrx_word' id='word_1_48' title='bbox 1496 727 1550 771; x_wconf 91' lang='lat' dir='ltr'>et</span> <span class='ocrx_word' id='word_1_49' title='bbox 1576 721 1740 772; x_wconf 80' lang='lat' dir='ltr'>Pater</span> <span class='ocrx_word' id='word_1_50' title='bbox 1779 725 2026 814; x_wconf 83' lang='lat' dir='ltr'>sanctus,</span> <span class='ocrx_word' id='word_1_51' title='bbox 2214 750 2351 800; x_wconf 60' lang='lat' dir='ltr'>Item</span> <span class='ocrx_word' id='word_1_52' title='bbox 2392 747 2545 799; x_wconf 65' lang='lat' dir='ltr'>idem</span> <span class='ocrx_word' id='word_1_53' title='bbox 2593 747 2648 799; x_wconf 67' lang='lat' dir='ltr'>in</span> <span class='ocrx_word' id='word_1_54' title='bbox 2682 746 2883 798; x_wconf 67' lang='lat' dir='ltr'>eodem</span> <span class='ocrx_word' id='word_1_55' title='bbox 2928 752 3069 813; x_wconf 41' lang='lat' dir='ltr'>(cap.</span> <span class='ocrx_word' id='word_1_56' title='bbox 3104 750 3196 813; x_wconf 59' lang='grc'>21)</span> <span class='ocrx_word' id='word_1_57' title='bbox 3234 762 3245 799; x_wconf 47' lang='grc' dir='ltr'>ε</span> <span class='ocrx_word' id='word_1_58' title='bbox 3285 749 3393 801; x_wconf 67' lang='lat' dir='ltr'>Cur</span> <span class='ocrx_word' id='word_1_59' title='bbox 3424 748 3563 801; x_wconf 55' lang='lat' dir='ltr'>idem</span> <span class='ocrx_word' id='word_1_60' title='bbox 3590 750 3777 816; x_wconf 36' lang='lat' dir='ltr'>spina,</span> 
     </span>
    </p>
   </div>
   <div class='ocr_carea' id='block_1_6' title="bbox 2138 820 3813 905">
    <p class='ocr_par' dir='ltr' id='par_1_6' title="bbox 2138 820 3813 905">
     <span class='ocr_line' id='line_1_6' title="bbox 2138 820 3813 905; baseline -0.001 -16"><span class='ocrx_word' id='word_1_61' title='bbox 2138 841 2356 889; x_wconf 83' lang='lat' dir='ltr'>sanctus</span> <span class='ocrx_word' id='word_1_62' title='bbox 2405 836 2486 887; x_wconf 81' lang='lat' dir='ltr'>bis</span> <span class='ocrx_word' id='word_1_63' title='bbox 2541 850 2575 887; x_wconf 90' lang='lat' dir='ltr'>a</span> <span class='ocrx_word' id='word_1_64' title='bbox 2624 837 2724 887; x_wconf 78' lang='lat' dir='ltr'>Deo</span> <span class='ocrx_word' id='word_1_65' title='bbox 2780 837 2992 890; x_wconf 79' lang='lat' dir='ltr'>Christo</span> <span class='ocrx_word' id='word_1_66' title='bbox 3022 835 3184 887; x_wconf 82' lang='lat' dir='ltr'>datus</span> <span class='ocrx_word' id='word_1_67' title='bbox 3216 839 3305 888; x_wconf 70' lang='lat' dir='ltr'>sit.</span> <span class='ocrx_word' id='word_1_68' title='bbox 3340 857 3368 883; x_wconf 86' lang='grc'><strong>‹‹</strong></span> <span class='ocrx_word' id='word_1_69' title='bbox 3402 838 3621 905; x_wconf 77' lang='lat' dir='ltr'>Absque</span> <span class='ocrx_word' id='word_1_70' title='bbox 3651 838 3774 889; x_wconf 69' lang='lat' dir='ltr'>dum-</span> <span class='ocrx_word' id='word_1_71' title='bbox 3812 820 3813 879; x_wconf 48' lang='grc' dir='ltr'><strong>ἶ</strong></span> 
     </span>
    </p>
   </div>
   <div class='ocr_carea' id='block_1_7' title="bbox 2142 923 3778 992">
    <p class='ocr_par' dir='ltr' id='par_1_7' title="bbox 2142 923 3778 992">
     <span class='ocr_line' id='line_1_7' title="bbox 2142 923 3778 992; baseline 0.001 -16"><span class='ocrx_word' id='word_1_72' title='bbox 2142 924 2360 977; x_wconf 90' lang='lat' dir='ltr'>tatione</span> <span class='ocrx_word' id='word_1_73' title='bbox 2416 924 2544 976; x_wconf 89' lang='lat' dir='ltr'>ideo</span> <span class='ocrx_word' id='word_1_74' title='bbox 2578 923 2827 992; x_wconf 84' lang='lat' dir='ltr'>Spiritus</span> <span class='ocrx_word' id='word_1_75' title='bbox 2856 930 3081 975; x_wconf 90' lang='lat' dir='ltr'>sanctus</span> <span class='ocrx_word' id='word_1_76' title='bbox 3115 923 3199 975; x_wconf 88' lang='lat' dir='ltr'>bis</span> <span class='ocrx_word' id='word_1_77' title='bbox 3230 925 3394 976; x_wconf 90' lang='lat' dir='ltr'>datus</span> <span class='ocrx_word' id='word_1_78' title='bbox 3426 931 3525 989; x_wconf 84' lang='lat' dir='ltr'>est,</span> <span class='ocrx_word' id='word_1_79' title='bbox 3576 930 3635 977; x_wconf 88' lang='lat' dir='ltr'>ut</span> <span class='ocrx_word' id='word_1_80' title='bbox 3669 941 3778 977; x_wconf 83' lang='lat' dir='ltr'>com-</span> 
     </span>
    </p>
   </div>
   <div class='ocr_carea' id='block_1_8' title="bbox 341 806 2026 874">
    <p class='ocr_par' dir='ltr' id='par_1_8' title="bbox 341 806 2026 874">
     <span class='ocr_line' id='line_1_8' title="bbox 341 806 2026 874; baseline -0.001 -15"><span class='ocrx_word' id='word_1_81' title='bbox 341 814 397 861; x_wconf 91' lang='lat' dir='ltr'>et</span> <span class='ocrx_word' id='word_1_82' title='bbox 437 808 609 860; x_wconf 81' lang='lat' dir='ltr'>Filius</span> <span class='ocrx_word' id='word_1_83' title='bbox 636 813 865 859; x_wconf 89' lang='lat' dir='ltr'>sanctus</span> <span class='ocrx_word' id='word_1_84' title='bbox 898 811 1045 859; x_wconf 89' lang='lat' dir='ltr'>recte</span> <span class='ocrx_word' id='word_1_85' title='bbox 1079 806 1304 859; x_wconf 84' lang='lat' dir='ltr'>dicitur.</span> <span class='ocrx_word' id='word_1_86' title='bbox 1369 807 1512 874; x_wconf 81' lang='lat' dir='ltr'>Ergo</span> <span class='ocrx_word' id='word_1_87' title='bbox 1578 811 1637 858; x_wconf 82' lang='lat' dir='ltr'>ut</span> <span class='ocrx_word' id='word_1_88' title='bbox 1694 806 2026 859; x_wconf 82' lang='lat' dir='ltr'>nominibus</span> 
     </span>
    </p>
   </div>
   <div class='ocr_carea' id='block_1_9' title="bbox 326 894 2030 964">
    <p class='ocr_par' dir='ltr' id='par_1_9' title="bbox 326 894 2030 964">
     <span class='ocr_line' id='line_1_9' title="bbox 326 894 2030 964; baseline -0.001 -18"><span class='ocrx_word' id='word_1_89' title='bbox 326 895 561 964; x_wconf 83' lang='lat' dir='ltr'>junctis,</span> <span class='ocrx_word' id='word_1_90' title='bbox 614 911 743 964; x_wconf 85' lang='lat' dir='ltr'>quae</span> <span class='ocrx_word' id='word_1_91' title='bbox 788 894 1096 964; x_wconf 82' lang='lat' dir='ltr'>separatim</span> <span class='ocrx_word' id='word_1_92' title='bbox 1156 894 1454 962; x_wconf 87' lang='lat' dir='ltr'>utriusque</span> <span class='ocrx_word' id='word_1_93' title='bbox 1510 909 1771 961; x_wconf 68' lang='lat' dir='ltr'>personae</span> <span class='ocrx_word' id='word_1_94' title='bbox 1830 909 2030 945; x_wconf 80' lang='lat' dir='ltr'>conve-</span> 
     </span>
    </p>
   </div>
   <div class='ocr_carea' id='block_1_10' title="bbox 334 982 3781 1081">
    <p class='ocr_par' dir='ltr' id='par_1_10' title="bbox 334 982 3781 1081">
     <span class='ocr_line' id='line_1_10' title="bbox 334 982 3781 1081; baseline 0.001 -21"><span class='ocrx_word' id='word_1_95' title='bbox 334 983 523 1047; x_wconf 59' lang='lat' dir='ltr'>ni&#39;mt’</span> <span class='ocrx_word' id='word_1_96' title='bbox 559 983 1214 1081; x_wconf 36' lang='lat' dir='ltr'>&quot;WWSCIEWFPmmUPO</span> <span class='ocrx_word' id='word_1_97' title='bbox 1252 983 1481 1078; x_wconf 28' lang='lat' dir='ltr'>proprie</span> <span class='ocrx_word' id='word_1_98' title='bbox 1516 982 1894 1081; x_wconf 54' lang='grc' dir='ltr'>ῗίεοίίίθθίυξν</span> <span class='ocrx_word' id='word_1_99' title='bbox 1919 999 2025 1079; x_wconf 35' lang='lat' dir='ltr'>f&#39;of</span> <span class='ocrx_word' id='word_1_100' title='bbox 2137 1013 2548 1065; x_wconf 89' lang='lat' dir='ltr'>mendarentur</span> <span class='ocrx_word' id='word_1_101' title='bbox 2579 982 2691 1064; x_wconf 76' lang='lat' dir='ltr'>duo</span> <span class='ocrx_word' id='word_1_102' title='bbox 2743 1018 3032 1080; x_wconf 68' lang='lat' dir='ltr'>praecepta</span> <span class='ocrx_word' id='word_1_103' title='bbox 3070 1011 3383 1071; x_wconf 82' lang='lat' dir='ltr'>charitatis,</span> <span class='ocrx_word' id='word_1_104' title='bbox 3426 1034 3444 1059; x_wconf 79' lang='grc' dir='ltr'>ι</span> <span class='ocrx_word' id='word_1_105' title='bbox 3480 982 3608 1072; x_wconf 82' lang='lat' dir='ltr'>etc.,</span> <span class='ocrx_word' id='word_1_106' title='bbox 3661 1030 3781 1081; x_wconf 57' lang='lat' dir='ltr'>usque</span> 
     </span>
    </p>
   </div>
   <div class='ocr_carea' id='block_1_11' title="bbox 332 1069 2649 1167">
    <p class='ocr_par' dir='ltr' id='par_1_11' title="bbox 332 1069 2649 1167">
     <span class='ocr_line' id='line_1_11' title="bbox 332 1069 2649 1167; baseline -0 -44"><span class='ocrx_word' id='word_1_107' title='bbox 332 1077 495 1125; x_wconf 89' lang='lat' dir='ltr'>catur</span> <span class='ocrx_word' id='word_1_108' title='bbox 525 1076 754 1123; x_wconf 89' lang='lat' dir='ltr'>sanctus</span> <span class='ocrx_word' id='word_1_109' title='bbox 784 1070 1041 1138; x_wconf 85' lang='lat' dir='ltr'>Spiritus,</span> <span class='ocrx_word' id='word_1_110' title='bbox 1076 1069 1175 1138; x_wconf 85' lang='lat' dir='ltr'>qui</span> <span class='ocrx_word' id='word_1_111' title='bbox 1207 1070 1490 1122; x_wconf 67' lang='lat' dir='ltr'>csLtertia</span> <span class='ocrx_word' id='word_1_112' title='bbox 1525 1070 1583 1121; x_wconf 92' lang='lat' dir='ltr'>in</span> <span class='ocrx_word' id='word_1_113' title='bbox 1616 1074 1805 1121; x_wconf 88' lang='lat' dir='ltr'>sancta</span> <span class='ocrx_word' id='word_1_114' title='bbox 1840 1070 2025 1123; x_wconf 88' lang='lat' dir='ltr'>Trini-</span> <span class='ocrx_word' id='word_1_115' title='bbox 2141 1099 2214 1151; x_wconf 74' lang='lat' dir='ltr'>ad</span> <span class='ocrx_word' id='word_1_116' title='bbox 2242 1104 2400 1167; x_wconf 61' lang='lat' dir='ltr'>ﬁnem</span> <span class='ocrx_word' id='word_1_117' title='bbox 2430 1103 2649 1167; x_wconf 37' lang='lat' dir='ltr'>capitis.</span> 
     </span>
    </p>
   </div>
   <div class='ocr_carea' id='block_1_12' title="bbox 332 1157 3207 1241">
    <p class='ocr_par' dir='ltr' id='par_1_12' title="bbox 332 1157 3207 1241">
     <span class='ocr_line' id='line_1_12' title="bbox 332 1157 3207 1241; baseline -0.002 -29"><span class='ocrx_word' id='word_1_118' title='bbox 332 1164 447 1213; x_wconf 87' lang='lat' dir='ltr'>tate</span> <span class='ocrx_word' id='word_1_119' title='bbox 479 1175 743 1228; x_wconf 90' lang='lat' dir='ltr'>persona,</span> <span class='ocrx_word' id='word_1_120' title='bbox 796 1158 948 1211; x_wconf 88' lang='lat' dir='ltr'>Patri</span> <span class='ocrx_word' id='word_1_121' title='bbox 1002 1163 1060 1210; x_wconf 91' lang='lat' dir='ltr'>et</span> <span class='ocrx_word' id='word_1_122' title='bbox 1118 1157 1252 1209; x_wconf 81' lang='lat' dir='ltr'>Filio</span> <span class='ocrx_word' id='word_1_123' title='bbox 1285 1173 1387 1226; x_wconf 92' lang='lat' dir='ltr'>per</span> <span class='ocrx_word' id='word_1_124' title='bbox 1420 1158 1613 1210; x_wconf 82' lang='lat' dir='ltr'>omnia</span> <span class='ocrx_word' id='word_1_125' title='bbox 1647 1159 1906 1227; x_wconf 66' lang='lat' dir='ltr'>aequalis,</span> <span class='ocrx_word' id='word_1_126' title='bbox 1943 1175 2031 1212; x_wconf 90' lang='lat' dir='ltr'>co-</span> <span class='ocrx_word' id='word_1_127' title='bbox 2242 1157 2252 1167; x_wconf 88' lang='lat'><em>&#39;</em></span> <span class='ocrx_word' id='word_1_128' title='bbox 2497 1157 2509 1167; x_wconf 89' lang='lat'>&#39;</span> <span class='ocrx_word' id='word_1_129' title='bbox 2765 1188 2891 1241; x_wconf 40' lang='lat' dir='ltr'>CAP.</span> <span class='ocrx_word' id='word_1_130' title='bbox 2926 1188 3207 1241; x_wconf 41' lang='lat' dir='ltr'>LXXXVII.</span> 
     </span>
    </p>
   </div>
   <div class='ocr_carea' id='block_1_13' title="bbox 334 1246 2032 1300">
    <p class='ocr_par' dir='ltr' id='par_1_13' title="bbox 334 1246 2032 1300">
     <span class='ocr_line' id='line_1_13' title="bbox 334 1246 2032 1300; baseline 0 -1"><span class='ocrx_word' id='word_1_131' title='bbox 334 1252 580 1300; x_wconf 69' lang='lat' dir='ltr'>aeternus</span> <span class='ocrx_word' id='word_1_132' title='bbox 611 1252 666 1299; x_wconf 92' lang='lat' dir='ltr'>et</span> <span class='ocrx_word' id='word_1_133' title='bbox 721 1246 1234 1299; x_wconf 87' lang='lat' dir='ltr'>consubstantialis.</span> <span class='ocrx_word' id='word_1_134' title='bbox 1295 1247 1356 1298; x_wconf 80' lang='lat' dir='ltr'>Et</span> <span class='ocrx_word' id='word_1_135' title='bbox 1420 1246 1539 1298; x_wconf 70' lang='lat' dir='ltr'>haec</span> <span class='ocrx_word' id='word_1_136' title='bbox 1584 1247 1831 1299; x_wconf 85' lang='lat' dir='ltr'>Trinitas</span> <span class='ocrx_word' id='word_1_137' title='bbox 1884 1263 2032 1299; x_wconf 92' lang='lat' dir='ltr'>unus</span> 
     </span>
    </p>
   </div>
   <div class='ocr_carea' id='block_1_14' title="bbox 334 1334 2024 1403">
    <p class='ocr_par' dir='ltr' id='par_1_14' title="bbox 334 1334 2024 1403">
     <span class='ocr_line' id='line_1_14' title="bbox 334 1334 2024 1403; baseline -0.001 -16"><span class='ocrx_word' id='word_1_138' title='bbox 334 1340 420 1388; x_wconf 88' lang='lat' dir='ltr'>est</span> <span class='ocrx_word' id='word_1_139' title='bbox 451 1336 616 1399; x_wconf 89' lang='lat' dir='ltr'>Deus,</span> <span class='ocrx_word' id='word_1_140' title='bbox 647 1335 798 1387; x_wconf 92' lang='lat' dir='ltr'>solus</span> <span class='ocrx_word' id='word_1_141' title='bbox 817 1335 1025 1399; x_wconf 89' lang='lat' dir='ltr'>bonus,</span> <span class='ocrx_word' id='word_1_142' title='bbox 1060 1349 1320 1403; x_wconf 81' lang='lat' dir='ltr'>magnus,</span> <span class='ocrx_word' id='word_1_143' title='bbox 1346 1338 1616 1398; x_wconf 70' lang='lat' dir='ltr'>aeternus,</span> <span class='ocrx_word' id='word_1_144' title='bbox 1642 1334 2024 1403; x_wconf 88' lang='lat' dir='ltr'>omnipotens.</span> 
     </span>
    </p>
   </div>
   <div class='ocr_carea' id='block_1_15' title="bbox 336 1422 2029 1493">
    <p class='ocr_par' dir='ltr' id='par_1_15' title="bbox 336 1422 2029 1493">
     <span class='ocr_line' id='line_1_15' title="bbox 336 1422 2029 1493; baseline -0.001 -18"><span class='ocrx_word' id='word_1_145' title='bbox 336 1424 457 1493; x_wconf 87' lang='lat' dir='ltr'>Ipse</span> <span class='ocrx_word' id='word_1_146' title='bbox 497 1423 602 1475; x_wconf 87' lang='lat' dir='ltr'>sibi</span> <span class='ocrx_word' id='word_1_147' title='bbox 632 1423 839 1489; x_wconf 90' lang='lat' dir='ltr'>unitas,</span> <span class='ocrx_word' id='word_1_148' title='bbox 872 1422 1075 1486; x_wconf 87' lang='lat' dir='ltr'>deitas,</span> <span class='ocrx_word' id='word_1_149' title='bbox 1122 1422 1481 1491; x_wconf 85' lang='lat' dir='ltr'>magnitudo,</span> <span class='ocrx_word' id='word_1_150' title='bbox 1541 1422 1791 1485; x_wconf 87' lang='lat' dir='ltr'>bonitas,</span> <span class='ocrx_word' id='word_1_151' title='bbox 1845 1426 2029 1476; x_wconf 89' lang='lat' dir='ltr'>omni-</span> 
     </span>
    </p>
   </div>
   <div class='ocr_carea' id='block_1_16' title="bbox 331 1510 2028 1580">
    <p class='ocr_par' dir='ltr' id='par_1_16' title="bbox 331 1510 2028 1580">
     <span class='ocr_line' id='line_1_16' title="bbox 331 1510 2028 1580; baseline 0.001 -16"><span class='ocrx_word' id='word_1_152' title='bbox 331 1511 607 1580; x_wconf 90' lang='lat' dir='ltr'>potentia,</span> <span class='ocrx_word' id='word_1_153' title='bbox 642 1516 697 1564; x_wconf 88' lang='lat' dir='ltr'>et</span> <span class='ocrx_word' id='word_1_154' title='bbox 728 1511 1007 1580; x_wconf 89' lang='lat' dir='ltr'>quidquid</span> <span class='ocrx_word' id='word_1_155' title='bbox 1057 1511 1125 1563; x_wconf 90' lang='lat' dir='ltr'>ad</span> <span class='ocrx_word' id='word_1_156' title='bbox 1179 1528 1237 1563; x_wconf 92' lang='lat' dir='ltr'>se</span> <span class='ocrx_word' id='word_1_157' title='bbox 1296 1510 1751 1573; x_wconf 87' lang='lat' dir='ltr'>substantialiter</span> <span class='ocrx_word' id='word_1_158' title='bbox 1800 1510 2028 1565; x_wconf 90' lang='lat' dir='ltr'>dicitur.</span> 
     </span>
    </p>
   </div>
   <div class='ocr_carea' id='block_1_17' title="bbox 336 1598 3069 1671">
    <p class='ocr_par' dir='ltr' id='par_1_17' title="bbox 336 1598 3069 1671">
     <span class='ocr_line' id='line_1_17' title="bbox 336 1598 3069 1671; baseline -0.001 -19"><span class='ocrx_word' id='word_1_159' title='bbox 336 1600 457 1652; x_wconf 79' lang='lat' dir='ltr'>Non</span> <span class='ocrx_word' id='word_1_160' title='bbox 510 1600 588 1652; x_wconf 89' lang='lat' dir='ltr'>ita</span> <span class='ocrx_word' id='word_1_161' title='bbox 618 1599 675 1651; x_wconf 89' lang='lat' dir='ltr'>in</span> <span class='ocrx_word' id='word_1_162' title='bbox 713 1599 963 1651; x_wconf 84' lang='lat' dir='ltr'>relativis</span> <span class='ocrx_word' id='word_1_163' title='bbox 1012 1598 1297 1651; x_wconf 71' lang='lat' dir='ltr'>vocabulis</span> <span class='ocrx_word' id='word_1_164' title='bbox 1346 1599 1784 1665; x_wconf 82' lang='lat' dir='ltr'>intelligendum</span> <span class='ocrx_word' id='word_1_165' title='bbox 1823 1604 1906 1650; x_wconf 90' lang='lat' dir='ltr'>est</span> <span class='ocrx_word' id='word_1_166' title='bbox 1946 1601 2030 1651; x_wconf 84' lang='lat' dir='ltr'>vel</span> <span class='ocrx_word' id='word_1_167' title='bbox 2142 1598 2300 1637; x_wconf 56' lang='lat' dir='ltr'>(“mm</span> <span class='ocrx_word' id='word_1_168' title='bbox 2332 1598 2551 1636; x_wconf 61' lang='lat'>“&quot;1&quot;”°&#39;</span> <span class='ocrx_word' id='word_1_169' title='bbox 2739 1658 2773 1671; x_wconf 53' lang='grc' dir='ltr'><em>Π</em></span> <span class='ocrx_word' id='word_1_170' title='bbox 2906 1658 2921 1671; x_wconf 43' lang='grc'><strong>1</strong></span> <span class='ocrx_word' id='word_1_171' title='bbox 2946 1658 3069 1671; x_wconf 63' lang='lat' dir='ltr'><em>mm</em></span> 
     </span>
    </p>
   </div>
   <div class='ocr_carea' id='block_1_18' title="bbox 331 1658 3221 1756">
    <p class='ocr_par' dir='ltr' id='par_1_18' title="bbox 331 1658 3221 1756">
     <span class='ocr_line' id='line_1_18' title="bbox 331 1658 3221 1756; baseline -0.001 -15"><span class='ocrx_word' id='word_1_172' title='bbox 331 1689 666 1753; x_wconf 87' lang='lat' dir='ltr'>dicendum;</span> <span class='ocrx_word' id='word_1_173' title='bbox 724 1688 860 1756; x_wconf 82' lang='lat' dir='ltr'>quia</span> <span class='ocrx_word' id='word_1_174' title='bbox 894 1687 1004 1739; x_wconf 90' lang='lat' dir='ltr'>dici</span> <span class='ocrx_word' id='word_1_175' title='bbox 1054 1703 1169 1739; x_wconf 90' lang='lat' dir='ltr'>non</span> <span class='ocrx_word' id='word_1_176' title='bbox 1220 1692 1428 1755; x_wconf 90' lang='lat' dir='ltr'>potest,</span> <span class='ocrx_word' id='word_1_177' title='bbox 1480 1658 1647 1739; x_wconf 66' lang='lat' dir='ltr'>Pater</span> <span class='ocrx_word' id='word_1_178' title='bbox 1694 1686 1800 1739; x_wconf 87' lang='lat' dir='ltr'>sibi</span> <span class='ocrx_word' id='word_1_179' title='bbox 1843 1688 2027 1753; x_wconf 88' lang='lat' dir='ltr'>Pater,</span> <span class='ocrx_word' id='word_1_180' title='bbox 2076 1754 2085 1756; x_wconf 77' lang='lat'><strong><em>_</em></strong></span> <span class='ocrx_word' id='word_1_181' title='bbox 2736 1658 2862 1710; x_wconf 44' lang='lat' dir='ltr'>CM&quot;</span> <span class='ocrx_word' id='word_1_182' title='bbox 2906 1658 3221 1711; x_wconf 69' lang='lat' dir='ltr'>l‘xxxvnl&#39;</span> 
     </span>
    </p>
   </div>
   <div class='ocr_carea' id='block_1_19' title="bbox 330 1754 3784 1843">
    <p class='ocr_par' dir='ltr' id='par_1_19' title="bbox 330 1754 3784 1843">
     <span class='ocr_line' id='line_1_19' title="bbox 330 1754 3784 1843; baseline -0 -16"><span class='ocrx_word' id='word_1_183' title='bbox 330 1778 419 1829; x_wconf 69' lang='lat' dir='ltr'>vel</span> <span class='ocrx_word' id='word_1_184' title='bbox 453 1777 628 1843; x_wconf 86' lang='lat' dir='ltr'>Filius</span> <span class='ocrx_word' id='word_1_185' title='bbox 661 1754 769 1827; x_wconf 83' lang='lat' dir='ltr'>sibi</span> <span class='ocrx_word' id='word_1_186' title='bbox 804 1775 999 1838; x_wconf 80' lang='lat' dir='ltr'>Filius,</span> <span class='ocrx_word' id='word_1_187' title='bbox 1050 1774 1136 1824; x_wconf 78' lang='lat' dir='ltr'>vel</span> <span class='ocrx_word' id='word_1_188' title='bbox 1170 1754 1416 1841; x_wconf 81' lang='lat' dir='ltr'>spiritus</span> <span class='ocrx_word' id='word_1_189' title='bbox 1470 1779 1698 1825; x_wconf 86' lang='lat' dir='ltr'>sanctus</span> <span class='ocrx_word' id='word_1_190' title='bbox 1744 1772 1851 1824; x_wconf 90' lang='lat' dir='ltr'>sibi</span> <span class='ocrx_word' id='word_1_191' title='bbox 1912 1773 2031 1842; x_wconf 85' lang='lat' dir='ltr'>Spi-</span> <span class='ocrx_word' id='word_1_192' title='bbox 2074 1754 2111 1806; x_wconf 76' lang='grc' dir='ltr'>Β</span> <span class='ocrx_word' id='word_1_193' title='bbox 2214 1773 2353 1825; x_wconf 90' lang='lat' dir='ltr'>Item</span> <span class='ocrx_word' id='word_1_194' title='bbox 2383 1772 2440 1825; x_wconf 89' lang='lat' dir='ltr'>in</span> <span class='ocrx_word' id='word_1_195' title='bbox 2481 1772 2613 1825; x_wconf 84' lang='lat' dir='ltr'>Fide</span> <span class='ocrx_word' id='word_1_196' title='bbox 2642 1772 2821 1842; x_wconf 91' lang='lat' dir='ltr'>ipsius</span> <span class='ocrx_word' id='word_1_197' title='bbox 2850 1772 3075 1825; x_wconf 77' lang='lat' dir='ltr'>Alcuini</span> <span class='ocrx_word' id='word_1_198' title='bbox 3109 1789 3121 1824; x_wconf 92' lang='lat'>:</span> <span class='ocrx_word' id='word_1_199' title='bbox 3170 1791 3195 1820; x_wconf 76' lang='grc' dir='ltr'>(ι</span> <span class='ocrx_word' id='word_1_200' title='bbox 3245 1773 3538 1826; x_wconf 82' lang='lat' dir='ltr'>Credimus</span> <span class='ocrx_word' id='word_1_201' title='bbox 3582 1780 3784 1826; x_wconf 82' lang='lat' dir='ltr'>sanctam</span> 
     </span>
    </p>
   </div>
   <div class='ocr_carea' id='block_1_20' title="bbox 332 1860 3785 1931">
    <p class='ocr_par' dir='ltr' id='par_1_20' title="bbox 332 1860 3785 1931">
     <span class='ocr_line' id='line_1_20' title="bbox 332 1860 3785 1931; baseline -0.001 -13"><span class='ocrx_word' id='word_1_202' title='bbox 332 1866 475 1918; x_wconf 85' lang='lat' dir='ltr'>ritus</span> <span class='ocrx_word' id='word_1_203' title='bbox 527 1871 778 1927; x_wconf 86' lang='lat' dir='ltr'>sanctus,</span> <span class='ocrx_word' id='word_1_204' title='bbox 834 1864 932 1915; x_wconf 87' lang='lat' dir='ltr'>sed</span> <span class='ocrx_word' id='word_1_205' title='bbox 994 1862 1112 1915; x_wconf 70' lang='lat' dir='ltr'>haec</span> <span class='ocrx_word' id='word_1_206' title='bbox 1147 1862 1382 1914; x_wconf 80' lang='lat' dir='ltr'>relativa</span> <span class='ocrx_word' id='word_1_207' title='bbox 1416 1861 1689 1914; x_wconf 85' lang='lat' dir='ltr'>vocabula</span> <span class='ocrx_word' id='word_1_208' title='bbox 1752 1862 1820 1914; x_wconf 86' lang='lat' dir='ltr'>ad</span> <span class='ocrx_word' id='word_1_209' title='bbox 1855 1861 2029 1916; x_wconf 90' lang='lat' dir='ltr'>aliam</span> <span class='ocrx_word' id='word_1_210' title='bbox 2141 1860 2500 1927; x_wconf 85' lang='lat' dir='ltr'>Trinitatem,</span> <span class='ocrx_word' id='word_1_211' title='bbox 2563 1861 2618 1913; x_wconf 91' lang='lat' dir='ltr'>id</span> <span class='ocrx_word' id='word_1_212' title='bbox 2671 1866 2772 1927; x_wconf 87' lang='lat' dir='ltr'>est,</span> <span class='ocrx_word' id='word_1_213' title='bbox 2827 1862 3051 1913; x_wconf 80' lang='lat' dir='ltr'>Patrem</span> <span class='ocrx_word' id='word_1_214' title='bbox 3098 1867 3154 1912; x_wconf 88' lang='lat' dir='ltr'>et</span> <span class='ocrx_word' id='word_1_215' title='bbox 3210 1861 3414 1913; x_wconf 81' lang='lat' dir='ltr'>Filium</span> <span class='ocrx_word' id='word_1_216' title='bbox 3448 1870 3503 1913; x_wconf 86' lang='lat' dir='ltr'>et</span> <span class='ocrx_word' id='word_1_217' title='bbox 3560 1862 3785 1931; x_wconf 78' lang='lat' dir='ltr'>Spiritum</span> 
     </span>
    </p>
   </div>
   <div class='ocr_carea' id='block_1_21' title="bbox 335 1950 3787 2021">
    <p class='ocr_par' dir='ltr' id='par_1_21' title="bbox 335 1950 3787 2021">
     <span class='ocr_line' id='line_1_21' title="bbox 335 1950 3787 2021; baseline -0.001 -16"><span class='ocrx_word' id='word_1_218' title='bbox 335 1954 532 2021; x_wconf 90' lang='lat' dir='ltr'>procul</span> <span class='ocrx_word' id='word_1_219' title='bbox 563 1953 738 2005; x_wconf 91' lang='lat' dir='ltr'>dubio</span> <span class='ocrx_word' id='word_1_220' title='bbox 770 1967 1076 2019; x_wconf 87' lang='lat' dir='ltr'>personam</span> <span class='ocrx_word' id='word_1_221' title='bbox 1107 1950 1304 2002; x_wconf 82' lang='lat' dir='ltr'>referri</span> <span class='ocrx_word' id='word_1_222' title='bbox 1332 1950 1561 2003; x_wconf 84' lang='lat' dir='ltr'>debent.</span> <span class='ocrx_word' id='word_1_223' title='bbox 1611 1969 1636 1999; x_wconf 85' lang='grc'><strong>››</strong></span> <span class='ocrx_word' id='word_1_224' title='bbox 2141 1956 2419 2014; x_wconf 87' lang='lat' dir='ltr'>sanctum,</span> <span class='ocrx_word' id='word_1_225' title='bbox 2449 1966 2625 2002; x_wconf 91' lang='lat' dir='ltr'>unum</span> <span class='ocrx_word' id='word_1_226' title='bbox 2658 1951 2837 2003; x_wconf 87' lang='lat' dir='ltr'>Deum</span> <span class='ocrx_word' id='word_1_227' title='bbox 2871 1952 3352 2018; x_wconf 86' lang='lat' dir='ltr'>omnipotentem,</span> <span class='ocrx_word' id='word_1_228' title='bbox 3384 1952 3550 2002; x_wconf 88' lang='lat' dir='ltr'>unius</span> <span class='ocrx_word' id='word_1_229' title='bbox 3582 1952 3787 2003; x_wconf 66' lang='lat' dir='ltr'>substan</span> 
     </span>
    </p>
   </div>
   <div class='ocr_carea' id='block_1_22' title="bbox 1004 2038 3779 2119">
    <p class='ocr_par' dir='ltr' id='par_1_22' title="bbox 1004 2038 3779 2119">
     <span class='ocr_line' id='line_1_22' title="bbox 1004 2038 3779 2119; baseline -0.005 -16"><span class='ocrx_word' id='word_1_230' title='bbox 1004 2065 1356 2119; x_wconf 40' lang='grc' dir='ltr'>ρΑρειχχΧ,</span> <span class='ocrx_word' id='word_1_231' title='bbox 2140 2038 2257 2100; x_wconf 69' lang='lat' dir='ltr'>tite,</span> <span class='ocrx_word' id='word_1_232' title='bbox 2321 2038 2490 2091; x_wconf 90' lang='lat' dir='ltr'>unius</span> <span class='ocrx_word' id='word_1_233' title='bbox 2536 2039 2818 2102; x_wconf 67' lang='lat' dir='ltr'>essentiaz,</span> <span class='ocrx_word' id='word_1_234' title='bbox 2882 2038 3047 2090; x_wconf 91' lang='lat' dir='ltr'>unius</span> <span class='ocrx_word' id='word_1_235' title='bbox 3114 2041 3441 2107; x_wconf 75' lang='lat' dir='ltr'>potestatis;</span> <span class='ocrx_word' id='word_1_236' title='bbox 3503 2040 3779 2091; x_wconf 77' lang='lat' dir='ltr'>Creatorem</span> 
     </span>
    </p>
   </div>
   <div class='ocr_carea' id='block_1_23' title="bbox 2142 2125 3787 2195">
    <p class='ocr_par' dir='ltr' id='par_1_23' title="bbox 2142 2125 3787 2195">
     <span class='ocr_line' id='line_1_23' title="bbox 2142 2125 3787 2195; baseline -0.001 -17"><span class='ocrx_word' id='word_1_237' title='bbox 2142 2125 2404 2179; x_wconf 87' lang='lat' dir='ltr'>omnium</span> <span class='ocrx_word' id='word_1_238' title='bbox 2454 2130 2869 2178; x_wconf 83' lang='lat' dir='ltr'>creaturarum.</span> <span class='ocrx_word' id='word_1_239' title='bbox 2921 2127 2964 2177; x_wconf 83' lang='lat' dir='ltr'><strong>A</strong></span> <span class='ocrx_word' id='word_1_240' title='bbox 2996 2141 3108 2194; x_wconf 88' lang='lat' dir='ltr'>quo</span> <span class='ocrx_word' id='word_1_241' title='bbox 3138 2126 3351 2189; x_wconf 86' lang='lat' dir='ltr'>omnia,</span> <span class='ocrx_word' id='word_1_242' title='bbox 3386 2142 3489 2194; x_wconf 90' lang='lat' dir='ltr'>per</span> <span class='ocrx_word' id='word_1_243' title='bbox 3519 2143 3678 2195; x_wconf 89' lang='lat' dir='ltr'>quem</span> <span class='ocrx_word' id='word_1_244' title='bbox 3705 2143 3787 2177; x_wconf 65' lang='lat' dir='ltr'>om</span> 
     </span>
    </p>
   </div>
   <div class='ocr_carea' id='block_1_24' title="bbox 2143 2212 3783 2282">
    <p class='ocr_par' dir='ltr' id='par_1_24' title="bbox 2143 2212 3783 2282">
     <span class='ocr_line' id='line_1_24' title="bbox 2143 2212 3783 2282; baseline 0.002 -16"><span class='ocrx_word' id='word_1_245' title='bbox 2143 2214 2257 2278; x_wconf 89' lang='lat' dir='ltr'>nia,</span> <span class='ocrx_word' id='word_1_246' title='bbox 2288 2214 2347 2266; x_wconf 88' lang='lat' dir='ltr'>in</span> <span class='ocrx_word' id='word_1_247' title='bbox 2376 2229 2490 2282; x_wconf 91' lang='lat' dir='ltr'>quo</span> <span class='ocrx_word' id='word_1_248' title='bbox 2525 2212 2740 2265; x_wconf 90' lang='lat' dir='ltr'>omnia.</span> <span class='ocrx_word' id='word_1_249' title='bbox 2794 2214 3020 2265; x_wconf 85' lang='lat' dir='ltr'>Patrem</span> <span class='ocrx_word' id='word_1_250' title='bbox 3068 2230 3097 2264; x_wconf 90' lang='lat' dir='ltr'>a</span> <span class='ocrx_word' id='word_1_251' title='bbox 3156 2230 3212 2266; x_wconf 89' lang='lat' dir='ltr'>se</span> <span class='ocrx_word' id='word_1_252' title='bbox 3261 2215 3386 2282; x_wconf 88' lang='lat' dir='ltr'>ipso</span> <span class='ocrx_word' id='word_1_253' title='bbox 3431 2231 3543 2267; x_wconf 88' lang='lat' dir='ltr'>non</span> <span class='ocrx_word' id='word_1_254' title='bbox 3575 2215 3641 2266; x_wconf 87' lang='lat' dir='ltr'>ab</span> <span class='ocrx_word' id='word_1_255' title='bbox 3685 2216 3783 2269; x_wconf 66' lang='lat' dir='ltr'>alio.</span> 
     </span>
    </p>
   </div>
   <div class='ocr_carea' id='block_1_25' title="bbox 2146 2300 3781 2369">
    <p class='ocr_par' dir='ltr' id='par_1_25' title="bbox 2146 2300 3781 2369">
     <span class='ocr_line' id='line_1_25' title="bbox 2146 2300 3781 2369; baseline 0.001 -15"><span class='ocrx_word' id='word_1_256' title='bbox 2146 2302 2351 2355; x_wconf 84' lang='lat' dir='ltr'>Filium</span> <span class='ocrx_word' id='word_1_257' title='bbox 2380 2318 2412 2353; x_wconf 90' lang='lat' dir='ltr'>a</span> <span class='ocrx_word' id='word_1_258' title='bbox 2446 2302 2609 2353; x_wconf 86' lang='lat' dir='ltr'>Patre</span> <span class='ocrx_word' id='word_1_259' title='bbox 2632 2300 2911 2369; x_wconf 81' lang='lat' dir='ltr'>genitum,</span> <span class='ocrx_word' id='word_1_260' title='bbox 2950 2302 3126 2354; x_wconf 87' lang='lat' dir='ltr'>Deum</span> <span class='ocrx_word' id='word_1_261' title='bbox 3168 2318 3367 2355; x_wconf 75' lang='lat' dir='ltr'>verum</span> <span class='ocrx_word' id='word_1_262' title='bbox 3424 2304 3494 2356; x_wconf 91' lang='lat' dir='ltr'>de</span> <span class='ocrx_word' id='word_1_263' title='bbox 3529 2305 3636 2356; x_wconf 91' lang='lat' dir='ltr'>Deo</span> <span class='ocrx_word' id='word_1_264' title='bbox 3665 2320 3781 2356; x_wconf 69' lang='lat' dir='ltr'>vero.</span> 
     </span>
    </p>
   </div>
   <div class='ocr_carea' id='block_1_26' title="bbox 2144 2390 3779 2453">
    <p class='ocr_par' dir='ltr' id='par_1_26' title="bbox 2144 2390 3779 2453">
     <span class='ocr_line' id='line_1_26' title="bbox 2144 2390 3779 2453; baseline 0.001 -10"><span class='ocrx_word' id='word_1_265' title='bbox 2144 2394 2336 2444; x_wconf 85' lang='lat' dir='ltr'>lumen</span> <span class='ocrx_word' id='word_1_266' title='bbox 2366 2406 2562 2443; x_wconf 82' lang='lat' dir='ltr'>verum</span> <span class='ocrx_word' id='word_1_267' title='bbox 2586 2390 2653 2443; x_wconf 91' lang='lat' dir='ltr'>de</span> <span class='ocrx_word' id='word_1_268' title='bbox 2685 2390 2903 2442; x_wconf 90' lang='lat' dir='ltr'>lumine</span> <span class='ocrx_word' id='word_1_269' title='bbox 2934 2406 3087 2453; x_wconf 86' lang='lat' dir='ltr'>vero,</span> <span class='ocrx_word' id='word_1_270' title='bbox 3122 2407 3239 2444; x_wconf 91' lang='lat' dir='ltr'>non</span> <span class='ocrx_word' id='word_1_271' title='bbox 3276 2398 3463 2445; x_wconf 89' lang='lat' dir='ltr'>tamen</span> <span class='ocrx_word' id='word_1_272' title='bbox 3496 2393 3605 2445; x_wconf 91' lang='lat' dir='ltr'>duo</span> <span class='ocrx_word' id='word_1_273' title='bbox 3651 2395 3779 2445; x_wconf 84' lang='lat' dir='ltr'>lumi-</span> 
     </span>
    </p>
   </div>
   <div class='ocr_carea' id='block_1_27' title="bbox 993 2479 3781 2569">
    <p class='ocr_par' dir='ltr' id='par_1_27' title="bbox 993 2479 3781 2569">
     <span class='ocr_line' id='line_1_27' title="bbox 993 2479 3781 2569; baseline -0.007 -20"><span class='ocrx_word' id='word_1_274' title='bbox 993 2516 1119 2569; x_wconf 62' lang='lat' dir='ltr'>CM,_</span> <span class='ocrx_word' id='word_1_275' title='bbox 1158 2516 1372 2569; x_wconf 58' lang='lat' dir='ltr'>Lxxxp</span> <span class='ocrx_word' id='word_1_276' title='bbox 2144 2498 2237 2546; x_wconf 88' lang='lat' dir='ltr'>na,</span> <span class='ocrx_word' id='word_1_277' title='bbox 2282 2480 2377 2532; x_wconf 89' lang='lat' dir='ltr'>sed</span> <span class='ocrx_word' id='word_1_278' title='bbox 2421 2495 2601 2569; x_wconf 90' lang='lat' dir='ltr'>unum</span> <span class='ocrx_word' id='word_1_279' title='bbox 2634 2480 2829 2533; x_wconf 90' lang='lat' dir='ltr'>lumen</span> <span class='ocrx_word' id='word_1_280' title='bbox 2880 2479 3157 2569; x_wconf 85' lang='lat' dir='ltr'>Spiritum</span> <span class='ocrx_word' id='word_1_281' title='bbox 3202 2487 3459 2534; x_wconf 80' lang='lat' dir='ltr'>sanctum</span> <span class='ocrx_word' id='word_1_282' title='bbox 3515 2499 3545 2534; x_wconf 91' lang='lat' dir='ltr'>a</span> <span class='ocrx_word' id='word_1_283' title='bbox 3577 2484 3718 2534; x_wconf 84' lang='lat' dir='ltr'>Patre</span> <span class='ocrx_word' id='word_1_284' title='bbox 3748 2496 3781 2531; x_wconf 61' lang='lat' dir='ltr'>et</span> 
     </span>
    </p>
   </div>
   <div class='ocr_carea' id='block_1_28' title="bbox 1110 2554 3777 2637">
    <p class='ocr_par' dir='ltr' id='par_1_28' title="bbox 1110 2554 3777 2637">
     <span class='ocr_line' id='line_1_28' title="bbox 1110 2554 3777 2637; baseline -0 -16"><span class='ocrx_word' id='word_1_285' title='bbox 1476 2621 1505 2637; x_wconf 55' lang='grc' dir='ltr'>τ,</span> <span class='ocrx_word' id='word_1_286' title='bbox 1559 2620 1567 2629; x_wconf 82' lang='grc'><em>,</em></span> <span class='ocrx_word' id='word_1_287' title='bbox 1612 2620 1643 2637; x_wconf 49' lang='grc' dir='ltr'>,ι</span> <span class='ocrx_word' id='word_1_288' title='bbox 1781 2621 1790 2630; x_wconf 81' lang='lat'><em>_</em></span> <span class='ocrx_word' id='word_1_289' title='bbox 1885 2620 1933 2637; x_wconf 47' lang='grc'>,1</span> <span class='ocrx_word' id='word_1_290' title='bbox 2145 2569 2285 2621; x_wconf 82' lang='lat' dir='ltr'>Filio</span> <span class='ocrx_word' id='word_1_291' title='bbox 2352 2568 2649 2637; x_wconf 68' lang='lat' dir='ltr'>azqualiter</span> <span class='ocrx_word' id='word_1_292' title='bbox 2750 2568 3177 2636; x_wconf 85' lang='lat' dir='ltr'>procedentem,</span> <span class='ocrx_word' id='word_1_293' title='bbox 3267 2571 3777 2627; x_wconf 72' lang='lat' dir='ltr'>consubstantialem.</span> 
     </span>
    </p>
   </div>
   <div class='ocr_carea' id='block_1_29' title="bbox 2143 2656 3015 2710">
    <p class='ocr_par' dir='ltr' id='par_1_29' title="bbox 2143 2656 3015 2710">
     <span class='ocr_line' id='line_1_29' title="bbox 2143 2656 3015 2710; baseline -0.002 -1"><span class='ocrx_word' id='word_1_294' title='bbox 2143 2663 2491 2710; x_wconf 66' lang='lat' dir='ltr'>coaeternum</span> <span class='ocrx_word' id='word_1_295' title='bbox 2524 2656 2675 2709; x_wconf 89' lang='lat' dir='ltr'>Patri</span> <span class='ocrx_word' id='word_1_296' title='bbox 2698 2662 2753 2709; x_wconf 93' lang='lat' dir='ltr'>et</span> <span class='ocrx_word' id='word_1_297' title='bbox 2786 2656 2947 2709; x_wconf 82' lang='lat' dir='ltr'>Filio.</span> <span class='ocrx_word' id='word_1_298' title='bbox 2995 2679 3015 2702; x_wconf 79' lang='grc' dir='ltr'>ιι</span> 
     </span>
    </p>
   </div>
   <div class='ocr_carea' id='block_1_30' title="bbox 2751 2763 3192 2816">
    <p class='ocr_par' dir='ltr' id='par_1_30' title="bbox 2751 2763 3192 2816">
     <span class='ocr_line' id='line_1_30' title="bbox 2751 2763 3192 2816; baseline -0.002 -1"><span class='ocrx_word' id='word_1_299' title='bbox 2751 2764 2880 2815; x_wconf 60' lang='lat' dir='ltr'>Car.</span> <span class='ocrx_word' id='word_1_300' title='bbox 2925 2763 3192 2816; x_wconf 79' lang='lat' dir='ltr'><strong>LXXXIX.</strong></span> 
     </span>
    </p>
   </div>
   <div class='ocr_carea' id='block_1_31' title="bbox 2216 2868 3780 2940">
    <p class='ocr_par' dir='ltr' id='par_1_31' title="bbox 2216 2868 3780 2940">
     <span class='ocr_line' id='line_1_31' title="bbox 2216 2868 3780 2940; baseline -0.003 -17"><span class='ocrx_word' id='word_1_301' title='bbox 2216 2872 2354 2923; x_wconf 88' lang='lat' dir='ltr'>Item</span> <span class='ocrx_word' id='word_1_302' title='bbox 2387 2869 2537 2921; x_wconf 91' lang='lat' dir='ltr'>idem</span> <span class='ocrx_word' id='word_1_303' title='bbox 2569 2868 2841 2921; x_wconf 86' lang='lat' dir='ltr'>Alcuinus</span> <span class='ocrx_word' id='word_1_304' title='bbox 2876 2869 2934 2921; x_wconf 88' lang='lat' dir='ltr'>in</span> <span class='ocrx_word' id='word_1_305' title='bbox 2984 2870 3293 2937; x_wconf 87' lang='lat' dir='ltr'>propositis</span> <span class='ocrx_word' id='word_1_306' title='bbox 3324 2872 3712 2940; x_wconf 77' lang='lat' dir='ltr'>qua-stionibus</span> <span class='ocrx_word' id='word_1_307' title='bbox 3736 2871 3780 2919; x_wconf 55' lang='lat' dir='ltr'>du</span> 
     </span>
    </p>
   </div>
   <div class='ocr_carea' id='block_1_32' title="bbox 2146 2956 3777 3028">
    <p class='ocr_par' dir='ltr' id='par_1_32' title="bbox 2146 2956 3777 3028">
     <span class='ocr_line' id='line_1_32' title="bbox 2146 2956 3777 3028; baseline -0.001 -19"><span class='ocrx_word' id='word_1_308' title='bbox 2146 2963 2340 3011; x_wconf 82' lang='lat' dir='ltr'>sancta</span> <span class='ocrx_word' id='word_1_309' title='bbox 2370 2957 2643 3010; x_wconf 87' lang='lat' dir='ltr'>Trinitate</span> <span class='ocrx_word' id='word_1_310' title='bbox 2694 2956 2857 3025; x_wconf 84' lang='lat' dir='ltr'>(resp.</span> <span class='ocrx_word' id='word_1_311' title='bbox 2911 2957 2984 3009; x_wconf 86' lang='lat' dir='ltr'>ad</span> <span class='ocrx_word' id='word_1_312' title='bbox 3014 2960 3272 3023; x_wconf 66' lang='lat' dir='ltr'>interrog.</span> <span class='ocrx_word' id='word_1_313' title='bbox 3342 2962 3388 3027; x_wconf 76' lang='lat'>&#39;1)</span> <span class='ocrx_word' id='word_1_314' title='bbox 3424 2976 3435 3011; x_wconf 76' lang='grc' dir='ltr'>ε</span> <span class='ocrx_word' id='word_1_315' title='bbox 3470 2982 3488 3005; x_wconf 81' lang='grc' dir='ltr'>ι</span> <span class='ocrx_word' id='word_1_316' title='bbox 3532 2960 3777 3028; x_wconf 74' lang='lat' dir='ltr'>Proprium</span> 
     </span>
    </p>
   </div>
   <div class='ocr_carea' id='block_1_33' title="bbox 2072 3045 3779 3116">
    <p class='ocr_par' dir='ltr' id='par_1_33' title="bbox 2072 3045 3779 3116">
     <span class='ocr_line' id='line_1_33' title="bbox 2072 3045 3779 3116; baseline -0.004 -14"><span class='ocrx_word' id='word_1_317' title='bbox 2072 3048 2113 3102; x_wconf 88' lang='lat' dir='ltr'>C</span> <span class='ocrx_word' id='word_1_318' title='bbox 2146 3054 2231 3099; x_wconf 81' lang='lat' dir='ltr'>est</span> <span class='ocrx_word' id='word_1_319' title='bbox 2257 3047 2436 3099; x_wconf 87' lang='lat' dir='ltr'>Patris</span> <span class='ocrx_word' id='word_1_320' title='bbox 2490 3047 2640 3115; x_wconf 90' lang='lat' dir='ltr'>quod</span> <span class='ocrx_word' id='word_1_321' title='bbox 2688 3045 2839 3098; x_wconf 89' lang='lat' dir='ltr'>solus</span> <span class='ocrx_word' id='word_1_322' title='bbox 2882 3050 2966 3098; x_wconf 87' lang='lat' dir='ltr'>est</span> <span class='ocrx_word' id='word_1_323' title='bbox 2998 3048 3181 3106; x_wconf 67' lang='lat' dir='ltr'>Pater,</span> <span class='ocrx_word' id='word_1_324' title='bbox 3212 3052 3265 3098; x_wconf 85' lang='lat' dir='ltr'>et</span> <span class='ocrx_word' id='word_1_325' title='bbox 3301 3048 3447 3116; x_wconf 84' lang='lat' dir='ltr'>quod</span> <span class='ocrx_word' id='word_1_326' title='bbox 3480 3048 3551 3101; x_wconf 86' lang='lat' dir='ltr'>ab</span> <span class='ocrx_word' id='word_1_327' title='bbox 3585 3049 3682 3099; x_wconf 87' lang='lat' dir='ltr'>alio</span> <span class='ocrx_word' id='word_1_328' title='bbox 3708 3063 3779 3097; x_wconf 66' lang='lat' dir='ltr'>nun</span> 
     </span>
    </p>
   </div>
   <div class='ocr_carea' id='block_1_34' title="bbox 2148 3134 3777 3205">
    <p class='ocr_par' dir='ltr' id='par_1_34' title="bbox 2148 3134 3777 3205">
     <span class='ocr_line' id='line_1_34' title="bbox 2148 3134 3777 3205; baseline -0.002 -17"><span class='ocrx_word' id='word_1_329' title='bbox 2148 3142 2227 3188; x_wconf 74' lang='lat' dir='ltr'>est</span> <span class='ocrx_word' id='word_1_330' title='bbox 2262 3135 2370 3189; x_wconf 85' lang='lat' dir='ltr'>nisi</span> <span class='ocrx_word' id='word_1_331' title='bbox 2402 3152 2433 3186; x_wconf 87' lang='lat' dir='ltr'>a</span> <span class='ocrx_word' id='word_1_332' title='bbox 2464 3151 2541 3187; x_wconf 87' lang='lat' dir='ltr'>se.</span> <span class='ocrx_word' id='word_1_333' title='bbox 2578 3134 2879 3203; x_wconf 87' lang='lat' dir='ltr'>Proprium</span> <span class='ocrx_word' id='word_1_334' title='bbox 2907 3140 2990 3187; x_wconf 78' lang='lat' dir='ltr'>est</span> <span class='ocrx_word' id='word_1_335' title='bbox 3011 3136 3155 3201; x_wconf 79' lang='lat' dir='ltr'>Filii,</span> <span class='ocrx_word' id='word_1_336' title='bbox 3216 3138 3369 3205; x_wconf 86' lang='lat' dir='ltr'>quod</span> <span class='ocrx_word' id='word_1_337' title='bbox 3404 3154 3436 3188; x_wconf 86' lang='lat' dir='ltr'>a</span> <span class='ocrx_word' id='word_1_338' title='bbox 3467 3138 3628 3189; x_wconf 81' lang='lat' dir='ltr'>Patre</span> <span class='ocrx_word' id='word_1_339' title='bbox 3664 3152 3777 3204; x_wconf 58' lang='lat' dir='ltr'>geru-</span> 
     </span>
    </p>
   </div>
   <div class='ocr_carea' id='block_1_35' title="bbox 2145 3222 3781 3287">
    <p class='ocr_par' dir='ltr' id='par_1_35' title="bbox 2145 3222 3781 3287">
     <span class='ocr_line' id='line_1_35' title="bbox 2145 3222 3781 3287; baseline -0.004 -9"><span class='ocrx_word' id='word_1_340' title='bbox 2145 3231 2238 3278; x_wconf 82' lang='lat' dir='ltr'>tus</span> <span class='ocrx_word' id='word_1_341' title='bbox 2286 3228 2389 3287; x_wconf 87' lang='lat' dir='ltr'>est,</span> <span class='ocrx_word' id='word_1_342' title='bbox 2420 3224 2571 3275; x_wconf 87' lang='lat' dir='ltr'>solus</span> <span class='ocrx_word' id='word_1_343' title='bbox 2623 3238 2655 3274; x_wconf 86' lang='lat' dir='ltr'>a</span> <span class='ocrx_word' id='word_1_344' title='bbox 2704 3223 2822 3275; x_wconf 92' lang='lat' dir='ltr'>solo</span> <span class='ocrx_word' id='word_1_345' title='bbox 2852 3227 3167 3275; x_wconf 67' lang='lat' dir='ltr'>comternus</span> <span class='ocrx_word' id='word_1_346' title='bbox 3226 3230 3282 3275; x_wconf 89' lang='lat' dir='ltr'>et</span> <span class='ocrx_word' id='word_1_347' title='bbox 3340 3222 3781 3277; x_wconf 48' lang='lat' dir='ltr'>consubstantialié</span> 
     </span>
    </p>
   </div>
   <div class='ocr_carea' id='block_1_36' title="bbox 2148 3310 3782 3383">
    <p class='ocr_par' dir='ltr' id='par_1_36' title="bbox 2148 3310 3782 3383">
     <span class='ocr_line' id='line_1_36' title="bbox 2148 3310 3782 3383; baseline -0.003 -18"><span class='ocrx_word' id='word_1_348' title='bbox 2148 3313 2389 3383; x_wconf 80' lang='lat' dir='ltr'>genitus.</span> <span class='ocrx_word' id='word_1_349' title='bbox 2428 3313 2729 3379; x_wconf 88' lang='lat' dir='ltr'>Proprium</span> <span class='ocrx_word' id='word_1_350' title='bbox 2770 3315 2853 3363; x_wconf 89' lang='lat' dir='ltr'>est</span> <span class='ocrx_word' id='word_1_351' title='bbox 2892 3310 3137 3380; x_wconf 89' lang='lat' dir='ltr'>Spiritus</span> <span class='ocrx_word' id='word_1_352' title='bbox 3186 3312 3385 3373; x_wconf 80' lang='lat' dir='ltr'>sancti,</span> <span class='ocrx_word' id='word_1_353' title='bbox 3423 3314 3575 3381; x_wconf 85' lang='lat' dir='ltr'>quod</span> <span class='ocrx_word' id='word_1_354' title='bbox 3611 3328 3695 3364; x_wconf 84' lang='lat' dir='ltr'>nec</span> <span class='ocrx_word' id='word_1_355' title='bbox 3722 3313 3782 3361; x_wconf 84' lang='lat' dir='ltr'>in-</span> 
     </span>
    </p>
   </div>
   <div class='ocr_carea' id='block_1_37' title="bbox 2149 3400 3778 3470">
    <p class='ocr_par' dir='ltr' id='par_1_37' title="bbox 2149 3400 3778 3470">
     <span class='ocr_line' id='line_1_37' title="bbox 2149 3400 3778 3470; baseline -0.002 -17"><span class='ocrx_word' id='word_1_356' title='bbox 2149 3402 2373 3470; x_wconf 81' lang='lat' dir='ltr'>genitus</span> <span class='ocrx_word' id='word_1_357' title='bbox 2407 3406 2511 3464; x_wconf 82' lang='lat' dir='ltr'>est,</span> <span class='ocrx_word' id='word_1_358' title='bbox 2550 3400 2645 3452; x_wconf 89' lang='lat' dir='ltr'>sed</span> <span class='ocrx_word' id='word_1_359' title='bbox 2693 3414 2724 3451; x_wconf 93' lang='lat' dir='ltr'>a</span> <span class='ocrx_word' id='word_1_360' title='bbox 2777 3400 2938 3452; x_wconf 85' lang='lat' dir='ltr'>Patre</span> <span class='ocrx_word' id='word_1_361' title='bbox 2993 3406 3049 3452; x_wconf 89' lang='lat' dir='ltr'>et</span> <span class='ocrx_word' id='word_1_362' title='bbox 3097 3400 3235 3452; x_wconf 87' lang='lat' dir='ltr'>Filio</span> <span class='ocrx_word' id='word_1_363' title='bbox 3291 3401 3588 3470; x_wconf 72' lang='lat' dir='ltr'>mqnaliter</span> <span class='ocrx_word' id='word_1_364' title='bbox 3632 3414 3778 3469; x_wconf 78' lang='lat' dir='ltr'>proce-</span> 
     </span>
    </p>
   </div>
   <div class='ocr_carea' id='block_1_38' title="bbox 2147 3490 2365 3543">
    <p class='ocr_par' dir='ltr' id='par_1_38' title="bbox 2147 3490 2365 3543">
     <span class='ocr_line' id='line_1_38' title="bbox 2147 3490 2365 3543; baseline -0.014 0"><span class='ocrx_word' id='word_1_365' title='bbox 2147 3490 2301 3543; x_wconf 88' lang='lat' dir='ltr'>dens.</span> <span class='ocrx_word' id='word_1_366' title='bbox 2346 3510 2365 3533; x_wconf 86' lang='lat'><strong><em>»</em></strong></span> 
     </span>
    </p>
   </div>
   <div class='ocr_carea' id='block_1_39' title="bbox 2214 1302 3781 1368">
    <p class='ocr_par' dir='ltr' id='par_1_39' title="bbox 2214 1302 3781 1368">
     <span class='ocr_line' id='line_1_39' title="bbox 2214 1302 3781 1368; baseline 0 -13"><span class='ocrx_word' id='word_1_367' title='bbox 2214 1304 2353 1356; x_wconf 89' lang='lat' dir='ltr'>Item</span> <span class='ocrx_word' id='word_1_368' title='bbox 2412 1303 2563 1357; x_wconf 91' lang='lat' dir='ltr'>idem</span> <span class='ocrx_word' id='word_1_369' title='bbox 2619 1306 2678 1355; x_wconf 92' lang='lat' dir='ltr'>in</span> <span class='ocrx_word' id='word_1_370' title='bbox 2730 1303 2871 1355; x_wconf 89' lang='lat' dir='ltr'>libro</span> <span class='ocrx_word' id='word_1_371' title='bbox 2927 1319 3031 1355; x_wconf 85' lang='lat' dir='ltr'>in:</span> <span class='ocrx_word' id='word_1_372' title='bbox 3090 1302 3363 1368; x_wconf 85' lang='lat' dir='ltr'>Quomodo</span> <span class='ocrx_word' id='word_1_373' title='bbox 3422 1306 3605 1356; x_wconf 70' lang='lat' dir='ltr'>missio</span> <span class='ocrx_word' id='word_1_374' title='bbox 3651 1308 3781 1355; x_wconf 56' lang='lat' dir='ltr'>sensti</span> 
     </span>
    </p>
   </div>
   <div class='ocr_carea' id='block_1_40' title="bbox 2144 1390 3779 1462">
    <p class='ocr_par' dir='ltr' id='par_1_40' title="bbox 2144 1390 3779 1462">
     <span class='ocr_line' id='line_1_40' title="bbox 2144 1390 3779 1462; baseline -0.002 -16"><span class='ocrx_word' id='word_1_375' title='bbox 2144 1393 2383 1460; x_wconf 79' lang='lat' dir='ltr'>Spiritus</span> <span class='ocrx_word' id='word_1_376' title='bbox 2428 1395 2500 1445; x_wconf 80' lang='lat' dir='ltr'>sit</span> <span class='ocrx_word' id='word_1_377' title='bbox 2546 1392 2921 1462; x_wconf 80' lang='lat' dir='ltr'>intelligenda.</span> <span class='ocrx_word' id='word_1_378' title='bbox 2970 1411 2997 1440; x_wconf 73' lang='grc' dir='ltr'><strong>(ί</strong></span> <span class='ocrx_word' id='word_1_379' title='bbox 3035 1390 3191 1444; x_wconf 84' lang='lat' dir='ltr'>Sicut</span> <span class='ocrx_word' id='word_1_380' title='bbox 3230 1392 3385 1444; x_wconf 92' lang='lat' dir='ltr'>enim</span> <span class='ocrx_word' id='word_1_381' title='bbox 3438 1409 3470 1443; x_wconf 90' lang='lat' dir='ltr'>a</span> <span class='ocrx_word' id='word_1_382' title='bbox 3502 1392 3660 1444; x_wconf 85' lang='lat' dir='ltr'>Patre</span> <span class='ocrx_word' id='word_1_383' title='bbox 3703 1393 3779 1461; x_wconf 76' lang='lat' dir='ltr'>Spi-</span> 
     </span>
    </p>
   </div>
   <div class='ocr_carea' id='block_1_41' title="bbox 2142 1479 3777 1547">
    <p class='ocr_par' dir='ltr' id='par_1_41' title="bbox 2142 1479 3777 1547">
     <span class='ocr_line' id='line_1_41' title="bbox 2142 1479 3777 1547; baseline -0.002 -14"><span class='ocrx_word' id='word_1_384' title='bbox 2142 1487 2287 1533; x_wconf 88' lang='lat' dir='ltr'>rttus</span> <span class='ocrx_word' id='word_1_385' title='bbox 2318 1486 2542 1533; x_wconf 88' lang='lat' dir='ltr'>sanctus</span> <span class='ocrx_word' id='word_1_386' title='bbox 2576 1480 2840 1543; x_wconf 87' lang='lat' dir='ltr'>mittitur,</span> <span class='ocrx_word' id='word_1_387' title='bbox 2878 1480 2955 1533; x_wconf 80' lang='lat' dir='ltr'>ita</span> <span class='ocrx_word' id='word_1_388' title='bbox 2984 1484 3041 1531; x_wconf 89' lang='lat' dir='ltr'>et</span> <span class='ocrx_word' id='word_1_389' title='bbox 3070 1495 3101 1531; x_wconf 90' lang='lat' dir='ltr'>a</span> <span class='ocrx_word' id='word_1_390' title='bbox 3140 1479 3303 1542; x_wconf 78' lang='lat' dir='ltr'>Filio,</span> <span class='ocrx_word' id='word_1_391' title='bbox 3336 1499 3362 1528; x_wconf 76' lang='lat' dir='ltr'><strong>n</strong></span> <span class='ocrx_word' id='word_1_392' title='bbox 3398 1486 3526 1541; x_wconf 90' lang='lat' dir='ltr'>etc.,</span> <span class='ocrx_word' id='word_1_393' title='bbox 3556 1496 3705 1547; x_wconf 67' lang='lat' dir='ltr'>usque</span> <span class='ocrx_word' id='word_1_394' title='bbox 3732 1484 3777 1530; x_wconf 51' lang='lat' dir='ltr'>ax}</span> 
     </span>
    </p>
   </div>
   <div class='ocr_carea' id='block_1_42' title="bbox 2142 1572 2551 1637">
    <p class='ocr_par' dir='ltr' id='par_1_42' title="bbox 2142 1572 2551 1637">
     <span class='ocr_line' id='line_1_42' title="bbox 2142 1572 2551 1637; baseline 0.002 -16"><span class='ocrx_word' id='word_1_395' title='bbox 2142 1572 2300 1637; x_wconf 80' lang='lat' dir='ltr'>ﬁnem</span> <span class='ocrx_word' id='word_1_396' title='bbox 2332 1572 2551 1636; x_wconf 82' lang='lat' dir='ltr'>capitis.</span> 
     </span>
    </p>
   </div>
   <div class='ocr_carea' id='block_1_43' title="bbox 413 2161 2033 2231">
    <p class='ocr_par' dir='ltr' id='par_1_43' title="bbox 413 2161 2033 2231">
     <span class='ocr_line' id='line_1_43' title="bbox 413 2161 2033 2231; baseline -0.001 -14"><span class='ocrx_word' id='word_1_397' title='bbox 413 2166 552 2218; x_wconf 86' lang='lat' dir='ltr'>Item</span> <span class='ocrx_word' id='word_1_398' title='bbox 591 2165 740 2218; x_wconf 89' lang='lat' dir='ltr'>idem</span> <span class='ocrx_word' id='word_1_399' title='bbox 790 2162 846 2215; x_wconf 92' lang='lat' dir='ltr'>in</span> <span class='ocrx_word' id='word_1_400' title='bbox 876 2162 1077 2216; x_wconf 88' lang='lat' dir='ltr'>eodem</span> <span class='ocrx_word' id='word_1_401' title='bbox 1113 2162 1253 2230; x_wconf 84' lang='lat' dir='ltr'>(cap.</span> <span class='ocrx_word' id='word_1_402' title='bbox 1292 2162 1413 2231; x_wconf 74' lang='lat'>12):</span> <span class='ocrx_word' id='word_1_403' title='bbox 1455 2184 1474 2209; x_wconf 72' lang='grc' dir='ltr'><strong>α</strong></span> <span class='ocrx_word' id='word_1_404' title='bbox 1510 2161 1753 2231; x_wconf 86' lang='lat' dir='ltr'>Spiritus</span> <span class='ocrx_word' id='word_1_405' title='bbox 1807 2166 2033 2215; x_wconf 83' lang='lat' dir='ltr'>sanctus</span> 
     </span>
    </p>
   </div>
   <div class='ocr_carea' id='block_1_44' title="bbox 336 2249 2032 2323">
    <p class='ocr_par' dir='ltr' id='par_1_44' title="bbox 336 2249 2032 2323">
     <span class='ocr_line' id='line_1_44' title="bbox 336 2249 2032 2323; baseline -0.003 -18"><span class='ocrx_word' id='word_1_406' title='bbox 336 2254 529 2323; x_wconf 87' lang='lat' dir='ltr'>itaque</span> <span class='ocrx_word' id='word_1_407' title='bbox 584 2254 689 2305; x_wconf 92' lang='lat' dir='ltr'>hoc</span> <span class='ocrx_word' id='word_1_408' title='bbox 752 2251 924 2303; x_wconf 88' lang='lat' dir='ltr'>habet</span> <span class='ocrx_word' id='word_1_409' title='bbox 965 2250 1261 2320; x_wconf 87' lang='lat' dir='ltr'>proprium</span> <span class='ocrx_word' id='word_1_410' title='bbox 1304 2250 1456 2318; x_wconf 86' lang='lat' dir='ltr'>quod</span> <span class='ocrx_word' id='word_1_411' title='bbox 1510 2266 1574 2301; x_wconf 82' lang='lat' dir='ltr'>ex</span> <span class='ocrx_word' id='word_1_412' title='bbox 1610 2251 1770 2303; x_wconf 90' lang='lat' dir='ltr'>Patre</span> <span class='ocrx_word' id='word_1_413' title='bbox 1805 2254 1859 2302; x_wconf 89' lang='lat' dir='ltr'>et</span> <span class='ocrx_word' id='word_1_414' title='bbox 1892 2249 2032 2302; x_wconf 81' lang='lat' dir='ltr'>Filio</span> 
     </span>
    </p>
   </div>
   <div class='ocr_carea' id='block_1_45' title="bbox 336 2338 2031 2410">
    <p class='ocr_par' dir='ltr' id='par_1_45' title="bbox 336 2338 2031 2410">
     <span class='ocr_line' id='line_1_45' title="bbox 336 2338 2031 2410; baseline -0.003 -16"><span class='ocrx_word' id='word_1_415' title='bbox 336 2340 637 2410; x_wconf 66' lang='lat' dir='ltr'>aequaliter</span> <span class='ocrx_word' id='word_1_416' title='bbox 681 2338 957 2407; x_wconf 88' lang='lat' dir='ltr'>procedit,</span> <span class='ocrx_word' id='word_1_417' title='bbox 1000 2358 1024 2388; x_wconf 80' lang='grc' dir='ltr'>ι)</span> <span class='ocrx_word' id='word_1_418' title='bbox 1062 2343 1191 2405; x_wconf 82' lang='lat' dir='ltr'>etc.,</span> <span class='ocrx_word' id='word_1_419' title='bbox 1223 2353 1390 2404; x_wconf 80' lang='lat' dir='ltr'>usque</span> <span class='ocrx_word' id='word_1_420' title='bbox 1429 2338 1501 2389; x_wconf 87' lang='lat' dir='ltr'>ad</span> <span class='ocrx_word' id='word_1_421' title='bbox 1531 2338 1949 2407; x_wconf 76' lang='lat' dir='ltr'>omnipotentis</span> <span class='ocrx_word' id='word_1_422' title='bbox 1980 2343 2031 2389; x_wconf 88' lang='lat' dir='ltr'>et</span> 
     </span>
    </p>
   </div>
   <div class='ocr_carea' id='block_1_46' title="bbox 337 2429 676 2481">
    <p class='ocr_par' dir='ltr' id='par_1_46' title="bbox 337 2429 676 2481">
     <span class='ocr_line' id='line_1_46' title="bbox 337 2429 676 2481; baseline -0.006 0"><span class='ocrx_word' id='word_1_423' title='bbox 337 2429 676 2481; x_wconf 77' lang='lat' dir='ltr'>aeternitate.</span> 
     </span>
    </p>
   </div>
   <div class='ocr_carea' id='block_1_47' title="bbox 409 2620 2033 2691">
    <p class='ocr_par' dir='ltr' id='par_1_47' title="bbox 409 2620 2033 2691">
     <span class='ocr_line' id='line_1_47' title="bbox 409 2620 2033 2691; baseline -0.002 -15"><span class='ocrx_word' id='word_1_424' title='bbox 409 2625 551 2676; x_wconf 85' lang='lat' dir='ltr'>Item</span> <span class='ocrx_word' id='word_1_425' title='bbox 583 2622 816 2687; x_wconf 34' lang='lat' dir='ltr'>idemiin</span> <span class='ocrx_word' id='word_1_426' title='bbox 845 2622 1050 2675; x_wconf 90' lang='lat' dir='ltr'>eodem</span> <span class='ocrx_word' id='word_1_427' title='bbox 1087 2622 1229 2689; x_wconf 88' lang='lat' dir='ltr'>(cap.</span> <span class='ocrx_word' id='word_1_428' title='bbox 1264 2621 1344 2689; x_wconf 70' lang='lat' dir='ltr'>l5)</span> <span class='ocrx_word' id='word_1_429' title='bbox 1382 2638 1393 2674; x_wconf 90' lang='lat'><strong>:</strong></span> <span class='ocrx_word' id='word_1_430' title='bbox 1427 2643 1451 2667; x_wconf 89' lang='grc'><em>‹‹</em></span> <span class='ocrx_word' id='word_1_431' title='bbox 1476 2620 1720 2689; x_wconf 86' lang='lat' dir='ltr'>Spiritus</span> <span class='ocrx_word' id='word_1_432' title='bbox 1751 2620 2033 2691; x_wconf 89' lang='lat' dir='ltr'>siquidem</span> 
     </span>
    </p>
   </div>
   <div class='ocr_carea' id='block_1_48' title="bbox 339 2708 2030 2778">
    <p class='ocr_par' dir='ltr' id='par_1_48' title="bbox 339 2708 2030 2778">
     <span class='ocr_line' id='line_1_48' title="bbox 339 2708 2030 2778; baseline -0.001 -20"><span class='ocrx_word' id='word_1_433' title='bbox 339 2715 565 2762; x_wconf 72' lang='lat' dir='ltr'>sanctus</span> <span class='ocrx_word' id='word_1_434' title='bbox 605 2709 1040 2778; x_wconf 81' lang='lat' dir='ltr'>necingenitus,</span> <span class='ocrx_word' id='word_1_435' title='bbox 1085 2725 1187 2761; x_wconf 88' lang='lat' dir='ltr'>nec</span> <span class='ocrx_word' id='word_1_436' title='bbox 1218 2709 1443 2777; x_wconf 84' lang='lat' dir='ltr'>genitus</span> <span class='ocrx_word' id='word_1_437' title='bbox 1485 2708 1695 2761; x_wconf 89' lang='lat' dir='ltr'>alicubi</span> <span class='ocrx_word' id='word_1_438' title='bbox 1736 2708 1968 2775; x_wconf 80' lang='lat' dir='ltr'>dicitur,</span> <span class='ocrx_word' id='word_1_439' title='bbox 2006 2728 2030 2756; x_wconf 74' lang='grc' dir='ltr'>ι)</span> 
     </span>
    </p>
   </div>
   <div class='ocr_carea' id='block_1_49' title="bbox 338 2797 1627 2867">
    <p class='ocr_par' dir='ltr' id='par_1_49' title="bbox 338 2797 1627 2867">
     <span class='ocr_line' id='line_1_49' title="bbox 338 2797 1627 2867; baseline 0.002 -20"><span class='ocrx_word' id='word_1_440' title='bbox 338 2802 465 2850; x_wconf 79' lang='lat' dir='ltr'>etc..</span> <span class='ocrx_word' id='word_1_441' title='bbox 500 2812 668 2865; x_wconf 86' lang='lat' dir='ltr'>usque</span> <span class='ocrx_word' id='word_1_442' title='bbox 689 2798 781 2859; x_wconf 86' lang='lat' dir='ltr'>ad,</span> <span class='ocrx_word' id='word_1_443' title='bbox 818 2797 1085 2867; x_wconf 84' lang='lat' dir='ltr'>procedat</span> <span class='ocrx_word' id='word_1_444' title='bbox 1112 2797 1356 2865; x_wconf 88' lang='lat' dir='ltr'>Spiritus</span> <span class='ocrx_word' id='word_1_445' title='bbox 1383 2804 1627 2850; x_wconf 87' lang='lat' dir='ltr'>sanctus.</span> 
     </span>
    </p>
   </div>
   <div class='ocr_carea' id='block_1_50' title="bbox 978 2912 1385 2965">
    <p class='ocr_par' dir='ltr' id='par_1_50' title="bbox 978 2912 1385 2965">
     <span class='ocr_line' id='line_1_50' title="bbox 978 2912 1385 2965; baseline 0 0"><span class='ocrx_word' id='word_1_446' title='bbox 978 2912 1105 2965; x_wconf 78' lang='lat' dir='ltr'>CAP.</span> <span class='ocrx_word' id='word_1_447' title='bbox 1145 2912 1385 2965; x_wconf 88' lang='lat' dir='ltr'><strong>LXXXII.</strong></span> 
     </span>
    </p>
   </div>
   <div class='ocr_carea' id='block_1_51' title="bbox 416 3008 2034 3077">
    <p class='ocr_par' dir='ltr' id='par_1_51' title="bbox 416 3008 2034 3077">
     <span class='ocr_line' id='line_1_51' title="bbox 416 3008 2034 3077; baseline -0.003 -14"><span class='ocrx_word' id='word_1_448' title='bbox 416 3013 554 3063; x_wconf 90' lang='lat' dir='ltr'>ltcm</span> <span class='ocrx_word' id='word_1_449' title='bbox 586 3010 737 3062; x_wconf 87' lang='lat' dir='ltr'>idem</span> <span class='ocrx_word' id='word_1_450' title='bbox 770 3011 827 3062; x_wconf 91' lang='lat' dir='ltr'>iu</span> <span class='ocrx_word' id='word_1_451' title='bbox 858 3010 1003 3062; x_wconf 85' lang='lat' dir='ltr'>libro</span> <span class='ocrx_word' id='word_1_452' title='bbox 1036 3009 1285 3061; x_wconf 89' lang='lat' dir='ltr'>secundo</span> <span class='ocrx_word' id='word_1_453' title='bbox 1315 3010 1459 3077; x_wconf 83' lang='lat' dir='ltr'>(cap.</span> <span class='ocrx_word' id='word_1_454' title='bbox 1497 3012 1551 3075; x_wconf 84' lang='lat'>9)</span> <span class='ocrx_word' id='word_1_455' title='bbox 1588 3025 1599 3061; x_wconf 89' lang='lat'>:</span> <span class='ocrx_word' id='word_1_456' title='bbox 1639 3030 1659 3056; x_wconf 76' lang='grc' dir='ltr'>ι</span> <span class='ocrx_word' id='word_1_457' title='bbox 1709 3010 1851 3061; x_wconf 90' lang='lat' dir='ltr'>Sunt</span> <span class='ocrx_word' id='word_1_458' title='bbox 1912 3008 2034 3060; x_wconf 78' lang='lat' dir='ltr'>haec</span> 
     </span>
    </p>
   </div>
   <div class='ocr_carea' id='block_1_52' title="bbox 340 3096 2034 3165">
    <p class='ocr_par' dir='ltr' id='par_1_52' title="bbox 340 3096 2034 3165">
     <span class='ocr_line' id='line_1_52' title="bbox 340 3096 2034 3165; baseline -0.002 -15"><span class='ocrx_word' id='word_1_459' title='bbox 340 3100 451 3151; x_wconf 87' lang='lat' dir='ltr'>tria</span> <span class='ocrx_word' id='word_1_460' title='bbox 482 3100 846 3161; x_wconf 57' lang='lat' dir='ltr'>reternalitcr,</span> <span class='ocrx_word' id='word_1_461' title='bbox 881 3098 1008 3150; x_wconf 88' lang='lat' dir='ltr'>tria.</span> <span class='ocrx_word' id='word_1_462' title='bbox 1063 3097 1223 3159; x_wconf 86' lang='lat' dir='ltr'>Quod</span> <span class='ocrx_word' id='word_1_463' title='bbox 1272 3096 1595 3165; x_wconf 84' lang='lat' dir='ltr'>ingenitum</span> <span class='ocrx_word' id='word_1_464' title='bbox 1631 3103 1717 3149; x_wconf 88' lang='lat' dir='ltr'>est</span> <span class='ocrx_word' id='word_1_465' title='bbox 1748 3098 1912 3149; x_wconf 90' lang='lat' dir='ltr'>Pater</span> <span class='ocrx_word' id='word_1_466' title='bbox 1952 3102 2034 3148; x_wconf 85' lang='lat' dir='ltr'>est</span> 
     </span>
    </p>
   </div>
   <div class='ocr_carea' id='block_1_53' title="bbox 343 3185 2033 3256">
    <p class='ocr_par' dir='ltr' id='par_1_53' title="bbox 343 3185 2033 3256">
     <span class='ocr_line' id='line_1_53' title="bbox 343 3185 2033 3256; baseline 0 -18"><span class='ocrx_word' id='word_1_467' title='bbox 343 3189 516 3251; x_wconf 83' lang='lat' dir='ltr'>solus,</span> <span class='ocrx_word' id='word_1_468' title='bbox 554 3188 651 3256; x_wconf 87' lang='lat' dir='ltr'>qui</span> <span class='ocrx_word' id='word_1_469' title='bbox 683 3204 715 3239; x_wconf 91' lang='lat' dir='ltr'>a</span> <span class='ocrx_word' id='word_1_470' title='bbox 746 3188 901 3239; x_wconf 91' lang='lat' dir='ltr'>uullo</span> <span class='ocrx_word' id='word_1_471' title='bbox 942 3202 1063 3237; x_wconf 89' lang='lat' dir='ltr'>esse</span> <span class='ocrx_word' id='word_1_472' title='bbox 1098 3186 1267 3238; x_wconf 86' lang='lat' dir='ltr'>habet</span> <span class='ocrx_word' id='word_1_473' title='bbox 1307 3186 1460 3254; x_wconf 88' lang='lat' dir='ltr'>quod</span> <span class='ocrx_word' id='word_1_474' title='bbox 1494 3190 1579 3237; x_wconf 89' lang='lat' dir='ltr'>est</span> <span class='ocrx_word' id='word_1_475' title='bbox 1609 3185 1717 3237; x_wconf 86' lang='lat' dir='ltr'>nisi</span> <span class='ocrx_word' id='word_1_476' title='bbox 1750 3200 1781 3237; x_wconf 91' lang='lat' dir='ltr'>a</span> <span class='ocrx_word' id='word_1_477' title='bbox 1824 3185 2033 3254; x_wconf 86' lang='lat' dir='ltr'>seipso.</span> 
     </span>
    </p>
   </div>
   <div class='ocr_carea' id='block_1_54' title="bbox 342 3274 2037 3343">
    <p class='ocr_par' dir='ltr' id='par_1_54' title="bbox 342 3274 2037 3343">
     <span class='ocr_line' id='line_1_54' title="bbox 342 3274 2037 3343; baseline -0.002 -15"><span class='ocrx_word' id='word_1_478' title='bbox 342 3276 503 3339; x_wconf 88' lang='lat' dir='ltr'>Quod</span> <span class='ocrx_word' id='word_1_479' title='bbox 535 3275 791 3343; x_wconf 83' lang='lat' dir='ltr'>genitum</span> <span class='ocrx_word' id='word_1_480' title='bbox 834 3282 916 3326; x_wconf 82' lang='lat' dir='ltr'>est</span> <span class='ocrx_word' id='word_1_481' title='bbox 960 3274 1132 3325; x_wconf 81' lang='lat' dir='ltr'>Filius</span> <span class='ocrx_word' id='word_1_482' title='bbox 1185 3279 1288 3337; x_wconf 87' lang='lat' dir='ltr'>est,</span> <span class='ocrx_word' id='word_1_483' title='bbox 1350 3274 1505 3325; x_wconf 89' lang='lat' dir='ltr'>cuia</span> <span class='ocrx_word' id='word_1_484' title='bbox 1554 3274 1720 3326; x_wconf 85' lang='lat' dir='ltr'>Patre</span> <span class='ocrx_word' id='word_1_485' title='bbox 1773 3280 1857 3327; x_wconf 88' lang='lat' dir='ltr'>est</span> <span class='ocrx_word' id='word_1_486' title='bbox 1916 3290 2037 3326; x_wconf 80' lang='lat' dir='ltr'>esse</span> 
     </span>
    </p>
   </div>
   <div class='ocr_carea' id='block_1_55' title="bbox 345 3362 2040 3435">
    <p class='ocr_par' dir='ltr' id='par_1_55' title="bbox 345 3362 2040 3435">
     <span class='ocr_line' id='line_1_55' title="bbox 345 3362 2040 3435; baseline -0.001 -19"><span class='ocrx_word' id='word_1_487' title='bbox 345 3366 498 3435; x_wconf 88' lang='lat' dir='ltr'>quod</span> <span class='ocrx_word' id='word_1_488' title='bbox 532 3367 635 3417; x_wconf 89' lang='lat' dir='ltr'>est.</span> <span class='ocrx_word' id='word_1_489' title='bbox 670 3364 826 3426; x_wconf 92' lang='lat' dir='ltr'>Quod</span> <span class='ocrx_word' id='word_1_490' title='bbox 887 3378 1019 3415; x_wconf 76' lang='lat' dir='ltr'>vero</span> <span class='ocrx_word' id='word_1_491' title='bbox 1054 3378 1158 3414; x_wconf 89' lang='lat' dir='ltr'>nec</span> <span class='ocrx_word' id='word_1_492' title='bbox 1206 3362 1528 3431; x_wconf 76' lang='lat' dir='ltr'>ingenitum</span> <span class='ocrx_word' id='word_1_493' title='bbox 1569 3367 1673 3426; x_wconf 81' lang='lat' dir='ltr'>est,</span> <span class='ocrx_word' id='word_1_494' title='bbox 1734 3378 1835 3414; x_wconf 91' lang='lat' dir='ltr'>nec</span> <span class='ocrx_word' id='word_1_495' title='bbox 1894 3363 2040 3431; x_wconf 82' lang='lat' dir='ltr'>geni-</span> 
     </span>
    </p>
   </div>
   <div class='ocr_carea' id='block_1_56' title="bbox 346 3451 2038 3522">
    <p class='ocr_par' dir='ltr' id='par_1_56' title="bbox 346 3451 2038 3522">
     <span class='ocr_line' id='line_1_56' title="bbox 346 3451 2038 3522; baseline -0.002 -16"><span class='ocrx_word' id='word_1_496' title='bbox 346 3462 490 3511; x_wconf 84' lang='lat' dir='ltr'>tum.</span> <span class='ocrx_word' id='word_1_497' title='bbox 542 3453 785 3522; x_wconf 87' lang='lat' dir='ltr'>Spiritus</span> <span class='ocrx_word' id='word_1_498' title='bbox 835 3457 1064 3503; x_wconf 90' lang='lat' dir='ltr'>sanctus</span> <span class='ocrx_word' id='word_1_499' title='bbox 1115 3456 1216 3509; x_wconf 89' lang='lat' dir='ltr'>est,</span> <span class='ocrx_word' id='word_1_500' title='bbox 1267 3451 1360 3502; x_wconf 90' lang='lat' dir='ltr'>cui</span> <span class='ocrx_word' id='word_1_501' title='bbox 1415 3457 1497 3503; x_wconf 82' lang='lat' dir='ltr'>est</span> <span class='ocrx_word' id='word_1_502' title='bbox 1550 3467 1675 3503; x_wconf 84' lang='lat' dir='ltr'>esse</span> <span class='ocrx_word' id='word_1_503' title='bbox 1725 3466 1757 3503; x_wconf 87' lang='lat' dir='ltr'>a</span> <span class='ocrx_word' id='word_1_504' title='bbox 1788 3451 1951 3503; x_wconf 88' lang='lat' dir='ltr'>Patre</span> <span class='ocrx_word' id='word_1_505' title='bbox 1984 3456 2038 3502; x_wconf 88' lang='lat' dir='ltr'>et</span> 
     </span>
    </p>
   </div>
   <div class='ocr_carea' id='block_1_57' title="bbox 350 3538 2039 3611">
    <p class='ocr_par' dir='ltr' id='par_1_57' title="bbox 350 3538 2039 3611">
     <span class='ocr_line' id='line_1_57' title="bbox 350 3538 2039 3611; baseline -0.002 -16"><span class='ocrx_word' id='word_1_506' title='bbox 350 3542 488 3595; x_wconf 78' lang='lat' dir='ltr'>Filio</span> <span class='ocrx_word' id='word_1_507' title='bbox 520 3541 845 3611; x_wconf 85' lang='lat' dir='ltr'>procedere.</span> <span class='ocrx_word' id='word_1_508' title='bbox 898 3541 960 3592; x_wconf 87' lang='lat' dir='ltr'>Et</span> <span class='ocrx_word' id='word_1_509' title='bbox 984 3540 1119 3592; x_wconf 63' lang='grc' dir='ltr'>αἱ]ωο</span> <span class='ocrx_word' id='word_1_510' title='bbox 1152 3538 1260 3591; x_wconf 89' lang='lat' dir='ltr'>tria</span> <span class='ocrx_word' id='word_1_511' title='bbox 1290 3538 1534 3592; x_wconf 88' lang='lat' dir='ltr'>Trinitas</span> <span class='ocrx_word' id='word_1_512' title='bbox 1565 3546 1650 3593; x_wconf 90' lang='lat' dir='ltr'>est</span> <span class='ocrx_word' id='word_1_513' title='bbox 1707 3554 1856 3603; x_wconf 87' lang='lat' dir='ltr'>vera,</span> <span class='ocrx_word' id='word_1_514' title='bbox 1909 3554 2039 3591; x_wconf 91' lang='lat' dir='ltr'>con-</span> 
     </span>
    </p>
   </div>
   <div class='ocr_carea' id='block_1_58' title="bbox 346 3629 3782 3755">
    <p class='ocr_par' dir='ltr' id='par_1_58' title="bbox 346 3629 3782 3755">
     <span class='ocr_line' id='line_1_58' title="bbox 346 3629 3373 3692; baseline 0.003 -10"><span class='ocrx_word' id='word_1_515' title='bbox 346 3629 731 3683; x_wconf 87' lang='lat' dir='ltr'>substantialis</span> <span class='ocrx_word' id='word_1_516' title='bbox 763 3634 817 3682; x_wconf 91' lang='lat' dir='ltr'>et</span> <span class='ocrx_word' id='word_1_517' title='bbox 842 3632 1143 3682; x_wconf 64' lang='lat' dir='ltr'>coaeterna.</span> <span class='ocrx_word' id='word_1_518' title='bbox 1194 3650 1219 3674; x_wconf 87' lang='grc'><strong>››</strong></span> <span class='ocrx_word' id='word_1_519' title='bbox 2478 3682 2487 3690; x_wconf 96' lang='grc'><em>.</em></span> <span class='ocrx_word' id='word_1_520' title='bbox 2598 3681 2607 3690; x_wconf 95' lang='grc'>.</span> <span class='ocrx_word' id='word_1_521' title='bbox 2718 3683 2723 3688; x_wconf 91' lang='grc'><strong><em>.</em></strong></span> <span class='ocrx_word' id='word_1_522' title='bbox 3262 3683 3271 3691; x_wconf 94' lang='grc'><em>.</em></span> <span class='ocrx_word' id='word_1_523' title='bbox 3365 3683 3373 3692; x_wconf 97' lang='grc'><em>.</em></span> 
     </span>
     <span class='ocr_line' id='line_1_59' title="bbox 972 3681 3782 3755; baseline 0 -24"><span class='ocrx_word' id='word_1_524' title='bbox 972 3743 1004 3755; x_wconf 45' lang='grc' dir='ltr'>Α</span> <span class='ocrx_word' id='word_1_525' title='bbox 1144 3744 1159 3755; x_wconf 49' lang='grc'><em>.</em></span> <span class='ocrx_word' id='word_1_526' title='bbox 2221 3682 2563 3736; x_wconf 81' lang='lat' dir='ltr'>Prudentius</span> <span class='ocrx_word' id='word_1_527' title='bbox 2594 3697 2653 3733; x_wconf 81' lang='lat' dir='ltr'>in</span> <span class='ocrx_word' id='word_1_528' title='bbox 2694 3681 2835 3733; x_wconf 81' lang='lat' dir='ltr'>libro</span> <span class='ocrx_word' id='word_1_529' title='bbox 2881 3687 3076 3734; x_wconf 88' lang='lat' dir='ltr'>contra</span> <span class='ocrx_word' id='word_1_530' title='bbox 3109 3682 3465 3736; x_wconf 68' lang='lat' dir='ltr'>Marcnonitas</span> <span class='ocrx_word' id='word_1_531' title='bbox 3515 3689 3684 3737; x_wconf 75' lang='lat' dir='ltr'>metro</span> <span class='ocrx_word' id='word_1_532' title='bbox 3720 3682 3782 3733; x_wconf 61' lang='lat' dir='ltr'>he</span> 
     </span>
    </p>
   </div>
   <div class='ocr_carea' id='block_1_59' title="bbox 967 3742 2486 3838">
    <p class='ocr_par' dir='ltr' id='par_1_59' title="bbox 967 3742 2486 3838">
     <span class='ocr_line' id='line_1_60' title="bbox 967 3742 2486 3838; baseline 0.011 -42"><span class='ocrx_word' id='word_1_533' title='bbox 967 3743 1093 3797; x_wconf 79' lang='lat' dir='ltr'>CAP.</span> <span class='ocrx_word' id='word_1_534' title='bbox 1143 3742 1401 3796; x_wconf 87' lang='lat' dir='ltr'><strong>LXXXIII.</strong></span> <span class='ocrx_word' id='word_1_535' title='bbox 2152 3771 2300 3823; x_wconf 68' lang='lat' dir='ltr'>roico</span> <span class='ocrx_word' id='word_1_536' title='bbox 2326 3772 2409 3838; x_wconf 57' lang='grc' dir='ltr'>(ίη</span> <span class='ocrx_word' id='word_1_537' title='bbox 2437 3786 2486 3838; x_wconf 58' lang='grc' dir='ltr'>ρ,</span> 
     </span>
    </p>
   </div>
   <div class='ocr_carea' id='block_1_60' title="bbox 1669 3742 3188 3838">
    <p class='ocr_par' dir='ltr' id='par_1_60' title="bbox 2152 3769 3188 3838">
     <span class='ocr_line' id='line_1_61' title="bbox 2152 3769 3188 3838; baseline -0.001 -15"><span class='ocrx_word' id='word_1_538' title='bbox 2152 3771 2300 3823; x_wconf 90' lang='lat' dir='ltr'>roico</span> <span class='ocrx_word' id='word_1_539' title='bbox 2326 3772 2409 3838; x_wconf 66' lang='lat' dir='ltr'>(in</span> <span class='ocrx_word' id='word_1_540' title='bbox 2437 3774 2675 3838; x_wconf 81' lang='lat' dir='ltr'>perorat.</span> <span class='ocrx_word' id='word_1_541' title='bbox 2702 3769 3145 3837; x_wconf 76' lang='lat' dir='ltr'>Hamartigenia)</span> <span class='ocrx_word' id='word_1_542' title='bbox 3178 3787 3188 3822; x_wconf 92' lang='lat'>:</span> 
     </span>
    </p>
   </div>
   <div class='ocr_carea' id='block_1_61' title="bbox 420 3839 3782 3927">
    <p class='ocr_par' dir='ltr' id='par_1_61' title="bbox 420 3839 3782 3927">
     <span class='ocr_line' id='line_1_62' title="bbox 420 3839 3782 3927; baseline 0 -34"><span class='ocrx_word' id='word_1_543' title='bbox 420 3843 557 3893; x_wconf 87' lang='lat' dir='ltr'>Item</span> <span class='ocrx_word' id='word_1_544' title='bbox 591 3842 744 3894; x_wconf 92' lang='lat' dir='ltr'>idem</span> <span class='ocrx_word' id='word_1_545' title='bbox 771 3840 827 3893; x_wconf 90' lang='lat' dir='ltr'>in</span> <span class='ocrx_word' id='word_1_546' title='bbox 863 3840 1009 3893; x_wconf 92' lang='lat' dir='ltr'>libro</span> <span class='ocrx_word' id='word_1_547' title='bbox 1042 3842 1292 3893; x_wconf 91' lang='lat' dir='ltr'>secundo</span> <span class='ocrx_word' id='word_1_548' title='bbox 1325 3842 1468 3909; x_wconf 86' lang='lat' dir='ltr'>(cap.</span> <span class='ocrx_word' id='word_1_549' title='bbox 1510 3844 1596 3905; x_wconf 80' lang='lat' dir='ltr'>II)</span> <span class='ocrx_word' id='word_1_550' title='bbox 1625 3879 1638 3892; x_wconf 94' lang='lat'>.</span> <span class='ocrx_word' id='word_1_551' title='bbox 1668 3861 1689 3888; x_wconf 81' lang='grc' dir='ltr'>ι</span> <span class='ocrx_word' id='word_1_552' title='bbox 1722 3841 1784 3892; x_wconf 91' lang='lat' dir='ltr'>In</span> <span class='ocrx_word' id='word_1_553' title='bbox 1817 3839 2039 3893; x_wconf 87' lang='lat' dir='ltr'>Christo</span> <span class='ocrx_word' id='word_1_554' title='bbox 2293 3859 2335 3913; x_wconf 83' lang='lat'>0</span> <span class='ocrx_word' id='word_1_555' title='bbox 2368 3860 2476 3912; x_wconf 73' lang='lat' dir='ltr'>Dee</span> <span class='ocrx_word' id='word_1_556' title='bbox 2499 3858 2894 3927; x_wconf 69' lang='grc' dir='ltr'>οηηοίίροιρηε</span> <span class='ocrx_word' id='word_1_557' title='bbox 2939 3858 3143 3911; x_wconf 55' lang='lat' dir='ltr'>animm</span> <span class='ocrx_word' id='word_1_558' title='bbox 3176 3859 3360 3923; x_wconf 54' lang='lat' dir='ltr'>dator,</span> <span class='ocrx_word' id='word_1_559' title='bbox 3394 3878 3425 3912; x_wconf 83' lang='grc' dir='ltr'>ο</span> <span class='ocrx_word' id='word_1_560' title='bbox 3461 3861 3569 3914; x_wconf 67' lang='lat' dir='ltr'>Dee</span> <span class='ocrx_word' id='word_1_561' title='bbox 3601 3861 3782 3914; x_wconf 18' lang='lat' dir='ltr'>cum,”</span> 
     </span>
    </p>
   </div>
   <div class='ocr_carea' id='block_1_62' title="bbox 348 3927 3624 4017">
    <p class='ocr_par' dir='ltr' id='par_1_62' title="bbox 348 3927 3624 4017">
     <span class='ocr_line' id='line_1_63' title="bbox 348 3927 3624 4017; baseline -0.001 -36"><span class='ocrx_word' id='word_1_562' title='bbox 348 3935 536 3982; x_wconf 80' lang='lat' dir='ltr'>autem</span> <span class='ocrx_word' id='word_1_563' title='bbox 571 3929 884 3982; x_wconf 89' lang='lat' dir='ltr'>secundum</span> <span class='ocrx_word' id='word_1_564' title='bbox 917 3929 1211 3981; x_wconf 56' lang='lat' dir='ltr'>catholica).</span> <span class='ocrx_word' id='word_1_565' title='bbox 1262 3928 1394 3981; x_wconf 82' lang='lat' dir='ltr'>ﬁdei</span> <span class='ocrx_word' id='word_1_566' title='bbox 1451 3928 1769 3993; x_wconf 86' lang='lat' dir='ltr'>veritatem,</span> <span class='ocrx_word' id='word_1_567' title='bbox 1803 3927 1861 3980; x_wconf 88' lang='lat' dir='ltr'>in</span> <span class='ocrx_word' id='word_1_568' title='bbox 1907 3928 2041 3980; x_wconf 90' lang='lat' dir='ltr'>uni-</span> <span class='ocrx_word' id='word_1_569' title='bbox 2293 3948 2464 4017; x_wconf 61' lang='lat' dir='ltr'>Cujus</span> <span class='ocrx_word' id='word_1_570' title='bbox 2494 3947 2563 3999; x_wconf 66' lang='lat' dir='ltr'>ab</span> <span class='ocrx_word' id='word_1_571' title='bbox 2596 3963 2693 3999; x_wconf 65' lang='lat' dir='ltr'>ore</span> <span class='ocrx_word' id='word_1_572' title='bbox 2728 3946 2873 3999; x_wconf 72' lang='lat' dir='ltr'><strong>Deus</strong></span> <span class='ocrx_word' id='word_1_573' title='bbox 2904 3946 3153 3999; x_wconf 52' lang='lat' dir='ltr'>substitit</span> <span class='ocrx_word' id='word_1_574' title='bbox 3182 3946 3432 4015; x_wconf 54' lang='lat' dir='ltr'>Spiritus</span> <span class='ocrx_word' id='word_1_575' title='bbox 3464 3965 3624 4001; x_wconf 39' lang='lat' dir='ltr'>unus.</span> 
     </span>
    </p>
   </div>
   <div class='ocr_carea' id='block_1_63' title="bbox 346 4016 3143 4106">
    <p class='ocr_par' dir='ltr' id='par_1_63' title="bbox 346 4016 3143 4106">
     <span class='ocr_line' id='line_1_64' title="bbox 346 4016 3143 4106; baseline -0.001 -37"><span class='ocrx_word' id='word_1_576' title='bbox 346 4022 457 4106; x_wconf 85' lang='lat' dir='ltr'>tate</span> <span class='ocrx_word' id='word_1_577' title='bbox 490 4034 746 4087; x_wconf 66' lang='lat' dir='ltr'>persona:</span> <span class='ocrx_word' id='word_1_578' title='bbox 780 4018 949 4069; x_wconf 90' lang='lat' dir='ltr'>simul</span> <span class='ocrx_word' id='word_1_579' title='bbox 976 4023 1030 4069; x_wconf 90' lang='lat' dir='ltr'>et</span> <span class='ocrx_word' id='word_1_580' title='bbox 1060 4018 1329 4106; x_wconf 87' lang='lat' dir='ltr'>deitatem</span> <span class='ocrx_word' id='word_1_581' title='bbox 1372 4017 1638 4106; x_wconf 86' lang='lat' dir='ltr'>fatemur,</span> <span class='ocrx_word' id='word_1_582' title='bbox 1674 4024 1731 4069; x_wconf 91' lang='lat' dir='ltr'>et</span> <span class='ocrx_word' id='word_1_583' title='bbox 1771 4016 2037 4106; x_wconf 72' lang='lat' dir='ltr'>animam</span> <span class='ocrx_word' id='word_1_584' title='bbox 2376 4016 2379 4017; x_wconf 62' lang='grc'><strong><em>⁷</em></strong></span> <span class='ocrx_word' id='word_1_585' title='bbox 2850 4053 2977 4106; x_wconf 42' lang='lat' dir='ltr'>CAP.</span> <span class='ocrx_word' id='word_1_586' title='bbox 3016 4052 3143 4105; x_wconf 43' lang='lat' dir='ltr'>XCI.</span> 
     </span>
    </p>
   </div>
   <div class='ocr_carea' id='block_1_64' title="bbox 346 4103 3769 4180">
    <p class='ocr_par' dir='ltr' id='par_1_64' title="bbox 346 4103 3769 4180">
     <span class='ocr_line' id='line_1_65' title="bbox 346 4103 3769 4180; baseline 0 -23"><span class='ocrx_word' id='word_1_587' title='bbox 346 4105 681 4157; x_wconf 86' lang='lat' dir='ltr'>rationalem</span> <span class='ocrx_word' id='word_1_588' title='bbox 710 4110 765 4157; x_wconf 90' lang='lat' dir='ltr'>et</span> <span class='ocrx_word' id='word_1_589' title='bbox 788 4120 1041 4156; x_wconf 82' lang='lat' dir='ltr'>carnem.</span> <span class='ocrx_word' id='word_1_590' title='bbox 1080 4105 1138 4157; x_wconf 90' lang='lat' dir='ltr'>Iu</span> <span class='ocrx_word' id='word_1_591' title='bbox 1171 4121 1285 4173; x_wconf 86' lang='lat' dir='ltr'>qua</span> <span class='ocrx_word' id='word_1_592' title='bbox 1316 4110 1508 4157; x_wconf 83' lang='lat' dir='ltr'>tamen</span> <span class='ocrx_word' id='word_1_593' title='bbox 1551 4104 1731 4156; x_wconf 87' lang='lat' dir='ltr'>deitas</span> <span class='ocrx_word' id='word_1_594' title='bbox 1762 4103 2039 4172; x_wconf 85' lang='lat' dir='ltr'>Spiritum</span> <span class='ocrx_word' id='word_1_595' title='bbox 2225 4160 2361 4180; x_wconf 36' lang='lat' dir='ltr'>“ﬂ.</span> <span class='ocrx_word' id='word_1_596' title='bbox 2426 4158 2570 4180; x_wconf 40' lang='grc' dir='ltr'>ῌΛῌ</span> <span class='ocrx_word' id='word_1_597' title='bbox 2629 4157 2682 4180; x_wconf 37' lang='lat' dir='ltr'>:n</span> <span class='ocrx_word' id='word_1_598' title='bbox 2746 4103 3284 4180; x_wconf 23' lang='lat' dir='ltr'>&quot;L_:”;&quot;_____;_.___</span> <span class='ocrx_word' id='word_1_599' title='bbox 3355 4164 3533 4180; x_wconf 21' lang='lat' dir='ltr'>__A‘__A</span> <span class='ocrx_word' id='word_1_600' title='bbox 3600 4154 3769 4180; x_wconf 28' lang='lat'>1‘4“</span> 
     </span>
    </p>
   </div>
   <div class='ocr_carea' id='block_1_65' title="bbox 348 4156 3783 4269">
    <p class='ocr_par' dir='ltr' id='par_1_65' title="bbox 348 4156 3783 4269">
     <span class='ocr_line' id='line_1_66' title="bbox 348 4156 3783 4269; baseline -0.001 -24"><span class='ocrx_word' id='word_1_601' title='bbox 348 4193 602 4261; x_wconf 86' lang='lat' dir='ltr'>accipere</span> <span class='ocrx_word' id='word_1_602' title='bbox 634 4208 748 4244; x_wconf 91' lang='lat' dir='ltr'>non</span> <span class='ocrx_word' id='word_1_603' title='bbox 796 4195 997 4259; x_wconf 86' lang='lat' dir='ltr'>potuit,</span> <span class='ocrx_word' id='word_1_604' title='bbox 1052 4193 1187 4263; x_wconf 78' lang='lat' dir='ltr'>quia</span> <span class='ocrx_word' id='word_1_605' title='bbox 1218 4194 1532 4244; x_wconf 90' lang='lat' dir='ltr'>secundum</span> <span class='ocrx_word' id='word_1_606' title='bbox 1565 4192 1838 4245; x_wconf 81' lang='lat' dir='ltr'>deitatem</span> <span class='ocrx_word' id='word_1_607' title='bbox 1874 4193 2043 4245; x_wconf 88' lang='lat' dir='ltr'>Pater</span> <span class='ocrx_word' id='word_1_608' title='bbox 2158 4160 2365 4269; x_wconf 32' lang='lat' dir='ltr'>[stin</span> <span class='ocrx_word' id='word_1_609' title='bbox 2404 4157 2888 4269; x_wconf 41' lang='lat' dir='ltr'>“lginiinwlikfr?</span> <span class='ocrx_word' id='word_1_610' title='bbox 2937 4158 3289 4226; x_wconf 62' lang='lat' dir='ltr'>Hymnowm</span> <span class='ocrx_word' id='word_1_611' title='bbox 3354 4164 3538 4211; x_wconf 51' lang='lat' dir='ltr'><strong>metro</strong></span> <span class='ocrx_word' id='word_1_612' title='bbox 3598 4156 3783 4210; x_wconf 42' lang='lat' dir='ltr'>lambit”</span> 
     </span>
    </p>
   </div>
   <div class='ocr_carea' id='block_1_66' title="bbox 351 4245 2871 4349">
    <p class='ocr_par' dir='ltr' id='par_1_66' title="bbox 351 4245 2871 4349">
     <span class='ocr_line' id='line_1_67' title="bbox 351 4245 2871 4349; baseline -0.006 -20"><span class='ocrx_word' id='word_1_613' title='bbox 351 4286 401 4332; x_wconf 76' lang='lat' dir='ltr'>et</span> <span class='ocrx_word' id='word_1_614' title='bbox 425 4245 600 4332; x_wconf 75' lang='lat' dir='ltr'>Filius</span> <span class='ocrx_word' id='word_1_615' title='bbox 628 4285 683 4331; x_wconf 87' lang='lat' dir='ltr'>et</span> <span class='ocrx_word' id='word_1_616' title='bbox 712 4245 951 4348; x_wconf 67' lang='lat' dir='ltr'>Spiritus</span> <span class='ocrx_word' id='word_1_617' title='bbox 984 4245 1208 4333; x_wconf 65' lang='lat' dir='ltr'>sadctus</span> <span class='ocrx_word' id='word_1_618' title='bbox 1244 4296 1393 4332; x_wconf 91' lang='lat' dir='ltr'>unus</span> <span class='ocrx_word' id='word_1_619' title='bbox 1424 4287 1505 4332; x_wconf 90' lang='lat' dir='ltr'>est</span> <span class='ocrx_word' id='word_1_620' title='bbox 1534 4282 1699 4333; x_wconf 89' lang='lat' dir='ltr'>Deus.</span> <span class='ocrx_word' id='word_1_621' title='bbox 1735 4281 1856 4333; x_wconf 85' lang='lat' dir='ltr'>Non</span> <span class='ocrx_word' id='word_1_622' title='bbox 1902 4295 2038 4349; x_wconf 78' lang='lat' dir='ltr'>ergo</span> <span class='ocrx_word' id='word_1_623' title='bbox 2083 4343 2114 4349; x_wconf 73' lang='lat'><strong><em>_</em></strong></span> <span class='ocrx_word' id='word_1_624' title='bbox 2156 4248 2363 4316; x_wconf 66' lang='lat' dir='ltr'>(hymn&#39;</span> <span class='ocrx_word' id='word_1_625' title='bbox 2398 4252 2522 4299; x_wconf 67' lang='lat' dir='ltr'>“me</span> <span class='ocrx_word' id='word_1_626' title='bbox 2552 4245 2815 4315; x_wconf 70' lang='lat' dir='ltr'>somnum)</span> <span class='ocrx_word' id='word_1_627' title='bbox 2860 4259 2871 4297; x_wconf 70' lang='grc' dir='ltr'><strong><em>ἶ</em></strong></span> 
     </span>
    </p>
   </div>
   <div class='ocr_carea' id='block_1_67' title="bbox 2859 3575 3122 3630">
    <p class='ocr_par' dir='ltr' id='par_1_67' title="bbox 2859 3575 3122 3630">
     <span class='ocr_line' id='line_1_68' title="bbox 2859 3575 3122 3630; baseline -0.004 -2"><span class='ocrx_word' id='word_1_628' title='bbox 2859 3576 2984 3628; x_wconf 74' lang='lat' dir='ltr'>CAP.</span> <span class='ocrx_word' id='word_1_629' title='bbox 3022 3575 3122 3630; x_wconf 89' lang='lat' dir='ltr'>XC.</span> 
     </span>
    </p>
   </div>
   <div class='ocr_carea' id='block_1_68' title="bbox 349 4343 3129 4436">
    <p class='ocr_par' dir='ltr' id='par_1_68' title="bbox 349 4343 3129 4436">
     <span class='ocr_line' id='line_1_69' title="bbox 349 4343 3129 4436; baseline -0 -19"><span class='ocrx_word' id='word_1_630' title='bbox 349 4366 538 4434; x_wconf 90' lang='lat' dir='ltr'>potuit</span> <span class='ocrx_word' id='word_1_631' title='bbox 564 4343 837 4435; x_wconf 82' lang='lat' dir='ltr'>Spiritum</span> <span class='ocrx_word' id='word_1_632' title='bbox 864 4372 1121 4418; x_wconf 89' lang='lat' dir='ltr'>sanctum</span> <span class='ocrx_word' id='word_1_633' title='bbox 1158 4366 1425 4419; x_wconf 86' lang='lat' dir='ltr'>divinitas</span> <span class='ocrx_word' id='word_1_634' title='bbox 1458 4367 1579 4419; x_wconf 81' lang='lat' dir='ltr'>Filii</span> <span class='ocrx_word' id='word_1_635' title='bbox 1600 4368 1874 4436; x_wconf 88' lang='lat' dir='ltr'>accipere,</span> <span class='ocrx_word' id='word_1_636' title='bbox 1906 4343 2036 4419; x_wconf 41' lang='lat' dir='ltr'>cuvm</span> <span class='ocrx_word' id='word_1_637' title='bbox 2083 4343 2122 4395; x_wconf 72' lang='grc' dir='ltr'>θ</span> <span class='ocrx_word' id='word_1_638' title='bbox 2541 4349 2583 4402; x_wconf 71' lang='grc' dir='ltr'><strong>ί)</strong></span> <span class='ocrx_word' id='word_1_639' title='bbox 2614 4348 2905 4402; x_wconf 60' lang='lat' dir='ltr'>Trinitatis</span> <span class='ocrx_word' id='word_1_640' title='bbox 2938 4349 3129 4419; x_wconf 58' lang='lat' dir='ltr'>hui“,</span> 
     </span>
    </p>
   </div>
   <div class='ocr_carea' id='block_1_69' title="bbox 348 4437 3227 4524">
    <p class='ocr_par' dir='ltr' id='par_1_69' title="bbox 348 4437 3227 4524">
     <span class='ocr_line' id='line_1_70' title="bbox 348 4437 3227 4524; baseline -0.001 -17"><span class='ocrx_word' id='word_1_641' title='bbox 348 4456 471 4523; x_wconf 89' lang='lat' dir='ltr'>ipse</span> <span class='ocrx_word' id='word_1_642' title='bbox 529 4454 771 4522; x_wconf 89' lang='lat' dir='ltr'>Spiritus</span> <span class='ocrx_word' id='word_1_643' title='bbox 828 4460 1056 4508; x_wconf 87' lang='lat' dir='ltr'>sanctus</span> <span class='ocrx_word' id='word_1_644' title='bbox 1107 4454 1186 4507; x_wconf 89' lang='lat' dir='ltr'>sic</span> <span class='ocrx_word' id='word_1_645' title='bbox 1232 4454 1502 4524; x_wconf 88' lang='lat' dir='ltr'>procedat</span> <span class='ocrx_word' id='word_1_646' title='bbox 1561 4472 1593 4508; x_wconf 92' lang='lat' dir='ltr'>a</span> <span class='ocrx_word' id='word_1_647' title='bbox 1644 4456 1807 4523; x_wconf 84' lang='lat' dir='ltr'>Filio,</span> <span class='ocrx_word' id='word_1_648' title='bbox 1894 4454 2039 4507; x_wconf 86' lang='lat' dir='ltr'>sicut</span> <span class='ocrx_word' id='word_1_649' title='bbox 2542 4438 2633 4489; x_wconf 67' lang='lat' dir='ltr'>Vis</span> <span class='ocrx_word' id='word_1_650' title='bbox 2656 4437 2995 4490; x_wconf 70' lang='lat' dir='ltr'>unalumen</span> <span class='ocrx_word' id='word_1_651' title='bbox 3025 4453 3227 4503; x_wconf 63' lang='lat' dir='ltr'>unum,</span> 
     </span>
    </p>
   </div>
   <div class='ocr_carea' id='block_1_70' title="bbox 350 4526 3255 4612">
    <p class='ocr_par' dir='ltr' id='par_1_70' title="bbox 350 4526 3255 4612">
     <span class='ocr_line' id='line_1_71' title="bbox 350 4526 3255 4612; baseline -0.002 -17"><span class='ocrx_word' id='word_1_652' title='bbox 350 4544 613 4612; x_wconf 86' lang='lat' dir='ltr'>procedit</span> <span class='ocrx_word' id='word_1_653' title='bbox 640 4560 671 4596; x_wconf 92' lang='lat' dir='ltr'>a</span> <span class='ocrx_word' id='word_1_654' title='bbox 704 4544 888 4606; x_wconf 86' lang='lat' dir='ltr'>Patre,</span> <span class='ocrx_word' id='word_1_655' title='bbox 919 4549 975 4597; x_wconf 87' lang='lat' dir='ltr'>et</span> <span class='ocrx_word' id='word_1_656' title='bbox 1020 4544 1099 4596; x_wconf 90' lang='lat' dir='ltr'>sic</span> <span class='ocrx_word' id='word_1_657' title='bbox 1145 4544 1313 4597; x_wconf 90' lang='lat' dir='ltr'>detur</span> <span class='ocrx_word' id='word_1_658' title='bbox 1356 4560 1387 4595; x_wconf 90' lang='lat' dir='ltr'>a</span> <span class='ocrx_word' id='word_1_659' title='bbox 1438 4543 1580 4596; x_wconf 81' lang='lat' dir='ltr'>Filio</span> <span class='ocrx_word' id='word_1_660' title='bbox 1622 4544 1767 4597; x_wconf 82' lang='lat' dir='ltr'>sicut</span> <span class='ocrx_word' id='word_1_661' title='bbox 1815 4544 1983 4596; x_wconf 90' lang='lat' dir='ltr'>datur</span> <span class='ocrx_word' id='word_1_662' title='bbox 2008 4560 2038 4594; x_wconf 87' lang='lat' dir='ltr'>a</span> <span class='ocrx_word' id='word_1_663' title='bbox 2542 4527 2687 4579; x_wconf 62' lang='lat' dir='ltr'>Deus</span> <span class='ocrx_word' id='word_1_664' title='bbox 2723 4541 2787 4578; x_wconf 67' lang='lat' dir='ltr'>ex</span> <span class='ocrx_word' id='word_1_665' title='bbox 2823 4527 2937 4578; x_wconf 70' lang='lat' dir='ltr'>D30</span> <span class='ocrx_word' id='word_1_666' title='bbox 2969 4526 3255 4594; x_wconf 68' lang='grc' dir='ltr'>ρθτεηηίεν</span> 
     </span>
    </p>
   </div>
   <div class='ocr_carea' id='block_1_71' title="bbox 352 4614 3308 4685">
    <p class='ocr_par' dir='ltr' id='par_1_71' title="bbox 352 4614 3308 4685">
     <span class='ocr_line' id='line_1_72' title="bbox 352 4614 3308 4685; baseline -0.006 -2"><span class='ocrx_word' id='word_1_667' title='bbox 352 4632 535 4685; x_wconf 79' lang='lat' dir='ltr'>Patre.</span> <span class='ocrx_word' id='word_1_668' title='bbox 585 4652 609 4681; x_wconf 83' lang='lat'><strong>»</strong></span> <span class='ocrx_word' id='word_1_669' title='bbox 2544 4616 2689 4668; x_wconf 87' lang='lat' dir='ltr'>Deus</span> <span class='ocrx_word' id='word_1_670' title='bbox 2713 4630 2779 4667; x_wconf 83' lang='lat' dir='ltr'>ex</span> <span class='ocrx_word' id='word_1_671' title='bbox 2812 4620 3055 4684; x_wconf 89' lang='lat' dir='ltr'>utroque</span> <span class='ocrx_word' id='word_1_672' title='bbox 3085 4614 3308 4667; x_wconf 81' lang='lat' dir='ltr'>missus.</span> 
     </span>
    </p>
   </div>
   <div class='ocr_carea' id='block_1_72' title="bbox 974 4720 3153 4783">
    <p class='ocr_par' dir='ltr' id='par_1_72' title="bbox 974 4720 3153 4783">
     <span class='ocr_line' id='line_1_73' title="bbox 974 4720 3153 4783; baseline 0.001 -6"><span class='ocrx_word' id='word_1_673' title='bbox 974 4724 1103 4777; x_wconf 78' lang='lat' dir='ltr'>CAP.</span> <span class='ocrx_word' id='word_1_674' title='bbox 1140 4720 1410 4774; x_wconf 84' lang='lat' dir='ltr'><strong>LXXXIV.</strong></span> <span class='ocrx_word' id='word_1_675' title='bbox 2838 4731 2964 4783; x_wconf 76' lang='lat' dir='ltr'>CAP.</span> <span class='ocrx_word' id='word_1_676' title='bbox 3000 4730 3153 4783; x_wconf 86' lang='lat' dir='ltr'>XCII.</span> 
     </span>
    </p>
   </div>
   <div class='ocr_carea' id='block_1_73' title="bbox 416 4830 3788 4905">
    <p class='ocr_par' dir='ltr' id='par_1_73' title="bbox 416 4830 3788 4905">
     <span class='ocr_line' id='line_1_74' title="bbox 416 4830 3788 4905; baseline -0.003 -17"><span class='ocrx_word' id='word_1_677' title='bbox 416 4837 556 4888; x_wconf 90' lang='lat' dir='ltr'>Item</span> <span class='ocrx_word' id='word_1_678' title='bbox 590 4836 739 4889; x_wconf 90' lang='lat' dir='ltr'>idem</span> <span class='ocrx_word' id='word_1_679' title='bbox 790 4837 847 4889; x_wconf 90' lang='lat' dir='ltr'>in</span> <span class='ocrx_word' id='word_1_680' title='bbox 886 4837 1028 4888; x_wconf 81' lang='lat' dir='ltr'>libro</span> <span class='ocrx_word' id='word_1_681' title='bbox 1077 4836 1322 4889; x_wconf 84' lang='lat' dir='ltr'>secundo</span> <span class='ocrx_word' id='word_1_682' title='bbox 1357 4838 1499 4905; x_wconf 89' lang='lat' dir='ltr'>(cap.</span> <span class='ocrx_word' id='word_1_683' title='bbox 1540 4838 1625 4899; x_wconf 83' lang='grc'>19)</span> <span class='ocrx_word' id='word_1_684' title='bbox 1664 4852 1674 4888; x_wconf 89' lang='lat'>:</span> <span class='ocrx_word' id='word_1_685' title='bbox 1732 4838 1800 4889; x_wconf 81' lang='lat' dir='ltr'>De</span> <span class='ocrx_word' id='word_1_686' title='bbox 1834 4838 2040 4889; x_wconf 54' lang='lat' dir='ltr'>unitate</span> <span class='ocrx_word' id='word_1_687' title='bbox 2222 4838 2361 4889; x_wconf 91' lang='lat' dir='ltr'>Item</span> <span class='ocrx_word' id='word_1_688' title='bbox 2392 4834 2545 4888; x_wconf 89' lang='lat' dir='ltr'>idem</span> <span class='ocrx_word' id='word_1_689' title='bbox 2592 4834 2651 4887; x_wconf 92' lang='lat' dir='ltr'>iu</span> <span class='ocrx_word' id='word_1_690' title='bbox 2682 4834 2827 4887; x_wconf 90' lang='lat' dir='ltr'>libro</span> <span class='ocrx_word' id='word_1_691' title='bbox 2862 4834 3218 4903; x_wconf 83' lang='lat' dir='ltr'>Hymnorum</span> <span class='ocrx_word' id='word_1_692' title='bbox 3274 4839 3463 4888; x_wconf 91' lang='lat' dir='ltr'>metro</span> <span class='ocrx_word' id='word_1_693' title='bbox 3504 4830 3788 4889; x_wconf 80' lang='lat' dir='ltr'>choriambi-</span> 
     </span>
    </p>
   </div>
   <div class='ocr_carea' id='block_1_74' title="bbox 347 4922 3783 4993">
    <p class='ocr_par' dir='ltr' id='par_1_74' title="bbox 347 4922 3783 4993">
     <span class='ocr_line' id='line_1_75' title="bbox 347 4922 3783 4993; baseline -0.002 -16"><span class='ocrx_word' id='word_1_694' title='bbox 347 4926 584 4991; x_wconf 79' lang='lat' dir='ltr'>Spiritus</span> <span class='ocrx_word' id='word_1_695' title='bbox 616 4928 791 4977; x_wconf 61' lang='lat' dir='ltr'>sancti</span> <span class='ocrx_word' id='word_1_696' title='bbox 822 4940 939 4977; x_wconf 81' lang='lat' dir='ltr'>cum</span> <span class='ocrx_word' id='word_1_697' title='bbox 976 4926 1133 4976; x_wconf 79' lang='lat' dir='ltr'>Patre</span> <span class='ocrx_word' id='word_1_698' title='bbox 1171 4930 1219 4975; x_wconf 75' lang='lat' dir='ltr'>et</span> <span class='ocrx_word' id='word_1_699' title='bbox 1267 4924 1409 4977; x_wconf 74' lang='lat' dir='ltr'>Filio</span> <span class='ocrx_word' id='word_1_700' title='bbox 1444 4941 1455 4977; x_wconf 89' lang='lat'><strong>:</strong></span> <span class='ocrx_word' id='word_1_701' title='bbox 1484 4948 1509 4969; x_wconf 88' lang='grc'>‹‹</span> <span class='ocrx_word' id='word_1_702' title='bbox 1554 4923 1795 4993; x_wconf 88' lang='lat' dir='ltr'>Spiritus</span> <span class='ocrx_word' id='word_1_703' title='bbox 1850 4924 2039 4993; x_wconf 85' lang='lat' dir='ltr'>itaque</span> <span class='ocrx_word' id='word_1_704' title='bbox 2149 4939 2236 4989; x_wconf 89' lang='lat' dir='ltr'>co,</span> <span class='ocrx_word' id='word_1_705' title='bbox 2269 4925 2421 4993; x_wconf 91' lang='lat' dir='ltr'>quod</span> <span class='ocrx_word' id='word_1_706' title='bbox 2455 4922 2888 4991; x_wconf 80' lang='lat' dir='ltr'>Asclepiadeum</span> <span class='ocrx_word' id='word_1_707' title='bbox 2923 4923 3256 4975; x_wconf 84' lang='lat' dir='ltr'>nominatur</span> <span class='ocrx_word' id='word_1_708' title='bbox 3281 4923 3504 4989; x_wconf 64' lang='lat' dir='ltr'>(Hymn.</span> <span class='ocrx_word' id='word_1_709' title='bbox 3539 4924 3611 4975; x_wconf 81' lang='lat' dir='ltr'>ad</span> <span class='ocrx_word' id='word_1_710' title='bbox 3649 4925 3783 4972; x_wconf 79' lang='lat' dir='ltr'>incen-</span> 
     </span>
    </p>
   </div>
   <div class='ocr_carea' id='block_1_75' title="bbox 344 5010 2814 5081">
    <p class='ocr_par' dir='ltr' id='par_1_75' title="bbox 344 5010 2814 5081">
     <span class='ocr_line' id='line_1_76' title="bbox 344 5010 2814 5081; baseline 0 -20"><span class='ocrx_word' id='word_1_711' title='bbox 344 5018 570 5065; x_wconf 80' lang='lat' dir='ltr'>sanctus</span> <span class='ocrx_word' id='word_1_712' title='bbox 601 5014 746 5065; x_wconf 86' lang='lat' dir='ltr'>sicut</span> <span class='ocrx_word' id='word_1_713' title='bbox 781 5014 945 5065; x_wconf 88' lang='lat' dir='ltr'>Pater</span> <span class='ocrx_word' id='word_1_714' title='bbox 979 5019 1036 5065; x_wconf 88' lang='lat' dir='ltr'>et</span> <span class='ocrx_word' id='word_1_715' title='bbox 1063 5012 1236 5064; x_wconf 76' lang='lat' dir='ltr'>Filius</span> <span class='ocrx_word' id='word_1_716' title='bbox 1282 5014 1484 5081; x_wconf 87' lang='lat' dir='ltr'>plenus</span> <span class='ocrx_word' id='word_1_717' title='bbox 1527 5020 1611 5065; x_wconf 89' lang='lat' dir='ltr'>est</span> <span class='ocrx_word' id='word_1_718' title='bbox 1644 5014 1789 5066; x_wconf 86' lang='lat' dir='ltr'>Deus</span> <span class='ocrx_word' id='word_1_719' title='bbox 1819 5018 1873 5065; x_wconf 90' lang='lat' dir='ltr'>et</span> <span class='ocrx_word' id='word_1_720' title='bbox 1907 5028 2037 5081; x_wconf 88' lang='lat' dir='ltr'>per-</span> <span class='ocrx_word' id='word_1_721' title='bbox 2147 5026 2265 5065; x_wconf 88' lang='lat' dir='ltr'>sum</span> <span class='ocrx_word' id='word_1_722' title='bbox 2295 5014 2431 5064; x_wconf 70' lang='lat' dir='ltr'>cerei</span> <span class='ocrx_word' id='word_1_723' title='bbox 2460 5010 2763 5079; x_wconf 76' lang='lat' dir='ltr'>Paschalis)</span> <span class='ocrx_word' id='word_1_724' title='bbox 2802 5026 2814 5062; x_wconf 87' lang='lat'><strong>:</strong></span> 
     </span>
    </p>
   </div>
   <div class='ocr_carea' id='block_1_76' title="bbox 344 5100 3347 5182">
    <p class='ocr_par' dir='ltr' id='par_1_76' title="bbox 344 5100 3347 5182">
     <span class='ocr_line' id='line_1_77' title="bbox 344 5100 3347 5182; baseline 0 -31"><span class='ocrx_word' id='word_1_725' title='bbox 344 5100 541 5163; x_wconf 82' lang='lat' dir='ltr'>fectus,</span> <span class='ocrx_word' id='word_1_726' title='bbox 576 5100 692 5152; x_wconf 89' lang='lat' dir='ltr'>imo</span> <span class='ocrx_word' id='word_1_727' title='bbox 722 5116 868 5151; x_wconf 88' lang='lat' dir='ltr'>unus</span> <span class='ocrx_word' id='word_1_728' title='bbox 900 5100 1044 5151; x_wconf 81' lang='lat' dir='ltr'>Deus</span> <span class='ocrx_word' id='word_1_729' title='bbox 1078 5114 1207 5152; x_wconf 90' lang='lat' dir='ltr'>cum</span> <span class='ocrx_word' id='word_1_730' title='bbox 1236 5100 1399 5152; x_wconf 87' lang='lat' dir='ltr'>Patre</span> <span class='ocrx_word' id='word_1_731' title='bbox 1434 5105 1490 5153; x_wconf 88' lang='lat' dir='ltr'>et</span> <span class='ocrx_word' id='word_1_732' title='bbox 1522 5100 1661 5153; x_wconf 82' lang='lat' dir='ltr'>Filio</span> <span class='ocrx_word' id='word_1_733' title='bbox 1705 5105 1875 5169; x_wconf 88' lang='lat' dir='ltr'>atque</span> <span class='ocrx_word' id='word_1_734' title='bbox 1927 5115 2040 5152; x_wconf 91' lang='lat' dir='ltr'>una</span> <span class='ocrx_word' id='word_1_735' title='bbox 2290 5119 2555 5170; x_wconf 61' lang='lat' dir='ltr'>[memor</span> <span class='ocrx_word' id='word_1_736' title='bbox 2580 5117 2735 5169; x_wconf 64' lang='lat' dir='ltr'>ruﬁ“</span> <span class='ocrx_word' id='word_1_737' title='bbox 2764 5115 2879 5169; x_wconf 69' lang='lat' dir='ltr'>dux</span> <span class='ocrx_word' id='word_1_738' title='bbox 2909 5116 3058 5169; x_wconf 61' lang='lat' dir='ltr'>bona</span> <span class='ocrx_word' id='word_1_739' title='bbox 3090 5116 3347 5182; x_wconf 48' lang='lat' dir='ltr'>luminis,</span> 
     </span>
    </p>
   </div>
   <div class='ocr_carea' id='block_1_77' title="bbox 343 5187 3382 5275">
    <p class='ocr_par' dir='ltr' id='par_1_77' title="bbox 343 5187 3382 5275">
     <span class='ocr_line' id='line_1_78' title="bbox 343 5187 3382 5275; baseline 0.001 -39"><span class='ocrx_word' id='word_1_740' title='bbox 343 5188 680 5251; x_wconf 85' lang='lat' dir='ltr'>substantia,</span> <span class='ocrx_word' id='word_1_741' title='bbox 716 5187 860 5240; x_wconf 90' lang='lat' dir='ltr'>sicut</span> <span class='ocrx_word' id='word_1_742' title='bbox 889 5202 1062 5257; x_wconf 90' lang='lat' dir='ltr'>supra</span> <span class='ocrx_word' id='word_1_743' title='bbox 1087 5188 1543 5248; x_wconf 69' lang='lat' dir='ltr'>memoravimus,</span> <span class='ocrx_word' id='word_1_744' title='bbox 1572 5208 1596 5237; x_wconf 75' lang='grc' dir='ltr'>ι)</span> <span class='ocrx_word' id='word_1_745' title='bbox 1621 5194 1751 5249; x_wconf 87' lang='lat' dir='ltr'>etc.,</span> <span class='ocrx_word' id='word_1_746' title='bbox 1779 5203 1946 5255; x_wconf 87' lang='lat' dir='ltr'>usque</span> <span class='ocrx_word' id='word_1_747' title='bbox 1966 5188 2039 5241; x_wconf 86' lang='lat' dir='ltr'>ad</span> <span class='ocrx_word' id='word_1_748' title='bbox 2290 5205 2396 5269; x_wconf 68' lang='lat' dir='ltr'>Qui</span> <span class='ocrx_word' id='word_1_749' title='bbox 2417 5206 2583 5258; x_wconf 55' lang='lat' dir='ltr'>certis</span> <span class='ocrx_word' id='word_1_750' title='bbox 2622 5204 2839 5258; x_wconf 59' lang='lat' dir='ltr'>vicibus</span> <span class='ocrx_word' id='word_1_751' title='bbox 2870 5212 3130 5275; x_wconf 63' lang='lat' dir='ltr'>tempora</span> <span class='ocrx_word' id='word_1_752' title='bbox 3156 5205 3382 5267; x_wconf 53' lang='lat' dir='ltr'>dividis,</span> 
     </span>
    </p>
   </div>
   <div class='ocr_carea' id='block_1_78' title="bbox 348 5273 3407 5362">
    <p class='ocr_par' dir='ltr' id='par_1_78' title="bbox 348 5273 3407 5362">
     <span class='ocr_line' id='line_1_79' title="bbox 348 5273 3407 5362; baseline 0.005 -29"><span class='ocrx_word' id='word_1_753' title='bbox 348 5273 446 5326; x_wconf 76' lang='lat' dir='ltr'>Ubi</span> <span class='ocrx_word' id='word_1_754' title='bbox 477 5275 595 5327; x_wconf 68' lang='lat' dir='ltr'>vult</span> <span class='ocrx_word' id='word_1_755' title='bbox 625 5274 821 5345; x_wconf 62' lang='lat' dir='ltr'>Spirat.</span> <span class='ocrx_word' id='word_1_756' title='bbox 2290 5295 2468 5347; x_wconf 84' lang='lat' dir='ltr'>Merso</span> <span class='ocrx_word' id='word_1_757' title='bbox 2502 5294 2618 5346; x_wconf 90' lang='lat' dir='ltr'>sole</span> <span class='ocrx_word' id='word_1_758' title='bbox 2639 5292 2807 5345; x_wconf 86' lang='lat' dir='ltr'>chaos</span> <span class='ocrx_word' id='word_1_759' title='bbox 2840 5294 3058 5362; x_wconf 84' lang='lat' dir='ltr'>ingruit</span> <span class='ocrx_word' id='word_1_760' title='bbox 3084 5294 3407 5361; x_wconf 82' lang='lat' dir='ltr'>horridum,</span> 
     </span>
    </p>
   </div>
   <div class='ocr_carea' id='block_1_79' title="bbox 980 5365 3453 5445">
    <p class='ocr_par' dir='ltr' id='par_1_79' title="bbox 980 5365 3453 5445">
     <span class='ocr_line' id='line_1_80' title="bbox 980 5365 3453 5445; baseline 0.004 -19"><span class='ocrx_word' id='word_1_761' title='bbox 980 5365 1106 5418; x_wconf 67' lang='lat' dir='ltr'>CAP.</span> <span class='ocrx_word' id='word_1_762' title='bbox 1164 5365 1395 5419; x_wconf 68' lang='lat' dir='ltr'><strong>LXXXV-</strong></span> <span class='ocrx_word' id='word_1_763' title='bbox 2290 5385 2508 5436; x_wconf 91' lang='lat' dir='ltr'>Lumen</span> <span class='ocrx_word' id='word_1_764' title='bbox 2539 5381 2711 5435; x_wconf 85' lang='lat' dir='ltr'>redde</span> <span class='ocrx_word' id='word_1_765' title='bbox 2745 5382 2874 5444; x_wconf 91' lang='lat' dir='ltr'>tuis,</span> <span class='ocrx_word' id='word_1_766' title='bbox 2906 5382 3141 5445; x_wconf 84' lang='lat' dir='ltr'>Christe,</span> <span class='ocrx_word' id='word_1_767' title='bbox 3168 5381 3453 5435; x_wconf 86' lang='lat' dir='ltr'>fidelibus.</span> 
     </span>
    </p>
   </div>
   <div class='ocr_carea' id='block_1_80' title="bbox 411 5477 3783 5547">
    <p class='ocr_par' dir='ltr' id='par_1_80' title="bbox 411 5477 3783 5547">
     <span class='ocr_line' id='line_1_81' title="bbox 411 5477 3783 5547; baseline -0 -17"><span class='ocrx_word' id='word_1_768' title='bbox 411 5477 550 5530; x_wconf 88' lang='lat' dir='ltr'>Item</span> <span class='ocrx_word' id='word_1_769' title='bbox 585 5477 735 5531; x_wconf 78' lang='lat' dir='ltr'>idem</span> <span class='ocrx_word' id='word_1_770' title='bbox 776 5479 833 5530; x_wconf 85' lang='lat' dir='ltr'>in</span> <span class='ocrx_word' id='word_1_771' title='bbox 880 5479 1021 5532; x_wconf 89' lang='lat' dir='ltr'>libro</span> <span class='ocrx_word' id='word_1_772' title='bbox 1054 5480 1300 5532; x_wconf 79' lang='lat' dir='ltr'>secundo</span> <span class='ocrx_word' id='word_1_773' title='bbox 1350 5480 1491 5547; x_wconf 77' lang='lat' dir='ltr'>(cap.</span> <span class='ocrx_word' id='word_1_774' title='bbox 1526 5481 1618 5543; x_wconf 81' lang='lat'>‘20)</span> <span class='ocrx_word' id='word_1_775' title='bbox 1656 5495 1667 5531; x_wconf 95' lang='lat'><strong><em>:</em></strong></span> <span class='ocrx_word' id='word_1_776' title='bbox 1731 5502 1754 5524; x_wconf 82' lang='lat' dir='ltr'>u</span> <span class='ocrx_word' id='word_1_777' title='bbox 1792 5478 2038 5546; x_wconf 88' lang='lat' dir='ltr'>Spiritus</span> <span class='ocrx_word' id='word_1_778' title='bbox 2362 5480 2470 5531; x_wconf 90' lang='lat' dir='ltr'>Per</span> <span class='ocrx_word' id='word_1_779' title='bbox 2500 5478 2785 5531; x_wconf 88' lang='lat' dir='ltr'>Christum</span> <span class='ocrx_word' id='word_1_780' title='bbox 2824 5478 3108 5546; x_wconf 77' lang='lat' dir='ltr'>genitum,</span> <span class='ocrx_word' id='word_1_781' title='bbox 3156 5494 3381 5530; x_wconf 87' lang='lat' dir='ltr'>summe</span> <span class='ocrx_word' id='word_1_782' title='bbox 3433 5480 3618 5545; x_wconf 89' lang='lat' dir='ltr'>Pater,</span> <span class='ocrx_word' id='word_1_783' title='bbox 3650 5485 3783 5531; x_wconf 80' lang='lat' dir='ltr'>tuum.</span> 
     </span>
    </p>
   </div>
   <div class='ocr_carea' id='block_1_81' title="bbox 340 5564 3319 5636">
    <p class='ocr_par' dir='ltr' id='par_1_81' title="bbox 340 5564 3319 5636">
     <span class='ocr_line' id='line_1_82' title="bbox 340 5564 3319 5636; baseline 0 -18"><span class='ocrx_word' id='word_1_784' title='bbox 340 5570 563 5619; x_wconf 88' lang='lat' dir='ltr'>sanctus</span> <span class='ocrx_word' id='word_1_785' title='bbox 604 5568 662 5619; x_wconf 87' lang='lat' dir='ltr'>in</span> <span class='ocrx_word' id='word_1_786' title='bbox 711 5568 909 5621; x_wconf 84' lang='lat' dir='ltr'>eadem</span> <span class='ocrx_word' id='word_1_787' title='bbox 952 5569 1167 5621; x_wconf 87' lang='lat' dir='ltr'>unitate</span> <span class='ocrx_word' id='word_1_788' title='bbox 1216 5568 1545 5620; x_wconf 76' lang='lat' dir='ltr'>substantiae</span> <span class='ocrx_word' id='word_1_789' title='bbox 1592 5573 1645 5619; x_wconf 87' lang='lat' dir='ltr'>et</span> <span class='ocrx_word' id='word_1_790' title='bbox 1696 5567 2034 5636; x_wconf 65' lang='lat' dir='ltr'>mqualitate</span> <span class='ocrx_word' id='word_1_791' title='bbox 2292 5568 2350 5618; x_wconf 92' lang='lat' dir='ltr'>In</span> <span class='ocrx_word' id='word_1_792' title='bbox 2382 5566 2820 5636; x_wconf 88' lang='lat' dir='ltr'>quoinvisibilis</span> <span class='ocrx_word' id='word_1_793' title='bbox 2852 5570 2963 5619; x_wconf 87' lang='lat' dir='ltr'>stat</span> <span class='ocrx_word' id='word_1_794' title='bbox 2993 5564 3319 5633; x_wconf 82' lang='lat' dir='ltr'>tibigloria,</span> 
     </span>
    </p>
   </div>
  </div>
