3846 6244
17 343 80 389 2t
1320 344 1528 399 LIBER
1567 347 1940 436 ADVERSUS
1971 348 2277 403 GRASCOS.

137 470 272 532 Qui
314 479 513 525 noster
539 473 828 538 Dominus,
859 475 959 543 qui
991 479 1119 526 tuus
1154 474 1356 527 unicus

137 558 369 629 Spirat
399 562 468 614 de
502 564 684 630 patrio
713 562 881 614 corde
926 563 1300 615 Paracletum.

229 650 359 701 Per
399 666 571 718 quem
626 650 914 718 splendor,
979 652 1178 715 honor,
1235 654 1371 716 laus,
1437 651 1732 721 sapientia,

138 736 454 804 Majestas,
491 738 735 800 bonitas,
772 745 828 790 et
855 739 1033 806 pietas
1074 745 1189 798 tua,

139 825 439 894 Regnum
470 827 767 880 continuat
792 827 1022 879 nomine
1056 826 1267 896 triplici

131 913 391 967 Texens
420 915 714 985 perpetuis
753 916 958 968 saecula
998 916 1236 968 saeculis.

712 1031 838 1084 CAP.
875 1029 1054 1082 XCIII.

59 1143 223 1196 Item
258 1143 331 1196 iii
369 1144 501 1197 Fide
533 1143 831 1208 catholica,
864 1160 1036 1214 quam
1070 1143 1160 1195 die
1193 1143 1482 1196 dominica
1517 1145 1729 1198 decan—

12 1238 68 1284 at
117 1233 201 1286 ad
244 1234 494 1286 missam
543 1233 877 1285 universalis
934 1232 1241 1286 Galliarum
1321 1232 1581 1300 Ecclesia,
1651 1234 1729 1286 sic

12 1321 240 1373 auitur
277 1321 440 1374 inter
464 1325 667 1374 caetera
699 1336 711 1372 :
752 1341 772 1369 ε
811 1320 988 1373 Credo
1028 1326 1083 1373 et
1122 1320 1179 1372 in
1231 1320 1509 1388 Spiritum
1561 1338 1728 1374 sauc-

14 1426 118 1462 um
169 1410 506 1463 Dominum
543 1416 601 1462 et
635 1409 1036 1470 vivificantem,
1071 1408 1168 1477 qui
1219 1425 1282 1460 ex
1335 1410 1496 1461 Patre
1551 1409 1726 1463 Filio-

11 1515 103 1566 [ue
141 1500 450 1568 procedit,
483 1498 583 1568 qui
611 1515 739 1552 cum
775 1499 935 1550 Patre
967 1504 1022 1550 et
1065 1499 1204 1550 Filio
1236 1496 1404 1550 simul
1456 1499 1729 1550 adoretur

11 1592 48 1639 et
77 1588 599 1657 congloriﬁcatur,
633 1587 730 1657 qui
758 1588 981 1639 locutus
1009 1592 1094 1639 est
1124 1602 1228 1655 per
1259 1587 1567 1655 prophetas
1601 1607 1625 1632 ››

701 1702 828 1755 CAP.
871 1699 1051 1753 XCIV.

3444 361 3543 408 722

1767 482 1807 532 Α
1842 479 2058 530 Domino
2083 483 2142 531 ut
2178 481 2282 532 sim
2310 478 2510 547 fidelis.
2548 481 2825 536 Existimo
2863 499 2986 549 ergo
3039 486 3132 539 hoc
3194 486 3389 540 bonum
3422 504 3532 543 esse

1841 571 2066 632 propter
2115 568 2404 620 instantem
2468 573 2858 636 necessitatem,
2912 575 3169 639 quoniam
3227 575 3420 629 bonum
3460 583 3540 631 est

1843 651 2056 705 homini
2101 655 2176 706 sic
2229 670 2340 707 esse
2401 657 2593 720 (Ibid.,
2657 660 2766 724 25).
2815 659 3184 726 Subauditur,
3240 663 3411 716 utita
3467 667 3540 719 sit

1842 741 2137 793 continens
2199 743 2344 795 sicut
2395 760 2518 813 ego.
2561 746 2622 796 Et
2655 745 2791 798 item
2819 753 2942 814 post
2985 765 3202 818 pauca:
3266 753 3390 805 Volo
3442 770 3538 807 au-

1843 833 1943 881 tem
1989 845 2078 883 vos
2134 833 2252 883 sine
2290 833 2656 886 sollicitudine
2702 849 2828 887 esse.
2894 836 3002 899 Qui
3044 840 3160 890 sine
3214 854 3380 892 uxore
3435 848 3532 908 est,

1840 918 2105 972 sollicitus
2152 925 2229 973 est
2268 936 2385 987 quae
2432 924 2648 975 Domini
2687 928 2831 989 sunt,
2866 924 3126 991 quomodo
3149 928 3360 993 placeat
3411 933 3530 982 Deo.

1841 1005 1944 1070 Qui
1971 1013 2148 1060 autem
2177 1025 2297 1062 cum
2327 1025 2495 1062 umore
2550 1016 2644 1077 est,
2680 1013 2874 1064 sollicit
2901 1027 2943 1064 :s
2974 1019 3052 1066 est
3091 1016 3352 1082 quomodo
3403 1019 3533 1084 pla-

1837 1102 1952 1150 ceat
1983 1101 2160 1151 uarori.
2210 1099 2267 1152 Si
2313 1105 2505 1152 autem
2559 1101 2704 1152 hanc
2755 1101 3150 1154 castimoniam
3195 1104 3350 1156 laicis
3399 1106 3533 1158 lior-

1839 1185 2008 1236 tando
2041 1187 2256 1252 suadet,
2294 1189 2473 1240 multo
2519 1189 2699 1256 magis
2750 1189 3023 1242 ministris
3076 1192 3330 1245 Ecclesiae
3372 1209 3532 1246 earu-

1839 1272 1965 1324 dem
2003 1274 2184 1328 inesse
2229 1275 2514 1328 desiderat
2599 1279 2739 1330 Item
2789 1280 3093 1347 Apostolus
3149 1281 3218 1334 ad
3257 1282 3481 1335 Galatas
3520 1299 3530 1335 :

1837 1361 2050 1428 Spiritu
2089 1363 2378 1428 ambulate,
2421 1369 2472 1416 et
2514 1366 2788 1419 desideria
2837 1371 3019 1421 carnis
3067 1384 3173 1421 non
3219 1373 3527 1438 perﬁcietis.

1837 1449 1972 1502 Caro
2003 1451 2142 1502 enim
2173 1455 2497 1519 concupiscit
2527 1454 2786 1507 adversus
2811 1457 3088 1522 spiritum,
3138 1459 3369 1525 spiritus
3425 1475 3534 1511 au—

1838 1540 1939 1589 tem
1971 1537 2228 1592 adversus
2266 1556 2499 1593 carnem.
2556 1543 2674 1595 ch
2725 1546 2865 1595 enim
2907 1546 3132 1597 invicem
3180 1547 3288 1598 sibi
3335 1547 3528 1600 adver-

1835 1631 2047 1691 santur,
2091 1633 2151 1679 ut
2195 1643 2301 1680 non
2336 1644 2662 1696 quaecunque
2713 1632 2878 1684 vultis
2937 1633 3035 1685 illa
3080 1635 3334 1698 faciatis;
3387 1636 3532 1702 quod

1834 1715 1886 1765 si
1911 1715 2116 1780 spiritu
2165 1714 2447 1779 ducimini,
2488 1732 2594 1769 non
2644 1719 2770 1770 estis
2809 1719 2908 1772 sub
2957 1721 3066 1786 lege
3111 1721 3258 1787 (Gal.
3304 1739 3354 1787 v,
3417 1723 3525 1788 16).

63 1820 220 1871 Item
258 1818 519 1872 Isidorus
566 1817 621 1870 in
678 1816 812 1869 Fide
869 1814 1147 1868 catholica
1203 1814 1353 1867 inter
1390 1819 1582 1868 caetera

2008 1818 2074 1853 em
2111 1817 2124 1854 :
2176 1805 2409 1857 Fructus
2456 1811 2633 1857 autem
2680 1805 2919 1873 Spiritus
2964 1813 3040 1860 est
3081 1809 3344 1875 Charitas,
3390 1827 3527 1876 gau-

11 1906 132 1960 licit
167 1908 328 1971 (Lib.
394 1907 460 1959 de
507 1905 708 1960 Ordine
753 1906 1158 1969 Creaturarum,
1198 1919 1322 1972 cap.
1371 1903 1460 1967 l):
1500 1926 1526 1952 α
1579 1905 1722 1958 Deus

12 2012 146 2048 inus
179 1995 586 2065 omnipotens,
618 1999 809 2046 sancta
857 1993 1101 2045 Trinitas
1144 1993 1308 2045 Pater
1350 1995 1404 2043 et
1455 1992 1624 2044 Filius
1669 1997 1724 2045 et

11 2084 258 2152 Spiritus
333 2088 576 2136 sanctus.
623 2083 789 2135 Pater
818 2095 955 2149 ergo
1013 2080 1403 2149 omnipotens,
1453 2095 1517 2132 ex
1561 2080 1719 2132 nullo

12 2173 303 2243 iriginem
355 2171 528 2236 ducit,
560 2176 615 2224 et
644 2170 763 2240 ipse
796 2171 954 2238 origo
1016 2169 1325 2222 divinitatis
1374 2173 1478 2234 est,
1533 2187 1564 2220 a
1603 2186 1716 2238 quo

12 2263 176 2314 r‘ilius
233 2263 392 2313 Deus
446 2260 808 2330 omnipotens
855 2259 1081 2328 genitus
1133 2259 1254 2311 sine
1303 2262 1562 2327 tempore
1612 2264 1713 2324 est,

12 2366 113 2402 non
147 2350 383 2419 quippe
414 2354 639 2401 creatus
683 2352 785 2412 est,
835 2346 970 2416 quia
1002 2347 1150 2398 Deus
1191 2350 1292 2398 est.
1342 2347 1466 2411 Cui,
1510 2351 1719 2414 praeter

12 2441 150 2507 quod
201 2439 388 2492 Filius
437 2443 538 2500 est,
583 2437 640 2489 in
694 2435 987 2489 divinitate
1046 2440 1230 2488 totum
1271 2441 1356 2487 est
1411 2450 1715 2487 commune

11 2527 185 2579 Patris
239 2527 307 2578 in
356 2526 694 2586 aeternitate,
741 2525 801 2576 in
832 2524 1140 2587 voluntate,
1175 2523 1234 2574 in
1292 2527 1594 2592 potestate,
1655 2522 1713 2575 in

11 2615 315 2685 sapientia.
351 2615 439 2667 Sic
472 2617 526 2666 et
570 2612 742 2677 Patri,
784 2617 994 2681 praeter
1043 2611 1197 2681 quod
1263 2612 1427 2664 Pater
1483 2616 1584 2677 est,
1629 2616 1712 2663 to-

11 2712 122 2757 tum
168 2710 260 2758 est
308 2719 614 2756 commune
662 2701 803 2755 Filii.
859 2700 1102 2770 Spiritus
1153 2705 1380 2752 sanctus
1429 2705 1511 2751 est
1571 2701 1711 2751 Deus

12 2792 406 2862 omnipotens,
447 2807 548 2844 nec
596 2791 824 2861 genitus
877 2795 979 2850 est,
1035 2788 1169 2858 quia
1211 2805 1323 2841 non
1376 2793 1459 2840 est
1517 2789 1710 2856 Filius,

13 2896 108 2931 nec
161 2885 414 2944 creatus,
467 2879 600 2949 quia
655 2895 770 2931 non
828 2883 910 2930 est
959 2883 1236 2939 creatura,
1284 2876 1381 2932 sed
1429 2893 1495 2929 ex
1549 2878 1710 2929 Patre

12 2968 265 3036 procedit
313 2974 370 3021 et
423 2967 581 3021 Filio.
617 2966 734 3029 Cui,
783 2971 991 3036 preeter
1020 2965 1168 3035 quod
1201 2965 1443 3033 Spiritus
1486 2971 1711 3017 sanctus

1831 1889 2008 1956 dium,
2036 1905 2173 1958 pax,
2208 1894 2495 1958 patientia,
2549 1893 2956 1958 longanimitas,
2993 1896 3223 1962 bonitas,
3280 1897 3525 1963 benigni-

1831 1982 1935 2041 tas,
1991 1978 2146 2046 ﬁdes,
2202 1979 2486 2044 modestia,
2559 1981 2773 2046 lenitas,
2832 1986 3181 2050 continentia,
3255 1989 3522 2040 castitas:

1829 2065 2086 2120 adversus
2161 2067 2474 2135 hujusmodi
2548 2085 2653 2122 non
2718 2077 2794 2123 est
2860 2073 2947 2124 lea:
3018 2073 3199 2139 {'Ibid.,
3270 2075 3381 2140 22).
3464 2076 3526 2128 Et

1827 2154 1998 2208 item:
2034 2155 2094 2208 Si
2119 2158 2318 2222 spiritu
2340 2159 2592 2221 vivimus,
2625 2160 2848 2224 spiritu,
2883 2165 2933 2212 et
2967 2161 3298 2214 ambulemus
3357 2163 3518 2230 (Ibid.

1825 2258 1963 2295 vers.
1998 2245 2103 2309 25).
2149 2243 2287 2296 Cum
2347 2251 2536 2297 autem
2584 2245 2650 2297 de
2701 2261 2909 2316 magno
2969 2248 3236 2316 pontilice
3297 2250 3520 2303 Christo

1825 2330 1892 2382 ad
1924 2330 2186 2383 Hebraeos
2218 2331 2449 2384 dixisset
2482 2349 2493 2384 :
2531 2333 2677 2386 Talis
2706 2336 2846 2386 enim
2877 2333 3094 2387 decebat
3124 2341 3183 2388 ut
3214 2337 3367 2390 nobis
3388 2344 3520 2392 esset

1820 2421 2072 2484 ponti/ea:
2118 2425 2356 2485 sanctus,
2408 2423 2677 2485 innocens,
2732 2423 3063 2489 impollutus,
3127 2430 3439 2491 segregatus
3485 2443 3519 2480 a

1819 2507 2194 2573 peccatoribus
2231 2514 2279 2561 et
2325 2511 2586 2562 emcelsior
2625 2511 2766 2563 caelis
2795 2514 2978 2576 factus
3016 2513 3199 2580 (Hebr.
3227 2530 3322 2577 vn,
3370 2517 3456 2575 36)
3501 2532 3512 2568 :

1823 2594 1968 2646 lianc
2030 2595 2300 2647 castitatis
2349 2597 2692 2651 munditiam
2757 2599 2975 2651 cunctis
3023 2601 3410 2654 sacerdotibus
3463 2608 3518 2656 et

1825 2682 2100 2736 ministris
2132 2685 2385 2737 Ecclesiae
2431 2687 2763 2739 servandam
2803 2690 3119 2757 proposuit.
3181 2690 3242 2741 Et
3290 2690 3335 2741 si
3384 2692 3516 2744 talia

1821 2771 1879 2823 in
1916 2773 2282 2825 saecularibus
2315 2774 2640 2836 laudantur,
2675 2775 3059 2829 abundantius
3080 2777 3138 2831 in
3170 2779 3513 2832 ecclesiasti-

1821 2862 1898 2911 cis
1928 2860 2252 2912 honestiora
2288 2878 2408 2913 esse
2442 2862 2724 2915 videntur.
2776 2864 2914 2916 Item
2949 2866 3155 2918 Paulus
3206 2867 3273 2919 ad
3320 2868 3510 2920 Colos-

1820 2963 2009 3000 senses
2053 2950 2436 3013 :Illorti/icate,
2476 2950 2682 3020 inquit,
2729 2953 2966 3005 membra
3005 2960 3183 3006 vestra
3215 2970 3333 3021 qua
3388 2962 3512 3009 sunt

12 3062 106 3117 est!
143 3063 334 3110 (Otum
368 3073 674 3109 mmmam,
720 3062 805 3108 est
857 3055 1035 3107 patris
1081 3061 1136 3106 ει
1186 3054 1342 3117 Filii;
1399 3054 1532 3122 quia
1591 3070 1708 3106 mm
1747 3064 1787 3120 Ο
1817 3049 1980 3102 super
2045 3040 2262 3098 terram,
2324 3039 2757 3104 fornicationem,
2834 3041 3262 3107 immunditiam,
3326 3042 3509 3096 libidi-

16 3145 103 3213 qui
136 3147 305 3198 Pater
335 3151 440 3205 est,
477 3145 649 3198 Filius
677 3151 776 3196 aut
805 3143 1049 3213 Spiritus
1081 3147 1307 3194 sanctus
1352 3142 1410 3194 in
1462 3158 1707 3210 persona

15 3233 95 3284 hic
124 3239 230 3298 est,
267 3250 375 3287 nec
401 3233 500 3303 qui
543 3233 713 3286 Filius
762 3239 845 3285 est
893 3233 1059 3285 Pater
1110 3236 1208 3283 aut
1256 3230 1502 3300 Spiritus
1552 3246 1706 3283 sauc-

18 3325 100 3372 tus
136 3321 232 3374 hic
268 3327 375 3387 est,
409 3337 510 3374 nec
547 3321 647 3391 qui
685 3319 929 3390 Spiritus
978 3324 1203 3372 sanctus
1249 3323 1352 3384 est,
1402 3320 1567 3371 Pater
1608 3325 1707 3370 aut

19 3409 179 3462 Filius
226 3411 323 3463 hic
371 3416 473 3476 est,
526 3410 623 3463 sed
682 3409 742 3462 in
787 3411 1033 3462 essentia
1089 3408 1237 3479 quod
1298 3409 1465 3460 Pater
1502 3413 1602 3474 est,
1650 3411 1706 3460 et

19 3496 198 3561 Filius,
254 3505 310 3551 et
343 3498 590 3568 Spiritus
631 3501 858 3550 sanctus
903 3497 1009 3550 llOC
1058 3512 1236 3549 unum
1283 3500 1384 3549 est.
1443 3497 1506 3548 Et
1553 3495 1703 3566 quod

20 3584 182 3638 Filius
235 3592 342 3652 est,
398 3589 564 3640 Pater
617 3591 673 3638 et
725 3585 967 3654 Spiritus
1029 3591 1255 3638 sanctus
1310 3584 1417 3637 hoc
1472 3589 1574 3638 est.
1642 3585 1705 3637 Et

16 3674 153 3740 quod
185 3675 437 3744 Spiritus
484 3680 712 3728 sanctus
755 3678 859 3739 est,
919 3675 1087 3740 Pater
1133 3677 1187 3725 et
1236 3673 1410 3727 Filius
1441 3673 1547 3726 hoc
1595 3678 1740 3738 est,.

19 3761 102 3813 sed
131 3779 243 3816 non
276 3764 485 3833 triplex
537 3763 595 3816 in
653 3763 749 3816 illa
797 3761 1074 3816 Trinitate
1127 3761 1365 3816 deorum
1430 3778 1702 3815 numerus

17 3855 107 3900 est.
136 3851 304 3904 Salva
327 3853 483 3905 enim
515 3850 873 3921 separatione
904 3865 1279 3920 personarum
1309 3855 1495 3903 totum
1545 3865 1698 3903 com-

25 3952 176 3992 mune
217 3939 530 3993 divinitatis
561 3945 663 3992 est.
700 3960 723 3987 ι

695 4052 821 4106 CAP.
856 4052 1004 4106 XCV.

27 4166 330 4222 Testimonia
378 4173 686 4222 sanctorum
715 4169 940 4221 Patrum
968 4171 1156 4221 contra
1203 4182 1286 4220 eos
1326 4169 1423 4234 qui
1460 4169 1699 4234 profana

81 4256 362 4311 intentione
412 4256 738 4309 munditiam
798 4257 1174 4308 ministrorum
1235 4254 1442 4309 Christi
1519 4269 1696 4321 oppu—

1815 3137 1952 3189 nem,
2023 3127 2508 3192 concupiscentiam
2552 3127 2753 3180 malam
2805 3128 3025 3196 (Coloss.
3078 3146 3158 3195 Ill,
3341 3131 3511 3184 Addit

1817 3211 1991 3263 etiam
2024 3228 2036 3264 :
2071 3213 2297 3280 Propter
2337 3229 2456 3280 qua
2491 3217 2639 3267 venit
2685 3218 2773 3268 ira
2824 3219 2918 3270 Dei
2955 3232 3119 3286 super
3163 3219 3302 3286 ﬁlios
3345 3221 3510 3273 incre-

1816 3297 2088 3352 dulitatis.
2125 3302 2187 3353 In
2220 3301 2412 3368 quibus
2445 3307 2494 3355 et
2526 3317 2613 3355 vos
2649 3305 2835 3368 fuistis
2885 3305 3184 3373 aliquando
3217 3322 3335 3358 cum
3368 3310 3508 3359 vive-

1813 3389 1946 3441 retis
2003 3391 2062 3440 in
2118 3389 2250 3442 illis.
2316 3392 2470 3444 Nunc
2519 3397 2697 3444 autem
2754 3391 3006 3460 deponite
3057 3399 3107 3447 et
3156 3410 3246 3448 vos
3303 3398 3505 3460 omnia,

1814 3478 1974 3541 iram,
2018 3477 2466 3543 indignationem,
2503 3481 2792 3544 malitiam,
2837 3481 3245 3549 blasphemiam,
3299 3486 3507 3549 turpem

1813 3579 2105 3618 sermonem
2139 3566 2204 3618 de
2238 3582 2326 3619 ore
2370 3572 2564 3620 vestro.
2607 3568 2687 3620 Ad
2740 3567 2861 3620 haec
2919 3569 3343 3636 augmentanda
3408 3568 3506 3621 Dei

1818 3653 1990 3706 Filius
2021 3653 2363 3707 concludens
2413 3655 2654 3724 imperat
2687 3673 2699 3708 :
2751 3657 2873 3710 Sint
2913 3656 3112 3709 lumbri
3147 3659 3316 3709 vestri
3358 3673 3499 3725 pra:-

1812 3743 1992 3804 cincti,
2043 3746 2093 3794 et
2140 3742 2364 3794 lucernae
2420 3743 2669 3796 ardentes
2710 3745 2768 3796 in
2814 3744 3063 3796 manibus
3110 3746 3305 3796 vestris
3344 3743 3499 3813 (Luc.

1811 3846 1904 3895 xu,
1947 3830 2058 3893 35).
2112 3831 2173 3882 Et
2222 3831 2472 3883 Paulus:
2521 3830 2730 3884 Bonum
2777 3836 2854 3884 est
2898 3833 3172 3886 mulierem
3217 3847 3323 3886 non
3375 3838 3502 3884 tan-

1809 3933 1931 3984 gere
1960 3920 2004 3987 (I
2034 3919 2161 3971 Cor.
2197 3935 2292 3983 vn,
2337 3921 2409 3984 l),
2461 3919 2723 3972 videlicet
2785 3920 2947 3990 quasi
3007 3920 3064 3972 in
3095 3925 3248 3972 tactu
3307 3920 3500 3972 statim

1807 4005 2129 4075 periculum
2181 4022 2285 4076 pro
2317 4005 2530 4060 foribus
2575 4007 2812 4060 adesset.
2870 4007 2927 4062 Si
2975 4008 3297 4062 carnalibus
3356 4013 3442 4061 est
3471 4025 3502 4060 a

1808 4098 1956 4147 tactu
1989 4094 2429 4164 temperandum
2462 4100 2518 4147 et
2547 4095 2885 4164 cavendum,
2921 4095 3226 4149 instantius
3270 4095 3497 4166 spirita-

1806 4181 1954 4234 libus
1980 4183 2049 4236 ab
2085 4183 2348 4252 amplexu
2387 4183 2584 4236 illicito
2620 4185 3030 4253 perpetualiter
3073 4185 3497 4239 abstinendum.

1806 4272 1942 4324 Item
1973 4272 2180 4324 Paulus
2215 4287 2226 4324 :
2261 4274 2569 4325 Fornicatio
2613 4279 2792 4326 autem
2833 4280 2884 4326 et
2929 4275 3099 4327 omnis
3147 4275 3500 4328 immunditia

83 4357 238 4404 gnare
257 4344 603 4407 contendunt,
636 4359 799 4410 quam
827 4344 1061 4412 pulchra
1105 4343 1259 4408 virgo
1304 4345 1353 4393 et
1402 4356 1527 4393 vera
1570 4356 1602 4393 η

1977 4361 2182 4424 iaritia,
2223 4373 2316 4412 nec
2336 4361 2642 4412 nominetur
2668 4361 2727 4412 in
2761 4360 2930 4428 vobis,
2979 4363 3116 4414 sicut
3160 4362 3306 4416 decet
3342 4377 3496 4415 sanc-

85 4435 156 4482 ter
203 4434 442 4486 Ecclesia
497 4448 601 4486 non
641 4431 842 4486 habens
880 4431 1150 4484 maculam
1197 4435 1292 4482 aut
1348 4445 1558 4496 rugam,
1617 4431 1700 4482 vel

85 4519 286 4586 aliquid
319 4520 650 4588 hujusmodi,
686 4534 894 4587 semper
921 4519 1028 4571 sibi
1075 4519 1295 4586 obsequi
1334 4518 1542 4570 illibate
1599 4517 1697 4570 de-

84 4607 219 4670 legit.

84 4703 183 4764 vox
212 4713 449 4766 tonitrui
480 4713 688 4766 Paulus
732 4712 805 4765 ita
857 4712 927 4765 de
977 4711 1259 4764 munditia
1304 4710 1692 4780 prosequitur,

29 4810 134 4850 cum
180 4801 507 4871 vulgaribus
566 4800 898 4870 conjugium
948 4799 1346 4869 permitteret:
1394 4801 1693 4867 Unusquis-

32 4900 111 4950 (με
142 4903 290 4942 suam
327 4905 548 4944 uxorem
583 4889 798 4953 habeat,
840 4893 889 4940 et
938 4903 1275 4956 unaquaeque
1312 4903 1468 4941 suum
1517 4889 1693 4940 virum

29 4970 209 5030 habeat.
247 4979 373 5044 Hoc,
408 4976 616 5046 inquit,
662 4976 780 5030 dico
817 4977 1108 5030 secundum
1137 4976 1554 5042 indulgentiam,
1588 4991 1694 5028 non

30 5065 279 5118 secundum
311 5067 618 5134 imperium.
659 5066 784 5118 Volo
829 5069 1007 5118 autem
1065 5079 1241 5118 omnes
1298 5066 1534 5117 homines
1584 5079 1694 5117 esse

31 5150 142 5202 sicut
164 5157 442 5221 meipsum,
481 5153 576 5206 sed
623 5155 996 5222 unusquisque
1050 5152 1332 5220 proprium
1380 5153 1538 5205 habet
1596 5153 1690 5206 do-

30 5250 131 5291 num
149 5257 209 5293 ex
238 5245 366 5296 Deo.
398 5243 559 5295 Alius
585 5241 802 5309 quidem
831 5244 926 5308 sic,
962 5241 1102 5295 alius
1134 5257 1256 5294 vero
1293 5243 1388 5294 sic.
1430 5242 1554 5294 Dico
1585 5256 1691 5293 au-

35 5327 111 5376 tem
134 5343 227 5382 non
276 5332 463 5398 nuptis
509 5335 560 5382 et
599 5329 804 5395 viduis,
849 5329 1042 5382 bonum
1071 5333 1149 5381 est
1178 5329 1287 5382 illis
1326 5330 1376 5381 si
1424 5329 1502 5380 sic
1537 5344 1692 5381 man-

34 5416 166 5469 serint
191 5420 333 5472 sicut
361 5422 410 5469 et
441 5433 535 5484 ego
586 5419 637 5486 (Ι
685 5417 818 5471 Cor.
864 5433 959 5483 vn,
1006 5421 1061 5481 2,
1111 5419 1185 5486 6).
1245 5414 1312 5469 Et
1363 5415 1511 5470 idem
1565 5419 1692 5485 post

41 5513 178 5562 pauca
204 5505 260 5558 in
294 5505 496 5559 eadem
530 5505 776 5575 Epistola
803 5504 871 5558 ad
906 5504 1227 5558 Corinthios
1277 5505 1462 5573 prima
1498 5521 1509 5556 :
1561 5506 1692 5560 Con-

37 5589 180 5646 silium
201 5600 383 5648 autem
413 5593 482 5647 do
529 5599 786 5663 tanquam
830 5593 1259 5649 misericordiam
1311 5598 1616 5648 consecutus
1657 5609 1689 5647 α

1811 4450 1917 4506 tos;
1959 4450 2056 4498 aut
2102 4447 2403 4515 turpitudo,
2455 4453 2550 4500 aut
2597 4449 3016 4515 stultiloquium,
3049 4455 3147 4502 aut
3188 4451 3498 4503 scurrilitas

1808 4548 1926 4600 quae
1956 4533 2030 4585 ad
2065 4549 2176 4586 rem
2208 4537 2456 4600 pertinet,
2487 4534 2581 4588 sed
2611 4538 2786 4602 magis
2831 4539 3139 4602 gratiarum
3187 4539 3346 4590 actio.
3390 4539 3499 4590 Hoc

1807 4624 1948 4674 enim
1974 4623 2160 4675 scitote
2204 4623 2583 4689 intelligentes,
2627 4623 2772 4690 quod
2817 4625 2989 4676 omnis
3050 4625 3353 4687 fornicator
3401 4631 3498 4679 aut

1805 4709 2136 4775 immundus,
2181 4716 2276 4763 aut
2333 4726 2554 4775 avarus,
2605 4710 2750 4779 quod
2791 4715 2870 4762 est
2926 4710 3192 4764 idolorum
3240 4714 3491 4776 servitus,

1804 4813 1909 4851 non
1935 4799 2091 4851 habet
2122 4799 2486 4852 hareditatem
2515 4801 2572 4852 in
2597 4814 2759 4865 regno
2799 4799 3004 4853 Christi
3050 4804 3100 4850 et
3130 4801 3227 4851 Dei
3270 4799 3492 4867 (Ephes.

1805 4902 1857 4952 ν,
1893 4883 1963 4955 3).
2001 4888 2067 4940 Et
2095 4887 2265 4955 paulo
2299 4893 2427 4955 post
2459 4903 2470 4940 ε
2514 4890 2702 4940 Eratis
2739 4889 2880 4939 enim
2907 4886 3208 4952 aliquando
3247 4887 3493 4953 tenebrz,

1803 4990 1943 5028 nunc
1988 4980 2167 5027 autem
2216 4975 2313 5027 tua:
2367 4976 2425 5026 in
2459 4975 2717 5037 Domino;
2775 4980 2834 5026 ut
2870 4973 2975 5041 ﬁlii
3023 4974 3158 5026 lucis
3199 4975 3488 5028 ambulate.

1807 5063 2034 5116 Fructus
2082 5065 2221 5116 enim
2252 5062 2386 5114 lucis
2424 5068 2501 5115 est
2548 5063 2606 5113 in
2635 5063 2781 5114 omni
2827 5063 3061 5114 bonitate
3091 5066 3140 5113 et
3182 5063 3408 5130 justitia
3445 5071 3494 5117 et

1800 5155 2027 5205 veritate
2081 5151 2262 5219 (Ibid,
2318 5151 2392 5218 8).
2451 5149 2544 5202 His
2603 5154 2663 5202 et
2717 5149 2842 5202 aliis
2889 5149 3332 5218 quamplurimis
3385 5168 3492 5205 au—

1800 5238 2152 5292 ctoritatibus
2189 5237 2462 5305 pudicitia
2503 5237 2712 5290 mentis
2764 5243 2819 5290 et
2871 5237 3125 5306 corporis
3184 5253 3365 5308 usque
3422 5240 3491 5292 ad

1801 5327 1972 5380 ccelos
2002 5325 2312 5378 extollitur.

2471 5395 2599 5448 CAP.
2641 5393 2817 5449 XCVI.

1871 5504 1934 5556 In
1979 5501 2205 5555 Niczeno
2254 5501 2530 5565 Concilio,
2587 5499 2652 5554 de
2716 5500 3145 5557 subintroductis
3174 5503 3492 5556 mulieribus

1799 5594 1952 5660 (can.
1983 5595 2036 5657 3,
2067 5605 2128 5642 ex
2164 5589 2346 5659 prima
2378 5589 2538 5656 edit.)
2574 5605 2586 5642 :
2618 5609 2643 5639 (ι
2676 5589 2973 5643 lnterdixit
3013 5606 3116 5659 per
3147 5589 3342 5643 omnia
3374 5606 3492 5643 ma-
