3846 6244
313 346 416 395 ΤΗΙ

1550 342 1774 396 AENEAS
1817 343 1896 396 PA
1909 342 2242 396 RISIENSIS
2287 343 2590 398 EPISCOPI

2311 343 2590 398 IPISCOPI
3738 346 3830 395 7‘2v

316 475 380 526 Et
413 473 538 526 ideo
571 472 806 525 fortasse
852 472 928 524 sic
970 471 1313 540 appellatur,
1365 469 1501 541 quia
1536 471 1687 523 Patri
1759 477 1814 524 et
1866 471 2002 525 Filio
2041 477 2087 528 A
2118 488 2247 526 cum
2278 476 2440 526 Patre
2471 479 2527 526 et
2562 473 2701 526 l-‘ilio
2755 473 3032 538 consistit,
3069 497 3087 518 ι
3142 479 3270 541 etc.,
3320 491 3491 543 usque
3529 476 3612 528 ad
3659 477 3819 542 ﬁnem

311 567 501 631 potest
525 561 723 614 eadem
754 561 1063 630 appellatio
1085 559 1412 614 convenire.
1442 561 1582 613 Nam
1606 561 1711 613 hoc
1730 560 1852 629 ipse
1875 577 2004 630 pro-

310 650 434 718 prie
463 650 688 716 dicitur,
723 649 877 719 quod
901 649 984 701 illi
1017 650 1403 701 communiter
1434 648 1721 702 dicuntur.
1759 649 1899 710 Quia
1948 653 2007 702 et

315 742 484 792 Pater
527 739 792 808 Spiritus,
854 744 911 791 et
964 739 1134 791 Filius
1163 738 1436 808 Spiritus;
1471 745 1525 790 et
1552 740 1716 791 Pater
1754 744 2002 802 sanctus,

316 832 372 878 et
413 826 585 878 Filius
612 831 841 878 sanctus
874 829 1021 877 recte
1054 824 1280 877 dicitur.
1345 825 1488 893 Ergo
1553 830 1612 877 ut
1668 825 2001 878 nominibus

301 912 537 982 junctis,
589 928 718 982 quae
763 913 1072 982 separatim
1131 913 1430 981 utriusque
1485 927 1747 980 personae
1805 927 2006 964 conve-

310 1000 499 1064 niunt,
534 1002 830 1070 utriusque
859 1001 1189 1053 communio
1227 1001 1457 1070 proprie
1491 1000 1869 1069 significetur,
1894 1017 2000 1053 vo-

307 1094 470 1143 catur
500 1093 730 1141 sanctus
759 1088 1016 1156 Spiritus,
1051 1087 1150 1157 qui
1181 1088 1465 1140 estdertia
1501 1087 1559 1139 in
1590 1092 1780 1140 sancta
1814 1088 2000 1141 Trini-

307 1180 422 1230 tate
454 1193 718 1246 persona,
771 1177 923 1230 Patri
977 1181 1034 1228 et
1091 1175 1228 1227 Filio
1260 1191 1363 1244 per
1395 1175 1588 1228 omnia
1622 1177 1881 1245 aaqualis,
1917 1193 2006 1230 co-

308 1269 554 1318 aeternus
585 1269 641 1317 et
697 1263 1209 1317 consubstantialis.
1269 1265 1331 1315 Et
1395 1264 1514 1316 haec
1559 1264 1806 1317 Trinitas
1857 1281 2006 1318 unus

309 1358 395 1405 est
426 1353 591 1416 Deus,
622 1353 773 1405 solus
793 1352 1000 1416 bonus,
1035 1367 1295 1420 magnus,
1321 1356 1591 1416 aeternus,
1616 1351 2000 1421 omnipotens.

310 1441 433 1510 Ipse
472 1440 577 1492 sibi
607 1441 814 1506 unitas,
847 1440 1050 1504 deitas,
1096 1439 1456 1508 magnitudo,
1516 1439 1765 1504 bonitas,
1819 1443 2004 1494 omni-

305 1528 583 1598 potentia,
618 1533 672 1581 et
703 1528 982 1598 quidquid
1031 1528 1100 1581 ad
1153 1545 1211 1581 se
1271 1528 1725 1591 substantialiter
1775 1528 2003 1583 dicitur.

311 1617 432 1670 Non
487 1617 564 1669 ita
593 1617 650 1669 in
687 1616 938 1669 relativis
987 1616 1272 1669 vocabulis
1321 1616 1759 1684 intelligendum
1797 1622 1881 1670 est
1921 1619 2006 1670 vel

305 1706 642 1770 dicendum;
699 1705 836 1774 quia
869 1705 978 1758 dici
1028 1721 1144 1757 non
1194 1710 1403 1774 potest,
1455 1706 1622 1758 Pater
1668 1705 1776 1758 sibi
1817 1706 2001 1771 Pater,

306 1794 395 1846 vel
427 1794 603 1860 Filius
636 1793 743 1844 sibi
777 1792 974 1856 Filius,
1024 1792 1110 1843 vel
1143 1791 1390 1860 Spiritus
1444 1797 1672 1844 sanctus
1718 1791 1826 1844 sibi
1886 1792 2004 1861 Spi—

307 1883 450 1936 ritus
502 1889 753 1944 sanctus,
809 1881 906 1933 sed
968 1880 1087 1933 hinc
1121 1881 1357 1932 relativa
1390 1880 1663 1933 vocabula
1727 1881 1795 1933 ad
1830 1880 2002 1935 aliam

310 1971 506 2039 procul
537 1970 713 2023 dubio
744 1985 1050 2038 personam
1080 1969 1278 2020 referri
1307 1968 1537 2022 debent.
1586 1988 1610 2018 »

977 2083 1103 2136 CAP.
1137 2083 1331 2137 LXXX.

387 2183 526 2235 Item
564 2181 715 2235 idem
763 2179 820 2233 in
850 2179 1051 2233 eodem
1086 2180 1228 2248 (cap.
1266 2179 1388 2250 t2):
1429 2202 1449 2227 ι
1483 2179 1727 2248 Spiritus
1781 2183 2006 2232 sanctus

311 2271 504 2340 itaque
557 2271 664 2322 hoc
726 2267 899 2320 habet
939 2268 1236 2338 proprium
1279 2267 1430 2337 quod
1484 2283 1548 2320 ex
1582 2268 1744 2320 Patre
1779 2272 1833 2320 et
1864 2267 2006 2320 Filio

311 2357 611 2427 aequaliter
655 2355 932 2424 procedit,
973 2375 998 2405 ι)
1036 2359 1166 2423 etc.,
1197 2371 1365 2422 usque
1403 2355 1475 2407 ad
1505 2355 1923 2425 omnipotentia
1953 2361 2005 2408 et

312 2445 651 2498 aeternitate.

966 2533 1094 2586 CAP.
1132 2533 1346 2586 LXXXI.

383 2642 525 2693 Item
557 2639 790 2707 idem:in
819 2640 1024 2692 eodem
1061 2638 1203 2707 (cap.
1235 2638 1318 2707 15)
1356 2655 1367 2691 :
1401 2638 1693 2708 «Spiritus
1725 2638 2007 2709 siquidem

314 2732 540 2778 sanctus
579 2742 680 2778 nec
703 2726 1014 2795 ingenitus,
1059 2742 1162 2778 nec
1191 2726 1417 2795 genitus
1458 2726 1669 2779 alicubi
1710 2725 1942 2793 dicitur,
1979 2745 2003 2774 ι)

313 2818 440 2867 etc..
474 2829 643 2882 usque
663 2814 755 2877 ad,
792 2814 1059 2884 procedat
1086 2814 1330 2883 Spiritus
1357 2821 1602 2867 sanctus.

952 2929 1079 2982 CAP.
1119 2929 1358 2983 LXXXII.

391 3029 528 3080 ltem
559 3027 711 3080 idem
745 3028 801 3079 in
833 3027 977 3079 libro
1010 3027 1258 3078 secundo
1289 3026 1432 3094 (cap.
1471 3029 1524 3092 9)
1561 3042 1572 3078 :
1613 3047 1634 3074 ι
1682 3025 1824 3078 Sunt
1885 3026 2007 3078 base

316 3117 424 3168 tria
456 3117 819 3178 zeternaliter,
855 3116 982 3168 tria.
1036 3114 1196 3176 Quod
1245 3113 1569 3182 ingenitum
1604 3120 1691 3166 est
1721 3115 1886 3166 Pater
1925 3119 2008 3166 est

317 3205 490 3268 solus,
527 3204 623 3273 qui
656 3221 688 3256 a
719 3204 875 3256 nullo
915 3219 1036 3255 esse
1071 3203 1240 3255 habet
1280 3203 1432 3272 quod
1467 3207 1552 3254 est
1582 3202 1690 3255 nisi
1723 3217 1755 3254 a
1798 3203 2007 3272 seipso.

316 3293 477 3356 Quod
508 3293 765 3361 genitum
807 3299 890 3344 cst
933 3291 1106 3343 Filius
1158 3296 1262 3354 est,
1323 3291 1477 3343 cuia
1527 3291 1693 3344 Patre
1745 3297 1831 3344 est
1890 3307 2010 3344 esse

318 3382 472 3452 quod
505 3384 608 3434 est.
643 3380 799 3444 Quod
859 3395 992 3433 vero
1027 3395 1131 3432 nec
1180 3379 1501 3448 ingenitum
1542 3384 1646 3444 est,
1706 3395 1808 3432 nec
1867 3380 2014 3449 geni-

319 3478 464 3534 tum,
515 3469 758 3538 Spiritus
807 3474 1038 3521 sanctus
1088 3472 1190 3526 est.
1240 3468 1333 3520 cui
1388 3474 1470 3520 est
1523 3484 1649 3520 csse
1698 3483 1730 3520 a
1761 3468 1925 3520 Patre
1957 3472 2011 3520 et

323 3558 462 3612 Filio
493 3557 819 3628 procedere.
871 3557 934 3609 Et
957 3557 1093 3609 .basc
1125 3555 1234 3608 tria
1263 3555 1507 3609 Trinitas
1537 3562 1623 3610 est
1680 3571 1830 3620 vera,
1882 3571 2014 3609 con-

320 3645 704 3699 substantialis
735 3651 790 3699 et
815 3649 1116 3698 coaeterna.
1167 3667 1192 3692 ››

940 3759 1067 3814 CAP.
1116 3758 1374 3813 LXXXIII.

393 3858 532 3910 Item
564 3857 717 3910 idem
744 3857 801 3910 in
835 3857 982 3910 libro
1015 3857 1266 3910 secundo
1298 3859 1441 3926 (cap.
1484 3859 1569 3926 tt)
1598 3895 1612 3909 .
1641 3877 1662 3905 ι
1695 3858 1757 3910 In
1790 3856 2013 3911 Christo

321 3951 510 3998 autem
545 3945 858 3998 secundum
890 3945 1185 3998 catholicae
1235 3945 1366 3997 fidei
1423 3944 1742 4010 veritatem,
1776 3945 1834 3998 in
1880 3946 2014 3997 uni-

319 4038 431 4086 tate
463 4050 720 4103 personw
753 4033 923 4085 simul
949 4038 1003 4086 et
1032 4033 1302 4086 deitatem
1345 4033 1611 4098 fatemur,
1646 4040 1704 4086 et
1759 4033 2010 4086 animam

319 4120 654 4174 rationalem
683 4126 739 4173 et
761 4135 1014 4172 carnem.
1052 4121 1111 4173 In
1144 4137 1258 4190 qua
1287 4125 1480 4173 tamen
1523 4121 1705 4174 deitas
1734 4120 2012 4189 Spiritum

320 4209 575 4278 accipere
607 4224 721 4261 non
769 4211 971 4276 potuit,
1025 4209 1160 4279 quia
1191 4210 1505 4262 secundum
1537 4208 1811 4262 deitatem
1846 4210 2017 4262 Pater

323 4303 374 4348 et
399 4296 572 4348 Filius
601 4301 657 4348 et
685 4296 925 4364 Spiritus
957 4303 1181 4350 sanctus
1216 4313 1366 4350 unus
1396 4304 1478 4350 est
1506 4299 1672 4351 Deus.
1707 4299 1828 4350 Non
1874 4313 2012 4366 ergo

320 4382 511 4450 potuit
536 4360 810 4450 Spiritum
837 4388 1094 4436 sanctum
1130 4383 1397 4436 divinitas
1430 4385 1551 4437 Filii
1573 4385 1847 4454 accipere,
1879 4360 2008 4436 cu'm
2055 4360 2096 4413 ί)

320 4471 443 4540 ipse
501 4470 744 4539 Spiritus
801 4476 1028 4524 sanctus
1079 4471 1159 4524 sic
1203 4472 1474 4541 procedat
1533 4489 1565 4525 a
1615 4473 1780 4540 Filio,
1867 4472 2012 4525 sicut

323 4560 586 4628 procedit
613 4575 643 4612 a
675 4559 862 4622 Patre,
891 4564 948 4612 et
992 4559 1072 4613 sic
1118 4560 1286 4614 detur
1328 4577 1359 4613 a
1412 4561 1552 4613 Filio
1594 4561 1739 4613 sicut
1787 4561 2012 4614 datura

323 4649 508 4701 Patre.
557 4668 582 4697 »

947 4739 1075 4794 CAP.
1111 4737 1382 4792 LXXXIV.

387 4853 527 4905 Item
560 4851 711 4905 idem
762 4852 820 4905 in
856 4853 1000 4905 libro
1048 4852 1294 4906 secundo
1329 4854 1471 4922 (cap.
1512 4852 1598 4916 19)
1636 4869 1647 4906 :
1704 4856 1773 4907 De
1807 4855 2012 4906 unitate

317 4942 556 5009 Spiritus
587 4943 764 4993 sanati
794 4957 911 4994 cum
947 4943 1104 4994 Patre
1142 4947 1191 4993 et
1239 4941 1381 4994 Filio
1415 4957 1427 4994 :
1457 4964 1481 4989 ‹‹
1525 4941 1769 5010 Spiritus
1822 4941 2012 5010 itaque

315 5035 541 5083 sanctus
572 5030 718 5082 sicut
752 5031 916 5083 Pater
949 5037 1007 5083 et
1034 5030 1208 5082 Filius
1252 5030 1457 5099 plenus
1499 5037 1584 5082 est
1616 5031 1762 5083 Deus
1791 5035 1846 5082 et
1880 5045 2010 5098 per-

315 5117 511 5181 fectus,
548 5117 664 5169 imo
694 5133 840 5170 unus
870 5119 1016 5170 Deus
1049 5133 1178 5170 cum
1206 5118 1372 5170 Patre
1407 5123 1462 5170 et
1493 5117 1634 5170 Filio
1678 5122 1848 5186 atque
1900 5132 2012 5170 una

314 5205 652 5271 substantia,
687 5205 832 5258 sicut
860 5221 1034 5275 supra
1058 5205 1516 5266 memoravimus,
1544 5224 1568 5254 υ
1593 5210 1724 5266 etc.,
1753 5220 1920 5272 usque
1939 5205 2012 5258 ad

320 5289 417 5343 ubi
448 5292 566 5345 vult
596 5292 792 5362 spirat.

953 5381 1079 5434 CAP.
1135 5381 1369 5435 LXXXV.

384 5493 522 5545 Item
557 5493 707 5547 idem
747 5495 805 5546 in
851 5495 995 5546 libro
1027 5495 1274 5548 secundo
1324 5494 1464 5564 (cap.
1500 5497 1591 5563 20)
1628 5513 1639 5548 :
1703 5519 1726 5542 ‹‹
1763 5495 2010 5564 Spiritus

313 5585 536 5634 sanctus
575 5583 635 5634 in
683 5583 883 5636 eadem
927 5583 1142 5634 unitate
1189 5583 1518 5635 substantiae
1564 5590 1618 5636 et
1667 5584 2006 5654 aaqualitate

2117 565 2339 630 capitis.

2723 650 2850 703 CAP.
2885 650 3142 703 LXXXVI.

2189 768 2325 818 Item
2368 765 2519 818 idem
2568 765 2622 816 in
2657 764 2858 817 eodem
2902 771 3045 832 (cap.
3079 768 3170 832 2t)
3209 781 3220 818 :
3257 767 3365 820 Cur
3397 767 3538 819 idem
3568 767 3829 835 Spiritus

2113 859 2331 907 sanctus
2380 854 2461 906 bis
2515 869 2550 906 a
2599 855 2699 906 Deo
2754 855 2967 908 Christo
2997 854 3159 906 datus
3189 857 3277 906 sit.
3313 875 3340 901 «
3374 856 3607 924 Absque
3646 855 3824 907 dubi-

2118 941 2334 995 tatione
2390 943 2519 994 ideo
2553 941 2801 1011 Spiritus
2831 949 3056 994 sanctus
3090 942 3174 994 bis
3204 943 3366 995 datus
3399 950 3502 1008 est,
3552 947 3625 996 ut
3669 959 3829 995 com-

2112 1031 2522 1083 mendarentur
2553 1031 2665 1082 duo
2717 1037 3007 1099 priecepta
3047 1030 3355 1094 charitatis,
3397 1052 3417 1078 ι
3454 1037 3588 1092 etc.,
3657 1046 3833 1099 usque

2115 1117 2190 1170 ad
2217 1122 2375 1186 ﬁnem
2405 1120 2624 1186 capitis.

2739 1207 2864 1259 CAP.
2900 1206 3182 1260 LXXXVII.

2188 1323 2328 1374 Item
2387 1321 2537 1375 idem
2593 1325 2652 1374 in
2704 1321 2846 1374 libro
2899 1337 3006 1374 in:
3065 1321 3336 1387 Quomodo
3393 1325 3583 1376 missio
3640 1326 3828 1375 sancti

2119 1411 2358 1478 Spiritus
2402 1414 2474 1464 sit
2519 1410 2895 1480 intelligenda.
2945 1429 2971 1459 ‹‹
3010 1408 3165 1463 Sicut
3204 1410 3358 1462 enim
3410 1427 3443 1462 a
3477 1411 3655 1463 Patre
3711 1411 3828 1480 Spi-

2115 1504 2262 1552 rttus
2292 1504 2516 1552 sanctus
2550 1499 2814 1562 mittitur,
2852 1499 2928 1552 ita
2958 1503 3015 1550 et
3045 1514 3076 1550 a
3115 1497 3275 1562 Filio,
3309 1517 3334 1547 ι)
3369 1504 3502 1562 etc.,
3532 1514 3717 1567 usque
3750 1500 3822 1551 ari

2116 1590 2274 1656 ﬁnem
2306 1590 2525 1654 capitis.

2710 1676 2836 1729 CAP.
2879 1676 3194 1730 LXXXVIII.

2048 1773 2086 1824 Β
2187 1791 2328 1844 Item
2357 1791 2414 1844 in
2455 1791 2588 1844 Fide
2616 1791 2795 1861 ipsius
2824 1791 3049 1844 Alcuini
3085 1807 3096 1843 :
3143 1811 3170 1840 (ι
3218 1792 3514 1845 Credimus
3559 1800 3826 1846 sanctam

2115 1878 2474 1946 Trinitatem,
2537 1879 2592 1932 id
2644 1885 2746 1946 est,
2801 1880 3025 1932 Patrem
3072 1885 3129 1932 et
3184 1879 3387 1932 Filium
3420 1888 3477 1933 et
3537 1881 3824 1950 Spiritum

2114 1975 2393 2033 sanctum,
2423 1984 2598 2021 unum
2631 1969 2810 2021 Deum
2845 1970 3325 2037 omnipotentem,
3358 1970 3526 2021 unius
3558 1971 3826 2024 substan-

2114 2056 2231 2118 tim,
2295 2057 2464 2109 unius
2510 2057 2792 2122 essentia},
2855 2057 3022 2109 unius
3088 2059 3415 2126 potestatis;
3476 2059 3814 2112 Creatorem

2116 2144 2378 2198 omnium
2427 2149 2844 2197 creaturarum.
2895 2146 2940 2196 Α
2970 2159 3082 2213 quo
3111 2145 3325 2208 omnia,
3359 2161 3462 2213 per
3493 2162 3671 2214 quem
3706 2163 3822 2198 om-

2116 2233 2230 2297 nia,
2261 2232 2320 2285 in
2350 2247 2464 2301 quo
2498 2231 2713 2284 omnia.
2768 2232 2994 2284 Patrem
3041 2249 3071 2284 a
3129 2249 3187 2285 se
3234 2233 3359 2302 ipso
3405 2250 3518 2286 non
3552 2235 3625 2286 ab
3682 2238 3820 2292 alio.

2119 2320 2326 2374 Filium
2353 2336 2386 2372 a
2419 2321 2582 2372 Patre
2605 2319 2885 2388 genitum,
2924 2321 3101 2373 Deum
3142 2337 3339 2374 verum
3398 2323 3467 2376 de
3503 2325 3617 2377 Deo
3653 2341 3811 2384 vero,

2116 2411 2310 2463 lumen
2341 2425 2536 2462 verum
2560 2408 2628 2461 de
2657 2408 2877 2462 lumine
2908 2425 3060 2472 vero,
3096 2426 3212 2463 non
3249 2417 3438 2464 tamen
3469 2412 3583 2466 duo
3637 2414 3811 2466 lumi-

2117 2515 2211 2564 na,
2255 2498 2351 2551 sed
2394 2513 2574 2550 unum
2607 2498 2802 2551 lumen
2853 2498 3131 2566 Spiritum
3176 2506 3434 2553 sanctum
3487 2518 3519 2554 a
3553 2503 3724 2556 Patre
3763 2510 3813 2554 et

2119 2587 2259 2640 Filio
2325 2587 2623 2655 mqualiter
2723 2586 3151 2654 procedentem,
3239 2589 3809 2653 consubstantialem,

2117 2681 2464 2728 coaeternum
2497 2674 2648 2728 Patri
2672 2680 2727 2728 et
2761 2675 2921 2728 Filio.
2968 2698 2988 2722 ι.

2725 2781 2853 2834 CAP.
2898 2781 3166 2835 LXXXIX.

2191 2890 2327 2941 Item
2360 2887 2510 2940 idem
2543 2886 2815 2939 Alcuinus
2850 2888 2907 2939 in
2956 2889 3266 2956 propositis
3296 2891 3713 2958 quaistionibus
3745 2893 3807 2944 de

2119 2981 2314 3030 sancta
2343 2975 2616 3028 Trinitate
2667 2974 2831 3044 (resp.
2884 2975 2958 3028 ad
2986 2978 3244 3042 interrog.
3311 2979 3360 3045 ‘2)
3398 2995 3408 3031 :
3445 3001 3464 3025 ι
3504 2979 3805 3049 Proprium

2046 3066 2086 3120 C
2119 3071 2204 3117 est
2231 3064 2409 3117 Patris
2463 3065 2614 3134 quod
2661 3063 2811 3116 solus
2855 3069 2939 3116 est
2971 3065 3155 3125 Pater,
3186 3070 3237 3117 et
3273 3068 3420 3135 quod
3456 3067 3526 3120 ab
3561 3069 3673 3120 alio
3706 3085 3806 3120 non

2121 3160 2200 3206 est
2234 3153 2343 3207 nisi
2375 3169 2406 3204 a
2437 3168 2514 3206 se.
2551 3151 2853 3221 Proprium
2879 3158 2963 3206 est
2984 3154 3129 3220 Filii,
3189 3156 3342 3224 quod
3377 3172 3409 3207 a
3441 3157 3608 3209 Patre
3650 3158 3802 3225 geni-

2118 3249 2211 3296 tus
2259 3247 2363 3305 est,
2393 3241 2544 3293 solus
2596 3257 2629 3292 a
2677 3241 2795 3294 solo
2825 3245 3140 3294 coaeternus
3199 3250 3255 3294 et
3312 3244 3808 3297 consubstantialis

2121 3331 2362 3400 genitus.
2401 3330 2703 3398 Proprium
2742 3333 2826 3381 est
2865 3329 3110 3399 Spiritus
3160 3331 3356 3392 sancti,
3395 3333 3551 3400 quod
3589 3349 3691 3385 nec
3724 3334 3808 3384 in-

2122 3419 2347 3488 genitus
2380 3424 2484 3481 est,
2523 3418 2619 3470 sed
2666 3433 2698 3469 a
2749 3418 2911 3470 Patre
2966 3423 3023 3470 et
3071 3418 3208 3471 Filio
3263 3420 3564 3489 aequaliter
3613 3437 3804 3490 proce-

2119 3507 2275 3560 dens.
2319 3528 2338 3551 ιν

2831 3594 2958 3647 CAP.
2995 3593 3096 3648 XC.

2194 3699 2536 3754 Prudentius
2567 3699 2627 3752 in
2667 3699 2808 3752 libro
2854 3705 3050 3753 contra
3082 3701 3438 3755 Marcionitas
3490 3708 3675 3757 metro
3718 3704 3803 3756 he-

2124 3789 2273 3842 roico
2298 3789 2384 3857 (in
2410 3792 2649 3856 perorat.
2675 3787 3118 3857 Hamartigenia)
3150 3805 3162 3841 :

2265 3877 2308 3931 Ο
2339 3877 2448 3930 Dee
2471 3876 2868 3945 cunctipotens
2912 3877 3117 3929 animae
3149 3877 3330 3942 dator,
3364 3895 3396 3931 ο
3431 3879 3542 3932 Dee
3576 3880 3802 3940 Christe,

2265 3966 2437 4034 Cujus
2466 3965 2536 4018 ab
2569 3980 2666 4018 ore
2702 3965 2846 4018 Deus
2876 3965 3126 4017 substitit
3155 3965 3403 4034 Spiritus
3433 3983 3602 4020 unus.

2823 4071 2950 4125 CAP.
2989 4071 3117 4125 XCI.

2197 4177 2338 4229 Item
2396 4175 2547 4230 idem
2599 4175 2660 4228 in
2719 4175 2861 4228 libro
2909 4177 3260 4245 Hymnorum
3324 4182 3510 4230 metro
3572 4177 3803 4231 iambico

2129 4265 2336 4334 (hymn.
2371 4270 2495 4317 ante
2524 4264 2788 4332 somnum)
2832 4278 2844 4316 :

2513 4368 2556 4422 Ο
2587 4367 2878 4421 Trinitatis
2911 4367 3102 4438 hujus,

2515 4456 2606 4508 Vis
2628 4471 2742 4509 una
2770 4456 2968 4509 lumen
2997 4472 3199 4523 unum,

2514 4545 2660 4597 Deus
2695 4559 2758 4597 ex
2796 4545 2911 4597 Deo
2941 4545 3228 4614 perennis,

2517 4635 2662 4686 Deus
2685 4649 2751 4687 ex
2785 4639 3027 4703 utroque
3057 4633 3280 4687 missus.

2811 4749 2936 4803 CAP.
2973 4749 3125 4801 XCII.

2195 4855 2333 4906 [tem
2364 4853 2517 4906 idem
2563 4852 2622 4905 in
2653 4853 2800 4906 libro
2834 4853 3190 4922 Hymnorum
3247 4859 3433 4907 metro
3472 4854 3799 4908 choriambi-

2122 4957 2208 5007 co,
2241 4942 2394 5011 quod
2427 4940 2861 5010 Asclepiadeum
2895 4941 3228 4994 nominatur
3254 4941 3473 5009 (Hymn.
3507 4943 3582 4995 ad
3627 4946 3794 4996 incen-

2119 5044 2238 5083 sum
2267 5031 2404 5082 cerei
2432 5029 2736 5097 Paschalis)
2775 5045 2786 5082 :

2262 5136 2527 5188 Inventor
2552 5135 2708 5187 rutili
2735 5133 2850 5188 dux
2881 5135 3030 5188 bone
3063 5135 3318 5201 luminis,

2261 5223 2368 5287 Qui
2389 5223 2554 5276 certis
2593 5222 2811 5276 vicibus
2842 5229 3102 5294 tempora
3127 5223 3354 5287 dividis,

2262 5313 2440 5364 Merso
2474 5311 2590 5364 sole
2611 5310 2779 5364 chaos
2813 5311 3030 5380 ingruit
3054 5313 3378 5381 horridum,

2263 5401 2479 5452 Lumen
2511 5399 2684 5452 redde
2717 5400 2846 5464 tuis,
2877 5401 3112 5464 Christe,
3140 5400 3423 5454 fidelibus.

2333 5496 2443 5548 Per
2472 5495 2757 5549 Christum
2796 5496 3080 5564 genitum,
3129 5512 3351 5550 summe
3404 5499 3592 5565 Pater,
3628 5506 3789 5560 tuum,

2263 5585 2322 5635 In
2355 5599 2470 5652 quo
2492 5583 2792 5636 invisibilis
2825 5589 2934 5638 stat
2964 5583 3070 5636 tibi
3086 5585 3290 5652 gloria,
