3846 6244
53 351 129 397 ?L‘I
1321 348 1531 404 LIBER
1570 350 1931 406 ADVERSUS
1973 352 2279 407 GRA‘JCOS.

169 475 274 538 Qui
306 482 513 528 noster
538 477 832 542 Dominus,
863 478 962 547 qui
994 484 1122 530 tuus
1157 479 1358 531 unicus

169 564 359 633 Spirat
393 566 470 618 de
503 568 688 634 patrio
716 566 885 618 corde
929 568 1304 619 Paracletum.

237 653 348 704 Per
393 669 574 722 quem
629 654 918 722 splendor,
982 656 1182 718 honor,
1237 657 1373 720 laus,
1440 655 1735 724 sapientia,

167 742 456 809 Maiestas,
491 743 738 804 bonitas,
774 749 831 794 et
859 743 1036 810 pietas
1076 749 1192 805 tua,

166 830 439 898 Regnum
472 831 770 884 continuat
794 831 1026 883 nomine
1057 830 1269 899 triplici

161 918 383 970 Texens
419 919 716 988 perpetuis
755 919 961 971 saecula
1001 919 1239 971 saeculis.

715 1035 841 1087 CAP.
877 1033 1056 1086 XCIII.

104 1149 231 1200 Item
257 1146 319 1199 iu
359 1147 503 1200 Fide
536 1147 834 1211 catholica,
867 1163 1039 1218 quam
1073 1146 1164 1199 die
1196 1147 1484 1199 dominica
1520 1147 1732 1202 decan-

49 1244 108 1288 tat
146 1236 210 1289 ad
245 1236 495 1288 missam
545 1236 879 1289 universalis
937 1236 1244 1290 Galliarum
1324 1236 1584 1303 Ecclesia,
1654 1237 1732 1290 sic

48 1327 242 1378 canitur
273 1325 439 1378 inter
464 1330 670 1379 caetera
702 1340 714 1376 :
754 1345 775 1373 ε
813 1324 991 1377 Credo
1030 1329 1086 1377 et
1124 1323 1182 1376 in
1234 1324 1512 1392 Spiritum
1564 1342 1731 1377 sauc—

50 1423 145 1466 tum
184 1415 507 1467 Dominum
546 1419 603 1466 et
638 1413 1040 1477 viviﬁcantem,
1074 1412 1172 1481 qui
1222 1428 1285 1464 ex
1337 1413 1499 1465 Patre
1553 1413 1728 1467 Filio-

50 1521 135 1572 que
163 1503 449 1573 procedit,
483 1503 741 1572 quicum
778 1503 938 1554 Patre
971 1508 1025 1554 et
1069 1502 1207 1554 Filio
1240 1500 1406 1554 simul
1459 1503 1731 1554 aduratur

49 1599 88 1643 et
112 1591 602 1660 congloriﬁcatur,
636 1591 734 1661 qui
761 1591 984 1643 locutus
1011 1595 1097 1642 est
1128 1606 1231 1658 per
1262 1591 1570 1658 prophetas
1602 1611 1628 1636 ››

704 1705 832 1759 CAP.
875 1703 1053 1757 XCIV.

3445 364 3545 412 722

1769 485 1808 536 Α
1845 483 2060 534 Domino
2085 487 2145 534 ut
2181 485 2284 535 sim
2312 482 2513 551 ﬁdelis.
2549 485 2828 538 Emistimo
2865 502 2989 552 ergo
3041 489 3135 542 hoc
3197 490 3392 544 borium
3424 507 3534 546 esse

1844 573 2068 636 prepter
2119 573 2406 623 instantem
2470 576 2861 638 necessitatem,
2914 579 3171 642 quoniam
3229 578 3424 632 bonum
3463 587 3542 635 est

1847 655 2059 709 homini
2103 659 2178 710 sic
2232 674 2342 711 esse
2404 660 2596 723 (Ibid.,
2660 662 2769 729 23),.
2817 662 3186 730 Subauditur,
3242 667 3413 720 utita
3471 670 3543 722 sit

1844 744 2140 796 continens
2202 747 2346 798 sicut
2397 764 2521 817 ego.
2565 749 2624 800 Et
2659 749 2794 801 item
2822 756 2946 818 post
2987 768 3205 821 pauca;
3267 757 3394 809 Volo
3445 773 3540 810 au-

1845 837 1945 884 tem
1991 849 2081 886 vos
2137 836 2254 887 sine
2292 836 2659 889 sollicitudine
2705 852 2832 890 esse.
2897 840 3004 902 Qui
3047 843 3162 894 sine
3216 857 3383 895 uacare
3439 850 3535 911 est,

1842 922 2107 974 sollicitus
2155 928 2232 976 est
2270 939 2388 990 quae
2435 927 2650 978 Domini
2690 931 2834 992 sunt,
2869 929 3128 994 quomodo
3152 931 3363 997 placeat
3413 936 3533 986 Deo.

1843 1009 1946 1073 Qui
1974 1017 2150 1064 autem
2180 1028 2301 1065 cum
2329 1029 2497 1066 uasere
2552 1019 2647 1080 est,
2683 1017 2877 1068 solticit
2904 1032 2946 1068 ss
2977 1023 3056 1070 est
3094 1020 3354 1086 quomodo
3405 1023 3536 1088 pla-

1840 1105 1954 1153 ceat
1985 1105 2163 1154 umori.
2213 1102 2269 1155 Si
2316 1109 2509 1155 autem
2562 1104 2707 1156 hanc
2759 1104 3152 1158 castimoniam
3197 1107 3352 1160 Iaicis
3401 1109 3536 1162 lior-

1843 1188 2011 1240 tando
2043 1191 2258 1255 suadet,
2296 1192 2476 1243 multo
2521 1192 2702 1260 magis
2753 1192 3026 1246 ministris
3079 1195 3333 1248 Ecclesiae
3375 1213 3535 1249 eam-

1841 1275 1968 1328 dem
2006 1277 2187 1331 inesse
2232 1279 2517 1332 desiderat
2601 1283 2742 1334 Item
2792 1284 3096 1350 Apostolus
3152 1284 3222 1337 ad
3261 1285 3484 1338 Galatas
3523 1303 3534 1338 :

1839 1365 2052 1431 Spiritu
2092 1366 2381 1430 ambulate,
2424 1373 2473 1420 et
2517 1369 2791 1422 desideria
2840 1374 3022 1424 carnis
3071 1387 3175 1425 non
3223 1376 3530 1441 perﬁciet-is.

1839 1453 1974 1505 Caro
2006 1455 2145 1506 enim
2175 1458 2499 1522 concupiscit
2530 1457 2789 1510 adversus
2814 1461 3091 1525 spiritum,
3141 1462 3372 1528 spiritus
3428 1478 3537 1514 au—

1840 1544 1942 1592 tem
1974 1541 2231 1595 adversus
2269 1559 2502 1596 carnem.
2559 1547 2677 1599 Hac
2728 1548 2869 1598 enim
2909 1549 3135 1600 invicem
3183 1550 3291 1600 sibi
3338 1549 3532 1603 adver-

1838 1634 2048 1695 santur,
2093 1635 2154 1682 ut
2198 1647 2304 1684 non
2339 1647 2665 1700 quaecunque
2716 1636 2882 1688 vultis
2939 1636 3038 1688 illa
3083 1639 3337 1701 faciatis;
3390 1640 3534 1706 quod

1837 1719 1888 1769 si
1913 1719 2118 1784 spiritu
2167 1718 2450 1782 ducimini,
2490 1735 2597 1772 non
2647 1723 2774 1774 estis
2812 1723 2910 1775 sub
2960 1724 3070 1789 lege
3115 1725 3262 1792 (Gal.
3308 1743 3358 1791 v,
3421 1727 3528 1791 16).

101 1824 222 1874 Item
257 1821 520 1874 Isidorus
568 1821 624 1874 in
680 1820 815 1873 Fide
871 1818 1149 1871 catholica
1205 1817 1356 1871 inter
1393 1823 1595 1871 caetera

2439 1773 2449 1782 .
2681 1773 2685 1774 κ
2757 1773 2761 1774 ν
2864 1773 2898 1775 η
2963 1773 3062 1789 ρ-σ-
3319 1773 3358 1791 ς,
3426 1773 3528 1791 η,-

2010 1821 2076 1857 em
2114 1821 2126 1858 :
2178 1809 2412 1860 Fructus
2459 1815 2636 1860 autem
2683 1809 2922 1877 Spiritus
2967 1817 3044 1864 est
3085 1812 3348 1879 charitas,
3393 1830 3529 1880 gau-

49 1911 153 1964 dicit
181 1912 317 1974 (Lib.
387 1910 458 1963 de
509 1909 710 1963 Ordine
755 1909 1161 1972 Creatura-rum,
1201 1923 1324 1976 cap.
1374 1905 1463 1971 I):
1503 1930 1528 1955 «
1582 1910 1725 1962 Deus

45 2017 162 2052 unus
189 1999 588 2069 omnipotens,
621 2003 811 2050 sancta
860 1996 1103 2049 Trinitas
1147 1997 1310 2048 Pater
1354 1999 1407 2047 et
1457 1995 1628 2048 Filius
1671 2001 1726 2050 et

47 2088 256 2156 Spiritus
323 2092 578 2139 sanctus.
625 2087 792 2139 Pater
821 2099 958 2154 ergo
1015 2083 1406 2152 omnipotens,
1456 2099 1521 2136 ex
1565 2084 1722 2136 nullo

46 2179 294 2245 originem
345 2176 530 2240 ducit,
563 2180 618 2228 et
647 2174 765 2243 ipse
798 2175 957 2242 origo
1017 2173 1328 2227 divinitatis
1377 2177 1481 2239 est,
1537 2189 1566 2224 a
1607 2189 1719 2242 quo

51 2267 187 2318 Filius
233 2265 387 2317 Deus
445 2264 811 2333 omnipotens
857 2262 1084 2332 genitus
1136 2263 1256 2315 sine
1306 2265 1564 2332 tempore
1615 2267 1716 2328 est,

47 2371 133 2406 neu
163 2354 376 2422 quippe
413 2358 640 2405 creatus
685 2355 788 2416 est,
838 2351 972 2420 quia
1005 2351 1154 2402 Deus
1195 2354 1294 2402 est.
1344 2351 1468 2415 Cui,
1513 2354 1722 2418 praeter

50 2443 165 2512 quod
205 2443 384 2496 Filius
435 2447 540 2503 est,
585 2441 642 2493 in
695 2439 990 2493 divinitate
1049 2444 1233 2492 totum
1275 2445 1359 2490 est
1415 2454 1718 2490 commune

53 2531 194 2582 Patris
241 2531 299 2582 in
348 2529 696 2591 aeternitate,
742 2528 802 2580 in
835 2528 1142 2591 voluntate,
1178 2527 1236 2578 in
1295 2531 1597 2596 potestate,
1658 2526 1717 2578 in

49 2619 308 2689 sapientia.
343 2618 438 2671 Sic
472 2622 528 2670 et
572 2617 744 2681 Patri,
786 2621 997 2685 praeter
1046 2615 1200 2686 quod
1266 2616 1430 2668 Pater
1485 2620 1587 2680 est,
1631 2620 1714 2667 to-

53 2717 142 2761 tum
179 2714 257 2760 est
302 2723 616 2760 commune
664 2706 806 2760 Filii.
862 2704 1105 2774 Spiritus
1155 2709 1383 2756 sanctus
1431 2710 1514 2755 est
1572 2705 1714 2755 Deus

49 2796 404 2865 omnipotens,
446 2811 551 2848 nec
599 2796 826 2866 genitus
880 2800 982 2854 est,
1037 2793 1172 2862 quia
1214 2808 1325 2845 non
1379 2797 1461 2845 est
1518 2793 1712 2859 Filius,

53 2900 128 2935 nec
174 2889 414 2950 creatus,
467 2884 602 2952 quia
657 2899 773 2935 non
831 2887 912 2934 est
961 2887 1240 2943 creatura,
1287 2880 1383 2935 sed
1432 2896 1498 2934 ex
1551 2882 1713 2933 Patre

50 2971 262 3038 procedit
307 2977 365 3025 et
419 2971 584 3025 Filio.
620 2971 737 3033 Cui,
785 2976 993 3040 praeter
1022 2969 1171 3039 quod
1203 2969 1446 3037 Spiritus
1489 2975 1713 3021 sanctus

1834 1891 2011 1959 dium,
2038 1910 2175 1960 pum,
2210 1898 2498 1962 patientia,
2551 1897 2959 1962 longanimitas,
2995 1899 3227 1966 bonitas,
3283 1901 3527 1966 benigni-

1834 1985 1937 2046 tas,
1995 1983 2148 2050 ﬁdes,
2205 1983 2488 2048 modestia,
2561 1985 2776 2050 lenitas,
2834 1989 3184 2054 continentia,
3259 1992 3526 2043 castitas:

1831 2070 2089 2123 adversus
2162 2071 2476 2138 hujusmodi
2550 2088 2656 2126 non
2721 2081 2799 2126 est
2863 2077 2949 2127 lea:
3021 2076 3202 2141 (Ibid,
3273 2079 3384 2143 22).
3466 2079 3530 2132 Et

1831 2157 2000 2212 item:
2036 2159 2096 2212 Si
2121 2162 2321 2226 Spiritu
2342 2163 2596 2224 vivimus,
2628 2164 2850 2228 spiritu,
2886 2169 2936 2216 et
2969 2164 3302 2218 ambulemus
3359 2166 3521 2235 (Ibid.

1827 2262 1966 2299 vers.
2001 2249 2106 2314 25).
2151 2247 2290 2300 Cum
2349 2255 2539 2300 autem
2586 2249 2652 2301 de
2705 2265 2911 2319 magno
2973 2251 3240 2320 pontiﬁce
3299 2253 3523 2306 Christo

1827 2334 1895 2386 ad
1927 2334 2188 2387 Hebrmos
2221 2335 2451 2387 dixisset
2484 2351 2496 2387 :
2533 2337 2680 2389 Talis
2709 2340 2849 2389 enim
2880 2337 3096 2391 decebat
3127 2344 3186 2391 ut
3217 2341 3370 2393 nobis
3391 2347 3524 2395 esset

1823 2424 2074 2488 pontifex
2121 2429 2358 2488 sanctus,
2410 2427 2680 2488 innocens,
2735 2427 3066 2493 impollutus,
3131 2433 3442 2494 segregatus
3488 2446 3522 2482 α

1821 2511 2196 2576 peccatoribus
2233 2517 2282 2565 et
2327 2514 2588 2566 excelsior
2627 2515 2769 2566 castis
2798 2516 2981 2579 factus
3019 2517 3202 2584 (Hebr.
3230 2534 3325 2581 vn,
3373 2520 3459 2578 36)
3503 2535 3516 2571 :

1825 2598 1971 2650 lianc
2033 2599 2302 2652 castitatis
2352 2601 2694 2654 munditiam
2761 2603 2978 2655 cunctis
3027 2605 3412 2658 sacerdotibus
3465 2611 3521 2658 et

1827 2686 2103 2739 ministris
2135 2689 2388 2741 Ecclesim
2433 2691 2766 2743 servandam
2806 2693 3123 2760 proposuit.
3184 2693 3246 2745 Et
3293 2693 3338 2744 si
3387 2696 3520 2747 talia

1823 2775 1881 2827 in
1918 2776 2284 2829 saecularibus
2317 2777 2643 2838 laudantur,
2679 2779 3141 2833 abundantiusiu
3173 2782 3516 2836 ecclesiasti-

1823 2865 1901 2915 cis
1931 2864 2254 2916 honestiora
2290 2881 2410 2916 esse
2444 2866 2726 2919 videntur.
2779 2868 2917 2920 Item
2953 2869 3159 2921 Paulus
3209 2870 3276 2922 ad
3323 2871 3513 2924 Colos-

1823 2967 2012 3004 senses
2056 2953 2438 3017 :i‘llorti/icate,
2479 2953 2685 3023 inquit,
2731 2957 2969 3008 membra
3006 2963 3186 3010 vestra
3219 2973 3336 3024 qua:
3391 2965 3515 3012 sunt

53 3067 127 3116 est.
159 3065 330 3114 totum
364 3077 676 3113 commune
722 3065 808 3112 est
859 3059 1038 3111 Patris
1084 3064 1139 3110 et
1189 3057 1344 3122 Filii;
1401 3058 1535 3127 quia
1593 3073 1711 3110 non
1750 3067 1790 3123 ς
1820 3052 1982 3106 super
2048 3044 2264 3100 ίεννανηο
2326 3042 2760 3109 fornicationem:
2837 3045 3265 3108 immunditiam,
3329 3046 3512 3099 libidi'

51 3149 120 3216 qui
151 3151 300 3201 Pater
331 3155 438 3209 est,
477 3148 652 3202 Filius
679 3155 778 3200 aut
808 3147 1052 3216 Spiritus
1083 3151 1310 3199 sanctus
1354 3145 1413 3198 in
1465 3161 1710 3214 persona

52 3236 117 3287 hic
141 3243 232 3300 est,
265 3253 372 3291 nec
400 3237 502 3307 qui
545 3237 715 3290 Filius
764 3243 848 3288 est
896 3237 1061 3288 Pater
1113 3240 1212 3287 aut
1259 3234 1505 3304 Spiritus
1555 3250 1710 3287 sauc-

53 3331 120 3375 tus
150 3324 234 3377 Iiic
266 3331 372 3391 est,
407 3341 513 3378 nec
549 3324 648 3395 qui
687 3323 932 3395 Spiritus
981 3328 1206 3376 sanctus
1252 3328 1356 3387 est,
1404 3324 1569 3376 Pater
1610 3328 1710 3374 aut

51 3412 187 3465 Filius
229 3415 319 3466 hic
368 3420 474 3480 est,
527 3413 625 3467 sed
685 3413 744 3466 in
790 3415 1036 3466 essentia
1093 3411 1240 3482 quod
1302 3413 1468 3465 Pater
1505 3417 1605 3477 est,
1652 3416 1709 3464 et

53 3500 204 3566 Filius,
254 3508 307 3554 et
339 3502 592 3572 Spiritus
633 3505 860 3553 sanctus
906 3501 1012 3553 hoc
1061 3516 1239 3552 unum
1286 3503 1387 3553 est.
1445 3502 1507 3552 Et
1556 3499 1706 3570 quod

49 3588 188 3641 Filius
237 3595 339 3654 est,
398 3593 566 3644 Pater
619 3595 676 3642 et
727 3589 970 3657 Spiritus
1031 3594 1258 3641 sanctus
1313 3588 1420 3640 hoc
1475 3594 1577 3641 est.
1645 3589 1708 3641 Et

49 3678 166 3743 quod
193 3679 436 3746 Spiritus
484 3684 715 3731 sanctus
757 3682 861 3744 est,
921 3678 1090 3744 Pater
1136 3681 1190 3728 et
1239 3676 1412 3730 Filius
1444 3677 1550 3729 hoc
1598 3682 1744 3741 est,.

47 3765 116 3816 sed
143 3781 244 3819 non
276 3767 486 3836 triplex
537 3767 598 3819 in
655 3767 751 3819 illa
799 3765 1077 3819 Triuitate
1131 3765 1368 3818 deorum
1433 3781 1704 3818 numerus

48 3857 124 3903 est.
149 3854 302 3907 Salva
325 3857 484 3909 enim
516 3854 876 3925 separatione
907 3869 1283 3924 personarum
1314 3858 1499 3907 totum
1549 3869 1701 3906 com-

50 3955 184 3994 mune
220 3943 533 3997 divinitatis
564 3949 666 3996 est.
703 3964 725 3990 ιι

697 4055 824 4110 CAP.
859 4055 1008 4110 XCV.

51 4168 328 4224 Testimonia
376 4176 689 4226 sanctorum
721 4173 943 4225 Patrum
970 4175 1159 4225 contra
1206 4185 1289 4224 eos
1329 4172 1426 4238 qui
1463 4172 1702 4237 profana

99 4260 360 4313 intentione
413 4259 741 4313 munditiam
801 4261 1178 4312 ministrorum
1239 4257 1445 4312 Christi
1521 4272 1699 4325 oppu-

1817 3141 1955 3192 nem,
2025 3130 2512 3196 concupiscentiam
2555 3131 2756 3183 malum
2809 3131 3028 3200 (Coloss.
3080 3150 3162 3198 ιιι,
3213 3137 3282 3199 5).
3345 3134 3514 3188 Addit

1819 3215 1994 3267 etiam
2027 3231 2039 3268 :
2075 3217 2300 3284 Propter
2340 3233 2459 3284 qua
2494 3221 2642 3270 venit
2688 3221 2777 3271 ira
2828 3222 2921 3273 Dei
2958 3235 3122 3290 super
3166 3222 3305 3290 ﬁlios
3349 3224 3513 3276 incre-

1819 3301 2091 3356 dulitatis.
2127 3305 2190 3356 In
2222 3304 2415 3371 quibus
2448 3311 2497 3358 et
2529 3320 2616 3358 vos
2652 3309 2839 3372 fuistis
2888 3308 3187 3377 aliquando
3220 3325 3338 3363 cum
3371 3313 3512 3363 vive-

1817 3393 1948 3444 retis
2007 3395 2064 3444 in
2120 3393 2253 3446 illis.
2319 3395 2472 3449 Nunc
2523 3400 2701 3448 autem
2758 3395 3009 3463 deponite
3060 3403 3111 3450 et
3159 3413 3250 3451 vos
3306 3401 3509 3463 omnia,

1817 3482 1978 3545 iram,
2022 3480 2468 3546 indignationem,
2507 3485 2796 3549 malitiam,
2841 3484 3248 3552 blasphemiam,
3302 3490 3510 3552 turpem

1817 3583 2107 3621 sermonem
2141 3570 2206 3622 de
2241 3585 2329 3623 ore
2373 3575 2567 3623 vestro.
2610 3571 2690 3624 Ad
2743 3571 2864 3623 haec
2923 3572 3346 3639 augmentanda
3410 3572 3510 3624 Dci

1821 3657 1992 3710 Filius
2024 3657 2366 3710 concludens
2414 3658 2657 3727 imperat
2690 3675 2702 3711 :
2755 3661 2877 3713 Sint
2916 3660 3115 3712 lumbri
3150 3662 3320 3712 vestri
3361 3676 3502 3728 prae-

1815 3747 1994 3809 cincti,
2046 3750 2096 3797 et
2143 3746 2367 3798 lucerna
2423 3747 2672 3800 ardentes
2714 3749 2771 3798 in
2817 3747 3066 3800 manibus
3113 3749 3308 3799 vestris
3347 3746 3502 3816 (Luc.

1813 3849 1907 3899 xu,
1951 3833 2061 3897 35).
2115 3835 2175 3885 Et
2224 3834 2474 3886 Paulus:
2523 3834 2733 3887 Bonum
2780 3839 2858 3887 est
2901 3836 3176 3888 mulierem
3221 3850 3327 3890 non
3378 3841 3504 3887 tan-

1813 3936 1934 3987 gere
1962 3923 2006 3989 (l
2037 3923 2164 3975 Cor.
2200 3937 2294 3985 vn,
2340 3925 2411 3987 I),
2465 3922 2726 3975 videlicet
2788 3923 2951 3992 quasi
3011 3922 3068 3976 in
3099 3928 3251 3976 tactu
3310 3923 3502 3975 statim

1810 4008 2131 4079 periculum
2184 4025 2287 4079 pro
2319 4008 2532 4063 foribus
2578 4010 2815 4063 adesset.
2873 4011 2930 4066 Si
2978 4011 3300 4064 carnalibus
3360 4016 3446 4064 est
3475 4028 3505 4062 a

1810 4101 1959 4150 tactu
1991 4097 2432 4167 temperandum
2465 4103 2521 4150 et
2549 4098 2889 4167 cavendum,
2924 4098 3229 4152 instantius
3273 4099 3501 4169 spirita-

1809 4185 1957 4238 libus
1983 4186 2052 4239 ab
2088 4187 2351 4255 amplexu
2391 4185 2586 4239 illicito
2623 4188 3034 4256 perpetualiter
3077 4187 3501 4242 abstinendum.

1808 4275 1946 4326 Item
1977 4275 2184 4327 Paulus
2218 4290 2230 4328 :
2264 4277 2572 4328 Fornicutio
2617 4281 2795 4329 autem
2836 4282 2888 4329 et
2932 4278 3104 4330 omnis
3151 4278 3505 4332 immunditia

99 4360 242 4406 gnare
258 4348 606 4411 contendunt,
639 4363 802 4414 quam
830 4347 1065 4415 pulchra
1108 4347 1262 4412 virgo
1307 4349 1355 4396 et
1404 4359 1530 4396 vera
1573 4359 1618 4397 m

1981 4363 2185 4427 aaritia,
2227 4377 2320 4415 nec
2339 4364 2645 4415 nominetur
2672 4365 2730 4415 in
2763 4364 2935 4431 vobis,
2982 4366 3120 4417 sicut
3164 4364 3312 4418 decet
3347 4381 3500 4418 sanc-

103 4439 166 4485 ter
209 4437 441 4490 Ecclesia
500 4451 604 4489 non
644 4435 845 4488 habens
884 4434 1153 4487 maculam
1200 4438 1295 4485 aut
1351 4448 1562 4499 rugam,
1620 4433 1703 4485 vel

99 4521 287 4588 aliquid
319 4524 653 4592 hujusmodi,
689 4537 897 4591 semper
924 4523 1032 4575 sibi
1079 4523 1298 4590 obsequi
1337 4521 1544 4574 illibata
1602 4520 1700 4573 de—

101 4609 225 4674 legit.

100 4713 188 4766 Vo'x
219 4717 451 4769 tonitrui
483 4716 692 4769 Paulus
735 4716 808 4768 ita
861 4715 930 4768 de
981 4715 1262 4768 munditia
1307 4713 1694 4784 prosequitur,

51 4814 145 4852 cum
189 4804 510 4874 vulgaribus
570 4803 903 4875 conjugium
951 4803 1350 4873 permitteret:
1397 4804 1696 4870 Unusquis-

50 4903 125 4952 que
151 4905 290 4944 suam
325 4909 552 4948 uxorem
587 4893 801 4957 habeat,
843 4897 893 4944 et
940 4907 1278 4960 unaquaeque
1316 4906 1471 4944 suum
1520 4893 1696 4943 virum

51 4973 217 5032 habeat.
252 4982 374 5049 Hoc,
409 4981 620 5050 inquit,
665 4979 783 5034 dico
821 4979 1111 5033 secundum
1141 4979 1558 5046 indulgentiam,
1591 4994 1697 5032 non

49 5067 280 5122 secundum
310 5071 622 5138 imperium.
663 5069 788 5121 Volo
833 5073 1010 5121 autem
1068 5083 1244 5121 omnes
1301 5069 1536 5120 homines
1587 5082 1697 5120 esse

51 5153 152 5205 sicut
172 5161 442 5225 meipsum,
484 5157 578 5210 sed
627 5159 998 5225 unusquisque
1054 5155 1336 5224 proprium
1384 5156 1541 5208 habet
1599 5155 1694 5209 do-

51 5253 142 5293 num
161 5259 218 5296 ea:
244 5249 366 5300 Deo.
397 5247 562 5300 Alius
589 5245 806 5312 quidem
834 5247 929 5311 sic,
965 5245 1106 5299 alius
1137 5260 1259 5298 vero
1297 5245 1392 5296 sic.
1432 5246 1558 5297 Dico
1588 5260 1695 5297 au-

51 5332 122 5379 tem
143 5346 235 5385 non
278 5337 464 5402 nuptis
510 5338 564 5386 et
603 5331 808 5397 viduis,
851 5333 1044 5385 bonum
1074 5336 1152 5385 est
1181 5333 1291 5384 illis
1330 5333 1380 5384 si
1428 5333 1504 5384 sic
1539 5347 1696 5384 man-

54 5419 176 5471 ser-int
202 5423 332 5475 sicut
358 5427 409 5474 et
440 5437 536 5488 ego
589 5421 640 5488 (Ι
690 5420 823 5474 Cor.
867 5436 962 5485 vu,
1010 5423 1064 5485 2,
1115 5422 1189 5488 6).
1250 5417 1316 5472 Et
1367 5419 1515 5473 idem
1569 5423 1696 5488 post

56 5516 187 5566 pauca
213 5507 264 5561 iu
295 5510 498 5563 eadem
531 5509 780 5578 Epistola
807 5507 875 5561 ad
909 5508 1230 5562 Corinthios
1281 5508 1466 5577 prima
1501 5524 1513 5560 :
1565 5509 1697 5563 Con-

57 5592 192 5647 silium
212 5605 380 5652 «uitem
411 5598 484 5651 do
529 5602 792 5666 tanquam
835 5597 1263 5652 misericordiam
1314 5601 1620 5651 consecutus
1661 5613 1693 5650 α

1814 4453 1920 4509 tos;
1963 4453 2060 4502 aut
2105 4451 2406 4518 turpitudo.
2457 4455 2553 4504 aut
2601 4453 3020 4518 stultiloquium,
3054 4457 3151 4505 aut
3192 4454 3502 4506 scurrilitas

1811 4551 1929 4603 qua
1959 4536 2033 4588 ad
2069 4552 2180 4589 rem
2211 4539 2459 4603 pertinet,
2490 4537 2584 4591 sed
2614 4541 2790 4605 magis
2835 4542 3143 4605 gratiarum
3191 4543 3350 4592 actio.
3394 4542 3502 4592 Hoc

1810 4627 1951 4677 enim
1978 4626 2163 4677 scitote
2208 4626 2586 4692 intelligentes,
2631 4626 2776 4693 quod
2821 4629 2993 4679 omnis
3054 4629 3358 4691 fornicator
3405 4633 3502 4681 aut

1809 4713 2140 4779 immundus,
2184 4719 2280 4766 aut
2336 4730 2557 4777 avarus,
2608 4713 2753 4782 quod
2794 4719 2873 4766 est
2929 4713 3197 4766 idolorum
3243 4716 3494 4777 servitus,

1807 4817 1912 4854 non
1938 4802 2094 4854 habet
2125 4802 2490 4856 haereditatem
2519 4804 2576 4855 in
2600 4817 2762 4866 regno
2803 4802 3008 4857 Christi
3053 4807 3104 4854 et
3133 4804 3231 4854 Dei
3274 4802 3495 4870 (Ephes.

1809 4905 1860 4955 ν,
1896 4886 1966 4956 3).
2003 4891 2071 4943 Et
2099 4891 2270 4959 paulo
2303 4896 2430 4958 post
2463 4907 2474 4942 :
2519 4893 2705 4943 Eratis
2743 4893 2884 4942 enim
2910 4889 3212 4956 aliquando
3251 4891 3496 4956 tenebrae,

1806 4993 1946 5031 nunc
1991 4983 2170 5030 autem
2220 4979 2316 5030 tua:
2371 4979 2430 5030 in
2464 4978 2720 5038 Domino;
2778 4983 2836 5029 ut
2873 4977 2978 5044 ﬁlii
3026 4977 3161 5029 lucis
3202 4977 3491 5030 ambulate.

1811 5067 2037 5120 Fructus
2085 5069 2226 5120 enim
2256 5066 2389 5118 lucis
2428 5071 2505 5118 est
2552 5066 2609 5116 in
2638 5066 2784 5117 omni
2830 5065 3064 5116 bonitate
3095 5069 3143 5116 et
3185 5066 3411 5132 justitia
3448 5072 3498 5119 et

1804 5158 2031 5208 veritate
2085 5154 2266 5223 (Ibid,
2321 5153 2396 5221 8).
2455 5153 2548 5205 His
2607 5156 2666 5204 et
2720 5153 2845 5204 aliis
2892 5152 3335 5221 quamplurimis
3388 5170 3497 5207 au—

1805 5242 2156 5296 ctoritatibus
2193 5241 2466 5310 pudicitia
2507 5239 2714 5293 mentis
2767 5245 2822 5293 et
2874 5239 3128 5308 corporis
3187 5256 3368 5310 usque
3426 5242 3495 5294 ad

1805 5331 1975 5384 cmlos
2006 5329 2315 5382 extollitur.

2474 5398 2602 5452 CAP.
2644 5396 2820 5452 XCVI.

1875 5507 1938 5559 In
1982 5505 2209 5558 Niceeuo
2259 5503 2532 5567 Concilio,
2589 5502 2655 5555 de
2719 5503 3148 5559 subintroductis
3177 5505 3497 5558 mulieribus

1802 5597 1955 5663 (can.
1987 5599 2040 5662 3,
2072 5609 2132 5646 ex
2169 5593 2350 5663 prima
2381 5591 2540 5660 edit.)
2577 5607 2588 5644 :
2621 5610 2646 5641 (ι
2679 5591 2976 5646 luterdixit
3016 5607 3118 5661 per
3149 5591 3348 5645 omnia
3380 5609 3497 5646 ma-
