3846 6244
278 365 383 416 ⁸723

1511 363 1741 418 ίΕΝΕίΕ
1781 361 2206 418 PABISIENSIS
2245 363 2558 418 EPISCOPI

2274 363 2558 418 EPISCOPI
3695 367 3793 418 72$

281 509 394 563 gna
441 493 712 563 synodus,
762 509 876 545 non
922 493 1211 562 episcopo,
1275 509 1388 546 non
1449 493 1798 562 presbytero,
1857 508 1972 546 non
2012 493 2054 544 A
2090 509 2229 563 quas
2282 497 2518 563 propter
2564 494 2710 547 solas
2769 495 3258 549 necessitudinum
3291 511 3487 550 causas
3527 493 3798 550 habitare

283 583 552 647 Diacono,
587 596 689 633 nec
715 580 883 633 alicui
935 580 1172 633 omnino
1225 581 1322 650 qui
1352 581 1408 633 in
1442 581 1594 633 clero
1644 586 1748 640 est,
1807 581 1974 634 licere

282 669 774 723 subintroductam
843 669 1053 722 habere
1115 669 1434 734 mulierem,
1497 669 1608 722 nisi
1661 669 1802 722 forte
1855 684 1972 721 ma-

281 761 449 822 trem,
495 760 593 810 aut
647 771 925 822 sororem,
979 761 1076 808 aut
1135 755 1393 820 amitam,
1459 756 1544 809 vel
1606 771 1700 808 eas
1752 759 1976 808 tantum

282 861 554 916 personas
584 859 713 915 quae
757 843 1110 914 suspiciones
1141 843 1442 914 effugiunt.
1481 846 1596 897 lloc
1645 847 1835 896 autem
1885 842 1978 895 Ni-

283 949 509 988 cmnum
541 931 846 986 concilium
877 933 1076 986 beatus
1097 933 1430 986 Ambrosius
1467 933 1527 984 in
1575 932 1718 984 libro
1752 932 1820 984 de
1853 930 1978 983 Tri-

285 1023 462 1075 nitate
496 1023 580 1090 (In
604 1021 712 1091 ﬁne
739 1023 998 1090 prommii
1026 1022 1062 1073 l.
1115 1038 1128 1072 I
1185 1021 1250 1074 de
1305 1021 1414 1078 ﬁde
1447 1021 1520 1073 ad
1555 1023 1834 1086 Gratian.)
1893 1019 1980 1072 his

284 1109 472 1162 verbis
499 1110 556 1164 in
597 1110 942 1162 immensum
986 1109 1184 1162 effert:
1223 1109 1299 1160 De
1351 1108 1602 1160 conciliis
1638 1108 1692 1162 id
1745 1107 1980 1177 potissi-

286 1215 446 1251 mum
479 1214 705 1268 sequar,
738 1198 892 1268 quod
923 1198 1160 1250 trecenti
1195 1197 1390 1250 decem
1441 1203 1497 1249 et
1553 1202 1678 1250 octo
1723 1196 1980 1248 sacerdo-

285 1293 388 1352 tes,
449 1292 722 1356 tanquam
769 1286 1011 1339 Abrahae
1052 1285 1181 1338 lecti
1235 1285 1476 1354 judicio,
1543 1301 1794 1338 consona
1849 1284 1982 1338 ﬁdei

285 1375 496 1428 virtute
540 1374 796 1440 victores,
865 1375 1015 1426 velut
1059 1379 1338 1442 tropaeum
1387 1378 1504 1427 toto
1554 1375 1688 1428 orbe
1739 1373 1983 1426 subactis

288 1463 523 1533 perﬁdis
555 1463 882 1515 extulerunt
924 1477 936 1514 :
973 1466 1036 1514 ut
1062 1461 1204 1514 mihi
1245 1461 1506 1515 videatur
1541 1463 1648 1515 hoc
1686 1477 1804 1515 esse
1841 1461 1984 1514 divi-

287 1567 450 1615 num,
486 1550 638 1620 quod
687 1551 890 1604 eodem
937 1566 1180 1603 numero
1235 1551 1294 1602 in
1358 1551 1626 1604 Conciliis
1675 1551 1986 1603 habeamus

287 1641 608 1704 oraculum,
651 1655 762 1709 quo
795 1639 854 1692 in
881 1639 1117 1692 historia
1146 1639 1376 1709 pietatis
1406 1640 1756 1708 exemplum.
1800 1660 1818 1686 ο

951 1755 1074 1808 Cap.
1118 1755 1318 1808 XCVII.

367 1845 427 1895 ln
466 1841 842 1896 decretalibus
893 1841 1078 1895 Siricii
1135 1857 1320 1912 papae,
1379 1842 1443 1895 de
1500 1843 1706 1895 clericis
1747 1844 1982 1894 inconti-

293 1931 564 1996 nentibus,
597 1947 718 2000 cap.
755 1935 784 1983 7
817 1934 998 1998 (epist.
1031 1934 1078 1995 l,
1110 1946 1155 1982 c.
1189 1930 1282 1998 7):
1315 1951 1340 1978 α
1375 1929 1682 1983 Veniamus
1713 1946 1864 1983 nunc
1914 1929 1982 1983 ad

294 2019 703 2073 sacratissimos
735 2019 967 2072 ordines
1001 2018 1356 2082 clericorum,
1417 2019 1569 2088 quod
1613 2019 1672 2071 in
1714 2033 1986 2071 veneran-

294 2109 382 2162 dze
431 2108 726 2177 religionis
779 2107 1050 2176 injuriam
1110 2107 1188 2160 ita
1245 2123 1346 2175 per
1405 2113 1616 2159 vestras
1669 2105 1986 2176 provincias

291 2199 534 2250 calcatos
601 2201 772 2266 atque
828 2196 1109 2262 confusos,
1169 2195 1443 2248 cliaritate
1503 2200 1601 2248 tua
1659 2195 1986 2248 insinuante

290 2285 633 2354 reperimus,
684 2288 746 2338 ut
783 2284 1046 2338 Jeremiae
1099 2284 1262 2337 nobis
1305 2300 1435 2336 voce
1486 2283 1792 2337 dicendum
1845 2283 1917 2335 sit
1972 2299 1985 2336 :

293 2375 420 2440 Quis
447 2374 602 2427 dabit
637 2375 806 2441 capiti
839 2388 948 2426 meo
989 2388 1208 2440 aquam,
1244 2377 1340 2424 aut
1369 2373 1536 2426 oculis
1596 2375 1726 2426 meis
1787 2375 1990 2438 fontem

295 2465 689 2530 lucri/marum;
742 2467 792 2514 et
857 2463 986 2527 ﬂebo
1045 2462 1306 2529 populum
1377 2463 1516 2514 hunc
1565 2461 1652 2514 die
1711 2477 1772 2514 ac
1843 2466 1991 2514 nocte

294 2550 420 2618 (Jer.
451 2549 543 2618 ix).
575 2549 632 2602 Si
665 2565 801 2618 ergo
831 2549 1025 2602 beatus
1057 2551 1336 2619 propheta
1365 2549 1432 2602 ad
1489 2548 1740 2616 lugenda
1791 2548 1994 2617 populi

294 2643 526 2709 peccata
560 2654 672 2690 non
714 2637 821 2691 sibi
844 2638 923 2690 ait
953 2639 1229 2708 Iacrymas
1258 2653 1422 2707 posse
1455 2637 1736 2698 suflicere,
1779 2643 1992 2707 quanto

297 2743 399 2779 nos
426 2741 730 2794 possumus
759 2725 973 2790 dolore,
1007 2726 1264 2793 percelli,
1299 2741 1428 2777 cum
1453 2741 1653 2778 eorum
1675 2725 1774 2794 qui
1807 2729 1864 2776 in
1897 2741 1994 2777 no-

298 2819 416 2867 stro
451 2817 584 2866 sunt
619 2828 879 2882 corpore,
919 2812 1320 2881 compellimur
1357 2813 1606 2865 facinora
1645 2813 1943 2881 deplorare
1967 2813 1994 2866 ?

302 2903 518 2966 Quibus
577 2901 886 2970 praecipue,
941 2901 1254 2954 secundum
1311 2901 1540 2953 beatum
1599 2901 1863 2966 Paulum,
1909 2903 1992 2954 in-

301 2993 509 3045 stantia
539 2990 879 3058 quotidiana,
921 2995 970 3042 et
999 2989 1307 3042 sollicitudo
1354 2992 1591 3042 omnium
1635 2991 1996 3043 Ecclesiarum

2084 597 2212 635 cum
2247 581 2448 636 iisdem
2481 584 2726 653 synodus
2759 583 2984 637 Niczena
3017 584 3295 654 permisit.
3329 607 3356 632 ››

2818 725 2946 778 CAP.
2990 725 3048 778 C.

2161 845 2526 897 Innocentius
2567 859 2715 914 papa
2737 844 2796 897 in
2849 847 2938 897 Us:
2966 845 3259 910 retalibus,
3293 849 3366 900 De
3395 847 3800 899 incontinentia

2086 932 2426 985 sacerdotum
2471 935 2552 986 vel
2609 934 2912 998 levitarum,
2983 950 3105 1002 cap.
3155 937 3242 998 2t,
3318 933 3386 986 ad
3447 933 3802 1003 Exuperium

2090 1019 2419 1089 episcopum
2450 1021 2794 1073 Tolosanum
2835 1023 3015 1089 (epist.
3049 1023 3098 1088 3,
3133 1037 3174 1074 c.
3217 1021 3265 1090 l)
3301 1038 3312 1074 :
3351 1041 3378 1071 α
3427 1021 3800 1090 Ρτομοευίξίί

2090 1109 2226 1178 quid
2261 1108 2328 1160 de
2371 1109 2456 1160 his
2503 1109 2792 1162 observari
2833 1109 3050 1174 debeat,
3099 1125 3244 1178 quos
3291 1111 3350 1161 in
3397 1109 3634 1162 diaconi
3701 1110 3804 1160 mi-

2093 1198 2348 1264 nisterio,
2382 1203 2477 1250 aut
2525 1197 2582 1250 in
2632 1197 2820 1250 oflicio
2865 1197 3204 1266 presbyterii
3253 1197 3490 1268 positos,
3557 1197 3808 1250 inconti-

2094 1291 2292 1338 nentes
2330 1303 2470 1352 esse,
2525 1291 2622 1340 aut
2672 1287 2867 1352 fuisse,
2929 1287 3185 1356 generati
3235 1287 3336 1339 lilii
3393 1287 3800 1356 prodiderunt.

2097 1375 2172 1427 De
2212 1375 2301 1428 his
2328 1379 2381 1427 et
2411 1375 2736 1428 divinarum
2787 1376 2979 1444 legum
3011 1379 3098 1426 est
3145 1375 3465 1443 disciplina,
3503 1381 3561 1427 et
3621 1374 3802 1425 beata)

2095 1463 2500 1516 recordationis
2543 1462 2651 1515 viri
2702 1463 2886 1516 Siricii
2935 1462 3190 1532 episcopi
3239 1463 3456 1515 monita
3507 1459 3802 1514 evidentia

2097 1557 2514 1615 commearunt,
2551 1557 2610 1604 ut
2639 1551 3060 1604 incontinentes
3093 1551 3148 1602 in
3183 1551 3386 1603 ofﬁciis
3435 1549 3658 1604 talibus
3705 1565 3808 1618 pu-

2097 1639 2190 1692 siti
2223 1639 2384 1691 omni
2433 1641 2649 1692 honore
2693 1639 3068 1693 ecclesiastico
3115 1639 3498 1708 privarentur,
3543 1653 3656 1690 nec
3707 1637 3802 1689 ad-

2099 1726 2401 1780 mittantur
2429 1727 2496 1780 ad
2527 1729 2637 1780 tale
2665 1727 3068 1790 ministerium,
3103 1726 3255 1796 quod
3285 1727 3404 1779 sola
3439 1723 3808 1779 continentia

2095 1820 2320 1884 oportet
2351 1815 2596 1885 impleri,
2635 1837 2656 1864 ι
2693 1821 2822 1876 etc.,
2846 1830 3013 1882 usque
3041 1815 3115 1868 ad
3145 1813 3410 1868 arbitrari
3461 1819 3600 1866 sunt
3645 1811 3810 1864 volu-

2095 1909 2330 1973 ptatem.

2821 2011 2947 2063 CAP.
2992 2009 3078 2064 CI.

2171 2125 2304 2177 Item
2339 2140 2487 2194 papa
2521 2125 2904 2188 innocentius,
2938 2125 3090 2190 Quod
3121 2125 3180 2177 hi
3217 2127 3316 2193 qui
3359 2127 3418 2176 in
3461 2123 3806 2191 presbyterio

2096 2214 2233 2280 ﬁlios
2287 2215 2590 2280 genuerint,
2623 2215 2884 2265 removeri
2929 2212 2996 2264 ab
3037 2214 3202 2278 ofﬁcio
3251 2211 3498 2270 debeant,
3547 2225 3676 2278 cap.
3745 2205 3810 2258 '13

2097 2302 2274 2370 (epist.
2337 2304 2388 2364 Ei,
2423 2301 2526 2354 sub
2559 2301 2710 2370 init.)
2746 2317 2757 2352 :
2797 2321 2824 2348 «
2868 2299 2977 2364 Qui
3007 2301 3127 2352 zelo
3177 2299 3310 2352 ﬁdei
3371 2315 3436 2351 ac
3485 2297 3804 2366 disciplinae

2101 2390 2302 2442 ductus
2365 2405 2479 2442 non
2545 2391 2762 2458 patitur
2818 2388 3116 2442 Ecclesiam
3181 2387 3357 2457 pollui
3415 2386 3484 2439 ab
3531 2385 3804 2454 indignis

2101 2476 2460 2546 presbyteris,
2513 2491 2656 2544 quos
2695 2475 2755 2527 in
2814 2473 3170 2543 presbyterio
3203 2473 3352 2526 tilios
3407 2473 3614 2524 asserit
3671 2487 3802 2539 pro-

2102 2579 2342 2617 creasse.
2396 2563 2555 2626 Quod
2613 2579 2726 2616 non
2781 2563 2948 2614 licere
2995 2577 3368 2633 exponerem,
3419 2560 3530 2612 nisi
3577 2574 3802 2612 nossem

2102 2657 2346 2704 vestram
2389 2651 2752 2718 prudentiam
2785 2651 2928 2719 legis
2959 2651 3133 2702 totius
3165 2649 3374 2701 habere
3421 2647 3711 2700 notitiam.
3751 2647 3804 2698 Et

2105 2741 2247 2804 ideo,
2279 2740 2480 2792 fratres
2511 2739 2850 2803 charissimi,
2901 2738 3075 2791 libelli
3105 2737 3202 2807 qui
3250 2737 3538 2806 subjectus
3575 2741 3662 2788 est
3721 2741 3802 2786 te-

2107 2844 2245 2881 nore
2277 2833 2588 2896 perspecto,
2648 2844 2742 2879 eos
2789 2827 2888 2896 qui
2933 2827 3068 2879 talia
3119 2833 3476 2896 perpetrasse
3531 2824 3802 2877 dicuntur

2099 2917 2295 2986 jubete
2321 2916 2378 2968 in
2403 2916 2592 2968 medio
2625 2914 2912 2982 collocari,
2957 2915 3340 2984 discussisque
3387 2911 3802 2982 objectionibus

2107 3021 2235 3074 qua:
2263 3005 2398 3075 ipsis
2449 3003 2793 3074 presbyteris
2845 3002 3269 3072 impinguniur,
3305 3000 3350 3052 si
3401 2997 3664 3052 convinci
3713 3011 3802 3066 po-

303 3079 669 3134 ἱηάθεὶηθηίεν
713 3079 994 3131 incumbit-
1060 3079 1194 3141 Quis
1249 3081 1391 3130 enim
1432 3078 1764 3143 inﬁrmatur,
1816 3083 1866 3130 εί
1905 3093 1998 3144 εΩο
2039 3063 2079 3118 C
2111 3093 2344 3159 tuerint,
2380 3109 2412 3145 a
2446 3091 2778 3145 sacerdotali
2811 3096 3211 3144 removeantur
3259 3088 3478 3153 ofticio;
3513 3087 3654 3158 quia
3709 3085 3796 3154 qui

303 3185 408 3222 non
459 3169 745 3235 inﬁrmor?
795 3169 924 3232 Quis
968 3166 1398 3230 scandalizatur,
1454 3171 1503 3219 et
1543 3182 1636 3232 ego
1680 3183 1786 3220 non
1828 3171 1997 3220 uror?

307 3259 388 3324 (II
421 3257 540 3311 Cor.
573 3255 666 3322 x1.)
695 3255 979 3306 Plurimos
1025 3254 1178 3307 enim
1219 3254 1539 3307 sacerdotes
1573 3255 1778 3308 Christi
1829 3260 2002 3325 atque

305 3344 505 3398 levitas
535 3346 666 3411 post
695 3343 866 3411 longa
904 3341 1344 3394 consecrationis
1393 3359 1509 3395 sua:
1555 3347 1833 3412 tempora,
1885 3350 2004 3396 tam

311 3433 381 3486 de
413 3430 696 3500 conjugiis
728 3430 998 3500 propriis,
1029 3446 1202 3500 quam
1243 3431 1418 3484 etiam
1449 3431 1516 3484 de
1547 3431 1698 3500 turpi
1729 3431 1882 3484 coitu
1914 3447 2004 3484 so-

309 3521 500 3575 bolem
543 3519 847 3574 didicimus
897 3534 1244 3589 procreasse,
1302 3525 1358 3572 et
1410 3519 1627 3572 crimen
1682 3535 1846 3573 suum
1903 3519 2007 3572 hac

309 3609 742 3680 praescriptione
809 3607 1132 3674 defendere,
1207 3607 1344 3678 quia
1403 3608 1588 3661 Veteri
1645 3609 2008 3662 Testamento

2109 3182 2288 3234 sancti
2327 3197 2442 3234 non
2475 3184 2624 3246 sunt,
2657 3185 2852 3234 sancta
2881 3184 3099 3232 tentare
3157 3194 3271 3230 non
3311 3181 3570 3246 possunt,
3635 3179 3798 3243 atque

2111 3271 2284 3325 alieni
2307 3269 2692 3322 etiiciuntura
2723 3267 3064 3330 ministerio,
3117 3266 3270 3336 quod
3321 3264 3562 3316 vivendo
3621 3263 3799 3315 illicite

2113 3359 2464 3429 polluerunt.
2493 3357 2764 3410 Miramur
2792 3361 2984 3408 autem
3037 3355 3157 3408 haec
3190 3369 3388 3406 eorum
3449 3352 3800 3406 dissimulare

2115 3448 2431 3516 episcopos,
2462 3450 2523 3498 ut
2551 3450 2650 3498 aut
2678 3443 3005 3512 connivere,
3041 3449 3138 3496 aut
3187 3441 3406 3495 nescire
3447 3457 3568 3493 esse
3617 3437 3802 3493 illicita

2109 3534 2459 3606 judicentur.
2495 3551 2522 3584 ››

2819 3639 2945 3693 CAP.
2990 3637 3099 3692 CII.

310 3697 701 3752 sacerdotibus
725 3713 790 3750 ac
831 3695 1106 3749 ministris
1149 3697 1466 3766 generandi
1517 3697 1754 3750 facultas
1800 3698 2012 3768 legitur
2095 3699 2122 3728 ‘

312 3785 607 3848 attributa,
645 3807 666 3832 ι
702 3791 830 3846 etc.,
863 3800 1033 3854 usque
1061 3785 1136 3838 ad
1159 3785 1441 3838 senserint
1473 3785 1836 3840 medicinam.

961 3899 1088 3954 CAP.
1123 3900 1344 3955 XCVIII.

387 3999 448 4051 In
497 3997 732 4062 eisdem,
809 3999 880 4050 De
946 3998 1289 4062 Clericorum,
1351 4001 1708 4062 con-versione,
1732 4013 1854 4067 cap.
1917 3999 1946 4048 9
1996 4013 2007 4048 :

317 4109 344 4136 »
397 4087 734 4152 Quicunque
793 4085 982 4154 itaque
1037 4101 1094 4137 se
1173 4086 1429 4139 Ecclesia:
1484 4087 1632 4138 vovit
1694 4085 2008 4155 obsequiis,

317 4193 350 4229 a
379 4191 480 4228 sua
509 4171 746 4226 infantia
780 4179 909 4226 ante
931 4173 1247 4241 pubertatis
1271 4190 1448 4226 annos
1497 4174 1798 4242 baptizari,
1843 4177 1898 4227 et
1933 4175 2008 4226 le-

317 4267 538 4316 ctorum
571 4261 740 4313 debet
769 4260 1084 4314 ministerio
1111 4260 1314 4314 sociari
1350 4279 1362 4314 :
1405 4261 1504 4330 qui
1536 4279 1762 4315 accessu
1815 4262 2013 4316 adole-

320 4349 553 4404 scentiae
579 4363 757 4418 usque
781 4347 850 4400 ad
883 4347 1234 4401 tricesimum
1269 4349 1455 4402 astatis
1481 4366 1698 4403 annum
1731 4351 1776 4403 si
1802 4351 2008 4420 proba-
2052 4333 2095 4386 ί)

319 4440 515 4494 biliter
546 4436 765 4502 vixerit,
815 4451 930 4488 una
973 4441 1218 4499 tantum,
1269 4443 1324 4490 et
1373 4454 1456 4506 ea,
1511 4455 1684 4506 quam
1733 4439 2014 4508 virginem

323 4526 616 4582 communi
661 4540 764 4594 per
820 4524 1170 4578 sacerdotem
1217 4525 1620 4580 benedictione
1677 4527 2016 4597 perceperit,

321 4632 498 4673 uxore
553 4617 873 4678 contentus,
953 4613 1248 4684 acolythus
1311 4621 1366 4668 et
1431 4615 1816 4669 subdiaconus
1898 4631 2020 4668 esse

321 4705 574 4762 debebit.
603 4705 734 4758 Post
761 4719 890 4773 quae
911 4703 982 4756 ad
1015 4702 1258 4756 diaconii
1280 4703 1542 4772 gradum,
1575 4705 1624 4757 si
1655 4720 1714 4758 se
1745 4705 1866 4776 ipse
1895 4705 2022 4774 pri-

325 4796 501 4850 mitus
531 4792 884 4848 continentia
915 4797 1208 4862 praeeunte
1248 4793 1488 4862 dignum
1541 4793 1815 4864 probarit,
1863 4809 2021 4847 acce-

325 4885 441 4938 dat.
476 4883 582 4937 Ubi
611 4881 657 4935 si
677 4881 823 4934 ultra
847 4880 1105 4950 quinque
1131 4897 1313 4934 annos
1334 4882 1700 4958 laudabiliter
1729 4882 2020 4936 ministra-

325 4973 418 5036 rit,
451 4985 700 5040 congrue
727 4969 1148 5040 presbyterium
1187 4975 1592 5040 consequetur.
1637 4971 1848 5024 Exinde
1899 4977 2026 5042 post

325 5059 669 5116 decennium
699 5058 1080 5129 episcopalem
1125 5057 1452 5112 cathedram
1505 5059 1718 5130 poterit
1764 5059 2022 5128 adipisci,

328 5151 376 5204 si
429 5154 544 5202 tam
601 5163 705 5218 per
751 5147 870 5202 haec
925 5151 1186 5216 tempora
1229 5147 1526 5217 integritas
1585 5148 1716 5201 vitae
1771 5163 1836 5201 ac
1889 5147 2025 5202 ﬁdei

329 5239 452 5307 ejus
473 5237 646 5291 fuerit
664 5235 997 5305 approbata.
1037 5254 1062 5284 ι)

1005 5349 1132 5402 CAP.
1175 5349 1350 5404 XCIX.

404 5438 544 5490 Item
597 5436 658 5490 in
707 5437 922 5490 eisdem
973 5435 1378 5503 Decretalibus,
1442 5440 1574 5503 Quae
1632 5441 1848 5504 feminae
1907 5454 2026 5492 cum

331 5525 539 5578 clericis
587 5523 848 5592 habitent,
897 5539 1022 5592 cap.
1057 5527 1120 5576 l2
1153 5540 1166 5577 :
1205 5547 1228 5572 ‹ι
1267 5526 1526 5579 Feminas
1557 5543 1689 5580 vero
1739 5543 1856 5580 non
1887 5527 2026 5579 alias

331 5627 454 5666 esse
488 5612 739 5682 patimur
761 5611 818 5664 in
850 5610 1118 5665 domibus
1147 5611 1486 5667 clericorum
1529 5615 1638 5668 nisi
1668 5631 1762 5668 eas
1802 5619 2026 5668 tantum

2189 3759 2424 3812 Sanctus
2449 3757 2686 3812 Siricius
2715 3770 2867 3824 papa
2905 3753 2962 3806 in
2999 3752 3240 3806 Ecclesia
3271 3752 3424 3805 beati
3475 3751 3632 3804 Petri
3679 3765 3802 3818 apo-

2121 3847 2398 3900 stolorum
2427 3843 2704 3914 principis
2735 3844 2792 3895 in
2823 3841 3063 3895 concilio
3113 3841 3392 3904 residens,
3431 3843 3488 3892 et
3549 3839 3804 3892 fratribus

2122 3939 2180 3988 et
2216 3932 2565 4002 coepiscopis
2595 3947 2696 4001 per
2727 3929 2972 3983 Africam
3010 3929 3382 3981 ecclesiastica
3419 3927 3550 3997 jura
3601 3924 3804 3980 descri—

2123 4025 2280 4086 bens,
2306 4021 2456 4074 inter
2487 4024 2690 4073 caetera
2721 4019 2842 4071 haec
2869 4020 2935 4072 de
2974 4017 3248 4086 pudicitia
3289 4016 3486 4068 intulit
3535 4018 3714 4083 (epist.
3757 4013 3802 4076 i,

2125 4128 2182 4164 n.
2215 4111 2270 4180 9)
2305 4127 2318 4162 :
2356 4131 2376 4156 ι
2411 4111 2710 4171 Praeterea,
2745 4105 2896 4176 quod
2931 4105 3168 4174 dignum
3201 4109 3258 4156 et
3281 4103 3558 4172 pudicum
3613 4109 3672 4155 et
3713 4101 3804 4153 ho-

2127 4204 2356 4252 nestum
2418 4203 2522 4264 est,
2579 4196 2884 4248 suademus
2963 4194 3284 4246 sacerdotes
3335 4197 3392 4244 et
3459 4191 3644 4245 levita;
3691 4203 3806 4242 cum

2125 4287 2399 4342 uxoribus
2440 4285 2554 4338 suis
2601 4299 2714 4338 non
2759 4287 2978 4346 coeant,
3031 4282 3162 4352 quia
3223 4280 3284 4333 in
3343 4279 3664 4333 ministerio
3713 4277 3802 4330 mi-

2126 4374 2291 4428 nistri
2317 4371 2663 4444 quotidianis
2690 4369 3121 4424 necessitatibus
3149 4373 3524 4437 occupantur.
3577 4367 3664 4420 Ad
3719 4365 3806 4419 Co-

2127 4463 2371 4517 rinthios
2403 4477 2650 4532 namque
2698 4460 2906 4513 Paulus
2953 4457 3030 4510 sic
3071 4457 3322 4510 scribens
3373 4455 3498 4508 ait:
3543 4457 3808 4509 Abstinete'

2127 4567 2219 4606 vos
2259 4557 2318 4604 ut
2364 4553 2564 4604 vacetis
2610 4549 2845 4602 orationi
2891 4549 2934 4614 (Ι
2975 4547 3106 4600 Cor.
3167 4545 3288 4614 vn).
3351 4545 3406 4598 Si
3465 4559 3602 4612 ergo
3666 4541 3808 4596 Iaicis

2131 4638 2475 4694 abstinentia
2513 4638 2848 4707 imperatur,
2879 4641 2941 4688 ut
2970 4633 3575 4704 possintdeprecantes
3617 4631 3804 4686 audiri.

2131 4732 2346 4799 quanto
2377 4725 2560 4792 magis
2599 4725 2857 4779 sacerdos
2899 4723 3098 4793 utique
3121 4723 3276 4775 omni
3321 4725 3613 4774 momento
3661 4734 3806 4790 para-

2129 4821 2222 4871 tus
2253 4831 2374 4869 esse
2407 4815 2596 4878 debet,
2645 4813 2942 4866 munditias
2975 4811 3210 4881 puritati
3267 4826 3518 4874 securus,
3585 4825 3658 4862 ne
3727 4809 3808 4860 aut

2133 4903 2471 4959 sacriﬁcium
2524 4901 2742 4966 offerat,
2803 4906 2900 4954 aut
2957 4899 3246 4970 baptizare
3302 4903 3560 4966 cogatur.
3613 4897 3722 4960 Qui
3773 4895 3808 4944 si

2132 4993 2549 5049 contaminatus
2575 4991 2750 5044 fuerit
2779 4989 2992 5042 carnali
3033 4986 3510 5056 concupiscentia,
3561 4986 3696 5056 quid
3743 4985 3806 5037 fa-

2134 5083 2284 5137 ciet?
2314 5081 2570 5145 Qualiter
2599 5095 2658 5132 se
2690 5077 3024 5132 excusabit?
3072 5075 3194 5139 Quo
3227 5076 3468 5145 pudore,
3493 5091 3610 5144 qua
3641 5075 3808 5126 mente

2136 5169 2478 5240 usurpabit?
2509 5167 2632 5231 Qua
2655 5165 3019 5229 conscientia,
3053 5179 3168 5234 quo
3203 5163 3406 5216 merito
3441 5179 3500 5214 se
3535 5162 3626 5216 hic
3659 5175 3812 5215 exau-

2136 5258 2248 5312 diri
2277 5258 2476 5322 credit,
2510 5271 2640 5310 cum
2680 5255 2894 5308 dictum
2927 5253 2998 5306 sit
3031 5269 3043 5306 :
3091 5253 3290 5306 Omnia
3335 5251 3544 5304 munda
3591 5249 3806 5304 mundis.

2136 5349 2500 5416 coinquinatis
2521 5349 2698 5398 autem
2729 5348 2778 5397 et
2797 5341 3104 5410 inﬁdelibus
3135 5341 3278 5392 nihil
3303 5339 3566 5393 mundum
3595 5341 3729 5410 (Tit.
3759 5341 3806 5402 ι).

2136 5436 2258 5500 Qua
2289 5436 2357 5489 de
2383 5451 2441 5487 re
2471 5435 2689 5498 hortor,
2721 5447 2950 5496 moneo,
2999 5445 3160 5498 rogo,
3197 5429 3434 5482 tollatur
3469 5429 3582 5482 hoc
3625 5441 3806 5498 oppro-

2137 5524 2348 5585 brium,
2377 5521 2528 5594 quod
2585 5523 2768 5591 potest
2811 5519 2940 5589 jure
2987 5518 3160 5572 etiam
3217 5515 3512 5586 gentilitas
3549 5531 3805 5570 accusare.

2139 5615 2303 5668 Forte
2331 5613 2435 5665 hoc
2481 5609 2753 5674 creditur,
2799 5607 2934 5678 quia
2993 5606 3264 5677 scriptum
3327 5609 3458 5658 est:
3495 5607 3666 5661 Unius
3707 5620 3808 5658 aro.
