3846 6244
85 308 165 354 Ἰὲῐ.
1350 312 1553 366 LIBER
1592 314 1954 370 ADVERSUS
1993 315 2309 374 GRAECOS.

3468 323 3570 372 726

84 451 139 483 Γεέ
177 438 350 486 virum
397 435 446 498 (ι
470 437 614 489 Tim.
663 443 764 495 ιιι).
811 439 931 492 Non
963 445 1394 507 permanentem
1439 441 1497 494 in
1549 458 1753 496 concu-
1788 447 1835 497 Α
1865 459 1996 497 cum
2028 445 2092 497 ad
2154 445 2452 514 praedictos
2492 446 2851 515 pervenerint
2881 447 3110 517 gradus,
3142 448 3315 518 coepit
3345 449 3427 502 eis
3459 465 3572 503 non

81 521 332 589 piscentia
375 523 696 590 generandi
735 524 895 592 dixit,
932 526 1027 579 sed
1063 533 1296 596 propter
1343 528 1761 582 continentiam

81 610 325 662 futuram.
362 611 560 680 Neque
604 613 761 666 enim
798 613 1049 683 integros
1087 632 1199 668 non
1245 616 1476 669 admisit
1507 617 1605 687 qui
1639 619 1717 671 ait
1749 635 1761 671 :

93 699 164 747 Η
201 704 386 750 autem
434 716 618 753 omnes
668 701 907 754 homines
942 708 1017 755 sic
1067 719 1198 760 esse,
1263 708 1426 757 sicuti
1476 710 1525 757 et
1572 723 1664 771 ego
1719 708 1768 773 (I

86 788 176 837 fur.
216 785 334 854 vii).
373 787 438 840 Et
489 789 742 857 apertius
781 791 1030 843 declarat
1071 791 1268 844 dicens
1302 808 1313 844 :
1358 793 1461 856 Qui
1498 799 1677 846 autem
1710 797 1762 846 in

87 890 217 924 :‘i!,"ll!7
254 881 409 939 sunt,
455 879 563 929 Deo
596 880 813 946 placere
849 895 954 932 non
995 885 1250 947 possunt.
1301 883 1404 934 Vos
1442 886 1621 935 autem
1644 883 1764 950 jam

87 978 165 1011 non
201 967 332 1014 estis
379 967 432 1016 in
488 980 668 1029 carne,
721 966 815 1018 sed
861 970 915 1018 in
967 971 1168 1035 spiritu
1227 970 1399 1034 (Rom.
1453 969 1589 1037 vin.)
1637 971 1764 1023 Haec

83 1057 264 1119 itaque.
315 1051 547 1118 fratres,
594 1054 636 1106 si
692 1054 860 1122 plena
909 1054 1208 1124 vigilantia
1257 1056 1468 1108 fuerint
1518 1057 1589 1109 ab
1645 1073 1763 1109 om-

85 1139 222 1190 nibus
277 1139 606 1206 observata,
665 1143 906 1195 cessabit
965 1145 1225 1206 ambitio,
1276 1145 1552 1198 dissensio
1625 1162 1759 1199 con-

81 1228 335 1294 quiescet,
394 1230 642 1282 baereses
691 1237 746 1283 et
795 1232 1100 1284 schismata
1147 1249 1264 1285 non
1314 1239 1628 1303 emergent,
1676 1235 1760 1288 lo-

80 1332 183 1367 cum
215 1333 333 1369 non
367 1317 608 1386 accipiet
637 1319 896 1372 diabolus
931 1320 1238 1385 saeviendi;
1273 1323 1522 1374 manebit
1549 1323 1760 1375 unani—

80 1404 242 1470 mitas,
295 1405 578 1476 iniquitas
627 1414 894 1476 superata
943 1409 1301 1462 calcabitur:
1357 1411 1598 1463 charitas
1650 1412 1760 1480 spi-

81 1494 205 1544 rizali
261 1493 490 1547 fervore
539 1495 825 1564 ﬂagrabit,
871 1513 977 1566 pax
1031 1497 1342 1565 praedicata
1398 1498 1562 1550 labiis
1628 1515 1756 1551 cum

80 1583 345 1635 voluntate
374 1585 774 1648 concordabit;
818 1601 925 1654 pax
958 1586 1155 1655 utique
1187 1586 1288 1639 Dei
1337 1587 1517 1640 nostri
1565 1587 1754 1640 Salva-

81 1669 217 1736 ;oris,
245 1685 421 1740 quam
457 1673 754 1741 proximus
785 1673 1037 1742 passioni
1068 1674 1404 1728 servandam
1438 1691 1560 1728 esse
1601 1691 1756 1744 prae-

1876 533 2046 585 licere
2091 534 2246 603 quod
2285 534 2465 587 licuit.
2517 534 2672 588 Unde
2714 541 2774 588 ut
2809 535 2876 589 de
2917 537 3130 590 carnali
3171 536 3270 591 ﬁat
3319 539 3573 608 spiritale

1875 621 2233 690 conjugium,
2265 627 2488 692 oportet
2509 640 2603 676 eos
2625 639 2728 675 nec
2753 624 3041 677 dimittere
3063 641 3288 692 uxores,
3325 633 3381 680 et
3410 627 3573 697 quasi

1874 724 1990 762 non
2041 709 2291 763 habeant
2335 711 2414 764 sic
2452 711 2690 776 habere;
2740 728 2852 780 qun
2902 719 2957 765 et
3003 715 3152 766 salva
3205 715 3279 768 sit
3325 716 3572 770 charitas

1875 797 2319 866 connubiorum,
2352 804 2406 851 et
2437 804 2620 852 cesset
2650 801 2906 868 operatio
2939 801 3292 870 nuptiarum.
3329 823 3354 852 υ

2586 914 2714 967 CAP.
2751 913 2857 966 CV.

1945 1028 2082 1080 Item
2133 1029 2243 1081 Leo
2292 1046 2440 1098 papa
2478 1028 2534 1082 in
2586 1028 2827 1098 epistola
2870 1045 2971 1080 sua
3018 1045 3193 1100 quam
3242 1031 3312 1084 ad
3352 1031 3571 1084 Mauros

1870 1115 2165 1185 episcopos
2217 1117 2444 1182 direxit,
2505 1117 2654 1169 inter
2710 1123 2916 1170 caetera
2963 1117 3041 1170 sic
3093 1118 3229 1172 dicit
3280 1120 3356 1187 (in
3416 1119 3570 1178 edit.

1870 1206 2028 1272 epist.
2071 1207 2134 1258 87
2175 1207 2249 1258 ad
2296 1210 2456 1273 episc.
2501 1206 2798 1271 Africanos
2841 1222 2942 1274 per
2974 1209 3387 1269 Mauritaniam,
3439 1215 3569 1272 etc.,

1870 1310 1993 1363 cap.
2050 1293 2143 1361 l):
2198 1293 2446 1347 «Totius
2498 1294 2730 1347 familia
2788 1300 2971 1348 status
3022 1296 3164 1349 ordo
3225 1296 3472 1361 notabit,
3523 1297 3572 1348 si

1869 1385 2023 1453 quod
2082 1382 2396 1452 requiritur
2446 1382 2505 1434 in
2555 1398 2792 1452 corpore
2845 1399 2959 1436 non
3010 1381 3340 1438 inveniatur
3391 1384 3449 1438 in
3480 1400 3569 1436 ca-

1867 1471 2006 1540 pite,
2033 1489 2056 1522 n
2081 1477 2209 1532 etc.,
2231 1486 2401 1534 usque
2420 1471 2493 1522 ad
2514 1477 2815 1538 argentum
2833 1487 3043 1540 purum
3067 1488 3190 1524 esse
3207 1479 3566 1526 meruerunt.

2568 1584 2692 1638 CAP.
2729 1586 2862 1639 CVI.

3539 1707 3566 1720 α

1941 1702 1998 1754 In
2068 1701 2382 1754 canonibus
2453 1705 2779 1754 sanctorum
2855 1701 3268 1769 apostolorum,
3347 1718 3468 1772 cap.
3539 1707 3560 1755 7

81 1757 221 1860 cepit,
249 1738 306 1810 et
343 1738 971 1860 hereditariam-nobis
1013 1762 1142 1831 jure
1177 1762 1484 1833 dereliquit
1513 1763 1707 1816 dicens
1739 1779 1750 1816 :
1795 1738 1839 1792 Β
1869 1738 2008 1860 (αξξ,
2045 1738 2668 1857 τῖιιῖῦῗιξύυάίῆιξῖευῖέ
2685 1738 3468 1856 μὲέξίιῗξυξυῦιιωξζέἑτάξῖζέ
3515 1738 3571 1844 εἰ

85 1847 236 1897 Paci—7n
289 1863 468 1901 meam
510 1849 578 1901 do
631 1849 797 1907 vobis,
849 1866 1034 1919 pacem
1097 1867 1267 1904 meam.
1309 1853 1552 1915 relinquo
1610 1853 1757 1904 vobis

93 1935 230 1986 Joan.
285 1934 417 2002 xiv).
467 1937 530 1989 Et
576 1937 792 1990 dictum
826 1939 1081 2007 Apostoli
1113 1955 1125 1991 :
1161 1941 1227 1992 Ut
1275 1944 1557 1993 unanimes
1589 1955 1753 1992 unum

81 2027 339 2075 sentientes
379 2041 798 2092 permaneamus
848 2032 904 2079 in
942 2027 1178 2092 Chr-isto;
1216 2029 1354 2081 nihil
1400 2045 1498 2096 per
1545 2033 1756 2082 conten.-

82 2114 246 2162 tionem
283 2114 461 2172 nobis,
511 2130 681 2178 neque
725 2131 826 2183 per
864 2120 1078 2170 inanem
1109 2118 1342 2184 gloriam
1385 2117 1751 2180 vindicantes;

82 2214 152 2249 nec
195 2201 522 2263 hominibus,
569 2205 663 2255 sed
717 2206 822 2257 Deo
877 2210 1058 2257 nostro
1112 2206 1387 2259 Saluatori
1437 2207 1752 2274 placeamus

83 2288 276 2355 il'hilip.
315 2290 393 2354 ii).
432 2290 527 2343 His
561 2292 857 2361 praeceptis
904 2293 1175 2346 omnibus
1205 2293 1251 2345 si
1282 2293 1531 2346 ﬁdeliter
1558 2294 1748 2346 volue-

81 2377 231 2427 rimus
258 2377 521 2444 obedire,
553 2381 836 2433 custodiet
880 2381 1158 2434 Dominus
1195 2397 1435 2450 corpora
1480 2386 1674 2434 nostra
1697 2389 1754 2435 et

81 2465 271 2518 animas
309 2473 538 2519 nostras
570 2469 626 2520 in
673 2467 765 2521 die
801 2485 914 2538 qua
947 2469 1271 2523 redditurus
1328 2475 1411 2523 est
1441 2470 1752 2540 unicuique

80 2553 364 2606 secundum
420 2571 594 2625 opera
636 2573 756 2609 sua.
813 2557 871 2612 Si
931 2557 1060 2628 quis
1102 2574 1237 2611 sane
1288 2557 1517 2611 inflatus
1563 2564 1752 2612 mente

80 2640 237 2691 carnis
264 2656 382 2693 suae
423 2643 494 2695 ab
535 2643 640 2695 hac
679 2643 912 2696 canonis
943 2644 1162 2696 ratione
1211 2646 1456 2698 voluerit
1501 2648 1748 2715 evagari,

81 2729 192 2780 sciat
230 2746 288 2781 se
330 2736 387 2782 et
436 2747 468 2782 a
507 2739 704 2785 nostra
739 2732 1145 2786 communione
1187 2735 1493 2799 seclusum,
1547 2746 1600 2787 et
1646 2751 1750 2804 ge-

81 2815 255 2869 henna:
287 2833 488 2886 poenas
521 2819 876 2873 habiturum.
905 2821 1182 2874 Praeterea
1205 2821 1592 2874 misericordia
1619 2839 1749 2875 cum

76 2904 260 2970 judicio
307 2922 428 2959 esse
469 2907 658 2962 debet.
703 2909 934 2961 Talibus
967 2909 1121 2961 enim
1164 2914 1392 2978 oportet
1429 2910 1749 2963 labentibus

81 3007 282 3045 manum
313 2994 636 3064 porrigere,
669 3012 796 3066 quae
829 2996 908 3048 sic
937 3003 1260 3050 currentem
1295 3014 1406 3050 ιιοιι
1455 2999 1749 3067 pertrahat

77 3081 122 3132 in
161 3082 396 3134 ruinam.
449 3085 652 3137 Datum
702 3085 892 3138 Romae
940 3084 999 3138 in
1049 3086 1288 3139 concilio
1343 3086 1744 3156 episcoporum

79 3170 338 3238 octoginta
361 3171 468 3224 sub
501 3171 594 3224 die
625 3188 720 3224 vni
752 3173 880 3225 ldus
912 3173 1212 3226 Ianuarias
1228 3179 1353 3244 post
1382 3175 1742 3227 consulatum

75 3258 265 3310 Arcadii
299 3259 542 3329 Augusti
575 3265 632 3312 et
658 3260 928 3314 Bautouis
960 3277 1044 3313 vv.
1079 3278 1154 3314 cc.
1190 3277 1375 3315 conus.
1415 3284 1440 3307 ››

742 3373 872 3426 CAP.
910 3373 1052 3426 CIII.

132 3486 186 3537 In
239 3486 623 3540 decretalibus
682 3505 843 3557 paper
897 3488 1144 3542 Leonis:
1198 3491 1353 3554 Quod
1396 3491 1742 3543 subdiaconis

69 3575 261 3627 ramale
283 3576 615 3629 connubium
646 3576 958 3643 denegetur,
992 3594 1116 3647 cap.
1149 3579 1216 3631 34
1247 3581 1430 3646 (epist.
1467 3581 1553 3641 84,
1584 3595 1632 3632 c.
1654 3578 1737 3648 4):

75 3661 249 3714 -.\'am
306 3679 438 3716 cum
489 3671 650 3716 extra
698 3665 1035 3718 clericorum
1094 3666 1358 3719 ordinem
1415 3666 1739 3720 constitutis

71 3751 376 3818 nuptiarum
409 3752 691 3813 societati,
727 3759 784 3806 et
813 3754 1199 3823 procreationl
1228 3754 1480 3808 ﬁliorum
1514 3755 1740 3810 studere

69 3839 128 3890 sit
165 3840 406 3893 liberum
456 3841 790 3909 arbitrium;
840 3843 908 3896 ad
949 3843 1330 3897 exhibendam
1380 3850 1573 3897 tamen
1617 3860 1741 3915 per—

69 3925 204 3981 tectae
234 3931 606 3984 continentia:
630 3931 941 4000 puritatem
971 3949 1084 3986 non
1118 3933 1482 3987 subdiaconis
1503 3934 1739 4004 quidem

68 4017 387 4070 conuubium
419 4020 648 4070 carnale
681 4020 1039 4085 conceditur;
1084 4026 1143 4073 ut
1187 4026 1236 4074 et
1267 4026 1363 4086 qui
1401 4021 1600 4074 habent
1630 4025 1740 4075 sint

71 4109 298 4168 tanquam
344 4123 450 4159 non
496 4107 752 4161 habentes
798 4110 846 4175 (Ι
902 4109 1020 4164 Cor.
1067 4126 1155 4169 vn.
1208 4112 1330 4177 29);
1379 4115 1433 4163 et
1474 4111 1573 4180 qui
1621 4127 1737 4164 non

1869 1879 2114 1933 ministri
2159 1878 2351 1931 altaris
2393 1878 2762 1931 saecularibus
2811 1877 2959 1930 curis
3020 1878 3378 1932 abstineant:
3442 1879 3566 1948 epi-

1867 1984 2073 2036 scopus
2122 1971 2311 2019 autem
2362 1967 2663 2036 presbyter
2717 1971 2813 2018 aut
2876 1966 3145 2019 diaconus
3207 1983 3567 2038 nequaquam

1865 2056 2162 2108 saeculares
2192 2071 2355 2107 curas
2387 2059 2670 2117 assumat;
2708 2054 2793 2106 sin
2826 2054 2992 2106 aliter
3022 2054 3337 2123 dejiciatur.
3373 2079 3398 2103 ιο

2555 2170 2677 2223 Car.
2713 2169 2867 2222 CVII.

1935 2286 2076 2338 Item
2134 2284 2191 2337 in
2232 2285 2468 2351 eisdem,
2531 2285 2685 2348 Quod
2743 2289 2980 2337 ministri
3037 2287 3231 2338 altaris
3289 2287 3561 2340 oblatione

1860 2374 2125 2426 celebrata
2164 2373 2392 2425 debeant
2426 2376 2839 2431 communicare,
2865 2388 2988 2442 cap.
3022 2377 3050 2426 7
3074 2377 3213 2437 (can.
3249 2378 3302 2438 9,
3327 2390 3394 2428 ea:
3412 2391 3550 2429 vers.

1860 2463 2107 2528 Dionysii
2139 2461 2415 2527 Exigui);
2461 2479 2486 2509 ί(
2519 2459 2574 2513 Si
2620 2459 2746 2528 quis
2796 2460 3118 2530 episcopus,
3171 2465 3268 2514 aut
3315 2462 3558 2532 presby-

1862 2553 1969 2614 ter,
2025 2554 2122 2602 aut
2171 2548 2462 2612 diaconus,
2513 2549 2601 2601 vel
2647 2548 2883 2618 quilibet
2929 2565 2992 2601 ex
3042 2548 3376 2602 sacerdotali
3420 2555 3563 2602 cata-

1859 2637 2013 2706 logo,
2049 2638 2191 2690 facta
2224 2637 2514 2690 oblatione
2554 2653 2669 2689 non
2708 2637 3236 2701 communicaverit,
3291 2643 3389 2690 aut
3427 2654 3557 2692 cau-

1860 2741 1980 2778 sam
2026 2726 2196 2786 dicat,
2237 2731 2300 2778 ut
2344 2726 2389 2777 si
2428 2725 2782 2778 rationabilis
2831 2725 3024 2786 fuerit,
3085 2726 3311 2779 veniam
3361 2743 3557 2780 conse-

1861 2817 2071 2884 quatur
2104 2829 2116 2865 :
2151 2820 2246 2866 aut
2276 2813 2322 2866 si
2359 2829 2476 2866 non
2517 2814 2740 2873 dixerit,
2788 2813 3254 2867 communionem
3301 2814 3559 2884 privetur

1859 2907 2132 2973 tanquam
2164 2902 2262 2972 qui
2310 2903 2522 2972 populo
2566 2918 2735 2954 causa
2778 2901 3026 2955 laesionis
3069 2903 3366 2968 exstiterit,
3416 2903 3556 2957 dans

1859 2990 2243 3060 suspicionem
2276 2990 2344 3043 de
2373 3007 2441 3044 eo
2486 2990 2584 3059 qui
2637 2990 2994 3054 sacriﬁcavit,
3037 2991 3191 3061 quod
3243 2996 3393 3046 recte
3430 3008 3548 3046 non

1856 3077 2146 3132 obtulerit.
2181 3099 2208 3128 ›

2530 3167 2654 3220 CAP.
2688 3167 2872 3221 CVIII.

1926 3284 2069 3334 Item
2100 3282 2158 3334 in
2205 3282 2440 3348 eisdem,
2474 3282 2576 3346 Qui
2615 3283 2793 3335 clerici
2833 3282 3061 3335 debeant
3111 3283 3434 3352 conjugibus
3463 3302 3549 3337 co-

1853 3371 2059 3438 pulari,
2097 3385 2220 3439 cap.
2255 3372 2318 3423 ‘27
2368 3371 2509 3438 (can.
2547 3372 2634 3435 18,
2670 3386 2736 3422 ac
2774 3370 2957 3422 eadem
2987 3370 3153 3438 vers.)
3181 3387 3192 3424 :
3225 3390 3251 3420 (ι
3287 3371 3548 3440 Innuptis

1850 3463 2042 3512 autem
2073 3459 2206 3528 quia
2237 3459 2307 3510 ad
2345 3459 2560 3510 clerum
2595 3458 2844 3526 provecti
2877 3463 3026 3521 sunt,
3062 3457 3449 3528 praecipimus,
3492 3469 3550 3511 ut.

1853 3546 1898 3598 si
1929 3545 2216 3599 voluerint
2259 3561 2458 3598 uxores
2502 3545 2803 3613 accipiant,
2855 3545 2948 3598 sed
3001 3546 3239 3598 lectores
3267 3553 3549 3600 cantores-

1852 3650 1961 3698 que
1993 3634 2414 3687 tantummodo.
2447 3653 2471 3682 ι)

2553 3723 2678 3773 CAP.
2715 3722 2840 3774 CIX.

1921 3838 1982 3890 In
2025 3835 2268 3890 concilio
2311 3835 2764 3905 Carthaginensi,
2804 3851 2924 3904 cap.
2975 3838 3032 3888 l6
3076 3843 3244 3904 (conc.
3282 3836 3539 3903 Carthag.

1851 3941 1930 3991 ιιι,
1962 3942 2010 3979 c.
2048 3929 2131 3990 l7,
2165 3941 2230 3978 ea:
2256 3929 2438 3993 prima
2471 3924 2624 3993 edit.)
2659 3940 2672 3977 :
2711 3946 2731 3972 ι
2763 3924 2830 3977 Ut
2858 3939 2986 3975 cum
3017 3924 3286 3976 omnibus
3309 3924 3542 3977 omnino

1848 4013 2067 4066 clericis
2112 4020 2361 4066 externae
2410 4013 2639 4066 feminae
2691 4028 2806 4065 non
2857 4011 3207 4075 cohabitant,
3266 4013 3361 4066 sed
3407 4014 3543 4065 solae

1847 4107 2080 4168 matres,
2115 4103 2275 4168 avim,
2312 4107 2654 4166 materterie,
2687 4102 2898 4170 amitae,
2925 4116 3150 4154 sorores
3177 4105 3233 4154 et
3263 4101 3394 4154 tiliae
3428 4102 3540 4155 fra-

66 4190 265 4257 habent,
301 4200 680 4263 permaneant
721 4197 1058 4266 singulares,
1105 4198 1267 4261 Quod
1312 4199 1354 4250 si
1397 4198 1453 4251 in
1492 4199 1598 4252 hoc
1639 4215 1737 4250 or-
1845 4194 2000 4244 trum
2041 4195 2138 4243 aut
2179 4206 2458 4253 sororum,
2502 4194 2556 4241 et
2583 4205 2941 4260 quacunque
2986 4205 3053 4242 ex
3089 4189 3308 4242 familia
3351 4205 3539 4243 neces-

67 4279 176 4331 dine
204 4283 300 4351 qui
333 4288 575 4352 quartus
612 4288 695 4336 est
741 4300 773 4336 a
799 4285 1006 4354 capite,
1033 4285 1271 4354 dignum
1313 4291 1396 4339 est
1439 4286 1732 4350 custodiri,
1776 4327 1819 4380 Β
1845 4279 2011 4332 suate
2048 4279 2389 4364 domesticai
2417 4277 2590 4331 ctiam
2617 4283 2921 4348 antequam
2961 4277 3387 4341 ordinarentur.
3420 4279 3540 4348 jam

65 4375 250 4437 quanto
284 4372 466 4441 magis
498 4371 556 4424 in
595 4371 782 4440 primo
814 4373 900 4425 vel
934 4375 1181 4426 secundo
1232 4373 1466 4426 tertiove
1506 4390 1734 4428 servan-
1778 4366 1818 4380 υ
1845 4383 1978 4421 eum
2005 4368 2087 4421 eis
2123 4367 2475 4433 habitabant,
2521 4368 2604 4420 vel
2639 4367 2686 4420 SI
2725 4367 2828 4420 ﬁlii
2868 4383 3070 4420 eorum
3105 4366 3226 4436 jam
3260 4367 3535 4420 ordinatis

66 4455 174 4511 dum
220 4463 320 4525 est,
384 4476 454 4512 ne
501 4464 601 4512 aut
643 4460 892 4526 levitico,
941 4466 1040 4514 aut
1069 4462 1439 4532 presbyterali
1494 4463 1732 4528 honore,
1843 4457 2180 4526 parentibus
2213 4473 2418 4510 uxores
2449 4456 2792 4527 acceperint,
2825 4461 2923 4509 aut
2957 4456 3134 4510 servis
3180 4472 3295 4508 nou
3327 4455 3540 4508 haben-

66 4551 142 4596 λιιι
167 4546 474 4617 episcopali
501 4548 835 4601 excellentia
865 4549 1168 4619 quisquam
1199 4551 1440 4604 idoneus
1485 4550 1732 4604 msume-
1843 4543 1996 4596 tibus
2022 4543 2081 4596 in
2113 4544 2281 4597 domo
2321 4560 2463 4613 quas
2509 4544 2741 4610 ducant,
2785 4545 3014 4597 aliunde
3059 4544 3266 4596 ducere
3296 4543 3536 4596 necessi-

66 4635 154 4695 tur,
185 4634 280 4704 qui
311 4652 371 4688 se
413 4636 780 4705 a'voluptate
823 4637 1019 4690 uxoris
1058 4639 1302 4692 necdum
1343 4639 1593 4692 frenasse
1641 4639 1734 4693 de-
1844 4636 1930 4685 tas
1958 4631 2148 4686 fuerit.
2188 4653 2206 4677 ι

65 4721 269 4788 tegitur.
310 4749 329 4771 ο

2543 4739 2670 4792 CAP.
2709 4738 2810 4791 CX.

1917 4853 2056 4905 Item
2089 4852 2147 4904 in
2179 4852 2400 4916 eodem,
2434 4867 2557 4921 cap.
2600 4852 2669 4904 24
2714 4850 2896 4918 (ibid.,
2933 4865 3056 4919 cap.
3085 4851 3174 4915 23)
3209 4863 3223 4900 :
3254 4867 3276 4897 ι
3316 4849 3381 4903 Ut
3424 4850 3536 4904 cle-

1843 4939 1944 4992 rici
1988 4941 2073 4992 vel
2107 4939 2488 5004 continentes,
2532 4939 2601 4991 ad
2648 4937 2845 4990 viduas
2885 4939 2969 4990 vel
3013 4937 3281 5007 virginea,
3319 4936 3427 4991 nisi
3470 4955 3536 4992 cx

1835 5026 1999 5096 jussu
2042 5027 2127 5080 vel
2177 5026 2455 5096 permissu
2499 5026 2893 5095 episcoporum
2937 5029 3036 5078 aut
3073 5025 3536 5094 presbyterorum

1841 5131 1958 5168 non
1987 5116 2275 5178 accedant,
2306 5119 2364 5166 et
2417 5114 2522 5167 hoc
2560 5129 2676 5166 non
2709 5113 2814 5165 soli
2848 5113 3078 5180 faciant,
3110 5113 3207 5166 sed
3261 5129 3390 5166 cum
3422 5115 3536 5167 cle-

1839 5202 1986 5264 ricis,
2024 5208 2124 5255 aut
2150 5217 2281 5255 cum
2312 5201 2400 5254 his
2430 5217 2559 5254 cum
2589 5201 2798 5271 quibus
2831 5201 3136 5271 episcopus
3167 5206 3267 5254 aut
3297 5201 3532 5273 presby-

1837 5294 1924 5344 ter
1971 5289 2220 5357 jusserit.
2287 5291 2397 5342 Nec
2438 5290 2546 5358 ipsi
2603 5289 2859 5360 episcopi
2904 5295 3004 5343 aut
3059 5289 3380 5360 presbyteri
3433 5292 3536 5344 soli

1839 5379 2088 5434 habeant
2134 5393 2423 5431 accessum
2471 5379 2539 5431 ad
2591 5379 2920 5448 hujusmodi
2977 5379 3240 5444 feminas,
3296 5381 3395 5434 sed
3441 5388 3538 5433 aut

1838 5466 1935 5521 ubi
1989 5467 2177 5520 clerici
2218 5473 2529 5536 praesentes
2574 5473 2725 5530 sunt,
2775 5474 2875 5520 aut
2923 5484 3123 5536 graves
3172 5469 3349 5537 aliqui
3383 5468 3537 5522 Chri-

1840 5554 2028 5610 stiani.
2071 5579 2093 5600 ι’

742 4822 869 4875 CAP.
899 4821 1038 4879 CIV.

121 4933 214 4987 Leo
258 4951 410 5005 papa
469 4936 540 4988 ad
585 4935 879 4988 Rusticum
929 4936 1263 5008 episcopum
1309 4937 1730 4992 Narbonensem

60 5021 331 5089 epistolam
361 5024 690 5094 porrigens,
727 5029 782 5077 et
810 5025 878 5078 ad
908 5026 1164 5094 ejusdem
1197 5027 1456 5079 consulta
1489 5043 1726 5096 respon-

60 5107 176 5163 dens
203 5112 347 5166 inter
375 5118 586 5166 caetera
619 5113 776 5180 dicit,
800 5129 922 5184 cap.
959 5117 989 5167 3
1013 5115 1193 5184 (epist.
1219 5117 1310 5182 92,
1334 5114 1596 5184 inquisit.
1626 5116 1678 5170 3)
1716 5133 1729 5169 :

61 5197 178 5250 «De
225 5200 309 5252 his
378 5201 482 5270 qui
538 5201 703 5254 altari
774 5201 1120 5267 ministrant,
1182 5209 1238 5256 et
1304 5219 1573 5273 conjuges
1629 5204 1729 5257 ha-

58 5285 189 5352 bent,
228 5293 419 5342 utrum
471 5287 556 5341 eis
596 5288 750 5341 licito
793 5289 1160 5345 misceantur.
1208 5294 1314 5345 Lex
1361 5292 1730 5345 continentiae

58 5376 228 5428 eadem
285 5383 372 5430 est
430 5377 629 5430 altaris
683 5376 976 5439 ministris,
1039 5395 1169 5448 quae
1221 5381 1504 5450 episcopis
1557 5386 1728 5450 atque

61 5465 391 5533 presbyteris.
427 5465 535 5528 Qui
569 5481 702 5518 cum
745 5470 931 5518 essent
971 5467 1095 5519 laici
1121 5467 1234 5520 sive
1278 5469 1529 5529 lectores,
1577 5468 1728 5522 licite

61 5557 102 5601 et
124 5567 310 5605 uxores
341 5553 574 5614 ducere,
611 5558 667 5605 et
712 5553 855 5605 filios
897 5569 1193 5622 procreare
1235 5561 1586 5626 potuerunt:
1631 5556 1726 5609 sed
