3846 6244
295 295 396 346 727

1003 429 1132 483 CAP.
1167 429 1294 482 CXI.

367 519 428 571 In
479 533 695 572 canone
743 517 1064 587 Anquirani
1120 518 1371 584 concilii,
1425 534 1544 587 cap.
1601 521 1661 571 10
1708 527 1854 588 (can.
1909 520 1991 572 10.

293 607 486 674 Diﬂ'crt
531 607 640 660 haec
683 611 857 659 vcrsio
900 623 934 659 (ι
979 607 1104 659 trib.
1158 607 1358 672 edit):
1420 627 1446 656 ι(
1486 607 1718 660 Diaconi
1768 622 1995 676 quoque

294 709 422 747 cum
444 694 786 748 ordinantur
801 735 816 762 ,
843 694 888 746 si
912 694 972 748 in
1001 695 1123 764 ipsa
1144 695 1502 748 ordinatione
1521 695 1820 764 protestati
1843 699 1992 762 sunt,

293 781 546 836 dicentes
585 783 730 836 velle
751 798 810 836 se
840 783 1050 836 habere
1087 799 1306 846 uxores,
1345 799 1528 853 neque
1559 801 1726 853 posse
1762 800 1818 836 se
1859 799 1988 836 cono

292 869 495 936 tinere,
520 870 578 924 hi
603 875 820 940 postea,
835 871 881 923 si
906 872 1056 940 apud
1073 873 1301 942 nuptias
1315 873 1706 936 convenerint,
1726 875 1998 924 maneant

295 959 353 1012 in
383 959 533 1012 clero
561 965 807 1020 tantum,
842 965 899 1013 et
933 977 962 1012 a
997 961 1314 1012 ministerio
1344 960 1705 1031 abjiciantur.
1746 960 1994 1022 Quicun-

297 1063 405 1117 que
441 1063 577 1100 sane
609 1053 930 1113 tacuerunt,
956 1053 1010 1101 et
1031 1054 1404 1117 susceperunt
1437 1064 1642 1100 manus
1673 1048 1994 1116 impositio-

299 1150 454 1198 nem,
513 1135 756 1204 professi
801 1135 1232 1202 continentiam,
1285 1141 1342 1188 et
1401 1145 1599 1204 postea
1646 1135 1714 1188 ad
1765 1136 1995 1204 nuptias

300 1229 707 1290 convenerunt,
741 1241 773 1277 a
805 1223 1121 1276 ministerio
1143 1224 1227 1276 vel
1261 1224 1409 1276 clero
1441 1239 1658 1276 cessare
1683 1223 1990 1286 debebunt,

301 1311 501 1364 laicam
535 1315 754 1365 tantum
792 1311 1258 1366 communionem
1287 1311 1644 1382 recipientes.
1683 1333 1707 1358 ››

990 1427 1118 1481 CAP.
1149 1427 1302 1482 CXII.

365 1543 428 1594 In
461 1541 700 1594 concilio
735 1541 1084 1610 Laodicensi,
1113 1545 1188 1596 Dc
1221 1547 1350 1594 viris
1391 1559 1512 1595 cum
1543 1545 1863 1596 mulieribus
1911 1545 1990 1596 lu.-

297 1645 462 1682 vucru
505 1630 918 1687 celebrantibus.
969 1645 1091 1700 cap.
1139 1633 1205 1684 30
1237 1631 1356 1700 (cup
1403 1632 1489 1688 30.
1533 1647 1599 1684 ac
1629 1636 1827 1699 intm-p.
1865 1635 1990 1684 Dio-

301 1723 444 1785 nysii
469 1721 694 1788 Exul-ui)
723 1735 734 1770 :
767 1740 786 1766 α
814 1719 977 1782 Quod
1003 1735 1114 1772 non
1138 1724 1397 1790 oporteat
1417 1722 1588 1772 sacris
1612 1720 1813 1772 ofticiis
1834 1719 1992 1773 dedi-

301 1812 413 1872 tos,
449 1811 548 1860 aut
575 1807 832 1873 clericos,
870 1811 968 1860 aut
997 1807 1374 1872 continentes,
1411 1809 1496 1860 vel
1529 1824 1762 1861 omnem
1789 1807 1998 1860 laicum

301 1895 704 1962 Christianum,
739 1895 962 1948 lavacra
992 1911 1120 1948 cum
1153 1896 1492 1949 mulieribus
1519 1897 1828 1961 celebrare,
1863 1895 1998 1966 quia

301 1983 423 2036 haec
455 1984 606 2054 apud
636 1983 877 2054 gentiles
909 1984 1278 2054 reprehensio
1309 1985 1496 2054 prima
1524 1991 1626 2038 est.
1654 2005 1681 2034 ι)

980 2099 1108 2152 CAP.
1145 2099 1323 2153 CXIII.

373 2212 439 2264 In
485 2212 709 2276 eodem,
757 2214 876 2266 Non.
927 2211 1086 2264 liccrc
1134 2213 1342 2263 clrricis
1402 2211 1628 2264 ludirzéris
1677 2215 2000 2280 spectaculis

303 2304 575 2358 interesse,
617 2315 740 2368 cap.
797 2299 908 2352 Si:
973 2320 998 2346 ‹‹
1021 2299 1140 2351 Non
1181 2304 1408 2368 oportet
1459 2299 1749 2353 ministros
1809 2301 2002 2354 altaris

303 2388 390 2440 vel
419 2388 702 2458 quoslibet
731 2389 982 2452 clericos,
1017 2387 1352 2455 spectaculis
1389 2388 1700 2457 aliquibus,
1741 2405 1869 2459 qua:
1903 2396 2003 2442 aut

305 2477 366 2530 in
397 2477 612 2546 nuptiis
641 2482 740 2529 aut
767 2477 824 2528 in
857 2475 1032 2528 caenis
1062 2476 1402 2529 exhibentur
1429 2477 1722 2540 interesse,
1765 2478 1863 2531 sed
1895 2494 2001 2530 an-

306 2569 534 2634 tequam
567 2564 860 2634 thymelici
899 2563 1320 2634 ingrediantur,
1355 2580 1591 2634 surgere
1622 2582 1716 2618 eos
1757 2571 1812 2620 et
1845 2567 2001 2620 abire

309 2653 515 2706 debere
546 2652 614 2706 de
645 2651 924 2706 convivio.
965 2675 990 2700 ››

984 2771 1110 2822 ὼν.
1150 2769 1326 2823 CXIV.

383 2887 444 2937 In
475 2884 688 2954 synodo
723 2883 1181 2950 Neocmsariensi,
1239 2900 1364 2954 cap.
1413 2889 1430 2937 1
1479 2901 1598 2952 cup.
1653 2888 1696 2948 t,
1730 2901 1797 2937 ca:
1827 2889 2004 2938 inter—

305 2977 448 3040 pret.
473 2971 704 3024 ϐίη-αν(ὶὶ
727 2973 976 3040 Mercut.)
1009 2989 1020 3025 :
1055 2994 1076 3020 ι
1115 2973 1411 3042 Presbyter
1438 2975 1536 3042 qui
1569 2989 1802 3026 uxorem
1835 2973 2006 3027 duxe-

311 3061 403 3126 rit,
438 3060 506 3113 ab
535 3060 734 3113 ordine
762 3077 864 3113 suo
892 3061 1054 3113 illum
1086 3061 1296 3130 deponi
1337 3061 1560 3114 debere.
1605 3061 1764 3124 Quod
1805 3062 1850 3114 si
1881 3063 2003 3115 for—

313 3147 533 3200 nicatus
589 3148 784 3214 fuerit,
845 3148 930 3200 vel
999 3148 1348 3202 adulterium
1417 3149 1786 3214 commiserit,
1846 3155 2005 3201 extra

313 3235 618 3288 Ecclesiam
679 3235 996 3305 abjiciatur.
1064 3243 1121 3290 et.
1184 3237 1581 3306 paenitentiam
1639 3237 1786 3290 inter
1833 3237 2004 3290 laicos

313 3323 572 3376 redactus
593 3327 742 3393 agat.
774 3345 824 3376 ››.

1005 3395 1130 3448 CAP.
1163 3394 1310 3448 CXV.

387 3510 524 3562 Item
569 3509 933 3564 Innocentius
973 3525 1123 3579 papa
1171 3511 1240 3564 ad
1301 3509 1626 3562 Victricium
1674 3509 2004 3580 episcopum

315 3593 848 3665 Rothomagensem,
889 3613 1012 3666 cap.
1053 3599 1115 3650 10
1146 3597 1344 3668 (Epist.
1383 3601 1435 3664 2,
1483 3613 1602 3667 cap.
1643 3601 1695 3664 9)
1737 3615 1749 3650 :
1785 3619 1810 3649 (ι
1847 3600 2005 3652 Prie-

312 3687 470 3736 terea
511 3684 664 3754 quod
706 3685 968 3754 dignum,
1013 3691 1068 3738 et
1115 3687 1410 3756 pudicum,
1453 3693 1508 3739 et
1551 3686 1851 3740 honestum
1899 3691 2002 3750 est,

315 3775 509 3825 tenere
553 3773 795 3826 Ecclesia
851 3774 1183 3828 omnimodo
1228 3775 1418 3842 debet,
1461 3779 1520 3827 ut
1578 3775 1897 3828 sacerdotes
1952 3779 2007 3828 et

313 3859 497 3913 levitas
535 3875 667 3914 cum
713 3863 980 3916 uxoribus
1023 3864 1139 3916 suis
1169 3881 1279 3916 non
1313 3869 1543 3930 coeant,
1573 3863 1708 3932 quia
1737 3863 2003 3916 ministe-

313 3947 384 4001 rii
441 3949 761 4018 quotidiani
813 3951 1244 4004 necessitatibus
1290 3959 1659 4021 occupantur.
1717 3952 2004 4022 Scriptum

314 4041 394 4088 est
428 4036 582 4089 enim
616 4053 628 4088 :
662 4037 848 4090 Sancti
885 4043 1068 4100 cstotc,
1103 4045 1358 4104 quoniam
1390 4045 1440 4092 rt
1471 4057 1564 4104 (νηί)
1596 4041 1828 4094 Sanctus
1859 4055 1998 4096 sum.

315 4125 446 4176 dicit
487 4127 746 4178 Dominus
781 4130 922 4180 Dcus
955 4133 1130 4180 vester
1157 4130 1349 4196 (Lceit.
1395 4145 1467 4192 x1,
1509 4129 1577 4180 44
1621 4134 1678 4180 et
1709 4131 1822 4196 20).
1863 4129 2004 4182 Nam

314 4213 510 4282 priscis
553 4214 910 4282 temporibus
951 4215 1020 4269 de
1072 4219 1286 4285 templo
1344 4217 1440 4269 Dei
1483 4217 1802 4270 sacerdotes
1852 4233 2002 4270 anno

1511 257 1732 348 axina:
1775 294 2210 349 PABISIENSIS
2253 295 2568 350 EPISCOPI

2256 295 2568 350 EPISCOPI

2035 429 2328 483 Aordinis
2377 431 2742 484 ecclesiastici
2793 432 3054 485 homines
3112 448 3289 503 usque
3335 433 3404 486 ad
3497 417 3776 502 ministras!

2104 525 2204 570 aut
2253 520 2518 588 lectores,
2563 525 2659 572 aut
2699 521 2926 590 psaltes,
2969 525 3066 572 aut
3115 521 3440 586 exorcistas,
3501 527 3604 575 aut
3643 507 3778 590 ostia!

2105 607 2239 672 rios,
2301 607 2401 678 qui
2441 607 2500 661 in
2557 609 2851 679 proposito
2909 609 3276 662 continentiae
3323 615 3482 676 sunt,
3551 581 3780 736 tabernae

2105 695 2316 736 intraro
2378 719 2397 736 ι

2105 695 2337 748 intrare.
2378 719 2397 742 ι

2764 789 2891 838 tm.
2925 785 3151 839 (LXVIII.
3767 763 3780 814 ‘

2177 899 2237 951 In
2271 898 2508 952 concilio
2558 898 3015 968 Carthaginensi,
3058 904 3136 954 Dc
3175 905 3538 960 coratincntia,
3603 917 3718 969 cap.
3759 861 3782 998 1

2104 988 2380 1057 (Curthug.
2408 1003 2552 1040 conc.
2584 1003 2643 1050 ιι,
2672 1003 2796 1056 cap.
2829 990 2879 1056 2)
2914 1004 2926 1040 :
2966 1009 2986 1034 ‹
3013 988 3279 1041 Aurelius
3299 989 3614 1058 episcopus
3635 988 3782 1074 dixit;

2104 1075 2244 1128 Cum
2287 1073 2572 1143 praeterito
2613 1075 2854 1127 concilio
2903 1074 2970 1128 de
3009 1076 3376 1128 continentiae
3423 1083 3482 1128 et
3537 1073 3784 1164 castitati‘

2103 1162 2497 1216 moderamine
2529 1167 2890 1226 tractaretur,
2917 1163 3125 1232 gradus
3157 1163 3250 1216 isti
3279 1168 3393 1216 tres
3427 1163 3536 1234 qui
3563 1162 3787 1234 conserti

2102 1250 2298 1320 ptione
2348 1250 2596 1320 quadam
2643 1251 2916 1303 castitatis
2941 1267 3044 1319 per
3090 1253 3554 1305 consecrationes
3605 1235 3788 1322 annexi

2103 1345 2255 1406 sunt,
2317 1339 2634 1408 episcopos,
2693 1339 2952 1409 inquam,
3023 1339 3380 1410 presbyteros
3439 1345 3498 1392 et
3551 1327 3790 1402 diaconos

2101 1429 2180 1482 ita
2213 1427 2446 1497 placuit,
2493 1433 2554 1480 ut
2592 1428 2867 1480 condecet
2908 1443 3097 1482 sacros
3137 1429 3440 1493 antistites,
3474 1443 3543 1480 ac
3595 1429 3688 1482 Dei
3719 1413 3790 1481 sa;

2102 1517 2374 1580 cerdotes,
2409 1531 2511 1567 nec
2541 1531 2657 1567 non
2695 1521 2752 1568 et
2783 1516 2999 1578 levitas,
3049 1517 3132 1569 vel
3167 1515 3269 1586 qui
3311 1517 3692 1569 sacramentis
3719 1517 3784 1570 di-

2101 1604 2248 1656 vinis
2287 1603 2625 1662 inserviunt.
2669 1605 3026 1657 continentes
3053 1606 3188 1666 {esse
3237 1604 3294 1657 in
3347 1605 3647 1669 omnibus,
3691 1621 3782 1674 quo

2034 1723 2076 1777 Β
2107 1690 2326 1759 possint
2352 1690 2686 1760 simpliciter
2721 1692 2872 1762 quod
2905 1709 2936 1744 a
2973 1693 3084 1745 Deo
3125 1693 3420 1762 postulant
3461 1693 3790 1762 impetrare;

2110 1783 2170 1830 ut
2209 1778 2358 1847 quod
2411 1780 2657 1848 apostoli
2715 1779 3049 1843 docuerunt,
3095 1785 3152 1833 et
3199 1780 3320 1850 ipsa
3367 1781 3622 1834 servavit
3668 1779 3788 1832 anti-

2107 1867 2314 1937 quitas,
2351 1883 2454 1920 nos
2480 1883 2709 1938 quoque
2739 1867 3143 1921 custodiamus.
3176 1889 3203 1915 ››

2794 1983 2922 2036 CAP.
2949 1983 3116 2038 CXIX.

2183 2099 2316 2151 Item
2347 2098 2406 2150 in
2437 2097 2634 2151 eodem
2686 2098 2950 2162 concilio,
2997 2102 3073 2152 De
3111 2099 3340 2152 diversis
3389 2099 3682 2151 ordinibus
3737 2099 3790 2148 ειὴ

2108 2187 2371 2240 tutoribus
2402 2187 2758 2244 ubstincndis.
2795 2203 2919 2256 cap.
2941 2188 2974 2239 4
3005 2187 3146 2256 (cup.
3187 2188 3268 2250 14,
3305 2205 3372 2239 (ιιι)
3401 2189 3586 2240 altera
3615 2187 3750 2239 cdit.‘
3777 2203 3784 2234 :

2115 2297 2136 2322 ι
2173 2275 2473 2328 Faustinus
2529 2276 2832 2344 episcopus
2885 2275 3141 2328 Ecclesiae
3187 2277 3532 2338 Potentinze,
3587 2275 3792 2344 provin-

2109 2363 2210 2415 cize
2245 2362 2454 2426 Piceni,
2489 2363 2708 2430 legatus
2743 2363 3018 2416 Romanae
3067 2363 3354 2422 Ecclesiae,
3405 2363 3552 2416 dixit
3587 2379 3600 2414 :
3633 2363 3796 2415 Placet

2113 2454 2172 2502 ut
2202 2450 2474 2520 episcopi,
2499 2451 2818 2519 presbyteri
2851 2456 2906 2503 et
2931 2451 3178 2516 diaconi,
3203 2453 3288 2504 vel
3321 2451 3422 2520 qui
3455 2457 3792 2503 sacramenta

2111 2544 2489 2605 contrectant,
2521 2538 2816 2608 pudicitiaa
2855 2539 3142 2604 custodes,
3195 2539 3263 2590 ab
3299 2539 3582 2592 uxoribus
3621 2554 3679 2590 se
3713 2537 3792 2598 al»-

2113 2627 2379 2680 stineant.
2431 2626 2513 2679 Ab
2565 2625 2846 2678 universis
2895 2627 3176 2695 episcopis
3206 2626 3418 2678 dictum
3465 2631 3574 2678 est.
3629 2625 3792 2678 Placet

2115 2721 2176 2766 ut
2205 2715 2265 2767 in
2295 2714 2562 2768 omnibus
2601 2721 2657 2766 et
2699 2714 2771 2767 ab
2813 2697 3082 2766 omnibus
3119 2714 3394 2784 pudicitia
3438 2713 3790 2774 custodiatur,

2114 2803 2214 2874 qui
2243 2803 2412 2856 altari
2443 2803 2781 2856 inserviunt.
2821 2825 2848 2850 ››

2809 2917 2936 2970 CAP.
2975 2919 3115 2971 CXX.

2189 3035 2248 3087 In
2297 3033 2538 3086 concilio
2590 3031 2876 3100 Africano,
2926 3033 3030 3097 Qui
3075 3035 3254 3086 clerici
3302 3033 3369 3085 ub
3413 3033 3676 3084 umoribus
3723 3029 3792 3082 vlo."-

2115 3123 2274 3176 bcunt
2304 3123 2592 3186 abstinere,
2627 3138 2750 3192 cap.
2789 3125 2854 3175 37
2899 3125 3040 3190 (cup.
3075 3127 3129 3186 7,
3168 3127 3218 3174 ct
3262 3121 3518 3186 Carthag.
3571 3135 3710 3172 conc.
3753 3134 3790 3180 ν,

2113 3229 2161 3266 c.
2197 3213 2250 3280 3)
2285 3228 2297 3264 :
2330 3229 2354 3262 α
2387 3213 2689 3278 Praeterea,
2735 3227 2864 3264 cum
2909 3211 2977 3264 de
3025 3211 3408 3280 quorumdam
3451 3209 3791 3271 clericorum,

2115 3299 2376 3371 quamvis
2415 3315 2550 3369 erga
2590 3315 2795 3352 uxores
2847 3299 3129 3368 proprias,
3173 3297 3592 3350 incontinentia
3631 3297 3792 3348 refer-

2113 3395 2319 3442 retur:
2359 3387 2572 3457 placuit
2619 3387 2937 3457 episcopos,
2985 3391 3040 3440 et
3089 3387 3473 3456 presbyteros,
3525 3391 3590 3438 et
3628 3385 3796 3437 diaco-

2115 3491 2218 3530 nos
2252 3476 2566 3530 secundum
2635 3475 2830 3544 priora
2885 3481 3117 3542 statuta,
3179 3475 3482 3541 etiamiab
3535 3472 3794 3526 uxoribus

2114 3565 2426 3619 continere.
2475 3565 2635 3628 Quod
2689 3564 2796 3616 nisi
2841 3564 3099 3630 fecerint,
3159 3564 3229 3617 ab
3281 3563 3670 3631 {ecclesiastico
3711 3575 3786 3610 re-

2115 3657 2453 3706 moveantur
2493 3651 2699 3706 ofticio.
2752 3653 2999 3706 Caeteros
3050 3657 3240 3705 autem
3283 3651 3520 3704 clericos
3581 3651 3650 3704 ad
3697 3648 3788 3700 hoc

2115 3759 2230 3796 non
2289 3741 2437 3810 cogi,
2497 3741 2596 3794 sed
2647 3741 2962 3794 secundum
3029 3741 3482 3810 uniuscujusque
3543 3737 3788 3793 Ecclesiae

2115 3829 2586 3884 consuetudinem
2621 3829 2910 3883 observari
2943 3829 3168 3883 debere.

2797 3945 2924 3998 CAP.
2960 3945 3128 3998 CXXI.

2185 4059 2244 4112 In
2298 4059 2526 4128 Synodo
2561 4058 2654 4111 cui
2707 4059 2978 4128 praesedit
3033 4059 3227 4112 Romae.
3285 4059 3482 4111 beatus
3540 4055 3788 4110 Silvester

2113 4163 2259 4218 papa
2280 4163 2410 4200 cum
2441 4145 2722 4215 episcopis
2767 4145 3026 4198 ducentis
3073 4146 3360 4214 octoginta
3411 4148 3676 4213 quatuor,
3707 4136 3790 4191 ubi

2113 4233 2365 4288 damnati
2393 4243 2526 4286 sunt
2565 4233 2888 4286 Victorinus
2926 4233 3243 4302 episcopus,
3287 4232 3548 4296 Calistus,
3599 4229 3790 4298 Hippo-

315 4299 451 4354 νίοίε
481 4317 598 4354 sua?
645 4317 760 4394 0f)“
811 4303 1194 4370 discedebant.
1251 4305 1398 4394 δίωη
1440 4305 1510 4358 de
1547 4305 1810 4358 lacuaria
1859 4305 2002 4375 Ῑθὲί·
2041 4299 2085 4352 D
2119 4325 2268 4394 Iytus
2309 4323 2599 4384 diaconus,
2650 4299 2975 4375 astantibus
3015 4299 3302 4391 episcopis
3347 4327 3402 4374 et
3435 4315 3786 4390 presbyteris

317 4405 463 4454 mus,
515 4405 617 4442 nec
667 4389 904 4444 domqu
949 4408 1110 4445 suam
1156 4393 1392 4446 omnino
1435 4395 1768 4462 tangebant,
1807 4416 1826 4442 ι
1873 4399 2003 4460 etc.,

317 4495 486 4544 usque
507 4478 582 4532 ad
599 4483 758 4546 ﬁnem
789 4483 1002 4548 cupitis.

991 4594 1116 4648 CAP.
1153 4596 1322 4650 CXVI.

383 4711 528 4763 Item
559 4709 712 4762 idem
745 4708 812 4762 ad
856 4709 1145 4776 eumdem,
1191 4726 1314 4781 cap.
1353 4713 1416 4764 12
1448 4719 1584 4779 (mp.
1627 4713 1708 4778 10,
1738 4715 1794 4764 in.
1831 4713 1957 4780 ﬁne)
1989 4727 2002 4764 :

389 4821 408 4846 α
447 4797 585 4862 Quae
632 4797 816 4851 forma
865 4803 1122 4852 servatur
1169 4803 1228 4852 in
1285 4799 1523 4864 clericis,
1581 4800 1826 4853 maxime
1875 4815 2007 4854 cum

312 4893 472 4946 vetus
503 4887 702 4956 regula
731 4887 836 4940 hoc
867 4888 1088 4954 habeat,
1125 4893 1186 4942 ut
1215 4889 1458 4958 quisque
1497 4893 1784 4940 correctus
1817 4887 2006 4956 bapti-

313 4981 468 5029 zatus
521 4975 761 5030 clericus
806 4993 925 5030 esse
977 4977 1267 5044 voluisset,
1321 4977 1628 5046 sponderet
1674 4992 1732 5028 se
1771 4992 2004 5030 uxorem

312 5063 548 5118 omnino
579 5079 698 5118 non
729 5064 956 5118 ducere.
987 5084 1014 5115 ι)

973 5178 1100 5232 CAP.
1136 5179 1334 5233 CXVII.

383 5281 444 5333 In
502 5281 742 5335 concilio
805 5283 1177 5338 Laodicensi:
1243 5288 1310 5340 Ut
1365 5291 1460 5351 qui
1512 5290 1752 5339 ministri
1809 5287 2004 5339 altaris

312 5373 441 5422 sunt
473 5369 724 5424 tabernas
754 5387 860 5424 non
891 5377 1114 5440 intrent,
1137 5389 1260 5443 cap.
1285 5377 1352 5427 22
1373 5375 1522 5444 (cap.
1554 5375 1643 5439 24,
1677 5391 1745 5428 ραν
1765 5379 1998 5444 interpr.

315 5456 701 5527 Mercator-is):
753 5477 780 5509 α
821 5459 1102 5522 Quoniam
1151 5479 1262 5515 non
1309 5467 1532 5532 oportet
1587 5463 1754 5516 altari
1806 5463 2003 5516 deser-

313 5545 528 5598 vientes
559 5560 591 5596 a
615 5546 959 5616 presbyteris
991 5565 1170 5618 usque
1202 5551 1272 5602 ad
1305 5551 1574 5604 diaconos
1598 5593 1612 5618 ,
1639 5555 1696 5604 et
1736 5551 2003 5620 deinceps

2115 4418 2171 4464 et
2198 4411 2416 4464 clericis
2461 4411 2803 4470 Grzecorum.
2853 4411 2930 4462 ita
2963 4411 3108 4463 inter
3147 4417 3351 4463 caetera
3381 4410 3596 4478 legitur
3637 4409 3784 4476 (conf-

2117 4517 2175 4566 u,
2215 4503 2304 4566 I9;
2340 4499 2526 4568 differt
2560 4499 2626 4552 ab
2665 4499 2820 4560 edit.)
2857 4515 2869 4550 :
2907 4521 2926 4546 α
2965 4499 3142 4552 Nemo
3185 4499 3479 4568 presbyter
3519 4513 3552 4550 a
3587 4497 3674 4550 die
3703 4495 3792 4546 h0-

2113 4587 2268 4639 noris
2311 4585 2648 4656 presbyterii
2711 4591 2899 4638 sumat
2949 4585 3306 4654 conjugium.
3355 4585 3518 4648 Quod
3579 4586 3626 4637 si
3673 4581 3782 4651 quis

2116 4675 2224 4728 hoc
2253 4673 2513 4743 neglecto
2539 4672 2704 4725 aliter
2735 4672 2934 4741 egerit,
2971 4673 3268 4725 duodecim
3302 4672 3471 4724 annis
3500 4688 3636 4724 eum
3669 4669 3788 4724 dici-

2115 4779 2244 4816 mus
2276 4761 2489 4832 privari
2539 4761 2774 4814 honore.
2823 4761 2984 4824 Quod
3035 4761 3080 4812 si
3123 4761 3250 4831 quis
3281 4765 3480 4812 contra
3531 4760 3636 4813 hoc
3679 4757 3786 4810 chi-

2116 4851 2463 4922 rograpbum
2511 4867 2764 4920 praesens
2807 4857 2860 4903 et
2901 4849 3126 4920 publice
3171 4850 3388 4902 dictum
3429 4851 3635 4919 egerit,
3673 4861 3786 4900 con-

2118 4939 2486 4994 demnabitur
2515 4939 2572 4992 in
2601 4943 2964 5009 perpetuum.
3001 4957 3028 4988 »

2791 5053 2916 5106 CAP.
2954 5053 3146 5106 CXXII.

2185 5170 2520 5225 Ambrosius
2565 5169 2624 5222 in
2671 5169 2921 5240 Epistola
2958 5169 3031 5222 ad
3064 5169 3250 5222 Titum
3293 5169 3442 5222 inter
3485 5173 3682 5222 cratera
3723 5162 3786 5216 sic

2113 5260 2193 5312 ait
2221 5261 2301 5330 (in
2330 5275 2447 5327 cap.
2479 5261 2542 5326 ιι)
2577 5275 2589 5311 :
2627 5279 2653 5306 ετ
2685 5258 2950 5311 Iuniores
2981 5255 3263 5322 similiter,
3299 5277 3325 5306 ι)
3369 5263 3500 5322 etc.,
3535 5271 3697 5322 usque
3725 5249 3782 5304 ιιιί

2111 5349 2276 5402 verba
2305 5347 2506 5418 probat
2533 5347 2714 5400 factis.

2766 5435 2892 5489 CAP.
2931 5433 3150 5488 CXXIII.

2187 5553 2325 5603 Item
2359 5551 2415 5603 in
2459 5549 2711 5619 Epistola
2749 5550 2820 5603 ad
2861 5548 3226 5602 Timotheum
3260 5563 3272 5600 :
3327 5569 3350 5594 υ
3402 5551 3574 5602 Unius
3625 5549 3780 5600 πέτην-ές
