3846 6244
59 302 96 350 εει
1277 303 1480 361 LIBER
1521 307 1889 363 ADVERSUS
1927 309 2235 363 GRJSCOS.

58 445 162 480 rum
218 429 255 490 fl
317 431 463 481 Tim.

58 533 213 570 torem
264 533 383 570 non
431 519 515 572 sit.
564 522 770 575 haberi
819 523 1192 593 prohibitum,
1242 531 1302 577 ut
1349 530 1544 578 tamen
1577 527 1705 596 quis

61 622 185 675 gnos
205 604 273 657 ad
303 607 730 678 episcopatum
771 612 861 678 sit,
892 612 1064 665 etiam
1099 613 1315 666 licitum
1350 614 1520 666 debet
1547 631 1704 684 sper-

56 713 118 748 ere
164 703 404 764 propter
459 700 892 754 sublimitatem
941 701 1119 770 ipsius
1151 703 1387 769 ordinis,
1423 705 1561 773 quia
1591 721 1705 758 caa-

57 784 118 834 ris
151 785 355 836 melior
389 785 580 841 debet
628 805 752 841 esse
783 789 880 858 qui
914 790 1154 859 cupidus
1206 796 1289 844 est
1321 792 1470 844 sedis
1504 793 1656 846 illius
1690 809 1701 846 :

56 875 230 928 brium.
277 875 597 943 pudicum,
634 877 974 945 hospitalem,
1024 879 1326 938 docibilmn,
1388 895 1494 932 non
1539 881 1704 932 obno-

57 979 126 1012 ima
181 965 327 1020 vino,
396 979 520 1017 non
586 968 1003 1024 azm'bnrutorem.
1060 968 1156 1019 sed
1202 969 1535 1028 modestum;
1600 985 1705 1021 non

54 1057 292 1112 ‘tgiosum.
329 1068 448 1104 non
486 1070 772 1122 us‘perum,
807 1055 1021 1107 domum
1064 1070 1218 1108 suam
1253 1057 1380 1108 bene
1415 1062 1702 1121 roganterm

54 1143 114 1188 ius
161 1139 462 1192 habentem
521 1144 772 1195 sub/litos
817 1159 934 1196 cum
983 1148 1127 1195 omni
1179 1144 1446 1197 churitute
1491 1146 1704 1212 (Ibid).

53 1229 163 1280 ilem
213 1228 546 1283 hominem
599 1231 697 1300 qui
741 1232 861 1284 haec
900 1233 1189 1284 custodiat
1231 1248 1361 1302 quae
1409 1238 1709 1285 enumerat

54 1334 148 1378 ina,
181 1319 370 1370 creari
425 1320 652 1373 debere
705 1321 838 1373 dicit
869 1321 1225 1390 episcopum.
1263 1323 1390 1374 Haec
1447 1322 1601 1374 enim
1633 1321 1707 1373 si-

51 1420 101 1456 ua
130 1409 253 1457 sunt
305 1405 633 1474 dignitatis
690 1407 1045 1477 episcopalis.
1106 1409 1163 1462 Si
1222 1409 1350 1478 quis
1385 1415 1578 1462 autem
1605 1425 1710 1478 po-

52 1511 132 1545 ora
168 1499 458 1556 sectatus,
496 1501 555 1548 et
587 1513 792 1566 corpus
837 1503 893 1549 et
917 1497 1170 1549 animam
1203 1514 1363 1550 suam
1407 1499 1523 1552 Deo
1555 1498 1707 1550 dica-

51 1583 149 1642 erit,
181 1597 252 1634 ne
283 1597 347 1635 se
378 1584 627 1653 capulet
658 1584 1044 1651 matrimonio,
1077 1590 1236 1638 tanto
1268 1586 1448 1655 magis
1502 1586 1712 1655 dignor

53 1681 117 1722 et:
169 1671 302 1724 ideo
368 1674 548 1725 enim
595 1673 927 1726 inferiorem
988 1674 1200 1742 posuit,
1241 1679 1304 1727 ut
1361 1675 1430 1728 de
1482 1676 1706 1744 potiore

53 1775 156 1810 emo
185 1759 524 1814 dubitaret.
561 1781 589 1810 ι)

670 1848 797 1904 CAP.
835 1850 1052 1903 CXXIV.

76 1954 193 2004 Item
242 1951 412 2006 idem
447 1953 513 2006 in
549 1953 772 2012 eadem.
807 1961 932 2023 post
960 1971 1140 2024 pauca
1172 1972 1183 2008 :
1217 1974 1242 2005 ι(
1289 1959 1549 2009 Diaconos
1579 1961 1706 2024 puri

48 2042 143 2092 mdo
169 2041 437 2107 pudicos,
475 2059 584 2095 non
639 2043 924 2109 bilingues,
961 2060 1066 2096 non
1097 2049 1221 2096 vino
1269 2046 1437 2097 multo
1469 2045 1699 2108 deditos,

48 2145 103 2178 P1"
133 2130 393 2196 turpibus
432 2132 604 2184 lucris
634 2137 906 2189 vacantes.
931 2121 1196 2185 'ha—bcntes
1235 2138 1552 2200 mysterium
1581 2135 1709 2202 ﬁdei

48 2235 67 2266 ιι
93 2222 418 2271 rruiscicntin
461 2236 635 2287 pum.
669 2221 728 2272 Et
755 2220 816 2274 hi
850 2227 1040 2274 autem
1073 2221 1390 2290 probentur
1431 2222 1707 2290 primum,

48 2312 68 2356 It
90 2308 155 2356 sic
199 2307 548 2361 ministrent
578 2308 700 2361 sine
758 2309 1018 2363 crimine.
1060 2310 1168 2373 Qui
1213 2317 1372 2363 tanta
1421 2326 1555 2364 cura
1589 2311 1710 2363 dia-

46 2412 169 2448 tonos
225 2398 544 2467 eligendos
611 2397 892 2466 praecipit,
944 2415 1088 2468 quos
1137 2405 1359 2451 constat
1416 2399 1710 2452 ministros

46 2500 125 2536 Psse
175 2487 573 2552 sacerdotum,
639 2488 836 2554 quales
883 2488 1004 2539 vult
1047 2503 1168 2540 esse
1225 2488 1540 2556 episcopos,
1603 2487 1712 2540 nisi

45 2575 145 2624 sicut
174 2575 293 2642 ipse
341 2575 448 2640 ait,
510 2575 1050 2643 irreprehensibiles?
1101 2576 1339 2640 Negotia
1369 2582 1563 2630 tamen
1596 2593 1712 2645 pu-

45 2661 170 2718 blica.
219 2664 443 2732 turpia,
499 2663 636 2716 vilia
698 2679 812 2716 non
869 2664 1159 2718 habentes.
1201 2664 1314 2718 Scit
1347 2665 1504 2718 enim
1540 2681 1714 2735 nego-

44 2749 157 2811 tiari,
206 2756 269 2802 ut
303 2751 599 2820 accipiant
629 2752 802 2816 lucra,
839 2768 942 2806 nec
975 2753 1130 2806 aliud
1185 2753 1490 2822 proﬁtetur
1539 2770 1710 2823 quam

45 2838 176 2903 gerit.
231 2839 454 2908 Turpia
503 2845 694 2892 autem
766 2841 918 2892 lucra
981 2841 1101 2893 haec
1137 2841 1274 2894 dicit
1313 2859 1454 2906 esse,
1515 2841 1561 2894 si
1610 2843 1714 2895 sub

47 2942 111 2992 [ειςι
157 2926 506 2993 professione
566 2927 879 2996 quaestibus
924 2927 1242 2980 studeatur.
1295 2929 1499 2996 Turpis
1559 2930 1713 2982 enim

48 3015 469 3083 deprehenditur
525 3031 655 3067 cum
705 3032 762 3068 se
833 3031 1043 3085 purum
1099 3021 1360 3069 ostentat.
1412 3018 1542 3069 Post
1591 3017 1711 3084 epi-

48 3119 247 3172 scopum
313 3112 504 3157 tamen
568 3105 904 3157 diaconatus
956 3104 1380 3158 ordinationem
1439 3105 1707 3173 subjicit:

50 3194 233 3259 quare?
284 3194 394 3247 nisi
441 3194 578 3263 quia
628 3194 882 3264 episcopi
933 3201 988 3246 et
1023 3195 1340 3263 presbyteri
1387 3210 1501 3246 una
1560 3193 1712 3245 ordi-

51 3282 176 3332 natio
218 3289 320 3347 est,
383 3288 625 3352 uterque
672 3283 830 3335 enim
877 3283 1144 3336 sacerdos
1177 3289 1288 3348 est;
1331 3283 1428 3336 sed
1484 3283 1712 3352 episco—

53 3384 134 3435 pus
159 3371 374 3438 primus
420 3378 526 3437 est,
571 3376 635 3423 ut
684 3370 869 3424 omnis
912 3371 1210 3440 episcopus
1271 3371 1572 3440 presbyter
1619 3370 1712 3436 sit,

55 3472 146 3510 non
195 3464 382 3513 tamen
437 3459 626 3512 omnis
675 3459 973 3529 presbyter
1021 3460 1352 3529 episcopus;
1412 3460 1502 3512 hic
1559 3459 1713 3512 enim

56 3546 314 3617 episcopus
368 3555 469 3615 est,
523 3547 625 3617 qui
680 3548 830 3600 inter
895 3549 1259 3618 presbyteros
1322 3548 1542 3618 primus
1605 3552 1708 3600 est.

59 3633 276 3704 Denique
316 3635 680 3689 Timotheum
732 3635 1099 3706 presbyteros
1149 3635 1480 3689 ordinatum
1528 3634 1711 3703 signi-

57 3721 184 3786 ficat;
215 3723 304 3776 sed
355 3725 491 3794 quia
534 3729 667 3778 ante
699 3741 756 3777 se
808 3724 1052 3777 alterum
1112 3741 1223 3778 non
1283 3724 1546 3784 habebat,
1584 3723 1709 3792 epi-

59 3826 226 3878 scapus
271 3819 410 3866 erat.
476 3813 633 3866 Unde
705 3819 762 3866 et
828 3814 1316 3883 quemadmodum
1363 3813 1710 3883 episcopum

57 3899 262 3965 ordinet,
311 3901 592 3965 ostendit;
641 3917 828 3971 neque
867 3902 1025 3954 enim
1074 3903 1156 3954 fas
1201 3907 1321 3955 erat
1379 3907 1478 3954 aut
1508 3902 1711 3954 licebat

59 3993 104 4038 ut
127 3988 343 4044 inferior
375 3990 671 4043 ordinaret
726 3990 1003 4059 majorem
1037 4007 1048 4042 :
1120 4007 1288 4044 nemo
1324 3990 1477 4043 enim
1511 3990 1712 4044 tribuit

57 4077 178 4143 quod
205 4095 308 4132 non
342 4078 578 4148 accepit.
613 4100 640 4125 η

683 4184 813 4238 CAP.
857 4184 1044 4238 CXXV.

113 4289 228 4343 Item
255 4292 312 4344 in
343 4290 570 4358 eadem,
604 4297 729 4360 post
762 4307 938 4360 pauca
969 4307 982 4344 :
1030 4313 1050 4338 ι
1086 4291 1356 4345 Diacones
1387 4293 1502 4345 sint
1539 4291 1710 4344 unius

65 4379 211 4430 uxoris
231 4379 350 4442 viri,
385 4385 520 4445 etc.,
558 4394 730 4444 usque
756 4380 849 4444 ad,
880 4384 1098 4432 actores
1132 4379 1230 4433 Dei
1259 4385 1409 4433 sunt.
1446 4402 1465 4426 ι

669 4485 800 4539 CAP.
844 4486 1059 4539 CXXVI.

112 4587 231 4642 Item
289 4589 628 4643 Ambrosius
667 4589 724 4642 in
757 4590 904 4644 libro
933 4591 1120 4660 primo
1151 4592 1220 4645 de
1251 4591 1466 4646 Oﬂiciis
1536 4591 1708 4644 mini-

68 4679 267 4729 strorum
311 4678 429 4744 {hoc
484 4679 786 4745 capitulum
825 4695 930 4731 non
981 4681 1216 4732 occur-rit
1273 4684 1330 4732 in
1373 4680 1465 4731 lib.
1501 4695 1514 4731 1
1549 4679 1706 4746 Offic.

152 4766 468 4826 Ambrosii):
518 4765 833 4818 Viduarum
881 4783 943 4819 ac
995 4767 1281 4836 virginum
1332 4768 1550 4831 domos,
1600 4766 1709 4818 nisi

64 4851 275 4906 visitandi
305 4855 493 4924 gratia
534 4853 794 4921 juniores
837 4855 994 4908 adire
1027 4871 1140 4908 non
1171 4871 1316 4925 opus
1345 4862 1466 4908 est:
1503 4861 1559 4908 et
1602 4856 1710 4907 hoc

61 4954 155 4993 cum
174 4943 506 5007 senioribus,
538 4942 648 4995 hoc
668 4948 772 5007 est,
802 4945 886 4996 vel
919 4959 1048 4996 cum
1069 4944 1358 5014 episcOpo,
1384 4944 1490 5007 vel,
1517 4942 1561 4995 si
1585 4959 1709 5012 gra-

63 5026 149 5080 vior
191 5037 494 5097 estcausa,
557 5045 684 5082 cum
739 5031 1108 5100 presbyteris.
1167 5031 1310 5095 Quid
1364 5047 1590 5084 necesse
1623 5037 1708 5084 est

60 5121 101 5165 ut
123 5117 297 5172 demus
325 5118 702 5172 saecularibus
733 5119 1083 5173 obtrectandi
1108 5121 1333 5174 locum?
1359 5119 1502 5182 Quid
1561 5135 1706 5188 opus

60 5211 115 5253 est
139 5213 189 5258 ut
214 5208 319 5260 illa:
369 5223 603 5278 quoque
641 5206 990 5260 visitationes
1021 5209 1233 5261 crebrae
1284 5208 1568 5277 accipiant
1599 5224 1704 5259 au-

59 5295 362 5349 ctoritatem?
408 5295 562 5358 Quid
602 5295 646 5346 si
695 5296 888 5365 aliqua
963 5296 1192 5349 illarum
1238 5297 1382 5350 forte
1443 5296 1704 5350 labatur?

62 5379 136 5431 Cur
159 5383 318 5435 alieni
344 5383 539 5452 lapsus
571 5382 876 5436 subeamus
909 5383 1224 5436 invidiam?
1267 5383 1448 5447 Quam
1494 5384 1702 5437 multos

62 5475 181 5522 etiam
213 5471 382 5524 fortes
414 5469 682 5524 illecebra
731 5471 994 5540 decepit?
1033 5471 1232 5542 quanti
1265 5489 1378 5525 non
1421 5473 1704 5526 dederunt

63 5560 190 5611 errori
219 5561 428 5624 locum,
463 5562 521 5611 et
570 5557 852 5613 dederunt
882 5559 1242 5629 suspicioni?
1289 5563 1404 5617 Cur
1450 5577 1563 5614 non
1605 5561 1699 5614 illa

3403 307 3504 361 730

557 435 661 503 tu).
727 434 997 498 Quamvis
1068 436 1379 489 secundam
1459 453 1700 491 numero
1743 445 1784 494 A
1818 444 2095 510 tempora,
2137 440 2346 508 quibus
2377 439 2447 492 ab
2481 440 2717 493 ecclesia
2745 457 2928 507 vacas,
2991 439 3220 493 lectioni
3267 439 3492 510 impen-

1813 528 1950 580 das?
1979 530 2089 582 Cur
2112 544 2225 580 non
2254 527 2540 581 Christum
2576 529 2810 592 revisas,
2845 528 3135 582 Christum
3165 527 3498 596 alloquaris,

1813 615 2099 669 Christum
2163 616 2400 670 audias?
2453 617 2617 669 Illum
2673 617 3021 686 alloquimur
3077 633 3204 669 cum
3248 631 3500 680 oramus,

1812 703 1976 757 illum
2022 704 2286 757 audimus
2336 721 2466 756 cum
2517 705 2705 756 divina
2758 705 3002 773 legimus
3055 705 3302 757 oracula.
3355 702 3502 766 Quid

1814 793 1978 845 nobis
2003 809 2132 846 cum
2156 793 2356 845 alienis
2387 793 2693 847 domibus?
2726 794 2843 846 Una
2865 799 2948 845 est
2980 793 3182 845 domus
3215 809 3342 862 qua:
3373 809 3498 845 om-

1813 898 1914 934 nes
1944 881 2129 949 capit;
2163 882 2245 934 illi
2281 881 2469 950 potius
2499 882 2569 933 ad
2604 897 2707 934 nos
2736 881 3096 942 conveniant,
3128 881 3225 950 qui
3281 897 3380 932 nos
3413 895 3500 932 re-

1815 971 2068 1040 quirunt.
2111 970 2260 1032 Quid
2287 970 2450 1023 nobis
2509 986 2636 1022 cum
2671 970 2918 1023 fabulis?
2958 969 3330 1022 Ministerium
3365 970 3504 1020 alta-

1814 1059 1974 1111 ribus
2007 1058 2230 1125 (lhristi,
2266 1075 2382 1110 non
2403 1059 2743 1128 obsequium
2772 1058 3102 1111 hominibus
3137 1056 3509 1109 deferendum

1814 1146 2150 1214 recepimus.
2201 1146 2452 1198 Humiles
2499 1147 2660 1199 decet
2709 1162 2850 1208 esse,
2902 1145 3091 1209 mites,
3155 1149 3506 1202 mansuetos,

1817 1251 2030 1301 graves,
2059 1234 2342 1304 patientes
2377 1251 2390 1286 :
2426 1235 2660 1286 modum
2681 1250 2784 1286 nos
2811 1237 3006 1286 tenere
3041 1234 3099 1286 in
3131 1231 3399 1284 omnibus
3421 1231 3507 1282 vel

1816 1323 2040 1389 tacitus,
2080 1324 2287 1388 vultus,
2313 1325 2394 1376 vel
2433 1340 2621 1376 sermo
2655 1323 2980 1376 annuntiat.
3012 1346 3031 1368 ι

2463 1414 2593 1467 CAP.
2649 1412 2892 1465 CXXVII.

1888 1503 2027 1555 Item
2079 1501 2228 1556 idem
2271 1502 2328 1555 in
2375 1501 2574 1555 eodem
2609 1502 2752 1553 libro
2787 1509 2930 1569 (cup.
2997 1502 3080 1562 50,
3144 1498 3250 1552 sub
3309 1498 3456 1562 init.)
3494 1515 3504 1547 :

1825 1612 1843 1638 α
1883 1592 1960 1643 De
1987 1591 2327 1643 castimonia
2353 1596 2542 1643 autem
2564 1589 2701 1658 quid
2725 1590 2946 1658 loquar,
2972 1587 3200 1658 quando
3225 1603 3338 1640 una
3379 1591 3504 1638 tan-

1818 1683 1941 1731 tum
1975 1694 2080 1731 nec
2116 1679 2355 1748 repetita
2401 1678 2754 1748 permittitur
2807 1677 3033 1747 copula,
3067 1680 3198 1742 etc.,
3233 1691 3402 1740 usque
3436 1673 3510 1726 ad

1819 1767 1980 1819 verba
2004 1765 2158 1836 quod
2185 1771 2271 1820 est
2295 1766 2709 1835 temperantiae.
2754 1786 2771 1811 ι

2438 1854 2566 1908 CAP.
2619 1853 2891 1906 CXXVIII.

1891 1941 2272 2010 Hieronymus
2302 1939 2360 1991 in
2395 1939 2643 2008 Epistula
2678 1940 2748 1991 ad
2796 1939 2986 1990 Titum
3027 1938 3125 2004 (ad
3153 1953 3274 2005 cup.
3321 1941 3379 2000 ι),
3434 1934 3512 1988 sic

1820 2029 1888 2082 de
1915 2028 2194 2098 pudicitia
2214 2028 2348 2080 dicit
2380 2028 2530 2080 inter
2559 2033 2764 2080 uetera
2799 2043 2810 2079 :
2841 2047 2868 2077 (ι
2892 2027 3113 2095 Oportet
3147 2031 3326 2079 autem
3358 2026 3510 2077 illum

1820 2123 1869 2169 ct
1903 2121 2266 2170 testimonium
2298 2116 2494 2169 habere
2516 2117 2711 2168 bonum
2742 2117 2808 2168 ab
2856 2115 2940 2167 his
2972 2118 3067 2180 qui
3105 2116 3242 2180 foris
3274 2116 3425 2174 sunt,
3453 2115 3512 2164 ut

1820 2224 1926 2259 non
1979 2210 2036 2258 in
2067 2206 2416 2273 opprobrium
2451 2206 2677 2262 incidat,
2712 2210 2762 2256 ct
2789 2205 3040 2268 laqueum
3072 2203 3275 2255 diaboli
3303 2203 3351 2269 (Ι
3374 2203 3511 2254 Tim.

1818 2296 1921 2360 ιιι).
1954 2293 2112 2356 Quod
2141 2299 2331 2345 autem
2367 2292 2466 2355 ait,
2501 2297 2663 2345 unius
2719 2296 2906 2344 umoris
2937 2293 3021 2343 vir
3062 2289 3268 2358 (Ibid.),
3304 2289 3382 2342 sic
3425 2287 3510 2340 in-

1820 2382 2075 2450 telligere
2105 2381 2400 2446 debemus,
2439 2386 2500 2434 ut
2542 2396 2656 2433 non
2703 2396 2932 2433 omnem
2979 2393 3390 2448 monogamum
3425 2375 3514 2430 dio

1823 2486 1990 2539 gamo
2021 2475 2288 2537 putemus
2328 2484 2448 2521 esse
2503 2468 2822 2531 meliorem,
2855 2467 2955 2520 sed
3015 2483 3128 2537 quo
3159 2468 3205 2518 is
3234 2465 3414 2535 possit
3442 2465 3514 2518 ad

1825 2558 2252 2626 monogamiam
2311 2563 2367 2610 et
2421 2557 2837 2610 continentiam
2898 2555 3153 2608 subditos
3207 2553 3514 2619 cohortari,

1822 2646 1921 2715 qui
1961 2645 2048 2697 sui
2081 2645 2408 2713 exemplum
2445 2644 2708 2712 przeferat
2743 2646 2798 2696 in
2833 2643 3108 2703 docendo,
3165 2647 3293 2706 etc.,
3347 2656 3518 2704 usque

1822 2735 1913 2798 ml,
1957 2733 2278 2787 necessitati
2305 2733 2489 2786 carnis
2520 2733 2836 2801 indulgeat.
2880 2750 2904 2784 ι

2475 2822 2604 2875 CAP.
2647 2821 2866 2876 CXXIX.

1896 2913 2030 2964 Item
2064 2909 2214 2964 idem
2251 2911 2306 2963 in
2331 2911 2555 2976 eadem,
2588 2915 2716 2980 post
2749 2926 2930 2980 pauca
2966 2927 2977 2962 :
3017 2929 3043 2957 ((
3070 2907 3152 2963 Sit
3183 2914 3374 2962 autem
3401 2904 3517 2974 epi—

1755 3039 1793 3092 C
1826 3016 2028 3069 scopus
2058 3005 2112 3053 et
2140 3000 2401 3069 pudicus,
2463 3016 2634 3070 quem
2687 3000 2865 3052 (ἓνωοί
2917 3006 3152 3071 σώφρονα
3209 3001 3428 3062 vocant,
3465 3001 3522 3047 et

1830 3089 2057 3142 Latinus
2087 3090 2388 3158 interpres,
2429 3089 2587 3142 verbi
2635 3089 3013 3158 ambiguitate
3067 3087 3358 3155 deceptus.
3411 3099 3514 3154 pro

1829 3177 2037 3246 pudico
2063 3177 2404 3246 prudentem
2435 3177 2744 3230 transtulit.
2778 3177 2832 3230 Si
2858 3184 3047 3229 autem
3090 3174 3242 3228 laicis
3263 3175 3518 3242 impera-

1825 3273 1984 3318 ratur
2018 3271 2079 3318 ut
2101 3272 2338 3334 propter
2369 3268 2688 3319 orationem
2719 3266 3041 3318 abstineant
3071 3279 3129 3316 se
3169 3262 3239 3315 ab
3270 3274 3516 3314 uxorum

1822 3354 1996 3417 coitu,
2029 3354 2167 3423 quid
2199 3354 2268 3407 de
2296 3354 2560 3423 episcopo
2593 3354 2954 3406 sentiendum
2989 3357 3091 3416 est,
3123 3351 3218 3420 qui
3248 3347 3519 3419 quotidie

1820 3457 1926 3512 pro
1960 3443 2076 3494 suis
2107 3442 2424 3511 populique
2453 3443 2736 3512 peccatis?
2785 3447 2912 3501 etc.,
2947 3456 3117 3504 usque
3146 3439 3235 3503 ad,
3269 3438 3383 3490 sint
3431 3451 3518 3488 re-

1823 3531 1956 3600 gula
1997 3530 2272 3583 veritatis.
2307 3551 2326 3577 ι

2490 3601 2618 3653 CAP.
2663 3599 2852 3652 CXXX.

1891 3707 2030 3758 Item
2055 3705 2205 3758 idem
2239 3705 2298 3758 in
2322 3705 2542 3772 eadem,
2576 3711 2706 3773 post
2743 3719 2923 3772 pauca
2955 3702 3050 3769 {ad
3078 3717 3197 3770 cap.
3232 3702 3294 3766 ιι)
3337 3715 3350 3752 :
3379 3721 3400 3747 ι
3441 3701 3512 3752 Tc

1819 3799 2016 3862 ipsum,
2078 3791 2285 3862 inquit,
2362 3795 2592 3858 formam
2651 3792 2898 3860 praebens
2943 3791 3202 3842 bonorum
3264 3804 3505 3856 operum.

1819 3883 1971 3935 Nihil
2001 3881 2237 3950 prodest
2268 3880 2520 3950 aliquem
2555 3879 2920 3931 exercitatum
2963 3893 3084 3930 esse
3137 3877 3196 3929 in
3237 3876 3504 3939 dicendo,

1819 3978 1874 4026 et
1908 3972 1977 4025 ad
2019 3969 2370 4041 loquendum
2425 3967 2642 4021 trivisse
2697 3969 2973 4038 linguam,
3007 3965 3116 4020 nisi
3148 3966 3275 4036 plus
3317 3981 3505 4020 exem-

1819 4062 1913 4131 plo
1952 4059 2208 4114 docuerit
2261 4074 2434 4129 quam
2469 4058 2657 4110 verbo.
2702 4057 2960 4126 Denique
3007 4054 3107 4125 qui
3157 4055 3507 4125 impudicus,

1819 4149 2078 4219 quamvis
2109 4147 2354 4201 disertus
2397 4147 2486 4206 sit.
2549 4146 2594 4198 si
2621 4146 2692 4198 ad
2724 4146 3045 4197 castitatem
3075 4143 3375 4196 audientes
3414 4159 3509 4196 co-

1819 4237 2098 4299 hortetur,
2150 4251 2336 4288 sermo
2379 4235 2502 4304 ejus
2552 4235 2816 4286 inﬁrmus
2865 4239 2968 4296 est,
3015 4238 3070 4285 et
3115 4231 3511 4286 auctoritatem

1750 4327 1792 4380 Ι)
1820 4341 1937 4378 non
1979 4324 2150 4378 habet
2187 4323 2543 4376 cohortandi.
2608 4324 2672 4376 Et
2711 4339 2739 4375 e
2793 4321 3078 4375 contrario
3129 4320 3391 4391 quamvis
3441 4320 3514 4372 sit

1819 4413 2143 4467 rusticanus
2173 4416 2228 4464 et
2256 4412 2453 4465 tardus
2474 4412 2543 4466 ad
2591 4411 2970 4482 loquendum,
3025 4409 3071 4463 si
3104 4413 3289 4461 castus
3320 4409 3508 4473 fuerit,

1818 4503 2079 4571 exemplo
2131 4516 2234 4553 suo
2262 4501 2524 4553 homines
2572 4505 2761 4569 potest
2795 4500 2862 4552 ad
2893 4499 3019 4551 vita:
3071 4496 3509 4550 similitudinem

1817 4590 2177 4659 compellere,
2211 4593 2339 4642 etc..
2377 4605 2548 4653 usque
2572 4589 2666 4653 ad,
2697 4587 2756 4639 in
2791 4585 3216 4655 incorruptione
3244 4589 3300 4636 et
3329 4583 3387 4636 in
3403 4598 3506 4652 pu-

1817 4678 2030 4732 dicitia.
2067 4700 2091 4727 ι»

2474 4748 2597 4800 CAP.
2643 4744 2850 4800 CXXXI.

1891 4855 2266 4924 Hieronymus
2295 4853 2351 4906 in
2378 4850 2742 4920 Apologetico
2777 4851 2841 4902 ad
2881 4847 3330 4905 Pammachium.
3361 4847 3511 4899 inter

1816 4949 2022 4996 caetera
2049 4943 2128 4996 ita
2159 4943 2228 4996 de
2255 4939 2530 5009 pudicitia
2561 4939 2810 5008 disputat
2833 4943 3014 5006 (epist.
3053 4941 3140 5000 50,
3168 4940 3298 4988 ante
3332 4936 3506 4998 med.,

1815 5035 1954 5084 tom.
1987 5032 2053 5096 Il,
2085 5047 2140 5099 p.
2196 5029 2338 5092 I33).
2398 5047 2424 5076 ‹‹
2466 5027 2530 5080 In
2581 5026 2694 5080 ﬁne
2740 5043 2973 5096 quoque
3017 5024 3507 5093 comparationem

1813 5119 2146 5188 nuptiarum
2181 5122 2236 5169 et
2265 5115 2579 5184 virginum,
2621 5115 3064 5183 disputationem
3104 5116 3356 5164 nostram
3402 5111 3509 5164 hoc

1813 5222 2076 5260 sermone
2106 5204 2491 5258 conclusimus
2525 5219 2537 5255 :
2572 5203 2676 5257 Ubi
2705 5203 2921 5256 bonum
2955 5209 3010 5254 et
3053 5201 3260 5254 melius
3291 5206 3399 5268 est,
3426 5199 3504 5254 ibi

1811 5294 1947 5347 boni
1997 5300 2055 5346 et
2085 5291 2336 5346 melioris
2372 5308 2486 5345 non
2539 5307 2720 5346 unum
2759 5297 2843 5344 est
2893 5291 3226 5361 praemium;
3279 5295 3353 5351 et,
3409 5288 3506 5342 ubi

1811 5398 1928 5436 non
1961 5397 2138 5434 unum
2170 5379 2497 5448 praemium,
2551 5379 2628 5434 ibi
2656 5380 2858 5444 utique
2891 5379 3044 5433 dona
3075 5379 3324 5444 diversa.
3359 5379 3505 5432 Tan-

1811 5476 1930 5524 tum
1964 5475 2047 5522 est
2069 5470 2243 5538 igitur
2263 5467 2412 5521 inter
2439 5469 2668 5538 nuptias
2695 5476 2751 5521 et
2782 5469 3188 5538 virginitatem,
3223 5473 3506 5536 quantum

1809 5559 1962 5613 inter
1994 5575 2106 5612 non
2139 5572 2370 5628 peccare
2419 5564 2475 5612 et
2520 5557 2884 5623 bcnel‘a:ere;
2934 5558 3049 5612 imo
3095 5560 3155 5610 ut
3186 5555 3373 5609 levius
3421 5557 3503 5609 di-
