3846 6244
347 320 440 370 731

1565 326 1792 382 ,ΕΝΕίΕ
1833 329 1908 381 ΡΑ

2150 332 2264 386 iSIS
2307 335 2612 392 EPISCOPI
3749 358 3824 408 i3!

346 459 489 508 cam,
523 451 801 515 quantum
853 447 1003 503 inter
1041 451 1258 505 bonum
1308 457 1365 507 et
1399 455 1624 523 melius,
1667 463 1797 524 etc.,
1859 475 2030 525 usque
2067 467 2110 517 A
2138 465 2230 518 lite
2257 470 2375 534 ﬁeri
2421 475 2562 522 ser-vi
2612 472 2888 528 hominum
2949 477 3134 546 (Ibid.,
3181 481 3293 548 '23),
3346 487 3478 549 etc.,
3551 500 3730 550 usque
3771 487 3824 540 ad

343 533 418 585 ad
450 535 842 607 unusquisque
873 538 1022 592 ferre
1055 545 1256 610 potest.
1293 563 1321 592 »

974 655 1111 709 CAP.
1162 657 1407 712 CXXXII.

411 763 550 816 Item
573 765 954 837 Hieronymus
975 769 1032 824 in
1053 771 1252 826 eodem
1274 775 1643 844 Apologetico
1667 783 1796 847 post
1823 797 2034 849 pauca;

345 871 372 898 ‹‹
403 852 552 905 Nulli
583 854 820 908 dubium
853 863 956 924 est,
992 861 1308 914 sacerdotes
1339 864 1406 916 de
1450 867 1638 918 Aaron
1685 872 1740 919 et
1784 869 2030 936 Eleazar,

341 943 396 991 et
425 940 669 995 Phinees
699 944 874 1014 stirpe
919 954 1238 1016 generatos,
1287 952 1384 1020 qui
1417 968 1546 1005 cum
1579 961 1636 1006 et
1665 956 1776 1024 ipsi
1821 973 2031 1012 uxores

338 1027 666 1098 habuerint,
745 1039 895 1086 recte
971 1037 1134 1090 nobis
1207 1047 1662 1110 opponerentur,
1737 1044 1785 1096 si
1841 1061 2032 1101 errore

341 1117 756 1174 Encratitarum
825 1126 1300 1180 contenderemus
1399 1130 1762 1186 matrimonia
1835 1150 2028 1204 repro-

342 1206 550 1270 banda,
589 1231 616 1260 ι)
649 1217 969 1279 etc.,usque
997 1217 1088 1278 ad,
1115 1217 1172 1270 in
1203 1219 1381 1287 gradu
1413 1211 1580 1275 tertio
1611 1239 1908 1292 ponerem.

961 1330 1085 1384 CAP.
1140 1333 1404 1388 CXXXIII.

413 1439 554 1491 Item
579 1439 726 1494 idem
755 1442 816 1495 in
841 1445 1061 1507 eodem,
1089 1453 1219 1515 post
1247 1465 1427 1518 pauca
1457 1468 1468 1504 :
1501 1474 1520 1498 ι
1555 1454 1716 1508 Nunc
1745 1471 1875 1509 vero
1898 1473 2026 1510 cum

338 1524 621 1597 interpres
655 1532 833 1600 magis
862 1535 1111 1602 Apostoli
1163 1536 1370 1590 fuerim
1417 1555 1588 1608 quam
1624 1542 1927 1612 dogmatis,
1975 1552 2030 1599 et

337 1619 804 1672 commentatoris
829 1621 936 1674 sim
977 1638 1112 1675 usus
1173 1624 1382 1692 ofﬁcio,
1418 1627 1694 1698 quidquid
1720 1631 1928 1685 durum
1956 1634 2031 1687 vi-

337 1701 520 1767 detur,
555 1703 605 1757 ei
642 1707 822 1776 magis
851 1707 1160 1780 {magisque
1193 1712 1510 1782 imputetur
1550 1733 1722 1786 quem
1754 1722 2024 1789 exposui-

337 1803 480 1856 mus,
517 1807 688 1860 quam
721 1795 885 1848 nobis
917 1798 1018 1866 qui
1050 1801 1438 1868 exposuimus,
1479 1826 1498 1850 n
1537 1811 1670 1872 etc.,
1721 1823 1893 1872 usque
1929 1812 2020 1866 ad.

334 1879 523 1945 potius
550 1895 723 1949 quam
758 1883 1002 1946 aliorum
1034 1887 1332 1942 obscuram
1361 1891 1736 1961 diligentiam.

973 2001 1101 2055 CAP.
1135 2005 1382 2059 CXXXIV.

406 2107 480 2160 De
541 2108 878 2180 virginibus,
927 2116 1137 2185 nuptis,
1172 2117 1379 2186 viduis,
1433 2124 1814 2192 monogamis,
1859 2126 2020 2197 biga-

333 2194 456 2260 mis,
482 2197 760 2267 trigamis,
794 2208 920 2266 etc.,
949 2203 1006 2256 in
1053 2206 1274 2274 eodem,
1303 2214 1434 2278 post
1463 2227 1680 2279 pauca:
1717 2233 1742 2263 ‹‹
1778 2215 2023 2268 Tument

329 2289 526 2337 contra
563 2301 650 2340 me
686 2289 872 2342 mariti
899 2307 1075 2361 quare
1106 2295 1346 2350 dixerim
1379 2314 1391 2350 :
1429 2298 1541 2352 Oro
1565 2305 1639 2364 te,
1677 2302 1846 2371 quale
1879 2303 2017 2358 illud

326 2368 540 2457 bonum
573 2379 675 2438 est,
701 2377 854 2444 quod
884 2394 1046 2432 orare
1069 2383 1354 2450 prohibet,
1388 2385 1540 2454 quod
1572 2368 1779 2457 corpus
1810 2389 2020 2444 Christi

325 2454 580 2524 accipere
613 2474 727 2512 non
761 2463 1080 2530 permittit?
1108 2466 1346 2530 Quando
1377 2469 1590 2540 impleo
1644 2454 1832 2526 mariti
1883 2475 2014 2528 ofﬁ-

324 2540 496 2608 cium,
535 2559 649 2598 non
669 2546 891 2616 impleo
922 2552 1286 2620 continentis,
1322 2577 1348 2604 »
1385 2563 1517 2622 etc.,
1549 2575 1722 2624 usque
1774 2561 1866 2627 ad,
1911 2577 2017 2615 nec

323 2643 575 2696 sensum,
611 2649 713 2687 nec
739 2637 912 2691 verba
940 2642 1174 2694 mutavi.

965 2757 1088 2810 CAP.
1135 2757 1367 2812 CXXXV.

389 2861 530 2916 Item
570 2863 746 2930 idem,
793 2867 850 2920 in
885 2868 997 2923 ﬁne
1034 2872 1159 2940 ejus
1189 2875 1548 2945 Apologetici
1585 2894 1597 2931 :
1636 2900 1656 2927 ι
1695 2880 1876 2948 Igitur
1903 2881 2007 2936 hoc

2141 551 2452 608 instantem
2477 561 2888 616 necessitatem.
2929 585 2947 611 ι

2748 677 2877 730 CAP.
2912 679 3226 735 CXXXVIII.

2215 767 2351 819 Item
2387 768 2536 822 idem
2569 771 2628 823 in
2661 773 2862 826 eodem
2897 783 3026 844 post
3053 794 3233 847 pauca
3263 796 3276 833 :
3307 781 3491 835 «Ideo
3521 784 3665 852 plus
3697 791 3824 838 amat

2142 854 2394 924 virgines
2435 857 2716 926 Christus,
2765 863 2899 929 quia
2946 871 3154 933 sponte
3205 867 3464 922 tribuunt
3523 870 3690 940 quod
3741 871 3824 928 sibi

2143 957 2260 995 non
2281 943 2856 1017 fueratimperatum,
2891 953 3237 1024 majorisque
3263 957 3462 1026 gratiae
3498 965 3595 1012 est
3645 961 3824 1016 oﬂ‘errs

2142 1032 2293 1099 quod
2323 1049 2440 1087 non
2471 1036 2697 1102 debeas,
2734 1053 2904 1106 quam
2934 1040 3170 1094 reddere
3203 1044 3353 1111 quod
3386 1046 3664 1115 exigaris.
3698 1052 3824 1117 Apo-

2141 1119 2288 1184 stoli,
2323 1123 2512 1175 uxoris
2542 1139 2712 1176 onere
2735 1129 3144 1196 contemplato:
3169 1131 3230 1184 Si
3252 1132 3377 1185 talis
3405 1137 3504 1193 est,
3545 1135 3824 1204 inquiunt,

2140 1221 2307 1259 causa
2335 1208 2568 1263 hominis
2597 1227 2714 1264 cum
2749 1229 2934 1275 umore,
2969 1231 3072 1268 non
3117 1219 3335 1284 expedit
3377 1221 3587 1273 nubere
3620 1223 3824 1284 (Matth.

2137 1308 2246 1354 x1x,
2307 1297 2407 1365 10).
2458 1298 2714 1360 Quorum
2777 1303 3052 1356 Dominus
3099 1308 3442 1361 sententiam
3503 1310 3762 1378 probans
3811 1327 3822 1364 :

2140 1382 2310 1437 Recte
2340 1384 2595 1454 quidem,
2637 1389 2736 1454 ait,
2783 1390 3025 1456 sentitis,
3076 1395 3230 1462 quod
3263 1412 3378 1448 non
3423 1398 3702 1467 expediat
3733 1400 3823 1452 ho-

2139 1472 2282 1524 mini
2315 1475 2382 1526 ad
2415 1475 2688 1528 cmlorum
2741 1493 2917 1548 regna
2945 1481 3202 1534 tendenti
3261 1484 3516 1554 accipere
3567 1499 3820 1539 uxorem:

2138 1559 2236 1612 sed
2286 1560 2534 1614 difﬁcilis
2573 1579 2662 1615 res
2711 1570 2814 1630 est,
2849 1573 2906 1618 et
2952 1583 3058 1620 non
3111 1585 3292 1624 omnes
3337 1577 3572 1640 capiunt
3621 1575 3824 1626 verbum

2137 1648 2308 1706 istud,
2341 1665 2526 1703 verum
2551 1651 2748 1714 quibus
2771 1653 2960 1707 datum
2993 1661 3072 1709 est
3100 1659 3263 1726 (Ibid.
3293 1663 3398 1725 tt).
3438 1683 3458 1708 ι
3691 1661 3704 1669 ’

2071 1757 2108 1808 Β
2775 1768 2904 1822 CAP.
2941 1770 3188 1825 CXXXIX.

2207 1871 2344 1923 Item
2377 1871 2524 1924 idem
2555 1873 2782 1936 eodem,
2807 1881 2936 1944 post
2957 1892 3171 1945 pauca:
3205 1878 3560 1950 «Simulque
3593 1887 3818 1935 tractan-

2135 1957 2206 2010 da
2239 1959 2526 2012 sententia
2557 1965 2640 2014 est
2670 1961 2697 2013 ?
2719 1962 2822 2026 Qui
2851 1979 2924 2024 se,
2959 1964 3167 2034 inquit,
3199 1973 3586 2021 castra-verunt
3605 1977 3820 2038 propter

2134 2061 2360 2113 regnum
2413 2049 2662 2102 malorum
2717 2051 2937 2118 (Matth.
2971 2069 3081 2119 xxx,
3119 2057 3222 2122 t2).
3264 2056 3322 2108 Si
3351 2057 3586 2110 castrati
3621 2074 3816 2110 merce-

2132 2135 2262 2188 dem
2295 2137 2509 2190 habent
2539 2154 2716 2207 regna
2743 2141 3038 2206 cmlorum,
3073 2159 3206 2212 ergo
3239 2146 3334 2214 qui
3365 2161 3422 2198 se
3451 2162 3571 2199 non
3613 2154 3814 2200 castra~

2133 2230 2357 2288 verunt,
2409 2226 2598 2279 locum
2649 2243 2766 2280 non
2819 2237 3062 2299 possunt
3109 2232 3364 2301 accipere
3421 2240 3812 2288 castratorum.

2130 2311 2234 2374 Qui
2257 2317 2456 2379 potest,
2483 2313 2690 2382 inquit,
2724 2333 2913 2384 cupere
2939 2324 3121 2386 capiat
3155 2321 3368 2390 (Ibid).
3398 2322 3646 2376 Grandis
3693 2323 3814 2375 ﬁdei

2129 2403 2230 2464 est,
2265 2400 2610 2470 grandisque
2654 2402 2898 2471 virtutis,
2953 2406 3052 2459 Dei
3083 2409 3360 2476 templum
3410 2425 3531 2462 esse
3587 2411 3813 2479 purissi-

2128 2501 2308 2551 mum,
2339 2491 2519 2540 totum
2548 2506 2605 2541 se
2627 2489 3023 2544 holocaustum
3053 2493 3258 2546 olferre
3280 2495 3550 2562 Domino,
3585 2497 3810 2565 etjuxta

2128 2575 2392 2628 eumdem
2419 2578 2766 2645 Apostolum-
2786 2595 2907 2632 esse
2959 2586 3216 2634 sanctum
3247 2587 3302 2634 et
3345 2599 3584 2651 corpore
3617 2595 3674 2638 et
3705 2587 3802 2654 spi-

2127 2663 2260 2728 ritu,
2290 2671 2376 2717 etc
2407 2705 2422 2730 ,
2447 2682 2619 2731 usque
2647 2668 2722 2720 ad
2752 2668 2896 2722 liber
2925 2669 2992 2723 ad
3023 2675 3342 2725 extremum
3375 2674 3615 2726 solutus.
3649 2694 3675 2722 ι)

2809 2781 2937 2834 CAP.
2984 2782 3126 2836 CXL.

2195 2881 2334 2933 Item
2372 2880 2526 2934 idem
2575 2882 2632 2935 in
2681 2884 2903 2950 eodem,
2955 2891 3082 2954 post
3111 2903 3293 2956 pauca
3327 2904 3337 2940 :
3375 2908 3403 2936 «
3443 2889 3525 2942 Ad
3579 2888 3799 2942 maritos

317 2955 566 3004 extrema
605 2969 738 3006 voce
768 2962 1069 3026 protestor,
1125 2978 1215 3014 me
1271 2979 1374 3016 nec
1424 2965 1724 3020 damnasse
1779 2969 2008 3038 nuptias
2048 3033 2084 3052 η
2119 2967 2366 3020 veniam.
2424 2972 2653 3038 Tempus
2707 2972 2862 3026 breve
2915 2979 2992 3027 est
3049 2976 3098 3040 (Ι
3150 2975 3268 3030 Cor.
3331 2991 3426 3036 vn,
3487 2977 3602 3046 29),
3637 2977 3800 3031 Domi-

316 3051 419 3088 nec
451 3037 745 3107 damnare,
791 3048 1151 3115 respondisse
1183 3050 1522 3120 adversario,
1583 3070 1698 3107 non
1743 3037 2004 3112 meorum
2048 3037 2086 3087 C
2116 3069 2226 3107 nus
2283 3073 2478 3126 prope.
2541 3059 2769 3112 Etiamsi
2811 3062 3116 3130 nongentis
3159 3063 3482 3116 viveremus
3511 3064 3700 3128 annis,
3741 3069 3792 3116 ut

317 3123 554 3179 insidias
607 3129 963 3188 formidasse.
1017 3137 1422 3207 Virginitatem
1470 3147 1662 3196 autem
1699 3143 1758 3196 in
1794 3147 1998 3200 coelum

315 3211 454 3278 fero,
497 3229 614 3266 non
660 3217 796 3284 quia
837 3219 1037 3286 habeo,
1076 3223 1171 3276 sed
1225 3227 1357 3294 quia
1391 3228 1571 3298 magis
1623 3230 1802 3284 miror
1851 3233 2003 3303 quod

313 3315 432 3351 non
460 3300 661 3354 habeo.
693 3303 948 3372 Ingenua
979 3312 1036 3361 et
1073 3313 1392 3366 verecunda
1439 3315 1716 3369 confessio
1750 3325 1854 3384 est,
1889 3337 2002 3389 quo

310 3383 431 3454 ipse
465 3403 674 3454 careas,
709 3389 768 3444 id
812 3391 871 3446 in
915 3395 1042 3448 aliis
1097 3398 1430 3470 praedicare,
1487 3425 1507 3448 ι
1545 3407 1674 3468 etc.,
1709 3420 1880 3470 usque
1931 3409 2005 3460 ad

309 3475 466 3540 ﬁnem
497 3475 800 3544 Apologia.

930 3571 1057 3624 CAP.
1104 3573 1365 3628 CXXXVI.

378 3677 514 3730 Item
574 3678 958 3752 Hieronymus
1003 3686 1062 3740 in
1115 3688 1257 3742 libro
1302 3707 1318 3742 ι
1365 3698 1563 3746 contra
1607 3695 1998 3764 Iovinianum,

306 3765 457 3820 intra
486 3773 690 3822 caetera
720 3770 798 3824 sic
829 3772 964 3827 dicit
995 3791 1008 3828 :
1047 3797 1067 3824 α
1105 3777 1196 3830 Vis
1245 3779 1388 3833 scire
1418 3781 1554 3850 quid
1594 3783 1728 3836 velit
1757 3791 2000 3854 Aposto-

305 3853 433 3906 lus?
478 3854 660 3926 Iunge
697 3859 850 3928 quod
905 3863 1200 3932 sequitur:
1265 3867 1394 3920 Volo
1454 3873 1636 3922 autem
1683 3853 1863 3926 omnes
1909 3873 2000 3926 ho-

302 3945 472 3995 mines
511 3959 622 3997 esse
669 3950 730 3998 ut
787 3953 1050 4016 meipsum
1113 3952 1164 4020 (ι
1204 3953 1322 4006 Cor.
1360 3970 1451 4021 vn,
1509 3957 1584 4024 7).
1641 3959 1845 4012 Beatus
1892 3961 1993 4032 qui

303 4019 464 4084 Pauli
491 4032 695 4086 similis
724 4034 928 4103 fuerit;
957 4037 1094 4091 felix
1115 4019 1213 4108 qui
1241 4042 1402 4094 audit
1429 4019 1765 4112 Apostolum
1796 4019 1999 4116 praebi-

303 4117 552 4187 pientem
585 4161 597 4184 ,
645 4137 760 4174 non
799 4123 1208 4193 ignoscentem.
1275 4131 1405 4190 Hoc,
1457 4132 1665 4201 inquit,
1709 4136 1847 4196 volo,
1904 4138 2000 4192 hoc

303 4205 548 4259 deside-ro
593 4211 653 4259 ut
701 4212 1001 4265 imitatores
1049 4218 1152 4266 mei
1202 4219 1342 4276 sitis,
1391 4221 1531 4271 sicut
1560 4224 1610 4272 et
1657 4237 1751 4288 ego
1795 4223 1998 4278 Christi

305 4293 356 4362 (Ι
393 4293 511 4346 Cor.
549 4310 622 4354 ιν,
667 4297 767 4364 I6).

299 4378 696 4450 incorruptus;
728 4399 830 4438 nos
853 4385 986 4456 quia
1016 4387 1278 4442 homines
1306 4407 1525 4458 sumus,
1558 4400 1614 4448 et
1635 4397 1991 4454 nativitatem

301 4467 606 4524 Salvatoris
667 4487 779 4524 non
835 4489 1140 4542 possumus
1169 4477 1406 4546 imitari,
1447 4480 1744 4537 imitemur
1791 4486 1990 4542 saltem

297 4556 808 4626 conversationem,
859 4566 991 4628 etc.,
1033 4578 1205 4628 usque
1231 4567 1325 4629 ad,
1381 4568 1480 4622 sed
1521 4568 1764 4639 simplex
1799 4589 1903 4641 per
1933 4591 1991 4628 se

296 4641 512 4696 bonum
543 4645 689 4702 volo.
723 4667 748 4694 ιο

909 4739 1036 4794 CAP.
1090 4740 1375 4796 CXXXVII.

366 4847 670 4902 Itemidem
695 4850 756 4903 in
781 4853 1006 4918 eodem,
1033 4858 1163 4923 post
1180 4869 1361 4923 pauca
1394 4872 1406 4909 :
1447 4879 1466 4905 ι
1503 4856 1726 4921 Quanta
1747 4859 1991 4915 felicitas

296 4948 414 4986 non
445 4937 635 4988 uxoris
667 4953 788 4992 esse
829 4955 1080 5008 servum,
1123 4942 1220 4995 sed
1253 4943 1497 5010 Christi;
1531 4961 1650 4998 non
1683 4947 1840 4999 carni
1872 4964 1989 5001 ser-

295 5022 433 5089 vire,
464 5026 560 5078 sed
613 5027 861 5095 spiritui.
912 5029 1017 5093 Qui
1047 5029 1200 5083 enim
1249 5032 1488 5086 adhz-ret
1535 5037 1780 5096 Domino,
1839 5053 1983 5090 unus

296 5111 536 5179 Spiritus
563 5119 642 5167 est
673 5115 720 5182 (I
749 5115 865 5170 Cor.
900 5133 971 5184 vi,
1007 5119 1116 5184 I7).
1148 5121 1226 5172 Ac
1256 5135 1327 5172 ne
1359 5121 1600 5176 forsitan
1630 5124 1689 5176 in
1731 5140 1797 5177 eo
1837 5129 1988 5195 quod

295 5213 468 5265 supra
499 5199 718 5254 dixerat
752 5217 763 5253 :
815 5203 1014 5257 Servus
1055 5211 1276 5260 vocatus
1314 5223 1387 5274 es,
1431 5225 1538 5280 non
1587 5215 1660 5264 sit
1693 5212 1792 5264 tibi
1822 5229 1983 5274 cura,

295 5287 391 5338 sed
420 5290 520 5338 etsi
541 5293 696 5354 potes
747 5291 880 5344 liber
907 5297 1048 5360 ﬁeri,
1078 5301 1253 5362 magis
1279 5301 1429 5350 utere
1461 5301 1514 5368 (Ι
1576 5301 1692 5354 Cor.
1733 5317 1824 5362 vn,
1879 5303 1986 5373 l6),

297 5373 632 5442 suggillasse
661 5377 1072 5433 continentiam
1107 5383 1415 5450 videretur,
1451 5393 1506 5440 et
1547 5387 1606 5440 in
1645 5388 1986 5445 famulatum

297 5459 595 5514 tradidisse
627 5479 730 5516 nos
747 5467 1082 5536 conjugum,
1113 5469 1284 5524 infert
1323 5475 1664 5529 sententiam
1703 5493 1832 5547 quas
1862 5495 1985 5533 om-

297 5559 428 5599 nem
469 5548 884 5604 cavillationem
933 5560 1226 5624 amputet:
1264 5559 1440 5612 Pretio
1493 5567 1656 5630 empti
1711 5569 1861 5631 estis,
1893 5582 1983 5620 no-

2117 3141 2340 3212 antiqui
2365 3144 2648 3212 homines,
2677 3151 2870 3199 tamen
2909 3146 3078 3200 breve
3115 3149 3432 3218 putandum
3465 3155 3620 3202 esset
3665 3149 3797 3219 quod

2113 3228 2350 3284 haberet
2380 3231 2690 3302 aliquando
2721 3233 2916 3302 ﬁnem,
2947 3239 3005 3289 et
3043 3251 3164 3290 esse
3189 3240 3454 3290 cessaret.
3499 3238 3664 3292 Nunc
3683 3253 3794 3290 vero

2114 3333 2244 3370 cum
2277 3318 2461 3373 brevis
2489 3321 2560 3374 sit
2601 3337 2714 3376 non
2745 3328 2863 3376 tam
2893 3325 3108 3390 laetitia,
3143 3341 3316 3395 quam
3365 3325 3662 3378 tribulatio
3698 3339 3790 3376 nu-

2113 3403 2386 3473 ptiarum,
2421 3407 2558 3477 quid
2610 3409 2918 3479 accipimus
2957 3427 3166 3465 uxores
3217 3429 3356 3482 quas
3395 3411 3507 3465 cito
3550 3412 3796 3490 cogimur

2113 3492 2420 3547 amittere?
2463 3515 2489 3546 »
2532 3501 2660 3564 etc.,
2717 3514 2888 3564 usque
2935 3499 3026 3563 ad,
3101 3500 3548 3553 sollicitudinum
3600 3503 3790 3569 partes,

2115 3580 2595 3654 miseriarumque
2622 3584 2941 3639 distractus.

2779 3701 2904 3755 CAP.
2949 3701 3123 3756 CXLI.

2187 3795 2328 3848 Item
2363 3795 2518 3849 idem
2550 3798 2611 3850 in
2639 3798 2861 3866 eodem,
2889 3805 3021 3869 post
3047 3817 3228 3871 pauca
3255 3817 3268 3855 ε
3305 3819 3334 3854 a
3363 3801 3596 3856 Primus
3623 3801 3786 3855 Adam

2111 3899 2516 3954 monogamus,
2549 3889 2834 3942 secundus
2873 3905 3110 3960 agamus
3143 3908 3155 3942 :
3194 3891 3293 3962 qui
3325 3891 3638 3960 digamiam
3667 3904 3786 3958 pro-

2111 3971 2269 4036 bant,
2307 3972 2614 4028 exhibeant
2645 3976 2876 4029 tertium
2919 3963 3102 4032 Adam
3141 3978 3458 4050 digamum,
3504 3996 3676 4050 quem
3707 3993 3782 4031 se-

2111 4066 2379 4130 quantur.
2443 4063 2650 4116 Verum
2699 4063 2788 4118 fac
2835 4071 2898 4117 ut
2941 4067 3280 4120 concesserit
3319 4067 3526 4120 Paulus
3557 4063 3780 4120 secunda

2111 4150 2500 4204 matrimonia.
2559 4153 2622 4205 Et
2679 4153 2876 4207 eadem
2923 4155 3048 4224 lege
3105 4160 3161 4209 et
3209 4155 3377 4209 tertia
3423 4155 3688 4209 concedit
3738 4155 3784 4202 et

2109 4243 2333 4308 quarta,
2376 4243 2430 4292 et
2475 4241 2928 4312 quotiescunque
2971 4243 3057 4296 vir
3103 4245 3367 4298 moritur.
3425 4245 3602 4298 Multa
3646 4259 3778 4296 ceu.-

826 4299 1122 4395 Illejirgo
1161 4303 1240 4397 .de
1275 4304 1514 4374 virgine.
1558 4307 1627 4361 de
1663 4311 1996 4382 incorrupta
2038 4333 2078 4386 D
2109 4299 2343 4395 pellitur
2369 4299 2672 4396 Apostolus
2703 4299 2851 4383 velle
2880 4346 3006 4400 qua:
3049 4347 3162 4384 non
3190 4333 3326 4396 vult,
3357 4337 3484 4394 etc.,
3525 4347 3695 4397 usque
3719 4329 3780 4380 ad

2097 4412 2260 4482 juxta
2293 4413 2604 4484 imaginem
2638 4417 2918 4472 Creatoris
2949 4419 3056 4474 sui.
3091 4439 3118 4471 ››

2762 4534 2886 4588 CAP.
2939 4533 3136 4590 CXLII.

2169 4632 2306 4684 Item
2337 4631 2486 4686 idem
2512 4632 2572 4687 in
2599 4635 2820 4699 eodem,
2854 4640 2980 4705 post
3007 4652 3221 4705 pauca:
3259 4655 3286 4685 (ι
3318 4637 3443 4689 Νοη
3500 4637 3654 4691 enim
3685 4649 3774 4704 p0-

2098 4721 2209 4770 test
2239 4717 2464 4772 Domini
2497 4720 2708 4774 servire
2739 4721 2960 4776 militiae
2991 4738 3187 4776 servus
3217 4723 3432 4787 uxoris,
3461 4727 3596 4790 etc.,
3629 4737 3775 4785 usqm

2099 4807 2190 4866 ad,
2227 4805 2284 4859 in
2320 4811 2532 4861 terram
2561 4811 3021 4880 repromissionis
3051 4812 3296 4866 induxit.
3334 4835 3354 4860 ι

2669 4933 2678 4942 ‘
2747 4924 2874 4977 CAP.
2920 4925 3141 4979 CXLIII.

2171 5023 2308 5074 Item
2355 5021 2508 5075 idem
2563 5022 2620 5076 in
2671 5024 2870 5079 eodem
2913 5031 3040 5095 post
3079 5041 3300 5096 pauca:
3347 5048 3374 5074 «
3417 5027 3624 5080 Verum
3663 5025 3764 5093 jam

2096 5111 2324 5179 tempus
2357 5115 2441 5165 est
2470 5115 2532 5164 ut
2561 5113 2833 5166 castitatis
2861 5115 2992 5166 Iesu
3058 5113 3324 5167 vexillum
3355 5114 3632 5182 levemus,
3659 5115 3766 5170 etc.,

2097 5211 2270 5260 usque
2296 5199 2389 5262 ad,
2422 5199 2727 5253 Salvatoris
2749 5200 2963 5253 auxilio
2999 5205 3315 5269 coopertos.
3359 5220 3386 5251 υ

2737 5311 2867 5365 ΟΜ».
2931 5311 3148 5366 CXLIV.

2167 5395 2307 5448 Item
2329 5395 2480 5450 idem
2515 5397 2575 5451 in
2605 5399 2825 5466 eodem,
2851 5404 2980 5470 post
3009 5415 3188 5470 pauca
3222 5415 3234 5453 :
3273 5400 3582 5472 «Cumque
3612 5403 3664 5457 in
3693 5413 3759 5452 se-

2093 5483 2388 5552 pulturam
2441 5486 2572 5538 Jesu
2615 5486 2759 5540 liber
2814 5487 2915 5557 qui
2957 5503 3021 5540 ex
3054 5487 3285 5541 nomine
3319 5490 3442 5558 ejus
3473 5492 3761 5561 appellatur

2095 5569 2354 5638 expletus
2401 5570 2495 5639 sit,
2529 5588 2755 5626 rursum
2787 5574 2846 5627 in
2875 5573 3142 5628 Iudicum
3187 5575 3483 5631 volumine
3513 5576 3664 5647 quasi
3691 5571 3754 5624 vi-
