3846 6244
20 344 113 393 733
1300 334 1507 389 LIBER
1545 332 1909 389 ADVERSUS
1945 332 2250 388 GRAECOS.

20 488 148 524 vens
174 484 589 539 resurgensque
645 469 1009 533 describitur,
1063 472 1191 531 etc.,
1224 482 1391 535 usque
1420 465 1493 517 ad
1540 468 1690 534 post,
1730 468 1775 518 Α

22 568 247 613 mortem
274 558 481 628 incipit
501 559 797 611 coronari.
832 579 858 607 ι)

681 674 808 727 CAP.
853 671 1039 726 CXLV.

86 792 221 842 Item
255 788 405 842 idem
444 788 504 841 in
532 789 765 853 eodem,
808 793 934 857 post
977 802 1153 855 pauca
1193 801 1204 838 :
1239 806 1264 833 ‹‹
1297 782 1573 851 Nunquid
1607 798 1712 834 non

27 880 262 930 habemus
291 882 613 945 potestatem
652 875 1024 928 manducandi
1061 879 1109 927 et
1149 873 1386 939 bibendi,
1427 878 1521 924 aut
1566 886 1710 924 soro-

26 982 95 1017 res
146 966 390 1018 mulieres
428 962 916 1018 circumducendi?
971 962 1071 1015 Ubi
1121 963 1190 1014 de
1253 960 1601 1013 comedenda
1660 963 1715 1011 et

26 1053 276 1115 bibendo,
311 1058 369 1103 et
389 1052 459 1103 de
490 1050 915 1103 ministratione
946 1054 1280 1117 sumptuum
1322 1046 1713 1116 prmmittitur,

30 1150 75 1194 et
99 1142 164 1194 de
198 1140 541 1193 mulieribus
588 1140 879 1191 sororibus
912 1139 990 1191 sic
1036 1138 1297 1199 infertur,
1350 1137 1715 1205 perspicuum

34 1240 101 1281 est
133 1245 242 1280 non
268 1244 474 1280 uxores
508 1228 757 1296 intelligi
781 1228 1005 1292 debere,
1058 1226 1156 1279 sed
1186 1242 1299 1289 eas,
1342 1231 1406 1278 ut
1447 1224 1715 1285 diximus,

36 1334 145 1386 qua:
174 1317 241 1368 de
270 1332 372 1367 sua
404 1316 729 1368 substantia
778 1315 1196 1379 ministrabant,
1236 1318 1366 1377 etc.,
1420 1328 1587 1380 usque
1624 1310 1715 1376 ad,

36 1403 163 1456 nihil
194 1403 302 1455 tale
330 1403 628 1472 Scriptura
649 1402 950 1472 significat.
988 1423 1007 1447 ιι

676 1517 802 1570 CAP.
855 1517 1072 1571 CXLVI.

101 1634 232 1685 Item
255 1632 409 1684 idem
443 1631 503 1683 in
528 1631 758 1696 eodem,
793 1635 917 1699 post
945 1645 1123 1699 pauca
1156 1645 1167 1682 :
1207 1650 1233 1676 «
1269 1630 1577 1681 Possumus
1625 1643 1724 1680 au-

46 1728 141 1774 tem
172 1721 237 1773 de
274 1721 441 1773 Petro
478 1720 694 1785 dicere,
725 1719 873 1789 quod
908 1717 1173 1771 habuerit
1217 1732 1438 1769 socrum
1472 1731 1536 1767 eo
1582 1720 1724 1767 tem-

46 1826 160 1880 pore
176 1809 325 1879 quod
344 1807 615 1868 credidit,
636 1814 692 1860 et
713 1807 1077 1873 uxoremjam
1101 1821 1217 1858 non
1236 1803 1520 1869 habuerit,
1547 1825 1565 1849 ι
1595 1808 1723 1866 etc.,

50 1914 193 1965 usque
211 1898 301 1961 ad,
336 1901 524 1949 mater
557 1896 729 1964 Virgo
774 1894 979 1963 virgini
1034 1892 1312 1961 discipulo
1356 1889 1723 1944 commenda-

52 1994 143 2039 tur.

672 2073 797 2124 CAP.
832 2071 1086 2124 CXLVII.

113 2190 240 2242 Item
276 2188 431 2241 idem
465 2188 523 2240 in
557 2186 781 2251 eodem,
818 2190 941 2255 post
974 2200 1156 2253 pauca
1198 2200 1209 2237 :
1248 2206 1268 2231 ι
1310 2185 1462 2238 Sicut
1498 2188 1553 2235 in
1586 2183 1730 2247 ligno

56 2281 241 2339 tennis,
288 2280 371 2329 ita
414 2276 599 2343 perdit
632 2278 812 2327 virum
858 2289 1015 2326 suum
1053 2288 1193 2325 uxor
1244 2271 1492 2339 male/ica
1544 2272 1728 2337 (Prov.

56 2367 177 2431 xxv).
210 2366 266 2419 Si
296 2371 491 2418 autem
535 2364 848 2416 asserueris
882 2363 987 2414 hoc
1025 2362 1094 2413 de
1129 2360 1291 2412 malis
1348 2360 1562 2412 dictum
1612 2374 1731 2411 esse

62 2454 390 2523 etinjugibus,
455 2460 509 2504 et
560 2468 666 2521 ego
717 2451 821 2503 tibi
889 2450 1134 2503 breviter
1181 2448 1555 2517 respondebo.
1596 2447 1732 2511 Quae

63 2546 189 2596 enim
221 2542 363 2595 mihi
407 2539 695 2594 incumbit
754 2538 1058 2591 necessitas
1115 2537 1306 2589 venire
1364 2537 1422 2588 in
1470 2536 1732 2604 dubium,

64 2640 227 2685 utrum
261 2632 411 2684 mala
444 2630 518 2683 sit
548 2646 621 2682 an
646 2629 797 2681 bona
823 2628 1012 2681 futura
1044 2642 1216 2696 quam
1252 2624 1508 2678 duxero?
1543 2644 1567 2671 ιο
1602 2631 1731 2689 etc.,

65 2736 204 2789 usque
232 2720 323 2783 ad,
347 2720 418 2773 de
450 2718 672 2772 aedibus
699 2718 834 2782 suis,
870 2716 924 2769 id
955 2720 1057 2781 est,
1089 2715 1157 2767 de
1189 2713 1449 2767 Ecclesia.

662 2832 786 2885 CAP.
833 2831 1103 2885 CXLVIII.

128 2950 250 3000 Item
288 2948 441 3000 idem
490 2948 548 2998 in
581 2947 807 3011 eodem,
840 2950 966 3015 post
996 2959 1173 3013 pauca
1208 2959 1219 2995 :
1258 2964 1283 2991 ς(
1316 2947 1424 2996 Aut
1466 2942 1735 3011 permitte

69 3037 424 3089 sacerdotibus
482 3050 747 3088 exercere
807 3049 980 3102 opera
1050 3032 1402 3100 nuptiarum,

70 3127 162 3178 sint
188 3126 433 3194 virgines
460 3124 618 3194 quod
667 3122 886 3187 mariti;
939 3126 1036 3173 aut
1072 3121 1117 3171 si
1166 3118 1552 3172 sacerdotibus
1605 3132 1741 3169 uxo-

72 3233 143 3268 res
176 3232 284 3267 non
314 3216 450 3267 licet
482 3220 740 3282 tangere,
790 3211 847 3263 in
897 3227 964 3264 eo
1001 3209 1177 3263 sancti
1222 3215 1373 3272 sunt,
1427 3208 1561 3277 quia
1608 3205 1740 3258 imi-

74 3310 240 3356 tantur
288 3302 630 3372 pudicitiam
674 3300 1037 3369 virginalem.
1091 3298 1199 3352 Sed
1249 3302 1306 3349 et
1345 3298 1451 3349 hoc
1492 3294 1733 3348 inferen-

74 3393 219 3444 dum:
253 3393 297 3444 si
336 3392 517 3445 laicus
567 3395 623 3442 et
672 3389 1002 3458 quicunque
1053 3387 1237 3440 ﬁdelis
1288 3400 1449 3437 orare
1492 3400 1605 3436 non
1639 3398 1740 3451 po-

75 3486 180 3543 test,
214 3480 314 3533 nisi
347 3482 540 3533 careat
568 3478 755 3532 ofticio
787 3475 1108 3545 conjugali;
1143 3472 1437 3539 sacerdoti,
1474 3472 1565 3524 cui
1597 3485 1742 3523 sem-

78 3586 159 3639 per
207 3586 305 3639 pro
352 3568 571 3639 populo
627 3566 920 3619 offerenda
969 3570 1103 3616 sunt
1162 3561 1456 3626 sacrificia,
1518 3573 1745 3627 semper

80 3662 325 3711 orandum
356 3664 459 3710 est.
514 3656 570 3710 Si
613 3671 840 3724 semper
870 3653 1175 3715 orandum,
1224 3666 1361 3719 ergo
1395 3664 1621 3718 semper
1659 3662 1746 3699 ca-

78 3747 288 3799 rendum
324 3744 719 3799 matrimonio.
756 3744 894 3796 Nam
923 3747 980 3795 et
1011 3741 1069 3794 in
1120 3739 1295 3793 veteri
1342 3740 1466 3808 lege
1493 3736 1593 3807 qui
1638 3751 1743 3804 pro

82 3836 261 3903 populo
309 3834 523 3888 hostias
585 3832 921 3896 offerebant,
975 3846 1090 3882 non
1138 3829 1323 3881 solum
1371 3828 1428 3880 in
1483 3824 1749 3879 domibus

84 3923 175 3975 suis
219 3940 325 3976 non
372 3927 559 3985 erant,
612 3921 709 3974 sed
758 3918 1216 3989 puriticabantur
1264 3916 1327 3969 ad
1394 3920 1623 3984 tempus
1679 3912 1747 3966 ab

82 4012 315 4064 uxoribus
346 4011 619 4079 separati,
651 4015 707 4061 et
738 4008 930 4060 vinum
957 4012 1015 4060 et
1046 4006 1282 4059 siceram
1306 4021 1418 4057 non
1453 4003 1744 4067 bibebant,

82 4115 182 4167 qua:
210 4102 389 4154 solent
413 4098 714 4151 libidinem
746 4111 1083 4165 provocare.
1120 4114 1146 4144 ι)

703 4214 839 4267 CAP.
882 4209 1099 4265 CXLIX.

141 4332 260 4382 Item
310 4331 460 4382 idem
491 4328 551 4381 in
588 4328 812 4384 eodem.
854 4330 984 4395 post
1023 4339 1204 4393 pauca
1238 4338 1249 4375 :
1293 4344 1319 4368 ‹‹
1364 4323 1584 4389 Oportet
1624 4336 1748 4388 ergo
1789 4323 1830 4376 Ι)

85 4422 353 4487 episcopum
384 4416 915 4486 irreprehensibilem
955 4428 1065 4467 esse
1095 4413 1145 4479 (Ι
1169 4415 1308 4465 Tim.
1360 4412 1465 4479 ιιι),
1501 4416 1564 4463 ut
1607 4408 1749 4461 nulli

90 4506 198 4557 vitio
228 4506 587 4575 mancipatus
618 4504 710 4558 sit.
750 4502 918 4557 Unius
949 4504 1139 4555 umoris
1186 4503 1393 4563 virum,
1426 4498 1525 4568 qui
1577 4513 1750 4551 unam

89 4609 292 4648 uxorem
323 4593 615 4657 habuerit,
654 4608 768 4644 non
795 4590 894 4661 qui
930 4591 1156 4644 habeat.
1209 4589 1480 4652 Subrium,
1524 4586 1661 4649 sive,
1692 4589 1754 4637 ut

92 4684 264 4736 melius
292 4684 349 4736 in
380 4684 577 4737 Graeco
608 4681 834 4745 dicitur,
867 4680 1220 4749 vigilantem,
1268 4677 1323 4730 id
1349 4682 1433 4730 est
1471 4673 1750 4746 νηφάλιονς

95 4772 352 4839 pudicum,
419 4774 529 4824 hoc
590 4770 748 4823 enim
806 4768 1090 4838 signiﬁcat
1153 4771 1421 4839 σώφρονα;
1505 4768 1757 4817 ornatum

96 4868 138 4911 et
188 4861 439 4914 castitate
510 4864 568 4912 et
626 4858 921 4921 moribus;
985 4856 1326 4923 hospitalem,
1388 4857 1452 4905 ut
1499 4850 1759 4904 imitetur

96 4949 368 5013 Abraham,
430 4955 488 5001 et
546 4962 677 4999 cum
756 4945 1097 5015 peregrinis,
1160 4943 1277 4996 imo
1330 4941 1391 4993 in
1440 4938 1760 5010 peregrinis

98 5036 343 5090 Christum
376 5035 676 5104 suscipiat,
711 5040 843 5096 etc.,
882 5047 1053 5101 usque
1088 5031 1183 5098 ad,
1212 5046 1329 5083 non
1361 5028 1459 5097 qui
1491 5026 1759 5090 nobilior,

99 5127 172 5177 sed
198 5125 287 5194 qui
317 5124 523 5178 fortior
553 5127 658 5176 est.
687 5141 713 5171 η

778 5209 907 5263 CAP.
950 5209 1053 5263 CL.

160 5329 279 5382 Item
303 5330 458 5383 idem
493 5328 555 5379 in
587 5327 815 5390 eodem,
848 5329 975 5394 post
1014 5338 1195 5393 pauca
1237 5342 1248 5374 :
1288 5344 1313 5369 ‹‹
1342 5324 1504 5388 Ergo,
1536 5322 1761 5384 fratres,

106 5414 330 5471 debitores
369 5431 559 5471 sumus
591 5430 699 5467 non
719 5416 892 5479 carni,
924 5418 985 5466 ut
1014 5411 1306 5465 secundum
1355 5424 1569 5462 carnem
1609 5410 1763 5460 viva-

106 5520 210 5557 mus.
240 5507 297 5561 Si
322 5508 462 5558 enim
505 5503 801 5557 secundum
860 5516 1074 5555 carnem
1134 5500 1407 5563 vimeritis,
1438 5496 1761 5558 moriemini,

105 5599 205 5655 etc.,
235 5616 255 5641 ι
286 5610 454 5663 usque
485 5593 582 5653 ad,
618 5592 930 5644 serviamus
962 5590 1018 5642 in
1041 5586 1348 5655 Evangelia
1387 5602 1532 5638 novo
1565 5584 1762 5637 Adam.

1477 3033 1537 3082 ut
1586 3029 1737 3081 idem
1778 3029 1818 3084 C

3404 326 3509 380 734

2512 464 2638 517 CAP.
2685 463 2812 517 CLI.

2512 464 2638 517 CAP.
2710 464 2720 479 ‘
2800 503 2812 514 .

1892 556 2033 609 Item
2064 552 2213 605 idem
2258 552 2316 605 in
2366 552 2586 614 eodem,
2647 464 2790 620 pg:
2820 566 3000 620 pauca
3033 566 3044 602 :
3078 547 3309 601 zEstimo
3358 544 3508 614 quod

1819 642 1918 712 qui
1948 657 2187 694 uxorem
2240 640 2431 704 habet,
2483 638 2730 709 quandiu
2768 637 3068 690 revertitur
3108 636 3174 687 ad
3206 634 3263 686 id
3294 632 3508 700 ipsum,

1823 747 1893 784 ne
1934 734 2089 783 tenet
2116 745 2248 781 eum
2279 729 2532 791 Satanas,
2564 727 2625 778 in
2656 741 2823 778 carne
2874 724 3133 788 seminet,
3181 727 3237 774 et
3286 735 3403 772 non
3452 718 3511 771 in

1823 818 2049 889 spiritu,
2084 840 2104 865 ν
2132 823 2261 881 etc.,
2294 832 2463 883 usque
2508 815 2581 867 ad
2611 814 2696 867 his
2734 813 3092 882 copulemur,
3126 812 3243 862 haec
3299 822 3501 876 sequa-

1821 924 1965 961 mur.

2508 994 2635 1046 CAP.
2680 991 2834 1045 CLII.

1900 1118 2039 1171 Item
2074 1113 2226 1166 idem
2258 1111 2315 1163 in
2345 1110 2569 1169 eodem,
2629 1112 2758 1177 post
2789 1122 2959 1176 pauca
2996 1120 3009 1157 :
3072 1126 3098 1150 ‹‹
3143 1103 3522 1156 Transeamus

1828 1206 1897 1255 ad
1930 1203 2199 1257 Jacobum
2234 1199 2331 1268 qui
2362 1198 2533 1250 frater
2564 1196 2789 1250 Domini
2822 1193 3135 1253 dicebatur,
3179 1194 3351 1243 tantae
3399 1202 3524 1238 san-

1831 1293 2060 1355 ctitatis,
2093 1296 2382 1357 tantaeque
2427 1286 2666 1355 justitiae
2716 1289 2771 1337 et
2813 1288 3104 1352 perpetuae
3159 1275 3520 1347 virginitatis,

1832 1388 1897 1434 ut
1941 1378 2217 1448 Iosephus
2262 1391 2491 1447 quoque
2558 1372 2863 1427 historicus
2911 1369 3236 1423 Iudaeorum
3288 1367 3526 1434 propter

1832 1469 2006 1535 hujus
2036 1482 2233 1519 necem
2265 1464 2594 1517 subversam
2642 1459 3090 1527 Hierosolymam
3133 1454 3359 1515 referat,
3394 1457 3521 1514 etc.,

1836 1572 2003 1624 usque
2042 1555 2133 1620 ad,
2169 1554 2227 1605 in
2260 1569 2316 1605 se
2351 1551 2570 1621 virgine
2605 1547 2949 1603 dcdicaverit
2978 1586 2989 1597 .

2511 1668 2635 1720 CAP.
2666 1665 2845 1719 CLIII.

1913 1763 2047 1815 Item
2074 1760 2224 1812 idem
2250 1758 2308 1810 in
2332 1756 2554 1819 eodem,
2583 1758 2705 1822 post
2724 1767 2901 1821 pauca
2936 1765 2948 1803 :
2971 1769 2997 1799 «
3022 1748 3363 1809 Charissimi,
3386 1759 3526 1797 nunc

1837 1853 1939 1911 ﬁlii
1993 1852 2083 1904 Dei
2111 1862 2314 1907 sumus,
2358 1850 2407 1897 et
2452 1843 2678 1896 necdum
2715 1840 2977 1909 apparuit
3038 1836 3173 1905 quid
3212 1835 3394 1900 futuri
3447 1834 3527 1885 si-

1836 1957 1975 1994 mus.
2011 1940 2219 1993 Scimus
2242 1939 2418 1987 autem
2448 1933 2724 1999 quoniam,
2756 1932 2807 1981 si
2845 1926 3188 1995 apparuerit,
3234 1922 3434 1975 similes
3482 1922 3531 1972 ei

1837 2031 2056 2085 erimus,
2122 2026 2253 2092 quia
2300 2020 2593 2074 videbimus
2660 2034 2778 2070 eum
2814 2018 2952 2069 sicut
3005 2019 3082 2066 est
3124 2014 3169 2081 (Ι
3215 2013 3371 2064 Joan.
3428 2006 3525 2076 ιιι).

1840 2118 1903 2170 Et
1925 2114 2111 2168 omnis
2146 2111 2244 2182 qui
2266 2111 2413 2163 hanc
2452 2108 2625 2161 habet
2647 2121 2825 2175 spem,
2856 2101 3130 2156 castiticat
3156 2098 3530 2166 semetipsum

1841 2206 1986 2258 sicut
2015 2207 2069 2255 et
2101 2202 2197 2263 ille
2228 2204 2412 2253 castus
2444 2202 2551 2263 est,
2585 2218 2610 2241 ››
2645 2201 2776 2259 etc.,
2810 2207 2979 2259 usque
3008 2189 3081 2241 ad
3114 2190 3220 2241 haec
3249 2185 3432 2249 verba,
3464 2183 3530 2235 ad

1841 2290 2355 2361 comparationem,
2392 2292 2521 2349 etc.,
2555 2300 2675 2336 esse
2707 2282 2975 2352 pollutos.

2515 2399 2644 2451 CAP.
2688 2396 2858 2449 CLIV.

1916 2518 2055 2570 Item
2079 2512 2231 2565 idem
2262 2510 2320 2562 in
2368 2507 2592 2572 eodem,
2624 2507 2752 2573 post
2783 2516 2961 2571 pauca
2997 2515 3009 2552 :
3052 2522 3075 2543 α
3112 2494 3405 2550 Infinitum
3451 2496 3535 2545 est

1844 2606 1912 2658 de
1944 2600 2248 2670 Evangelio
2275 2597 2561 2666 virginum
2587 2607 2867 2662 exponere
2900 2590 3318 2641 sacramentum
3359 2582 3531 2653 quin-

1844 2711 1955 2764 que
1988 2692 2292 2744 stultarum
2343 2692 2398 2739 et
2441 2684 2697 2753 quinque
2753 2677 3121 2748 sapientium.
3178 2675 3292 2727 Hoc
3348 2672 3531 2723 solum

1844 2797 1995 2835 nunc
2025 2778 2171 2843 dico,
2208 2775 2359 2845 quod
2407 2771 2696 2843 quomodo
2748 2769 2961 2837 absque
3006 2762 3224 2818 caeteris
3267 2758 3535 2830 operibus

1845 2870 2143 2939 virginitas
2172 2867 2290 2919 sola
2328 2880 2445 2916 non
2486 2861 2681 2925 salvat,
2737 2858 2815 2910 sic
2866 2854 3060 2908 omnia
3101 2866 3272 2922 opera
3319 2849 3535 2916 absque

1845 2935 2197 3029 virginitate,
2232 2954 2498 3023 puritate,
2541 2945 2915 3005 continentia,
2966 2942 3217 2995 castitate
3267 2935 3535 3007 imperfe—

1847 3053 1937 3103 cta
1966 3052 2165 3110 sunt,»
2198 3050 2328 3108 etc.,
2362 3054 2529 3108 usque
2570 3037 2661 3101 ad,
2693 3035 2761 3088 de
2810 3030 3017 3086 divinis
3065 3027 3223 3081 libris
3279 3023 3537 3092 exempla

1848 3136 2222 3208 praebuimus.

2539 3216 2665 3269 CAP.
2710 3212 2857 3267 CLV.

1924 3334 2064 3387 Item
2099 3328 2478 3395 Hieronymus
2501 3323 2559 3375 in
2587 3322 2735 3375 libro
2766 3316 3015 3370 secundo
3044 3317 3242 3365 contra
3288 3307 3539 3363 Iovinia-

1852 3434 2013 3477 num,
2048 3415 2126 3467 sic
2168 3394 2349 3466 dicit:
2402 3429 2429 3456 «
2480 3407 2815 3461 Chaeremon
2867 3400 3095 3457 stoicus,
3144 3395 3228 3447 vir
3271 3394 3540 3461 eloquen-

1851 3506 2123 3567 tissimus,
2168 3504 2361 3553 narrat
2395 3497 2464 3550 de
2494 3497 2609 3547 vita
2659 3491 3028 3559 antiquorum
3078 3482 3306 3553 Egypti
3353 3494 3543 3533 sacer-

1855 3596 2074 3655 dotum,
2137 3588 2289 3660 quod
2346 3584 2612 3639 omnibus
2688 3578 2892 3633 mundi
2969 3573 3212 3643 negotiis
3275 3569 3543 3637 curisque

1854 3678 2182 3754 postpositis
2214 3689 2439 3743 semper
2461 3672 2520 3724 in
2563 3669 2774 3738 templo
2818 3664 3048 3725 fuerint,
3100 3665 3155 3712 et
3200 3672 3390 3711 rerum
3443 3671 3543 3707 na-

1855 3776 2010 3825 turas
2067 3778 2375 3832 causasque
2431 3776 2493 3812 ac
2552 3757 2801 3810 rationes
2860 3752 3113 3805 siderum
3173 3741 3545 3813 contemplati

1856 3863 2013 3920 sunt;
2050 3866 2343 3922 nunquam
2376 3846 2711 3902 mulieribus
2742 3860 2799 3894 se
2842 3837 3195 3900 miscuerint,
3250 3846 3544 3901 nunquam

1856 3950 2126 4017 cognatos
2166 3945 2221 3994 et
2267 3937 2640 4010 propinquos,
2690 3948 2793 3985 nec
2845 3930 3049 3982 liberos
3099 3923 3332 3994 quidem
3384 3920 3545 3973 vide—

1858 4005 1991 4088 rint.
2028 4033 2093 4084 Et
2125 4046 2190 4082 ex
2221 4005 2289 4080 eo
2339 4005 2594 4093 tempore
2627 4036 2741 4091 quo
2784 4017 3084 4086 coepissent
3129 4010 3317 4065 divino
3370 4005 3549 4061 cultui

1860 4120 2162 4183 deservire,
2222 4113 2489 4168 carnibus
2556 4116 2612 4162 et
2664 4109 2795 4160 vino
2846 4119 3073 4173 semper
3147 4095 3547 4159 abstinuerint,

1860 4212 2092 4279 propter
2151 4201 2485 4256 tenuitatem
2544 4211 2743 4249 sensus
2813 4199 2868 4245 et
2924 4187 3261 4258 vertiginem
3327 4182 3550 4252 capitis,

1864 4276 2035 4368 quam
2076 4310 2139 4347 ex
2174 4307 2345 4361 parvo
2377 4289 2501 4341 cibo
2534 4283 2917 4368 patiebantur,
2956 4285 3013 4332 et
3045 4276 3287 4331 maxime
3320 4277 3555 4341 propter

1859 4354 2145 4456 appetitus
2165 4354 2438 4438 libidinis,
2472 4354 2572 4446 qui
2598 4354 2664 4427 ex
2698 4374 2785 4426 his
2810 4370 2951 4425 cibis
2974 4374 3028 4422 et
3063 4384 3127 4420 ex
3175 4366 3279 4418 hac
3321 4360 3555 4430 potione

1860 4478 2191 4529 nascuntur.
2253 4471 2405 4522 Pane
2463 4480 2594 4517 raro
2648 4461 3038 4523 vescebantur,
3100 4472 3169 4507 ne
3248 4452 3557 4504 onerarent

1862 4560 2239 4623 stomachum,
2275 4578 2301 4605 ››
2326 4560 2450 4617 etc.,
2484 4567 2655 4620 usque
2685 4550 2778 4615 ad,
2813 4546 3109 4619 pr0prium
3138 4541 3403 4594 volumen
3436 4535 3554 4589 edi-

1864 4652 1966 4706 dit.

2538 4729 2665 4783 CAP.
2710 4724 2881 4780 CLVI.

1936 4852 2077 4905 Item
2110 4850 2263 4903 idem
2296 4847 2355 4899 in
2382 4844 2581 4898 eodem
2611 4858 2624 4893 :
2668 4863 2687 4886 α
2728 4838 2979 4893 Diximus
3011 4834 3078 4886 de
3102 4829 3316 4899 nuptis,
3350 4825 3555 4885 viduis,

1866 4937 2213 5009 virginibus:
2257 4931 2663 5002 virginitatem,
2689 4925 3018 4978 viduitatem
3051 4916 3406 4989 preetulimus
3442 4930 3556 4966 ma-

1870 5025 2162 5091 trimonio,
2207 5044 2232 5069 ››
2292 5026 2377 5073 etc
2409 5059 2423 5085 ,
2462 5031 2632 5083 usque
2686 5014 2781 5078 ad,
2831 5011 2996 5063 ruina
3041 5006 3314 5061 stantium
3375 5008 3560 5057 metus

1872 5115 1959 5169 sit.

2521 5194 2651 5247 CAP.
2703 5188 2904 5244 CLVII.

1945 5315 2219 5383 Origenes
2255 5312 2313 5363 in
2364 5308 2508 5361 libro
2558 5304 2727 5358 tertio
2756 5301 2990 5357 Levitici
3041 5302 3170 5367 (sive
3208 5296 3391 5350 homil.
3436 5297 3467 5348 3
3508 5296 3566 5346 in

1873 5418 1993 5472 cap.
2022 5400 2123 5469 Ill),
2168 5399 2316 5451 inter
2354 5399 2560 5446 cratera
2590 5392 2669 5445 sic
2698 5389 2835 5443 dicit
2869 5405 2881 5441 :
2928 5409 2948 5436 ε
2997 5389 3201 5442 Anima
3238 5397 3567 5451 quaecunque

1876 5492 2109 5557 tetigerit
2148 5500 2350 5540 omnem
2381 5498 2489 5534 rcm
2544 5478 2897 5543 immundam,
2933 5484 3028 5531 aut
3076 5474 3417 5529 morticinum
3466 5473 3566 5538 ju-

1876 5583 2172 5633 mentorum
2215 5569 2634 5635 immundorum,
2684 5572 2731 5620 et
2772 5568 2992 5619 latuerit
3034 5579 3176 5631 eum,
3205 5565 3252 5613 et
3302 5562 3567 5627 inquina-
