3846 6244
333 309 432 360 735
1545 305 1764 360 AENEAS
1803 305 2245 360 PARISIENSIS
2287 304 2598 360 EPISCOPI
3727 303 3794 362 TI

331 447 416 495 tus
458 447 703 507 cst;aut
755 444 804 494 si
853 444 1088 507 tetigerit
1145 440 1212 493 ab
1272 441 1624 493 immunditia
1659 441 1888 494 hominis
1944 441 2010 493 ab
2050 443 2096 494 Α
2128 446 2306 493 mant.
2359 440 2506 503 Quid
2564 444 2756 492 autem
2807 443 2892 493 est
2948 439 3007 492 in
3051 439 3172 493 loco
3229 444 3424 492 sancto
3484 439 3794 510 manducarq

330 533 476 583 omni
508 529 857 583 immunditia
887 546 954 582 ea:
999 545 1108 596 qua
1154 531 1471 596 inquinetur
1524 529 1665 596 (Lev.
1703 546 1754 594 v,
1786 530 1859 596 ‘2),
1911 534 2016 582 etc.
2127 531 2462 597 peccatum?
2498 531 2676 582 Locus
2721 532 2842 581 erat
2888 534 3116 580 sanctus
3169 527 3226 580 iu
3275 544 3448 598 quem
3494 533 3796 608 pervenerq

331 620 456 671 Haec
488 618 722 687 quidem
772 618 925 688 apud
967 618 1192 672 Judaaos
1243 617 1575 670 indecenter
1614 617 1750 669 satis
1795 623 1850 668 et
1889 617 2017 670 inu-
2128 619 2363 686 Moyses,
2389 619 2700 671 secundum
2745 617 2900 687 quod
2954 617 3171 670 dictum
3203 622 3285 669 est
3315 618 3382 670 ad
3417 633 3557 670 eum
3594 633 3609 669 :
3667 619 3796 678 Loca

330 707 506 759 tiliter
537 707 929 760 observantur.
968 708 1036 759 Ut
1066 706 1204 776 quid
1235 706 1387 758 enim
1436 706 1765 758 immundus
1803 706 2018 759 habea—
2127 709 2264 759 enim
2298 709 2354 758 in
2385 723 2488 774 quo
2516 713 2630 759 stas
2670 713 2814 758 terra
2839 709 3028 759 sancta
3053 711 3131 758 est
3172 706 3369 774 (Emod.
3405 707 3510 772 ιιι).
3561 705 3796 768 Similitq

328 797 421 847 tur
465 795 564 864 qui
616 796 937 866 contigerit,
978 795 1137 847 verbi
1187 809 1371 851 causa.
1436 793 1647 846 animal
1709 797 2016 855 mortuum,
2128 811 2263 863 ergo
2297 800 2352 847 et
2395 796 2450 847 in
2501 795 2744 848 Ecclesia
2782 794 2880 847 Dei
2910 796 3067 847 locus
3112 799 3336 846 sanctus
3363 800 3470 858 est,
3515 793 3658 847 ﬁdes
3690 811 3798 862 pera.

329 888 424 936 aut
455 900 659 953 corpus
687 883 940 937 hominis
967 883 1251 937 defuncti?
1280 882 1422 944 Quid
1458 883 1502 934 si
1553 883 1847 951 prophetae
1893 898 2013 934 cor-
2126 882 2287 947 facta,
2313 888 2370 934 et
2399 883 2644 935 cliaritas
2679 883 2746 935 de
2778 883 2945 934 corde
2971 897 3139 950 puro,
3175 888 3230 934 et
3259 883 3617 934 conscientia
3662 884 3798 938 bona.

327 987 432 1041 pus
462 973 568 1025 sit?
588 973 730 1036 Quid
753 973 796 1024 si
821 971 1181 1042 patriarchae,
1211 974 1297 1025 vel
1334 973 1502 1023 etiam
1550 972 1730 1039 ipsius
1774 958 2016 1023 Abrahrp
2125 971 2230 1033 Qui
2263 970 2319 1024 in
2361 971 2447 1023 bis
2479 971 2669 1024 statin
2715 971 2981 1035 Ecclesia,
3038 971 3094 1022 in
3146 971 3264 1022 loco
3315 986 3372 1022 se
3424 977 3630 1023 sancto
3684 980 3798 1024 stare

328 1061 570 1130 corpus?
602 1061 738 1124 Quid
773 1061 818 1112 si
850 1065 904 1112 et
933 1076 1058 1113 ossa
1088 1059 1390 1125 contigerit
1423 1060 1722 1123 Samuelis,
1772 1059 2018 1111 immun-
2126 1063 2445 1127 cognoscat.
2479 1061 2672 1127 Neque
2703 1059 2853 1110 enim
2886 1059 2943 1110 in
2980 1065 3134 1111 terra
3161 1059 3507 1127 quaerendus
3541 1065 3626 1112 est
3674 1060 3800 1114 locus

328 1147 435 1200 dus
481 1148 624 1200 erit?
667 1149 810 1211 Quid
863 1149 909 1200 si
959 1147 1125 1200 Elisei
1174 1165 1298 1200 ossa
1346 1148 1636 1215 contingat
1688 1163 1815 1217 quae
1872 1162 2019 1199 mor-
2126 1153 2376 1209 sanctus,
2433 1148 2490 1198 in
2540 1163 2654 1216 quo
2686 1148 2859 1198 semel
2905 1146 3036 1199 data
3089 1146 3371 1198 sententia
3401 1152 3486 1198 est
3517 1163 3552 1198 a
3591 1148 3700 1199 Deo
3729 1149 3800 1200 di-

330 1240 488 1288 tuum
513 1235 822 1288 suscitant?
862 1235 1194 1288 immundus
1251 1235 1361 1287 erit
1390 1235 1484 1287 ille
1542 1236 1642 1304 qui
1714 1234 2014 1303 contingit,
2125 1239 2286 1286 cente
2317 1249 2327 1286 :
2363 1235 2661 1288 Maledicta
2695 1241 2838 1288 terra
2870 1238 2926 1288 in
2971 1236 3222 1301 ape-ribus
3266 1238 3373 1288 tuis
3403 1222 3569 1303 .(Gen.
3609 1241 3705 1299 ιιι).
3741 1235 3800 1290 Fi-

328 1329 381 1375 et
412 1323 770 1375 immundum
800 1322 1013 1375 faciunt
1044 1338 1168 1374 ossa
1193 1322 1491 1390 prophetae
1523 1321 1694 1374 etiam
1727 1322 1887 1374 illum
1923 1321 2017 1390 ip-
2125 1322 2225 1375 des
2277 1339 2413 1392 ergo
2463 1324 2708 1393 integra,
2763 1329 2818 1376 et
2863 1329 3057 1376 sancta
3109 1324 3466 1376 conversatio
3539 1325 3691 1376 locus
3737 1329 3802 1380 est

329 1426 450 1462 sum
478 1426 648 1479 quem
681 1425 713 1461 a
738 1409 977 1461 mortuis
1018 1408 1327 1461 suscitant?
1358 1409 1459 1476 (IV
1501 1409 1634 1474 Reg.
1687 1409 1828 1475 xui).
1879 1407 2014 1460 Vide
2125 1417 2371 1464 sanctus.
2408 1412 2470 1464 In
2504 1412 2611 1465 hoc
2641 1413 2831 1482 itaque
2871 1412 2994 1464 loco
3052 1411 3272 1480 positus
3329 1411 3596 1464 sacerdos
3639 1413 3796 1465 Eccle-

327 1513 498 1567 quam
531 1495 934 1547 inconveniens
965 1494 1033 1546 sit
1064 1493 1300 1547 Judaica
1331 1494 1732 1563 intelligentia.
1765 1494 1871 1547 Sed
1915 1510 2015 1546 nos
2124 1498 2243 1562 sire,
2278 1498 2474 1568 populi
2508 1505 2734 1568 peccata
2783 1506 3102 1563 consumat,
3155 1505 3216 1552 ut
3263 1500 3505 1554 hostiam
3553 1501 3800 1570 jugulans

327 1585 618 1638 videamus
638 1582 826 1651 primo
863 1583 998 1651 quid
1027 1582 1098 1634 sit
1130 1588 1388 1651 tangere,
1435 1588 1489 1634 et
1537 1582 1673 1651 quid
1722 1581 1794 1633 sit
1835 1584 2015 1634 tactus
2125 1585 2279 1638 verbi
2329 1587 2447 1650 Dei,
2477 1588 2752 1641 doctrina:
2786 1605 2940 1642 sanae
2970 1588 3226 1641 victimas
3285 1590 3556 1654 offerens,
3619 1595 3803 1658 purget

325 1675 423 1744 qui
469 1673 636 1728 faciat
682 1671 1068 1724 immundum.
1117 1672 1421 1740 Apostolus
1478 1671 1613 1724 dicit
1645 1687 1657 1723 :
1698 1675 1901 1724 Bonum
1939 1675 2016 1723 est
2055 1733 2093 1744 _
2125 1691 2158 1726 a
2183 1675 2428 1744 peccatis
2461 1677 2837 1730 conscientias
2871 1677 3219 1731 auditorum.
3255 1700 3274 1723 ι

324 1733 526 1815 homini
567 1761 843 1813 mulierem
890 1773 996 1811 non
1040 1733 1259 1825 tangere
1287 1760 1331 1815 (ι
1369 1758 1488 1812 Cor.
1540 1761 1654 1827 vn).
1698 1757 1805 1846 Hic
1833 1763 2014 1810 tactus
2055 1733 2094 1786 Β
2184 1733 2200 1744 ⁸
2797 1794 2925 1846 CAP.
2969 1793 3120 1846 CLIX

323 1849 653 1902 immundus
683 1853 794 1912 est;
827 1847 931 1900 hoc
961 1852 1046 1900 est
1075 1847 1230 1899 enim
1261 1845 1400 1899 illud
1446 1846 1596 1916 quod
1652 1845 1924 1898 Dominus
1955 1845 2014 1899 in
2195 1885 2332 1916 nam
2387 1885 2535 1916 mm“
2573 1885 2626 1916 ςη
2671 1835 2892 1916 “Ant:

324 1937 630 2006 Evangelio
660 1936 801 1990 dixit
834 1951 845 1987 :
883 1937 944 1989 Si
967 1937 1088 2002 quis
1119 1934 1320 1988 viderit
1369 1937 1648 1987 mulierem
1694 1935 1768 1987 ad
1814 1949 2009 1987 concu-

321 2026 657 2094 piscendum,
735 2027 853 2092 jam
901 2024 1191 2076 ma'chatus
1256 2029 1333 2076 est
1401 2039 1519 2076 eam
1574 2027 1632 2076 in
1697 2023 1854 2076 corde
1916 2038 2012 2076 suo

323 2113 541 2179 (Matth.
597 2117 712 2177 vn).
771 2112 982 2180 Tetigit
1038 2111 1191 2164 enim
1223 2127 1321 2164 cor
1368 2112 1489 2180 ejus
1532 2111 2010 2181 concupiscentia:

319 2202 541 2266 vitium,
576 2205 631 2253 et
661 2200 959 2252 immunda
1006 2199 1153 2252 facta
1191 2204 1276 2251 est
1327 2199 1519 2251 anima
1575 2199 1717 2267 ejus.
1769 2199 1825 2252 Si
1881 2199 2010 2268 quis

318 2306 455 2359 ergo
488 2289 591 2342 hoc
622 2289 790 2340 modo
823 2287 1001 2356 tangit
1051 2287 1301 2356 aliquam
1352 2302 1494 2352 rem,
1548 2287 1602 2339 id
1637 2293 1738 2351 est,
1789 2287 1876 2338 vel
1907 2303 2010 2356 per

316 2380 574 2434 mulieris
624 2377 1167 2447 concupiscentiam,
1210 2377 1292 2428 vel
1328 2391 1429 2445 per
1479 2376 1735 2445 pecunias
1785 2375 2006 2444 cupidi-

316 2475 511 2529 tatem.
541 2469 627 2520 vel
663 2467 774 2520 alio
806 2466 1064 2536 quolibet
1115 2465 1332 2534 peccati
1387 2463 1694 2526 desiderio,
1747 2464 2003 2516 immun-

315 2559 449 2612 dum
485 2557 672 2627 tetigit
719 2561 775 2609 et
814 2555 1147 2626 inquinatus
1194 2559 1296 2606 est.
1358 2553 1592 2622 Oportet
1644 2568 1780 2620 ergo
1841 2557 1916 2618 te,
1959 2553 2003 2605 si

315 2642 448 2711 quid
491 2643 605 2696 tale
665 2643 944 2713 tetigeris,
1003 2643 1146 2695 scire
1203 2642 1489 2712 quomodo
1537 2640 1740 2694 offeras
1793 2641 2005 2694 sacrifi-

313 2729 462 2783 cium
494 2732 805 2785 secundum
838 2749 901 2784 ea
943 2749 1069 2801 quae
1102 2731 1162 2784 in
1211 2730 1604 2800 superioribus
1656 2729 2003 2782 memoravi-

314 2834 458 2883 mus,
495 2823 554 2871 ut
587 2820 832 2872 mundus
863 2820 1006 2872 effici
1041 2819 1238 2888 possis.
1275 2819 1367 2870 Vis
1404 2817 1506 2871 tibi
1551 2817 1847 2871 ostendam
1878 2833 2002 2887 quae

312 2913 396 2960 est
424 2907 614 2961 anima
672 2925 801 2979 quae
831 2909 1017 2978 tetigit
1066 2911 1365 2968 mundum,
1405 2914 1456 2959 et
1505 2906 1802 2959 immunda
1857 2907 2003 2959 facta

313 3001 418 3060 est,
451 3000 507 3047 et
537 3012 763 3048 rursum
799 2997 985 3065 tetigit
1026 2997 1328 3059 mundum,
1362 3001 1418 3048 et
1447 2996 1591 3048 facta
1621 3008 1706 3047 est.
1751 2996 2002 3048 munda?

313 3083 414 3136 Illa
440 3099 565 3152 quae
597 3083 942 3152 profluvium
974 3084 1272 3153 sanguinis
1302 3099 1466 3152 passa
1497 3089 1596 3142 est.
1638 3089 1694 3135 et
1744 3081 2002 3151 erogavit

312 3185 543 3223 omnem
593 3171 968 3224 substantiam
1014 3187 1176 3224 suam
1209 3172 1264 3223 in
1317 3171 1588 3234 medicos,
1638 3186 1743 3222 nec
1783 3170 2003 3240 aliquid

310 3258 585 3327 proficere
619 3259 822 3328 potuit,
856 3276 958 3328 per
985 3259 1410 3313 immunditiam
1437 3258 1655 3328 peccati
1684 3259 1737 3310 in
1762 3259 1867 3311 hoc
1898 3259 2003 3312 de-

307 3348 499 3400 voluta
549 3354 651 3401 est.
687 3349 974 3418 Tetigerat
1022 3349 1175 3401 enim
1206 3353 1522 3416 peccatum,
1556 3351 1612 3399 et
1642 3346 1848 3399 idcirco
1900 3347 1998 3400 fla-

307 3437 520 3506 gellum
571 3437 757 3491 carnis
787 3442 1110 3506 acceperat;
1145 3437 1240 3489 sed
1287 3441 1658 3505 posteaquam
1693 3435 1804 3487 flde
1833 3436 2002 3504 plena

304 3524 493 3593 tetigit
535 3525 819 3578 fimbriam
871 3528 1025 3591 Jesu,
1084 3524 1240 3577 stetit
1289 3524 1473 3577 fluxus
1519 3522 1814 3592 sanguinis
1854 3523 2000 3592 ejus,

305 3617 360 3664 et
391 3617 621 3682 repente
665 3612 809 3664 facta
839 3615 924 3665 est
971 3613 1204 3676 munda,
1258 3627 1384 3682 quae
1434 3617 1564 3664 ante
1617 3627 1720 3680 per
1775 3617 1998 3665 tantum

302 3703 530 3767 tempus
557 3699 696 3751 vixit
726 3698 1042 3752 immunda.
1086 3700 1150 3752 Et
1180 3699 1664 3769 quemadmodum
1713 3716 1842 3752 cum
1876 3700 2000 3753 teti-

303 3787 477 3857 gisset
518 3788 826 3840 Dominum
855 3792 910 3840 et
940 3787 1312 3852 Salvatorem,
1355 3788 1495 3841 dixit
1528 3789 1648 3856 ipse
1680 3805 1692 3841 :
1743 3791 1878 3852 Quis
1917 3804 1998 3842 me

303 3877 480 3942 tetigit
510 3873 536 3927 ?
563 3877 674 3942 Ego
706 3879 847 3928 enim
877 3880 1020 3929 sensi
1048 3879 1303 3930 virtutem
1335 3880 1506 3930 emisse
1537 3877 1602 3930 de
1646 3893 1728 3930 me
1777 3878 1993 3946 (Matth.

305 3963 401 4030 ix),
432 3963 588 4016 illam
614 3963 736 4016 sine
773 3963 949 4017 dubio
989 3964 1257 4016 virtutem
1291 3965 1666 4034 intelligimus
1697 3981 1825 4035 qua:
1867 3981 1994 4018 mu-

2195 1885 2334 1937 ltem
2386 1885 2538 1938 idem
2571 1885 2628 1940 in
2671 1887 2870 1939 eodem
2934 1887 3114 1940 libro:
3151 1909 3178 1938 (ι
3232 1887 3458 1941 Discant
3499 1888 3802 1941 sacerdotes

2127 1973 2353 2025 Domini
2386 1974 2484 2043 qui
2519 1975 2776 2027 Ecclesiis
2807 1981 3082 2044 praesunt,
3113 1977 3250 2046 quia
3292 1993 3420 2046 pars
3447 1977 3530 2029 eis
3561 1977 3690 2029 data
3731 1982 3800 2028 est

2120 2077 2249 2114 cum
2279 2061 2363 2113 his
2408 2079 2656 2132 quorum
2697 2064 2904 2116 delicta
2949 2065 3468 2134 repropitiaverint.
3508 2065 3658 2128 Quid
3703 2082 3789 2117 au-

2121 2154 2235 2202 tem
2263 2155 2349 2202 est
2380 2151 2758 2221 repropitiare
2791 2152 3062 2206 delictum
3083 2154 3111 2206 ?
3153 2153 3208 2207 Si
3262 2155 3642 2222 assiimpsoris
3686 2171 3796 2222 pec-

2118 2245 2389 2302 catorem,
2415 2249 2470 2292 et
2510 2241 2823 2306 monendo,
2871 2242 3172 2303 hortando,
3206 2243 3485 2307 docendo,
3519 2244 3794 2296 instruen-

2118 2327 2212 2393 do,
2247 2329 2553 2382 adduxeris
2582 2346 2712 2382 eum
2744 2331 2810 2383 ad
2867 2331 3285 2399 paenitentiam,
3333 2333 3399 2384 ab
3450 2349 3644 2385 errore
3687 2348 3793 2383 cor-

2115 2416 2350 2482 rexeris,
2411 2435 2440 2470 a
2523 2417 2666 2470 vitiis
2733 2420 3146 2482 emendaveris,
3232 2426 3290 2473 et
3351 2421 3609 2474 effeceris
3681 2435 3792 2472 eum

2115 2506 2311 2572 talem,
2346 2512 2407 2558 ut
2442 2506 2492 2558 ei
2519 2523 2796 2560 converso
2822 2509 3106 2577 propitius
3137 2509 3237 2561 fiat
3268 2510 3435 2575 Deus,
3467 2526 3570 2578 pro
3606 2509 3788 2562 delicto

2114 2595 2518 2662 repropitiasse
2567 2595 2790 2649 diceris.
2850 2596 2909 2649 Si
2941 2613 3076 2665 ergo
3116 2598 3243 2650 talis
3301 2598 3476 2650 fueris
3531 2599 3786 2654 sacerdos,

2113 2686 2169 2733 et
2197 2683 2324 2734 talis
2355 2683 2528 2736 fuerit
2553 2683 2806 2737 doctrina
2843 2690 2940 2738 tua
2980 2691 3035 2737 et
3081 2701 3269 2738 sermo
3319 2690 3474 2748 tuus,
3526 2702 3656 2755 pars
3703 2685 3786 2736 tibi

2112 2769 2279 2822 datur
2323 2788 2519 2824 eorum
2568 2789 2711 2842 quos
2759 2774 3099 2838 correxeris;
3149 2780 3210 2828 ut
3251 2775 3486 2827 illorum
3538 2775 3782 2828 meritum

2115 2863 2448 2912 tuamerces
2475 2861 2566 2924 sit,
2593 2867 2648 2914 et
2690 2861 2920 2914 illorum
2963 2863 3114 2914 salus
3152 2867 3250 2914 tua
3288 2862 3492 2932 gloria.
3538 2865 3649 2914 Aut
3689 2876 3782 2912 non

2111 2953 2166 3001 et
2196 2951 2499 3017 Apostolus
2529 2951 2650 3003 lizec
2678 2950 2944 3016 ostendit,
2983 2951 3077 3004 ubi
3110 2951 3248 3004 dicit
3278 2967 3289 3003 :
3336 2952 3480 3014 Quia
3529 2950 3671 3018 quod
3715 2964 3782 3000 su-

2042 3027 2080 3081 C
2109 3037 2564 3106 peraediﬁcavcrit
2611 3041 2755 3107 quis,
2812 3040 3102 3095 mercedem
3150 3041 3377 3108 accipiet
3430 3041 3480 3109 (1
3535 3037 3657 3091 Cor.
3719 3051 3780 3097 ιιι,

2115 3125 2245 3192 14)Ῡ
2295 3127 2624 3195 lntelligaut
2668 3127 2845 3197 igitur
2899 3128 3214 3182 sacerdotes
3251 3127 3500 3192 Domini,
3568 3125 3661 3178 ubi
3717 3128 3783 3174 est

2110 3213 2192 3265 eis
2217 3213 2347 3266 data
2371 3216 2582 3284 portio,
2617 3223 2673 3270 et
2711 3217 2772 3269 in
2808 3217 2915 3270 hoc
2954 3208 3171 3282 vacent,
3223 3222 3394 3286 atque
3438 3216 3526 3268 his
3576 3227 3782 3284 operam

2108 3301 2273 3363 dent;
2306 3319 2419 3356 non
2459 3319 2517 3356 se
2565 3303 2834 3357 inanibus
2878 3310 2934 3358 et
2979 3304 3284 3374 superfluis
3331 3304 3555 3356 actibus
3606 3300 3781 3368 impli-v

2107 3392 2264 3451 cent;
2297 3390 2392 3440 sed
2429 3391 2608 3443 sciant
2660 3407 2716 3444 se
2757 3392 2815 3444 in
2849 3392 3008 3445 nullo
3066 3391 3175 3445 alio
3230 3398 3451 3462 patrem
3508 3390 3784 3444 habituros

2109 3475 2260 3541 apud
2298 3476 2499 3543 Deum,
2549 3463 2661 3530 nisi
2694 3479 2751 3531 in
2800 3495 2865 3532 eo
2914 3480 3070 3550 quod
3102 3480 3345 3532 offerunt
3385 3496 3488 3550 pro
3535 3477 3778 3548 peccatis;

2104 3560 2161 3614 id
2196 3567 2298 3628 est,
2334 3565 2484 3633 quod
2551 3583 2580 3618 a
2627 3566 2714 3619 via
2775 3568 2988 3637 peccati
3027 3569 3414 3621 converterint
3457 3572 3780 3638 peccatores.

2105 3653 2424 3707 Notandum
2454 3655 2627 3709 etiam
2661 3657 2796 3710 illud
2836 3663 2937 3724 est,
2994 3659 3146 3729 quod
3178 3675 3303 3728 quae
3351 3659 3670 3712 offeruntur
3732 3654 3779 3706 in

2104 3740 2521 3809 holocaustum,
2584 3744 2862 3799 interiora
2929 3752 3092 3812 sunt;
3155 3747 3309 3818 quod
3367 3763 3500 3800 vero
3556 3744 3781 3799 exterius

2103 3835 2206 3895 est,
2244 3830 2485 3884 Domino
2517 3848 2631 3884 non
2673 3833 2930 3887 offertur.
2967 3833 3131 3887 Pellis
3195 3833 3438 3887 Domino
3482 3850 3595 3887 non
3635 3832 3780 3886 offer-

2101 3922 2216 3984 tur,
2245 3935 2348 3972 nec
2376 3921 2525 3974 cedit
2555 3921 2613 3973 in
2645 3922 3119 3975 holocautomata.
3155 3946 3174 3969 ι

303 4051 500 4104 lierem
535 4058 831 4104 sanaverat
861 4057 918 4104 et
947 4051 1157 4106 fecerat
1201 4068 1327 4105 eam
1377 4053 1679 4118 mundam;
1715 4053 1794 4106 sic
1826 4053 1992 4106 intel-
2799 4036 2924 4090 CAP-
2969 4037 3112 4090 CLX'

300 4140 594 4208 ligendum
650 4147 755 4208 est,
804 4141 900 4210 qui
957 4141 999 4192 si
1091 4141 1218 4210 quis
1273 4141 1584 4210 contigerit
1673 4146 1991 4210 peccatum,
2174 4148 2309 4200 ltem
2370 4147 2524 4201 idem
2581 4147 2637 4201 in
2698 4149 2843 4203 libro
2913 4155 3066 4204 sexto
3124 4151 3350 4206 Levitici
3421 4154 3646 4220 (Homit.
3713 4156 3774 4212 6):

300 4233 464 4280 exeat
494 4245 555 4281 ex
583 4229 706 4298 ipso
739 4234 968 4298 peccato
1004 4230 1182 4282 virtus
1231 4230 1492 4298 quaedam
1545 4229 1818 4299 maligna,
1865 4246 1994 4298 quas
2101 4252 2131 4286 υ
2167 4235 2504 4305 Requiritur
2527 4237 2683 4290 enim
2725 4239 2782 4290 in
2830 4239 3150 4294 ordinando
3204 4241 3497 4294 sacerdote
3552 4248 3611 4295 et
3653 4255 3775 4309 prm-

300 4332 431 4368 eum
459 4316 558 4386 qui
596 4334 654 4368 se
683 4317 923 4386 contigit
971 4317 1136 4369 faciat
1183 4317 1568 4370 immundum.
1634 4317 1698 4370 Et.
1745 4316 1851 4370 hoc
1908 4323 1993 4370 est
2033 4338 2075 4391 ι)
2108 4324 2290 4375 sentia
2321 4323 2538 4393 populi,
2571 4329 2634 4377 ut
2666 4326 2845 4380 sciant
2871 4342 3072 4380 omnes
3102 4333 3156 4380 et
3195 4330 3333 4383 certi
3364 4330 3480 4382 sint
3521 4331 3622 4400 qui
3651 4344 3776 4400 pra?-

299 4419 429 4456 vere
452 4404 750 4473 contigisse
792 4403 1177 4456 immundum.
1226 4401 1411 4456 Simili
1451 4404 1670 4456 ratione
1719 4405 1887 4457 etiam
1922 4404 1990 4458 de
2105 4411 2352 4464 stantior
2380 4417 2464 4464 est
2492 4428 2557 4464 ex
2587 4413 2744 4464 omni
2792 4415 3035 4483 populo;
3086 4415 3184 4484 qui
3237 4416 3477 4478 doctior,
3525 4417 3626 4486 qui
3665 4429 3774 4468 san-

300 4491 602 4544 morticino
635 4491 903 4557 hominis,
937 4493 1021 4544 vel
1064 4492 1132 4544 de
1179 4491 1479 4545 morticina
1522 4492 1743 4561 pecoris
1792 4493 1992 4546 mundi
2103 4500 2267 4564 ctior,
2303 4501 2401 4570 qui
2431 4503 2587 4554 omni
2637 4503 2842 4556 virtute
2887 4504 3250 4570 eminentior,
3277 4506 3370 4559 ille
3409 4506 3679 4576 deligitur
3719 4500 3774 4554 ad

299 4583 396 4630 aut
426 4579 708 4633 immundi
737 4578 1037 4632 dicendum
1079 4583 1184 4632 est.
1219 4598 1245 4628 ιι
2102 4588 2505 4655 sacerdotium,
2541 4595 2594 4643 et
2624 4591 2732 4643 hoc
2762 4596 2980 4645 astante
3014 4594 3251 4662 populo,
3283 4609 3355 4647 ne
3392 4609 3507 4664 qua
3537 4599 3772 4664 postmo-

943 4723 1070 4776 CAP.
1114 4722 1340 4777 CLVI”.
2101 4677 2238 4729 dum
2294 4679 2618 4731 retractatio
2673 4680 2962 4749 cuiquam,
3015 4697 3085 4734 ne
3143 4682 3243 4751 qui
3297 4684 3605 4752 scrupulus
3649 4680 3774 4734 τεεί.

1059 4763 1070 4773 ·
1115 4760 1340 4777 υυ’““
2101 4766 2249 4818 deat.
2311 4767 2426 4819 Hoc
2475 4771 2666 4820 autem
2725 4768 2878 4838 quod
2935 4774 2990 4822 et
3045 4773 3348 4840 Apostolus
3410 4771 3669 4843 praecipit
3726 4768 3772 4820 in

370 4849 504 4900 ltem
565 4848 717 4902 idem
771 4847 831 4900 in
890 4848 1034 4900 libro
1094 4846 1293 4916 quinto
1356 4845 1582 4900 Levitici
1640 4846 1844 4915 (homit.
1877 4850 1985 4914 5):
2100 4853 2456 4908 ordinatione
2511 4857 2840 4918 sacerdotis,
2899 4857 3132 4911 dicens:
3189 4859 3408 4927 Oportet
3445 4865 3626 4913 autem
3674 4871 3773 4910 eum

367 4937 735 5006 Consequens
770 4939 871 4998 est,
907 4943 968 4989 ut
1001 4936 1312 4989 secundum
1371 4935 1684 5006 imaginem
1737 4938 1859 5004 ejus
1887 4937 1985 5007 qui
2098 4947 2148 4993 et
2197 4943 2559 4996 testimonium
2599 4944 2791 4997 habere
2853 4945 3045 4999 bonum
3094 4946 3162 4999 ab
3207 4949 3292 5000 his
3335 4950 3432 5015 qui
3483 4951 3622 5014 foris
3667 4949 3773 5000 sunt

295 5023 678 5076 sacerdotium
706 5023 961 5076 Ecclesiae
995 5024 1170 5088 dedit,
1204 5023 1377 5077 etiam
1409 5024 1655 5077 ministri
1699 5030 1754 5077 et
1801 5041 1986 5077 sacer-
2099 5031 2148 5092 (ι
2184 5031 2320 5081 Tim.
2358 5033 2461 5098 ιιι).
2492 5033 2634 5100 Ergo
2665 5037 2857 5085 tamen
2889 5041 2946 5086 et
2987 5034 3236 5102 amplius
3265 5035 3481 5104 aliquid
3525 5037 3681 5089 video
3725 5032 3769 5084 in

293 5112 456 5164 dotes
522 5114 779 5166 Ecclesiae
853 5119 1078 5181 peccata
1156 5114 1351 5183 populi
1413 5114 1716 5183 accipiant,
1765 5119 1817 5166 et
1876 5114 1986 5183 ipsi
2097 5133 2164 5170 eo
2189 5117 2342 5186 quod
2373 5119 2528 5183 dicit,
2553 5119 2688 5190 quia
2715 5122 3040 5174 convocavit
3083 5122 3298 5192 Moyses
3341 5138 3575 5177 omnem
3624 5137 3771 5192 syna-

293 5198 580 5250 imitantes
618 5200 976 5269 magistrum,
1021 5201 1423 5255 remissionem
1470 5203 1684 5272 populo
1736 5209 1986 5270 peccato—
2097 5221 2326 5275 gogam,
2361 5212 2414 5260 et
2445 5214 2584 5277 puto
2613 5209 2764 5278 quod
2797 5225 3106 5263 convocare
3150 5226 3526 5280 synagogam,
3578 5212 3679 5266 hoc
3712 5208 3769 5260 sit

297 5301 425 5338 rum
475 5287 748 5342 tribuant.
815 5290 1031 5343 Debent
1086 5307 1222 5360 ergo
1278 5296 1334 5344 et
1392 5292 1502 5360 ipsi
1560 5293 1821 5345 Ecclesia?
1891 5309 1983 5345 sa-
2096 5294 2362 5364 colligere
2393 5312 2591 5349 omnes
2624 5297 2798 5350 animi
2837 5297 3075 5351 virtutes
3106 5299 3164 5352 in
3207 5315 3410 5364 unum,
3445 5306 3502 5353 et
3555 5312 3764 5368 congre-

294 5372 547 5426 cerdotes
585 5375 682 5445 ita'j
707 5378 944 5445 perfecti
974 5395 1116 5443 esse,
1159 5385 1214 5432 et
1262 5379 1320 5432 in
1359 5380 1561 5434 officiis
1621 5381 1983 5434 sacerdotali-
2095 5399 2230 5452 gare
2261 5383 2320 5436 in
2354 5399 2534 5437 unum
2563 5385 2825 5450 virtutes,
2857 5392 2920 5440 ut
2961 5403 3089 5440 cum
3140 5403 3327 5441 sermo
3365 5387 3435 5442 de
3473 5389 3760 5443 sacerdota-

295 5460 399 5511 bus
429 5461 657 5527 eruditi,
690 5468 754 5516 ut
777 5470 1002 5532 peccata
1033 5466 1229 5534 populi
1258 5465 1316 5518 in
1347 5467 1468 5519 loco
1514 5473 1706 5521 sancto
1738 5468 1797 5521 in
1826 5468 1986 5521 atriis
2094 5471 2243 5523 libus
2299 5473 2663 5526 sacramentis
2722 5473 2983 5541 habetur,
3065 5475 3299 5542 vigilent
3355 5493 3557 5530 omnes
3612 5471 3763 5531 animi

303 5545 649 5600 tabernaculi
713 5550 1047 5613 testimonii,
1096 5553 1206 5621 ipsi
1271 5569 1383 5606 non
1445 5556 1727 5623 peccando
1771 5573 1983 5610 consu-
2095 5559 2351 5624 virtutes,
2384 5565 2441 5614 et
2469 5561 2704 5614 intentze
2737 5562 2968 5628 sint,ut
3010 5563 3153 5616 nihil
3208 5563 3268 5616 in
3325 5564 3412 5617 his
3468 5565 3756 5636 sapientia),
