3846 6244
59 319 156 367 ’ῖ3ἷ

1327 317 1530 372 LIBER
1576 317 1932 373 ADVERSUS
1972 317 2286 373 GRAECOS.

3459 330 3558 380 738

56 444 193 498 nihil
221 445 488 507 scientiae,
526 444 671 497 nihil
707 445 854 498 desit
892 445 1208 510 industriae,
1254 447 1351 500 sed
1389 449 1536 500 adsit
1567 448 1753 501 omnis
1792 455 1833 505 Α
1865 453 2065 500 contra
2111 447 2282 501 ﬁdem
2343 449 2601 502 Ecclesiae
2659 451 2830 504 unius
2887 454 3184 521 tyrannica
3247 457 3555 510 auctoritas

55 533 350 588 multitudo
383 550 687 597 sensuum,
724 534 869 588 adsit
907 535 1094 587 omnis
1125 536 1496 605 congregatio
1530 542 1750 589 sancta-

55 635 172 674 rum
205 622 646 690 cogitationum,
685 623 909 692 utquid
943 622 1016 674 sit
1045 623 1323 692 pontifex,
1363 624 1498 692 quid
1533 623 1747 688 unctio,

55 711 181 779 quid
215 711 558 763 indumenta
586 711 710 778 ejus
751 710 1069 773 conferant,
1103 710 1258 764 intra
1287 712 1599 764 sacrarium
1628 727 1750 764 cor-

52 797 129 852 dis
156 798 241 850 sui
269 800 452 867 possit
485 800 803 852 advertere.
843 819 869 847 ι)

746 913 871 966 CAP.
905 913 1074 966 CLXI.

117 1028 250 1079 Item
301 1026 456 1078 idem
503 1026 564 1079 in
591 1027 820 1080 ‘eodem
870 1027 1058 1080 libro:
1097 1045 1121 1077 ι
1149 1027 1358 1080 Octava
1409 1026 1622 1096 species
1671 1027 1748 1080 ibi

53 1115 274 1184 ponitur
304 1120 650 1182 campestre,
685 1114 824 1179 sive,
852 1120 913 1166 ut
957 1113 1092 1167 alibi
1141 1114 1411 1183 legimus,
1449 1114 1747 1168 femoralia

57 1203 211 1265 linea,
243 1203 314 1254 de
346 1217 461 1271 quo
493 1201 587 1254 hic
619 1202 772 1254 inter
799 1206 1002 1254 caetera
1025 1200 1182 1252 siluit
1213 1200 1571 1253 indumenta.
1605 1201 1747 1263 Quid

59 1306 179 1358 ergo
204 1289 505 1342 dicemus"
534 1288 898 1342 Oblivionem
929 1288 1194 1342 dabimus
1233 1288 1293 1340 in
1335 1288 1521 1341 verbis
1561 1277 1748 1357 Spiri—

59 1387 136 1429 tus
170 1378 376 1442 sancti,
405 1382 465 1430 ut
510 1393 639 1431 cum
683 1382 885 1430 caetera
925 1377 1116 1429 omnia
1158 1376 1406 1430 secundo
1446 1393 1746 1430 enarrare-

61 1469 138 1525 rit,
191 1482 301 1518 una
361 1481 496 1519 eum
550 1465 767 1534 species
815 1465 1078 1534 superius
1128 1464 1277 1518 dicta
1315 1464 1582 1518 latuerit?
1623 1464 1747 1517 Non

60 1553 229 1605 audeo
286 1553 407 1605 hinc
455 1555 524 1605 de
577 1553 750 1606 sacris
793 1552 1007 1606 sentire
1069 1552 1452 1616 sermonibus,
1506 1552 1602 1605 sed
1658 1553 1747 1605 vi-

64 1643 282 1694 deamus
327 1658 398 1694 ne
443 1641 594 1695 forte
646 1643 918 1712 quoniam
969 1641 1026 1694 in
1069 1640 1461 1710 superioribus
1502 1640 1748 1693 diximus

63 1730 148 1781 hoc
181 1746 362 1797 genus
396 1729 724 1782 indumenti
770 1729 1041 1782 indicium
1084 1729 1356 1781 castitatis
1399 1727 1596 1793 videri,
1632 1744 1744 1798 quo

63 1820 130 1870 vel
183 1821 397 1871 femora
436 1820 650 1888 operiri
694 1819 776 1871 vel
819 1818 1132 1886 constringi
1180 1833 1344 1870 renes
1384 1817 1647 1870 videntur
1685 1833 1748 1870 ac

66 1906 247 1970 iumbi,
282 1923 353 1958 ne
385 1907 552 1972 forte,
586 1907 844 1977 inquam,
881 1923 996 1960 non
1025 1922 1251 1975 semper
1279 1907 1334 1958 in
1362 1906 1471 1958 illis
1493 1907 1589 1976 qui
1615 1913 1748 1959 tunc

63 2000 206 2045 erant
247 1995 569 2047 sacerdotes
621 1996 722 2048 has
771 2002 962 2064 partes
1013 1994 1163 2046 dicat
1215 2011 1334 2046 esse
1389 1994 1742 2046 constrictas.

67 2083 372 2151 Aliquando
406 2084 561 2136 enim
595 2087 648 2136 ct
677 2085 746 2136 de
778 2083 1110 2153 posteritate
1142 2083 1368 2151 generis
1413 2088 1468 2135 et
1507 2082 1576 2136 de
1621 2099 1745 2135 suc-

66 2185 203 2220 cessu
254 2169 469 2222 sobolis
517 2171 870 2239 indulgetur,
934 2171 1027 2223 sed
1088 2186 1195 2239 ego
1240 2170 1299 2222 in
1361 2170 1745 2223 sacerdotibus

67 2257 306 2309 Ecclesiae
340 2258 675 2326 hujusmodi
697 2259 1137 2328 intelligentiam
1166 2274 1281 2311 non
1305 2259 1739 2312 introduxerim.

63 2347 169 2395 .tiio
202 2361 448 2413 namque
479 2362 600 2398 rem
637 2346 796 2399 video
827 2361 1055 2398 currere
1085 2351 1460 2398 sacramento.
1502 2348 1745 2400 Possunt

67 2434 197 2485 enim
229 2438 283 2484 et
321 2434 374 2485 in
425 2433 672 2486 Ecclesia
707 2433 1027 2486 sacerdotes
1063 2438 1120 2486 et
1165 2436 1420 2486 doctores
1459 2434 1604 2487 filios
1643 2450 1740 2503 ge-

67 2536 265 2584 nerare,
318 2523 461 2574 sicut.
503 2527 559 2575 et
618 2521 711 2574 ille.
757 2522 855 2592 qui
897 2521 1162 2575 dicebat:
1210 2523 1390 2575 Filioli
1436 2524 1560 2588 mei,
1613 2537 1743 2590 quos

67 2610 236 2660 iterum
285 2613 568 2678 parturio,
623 2611 784 2664 donec
849 2613 1116 2676 formetur
1181 2611 1428 2666 Christus
1487 2614 1542 2663 in
1593 2612 1742 2665 vobis

83 2698 190 2749 Gut.
225 2714 295 2761 iv,
347 2701 456 2766 l9).
502 2699 568 2751 Et
608 2700 817 2752 iterum
869 2698 1001 2752 alibi
1051 2699 1235 2752 dicit:
1293 2702 1528 2753 Tametsi
1570 2701 1743 2753 multa

67 2786 239 2836 militia
292 2786 716 2854 padagogorum
770 2787 1015 2840 habeatis
1088 2790 1146 2839 in
1201 2787 1444 2852 Christo,
1507 2788 1600 2840 sed
1639 2805 1743 2842 non

67 2876 234 2925 multos
283 2881 485 2942 patres.
549 2878 691 2929 Nam
738 2879 794 2928 in
848 2877 1059 2931 Christo
1110 2878 1233 2928 Jcsu
1260 2893 1358 2944 per
1391 2878 1742 2944 Evangelium

66 2977 140 3030 ego
173 2977 257 3016 vos
284 2967 452 3032 genui
486 2966 542 3028 (Ι
581 2967 697 3019 Cor.
745 2981 814 3030 iv,
878 2967 984 3031 lii).
1033 2965 1124 3018 Isti
1167 2981 1304 3034 ergo
1344 2966 1600 3018 doctores
1645 2967 1740 3019 Ec-

68 3051 228 3103 clesia:
258 3054 311 3104 in
361 3054 695 3121 hujusmodi
736 3054 1198 3122 generationibus
1239 3056 1605 3123 procreandis
1634 3055 1736 3108 ali-

67 3141 268 3206 quando
302 3141 629 3194 constrictis
655 3143 1027 3196 femoralibus
1066 3148 1332 3209 utuntur,
1364 3149 1420 3196 et
1450 3143 1740 3196 abstinent

66 3245 90 3278 a
114 3232 454 3296 generando,
489 3248 621 3284 cum
657 3232 796 3284 tales
840 3231 1162 3284 invenerint
1191 3232 1481 3285 auditores
1512 3232 1570 3284 in
1612 3233 1737 3301 qui-

67 3318 153 3368 bus
182 3320 356 3372 sciant
388 3337 446 3372 se
488 3320 735 3373 fructum
781 3319 986 3373 habere
1029 3337 1142 3373 non
1180 3337 1361 3390 posse.
1401 3320 1656 3389 Denique
1685 3325 1740 3372 et

65 3407 109 3457 in
140 3409 360 3460 Actibus
392 3409 782 3477 apostolorum
817 3408 1060 3460 refertur
1089 3408 1158 3461 de
1183 3409 1521 3478 quibusdam
1552 3408 1740 3474 :Quod

67 3510 152 3546 non
205 3502 503 3564 potuimus,
569 3496 776 3566 inquit,
842 3499 899 3548 in
959 3500 1097 3551 Asia
1145 3498 1363 3550 verbum
1434 3499 1534 3551 Dei
1595 3500 1744 3565 loqui

71 3585 192 3640 .QAct.
236 3584 365 3648 xu).
413 3585 527 3636 Hoc
564 3591 651 3636 est
696 3585 962 3654 imposita
1007 3585 1273 3638 habuisse
1321 3586 1634 3652 femornlia,
1686 3591 1741 3639 et

69 3671 387 3723 continuisse
415 3688 473 3723 se
507 3688 580 3724 ne
627 3672 776 3724 tilios
805 3679 1167 3742 generarent,
1212 3673 1311 3744 qui
1360 3674 1570 3726 scilicet
1599 3675 1740 3728 tales

69 3765 204 3811 erant
233 3760 544 3824 auditores,
581 3761 638 3812 in
681 3761 889 3830 quibus
921 3768 977 3815 et
1016 3778 1211 3816 semen
1255 3762 1490 3832 periret,
1534 3768 1589 3817 et
1624 3780 1738 3817 non

67 3854 230 3913 posset
255 3848 452 3901 haberi
485 3850 786 3903 successio.
821 3850 910 3904 Sic
938 3867 1074 3920 ergo
1119 3852 1378 3905 Ecclesiae
1421 3853 1739 3906 sacerdotes

67 3949 174 3987 cum
226 3936 523 4005 incapaces
582 3953 749 3990 aures
806 3939 1070 4005 viderint,
1127 3945 1386 3993 autcum
1439 3940 1738 3994 simulatos

65 4024 411 4092 inspexerint,
444 4032 505 4078 et
537 4026 863 4095 bypocritas
891 4027 1202 4092 auditores,
1251 4028 1552 4097 imponant
1585 4046 1739 4082 cam-

65 4119 242 4179 pestre,
277 4119 516 4167 utantur
545 4113 940 4181 femoralibus,
974 4132 1090 4174 non
1123 4121 1318 4186 pereat
1347 4133 1542 4170 semen
1580 4118 1738 4170 verbi

61 4199 158 4266 Dei,
190 4202 318 4270 quia
360 4207 418 4255 et
469 4203 743 4255 Dominus
791 4204 988 4256 eadem
1031 4205 1264 4258 mandat
1313 4211 1366 4258 et
1417 4205 1554 4258 dicit
1587 4221 1599 4259 :
1629 4207 1736 4261 Νο-

62 4289 134 4340 lite
160 4294 363 4343 mittere
393 4296 643 4344 sanctum
673 4293 917 4356 canibus,
949 4307 1118 4360 neque
1155 4295 1490 4360 margaritas
1528 4300 1734 4348 vestras
1775 4311 1817 4363 ι)

62 4385 159 4429 ante
192 4394 401 4446 porcos,
446 4395 512 4432 ne
548 4380 693 4444 forte
740 4382 1043 4435 conculca-nt
1074 4397 1162 4435 eas
1207 4382 1438 4451 pedibus
1517 4389 1566 4437 et
1611 4399 1733 4436 con-

61 4469 176 4518 uersi
197 4472 461 4534 rumpant
496 4482 586 4520 vos
617 4468 835 4535 (Matth.
866 4485 960 4534 vn,
991 4469 1065 4538 6.)
1102 4491 1128 4518 ι

700 4584 829 4638 CAP.
863 4585 1067 4640 CLXII.

117 4677 377 4745 Isidorus,
441 4681 731 4749 Spalensis
785 4683 1040 4736 Ecclesia!
1101 4684 1423 4754 episcopus,
1481 4686 1537 4738 in
1584 4685 1732 4738 libro

62 4764 363 4820 Ofﬁciorum
437 4769 693 4822 secundo
757 4776 896 4839 (cap.
956 4774 1010 4839 ὃ)
1080 4773 1156 4825 sic
1225 4773 1403 4826 dicit:
1480 4797 1502 4817 ‹‹
1563 4773 1726 4837 Quod

65 4869 166 4905 vero
221 4857 393 4908 unius
443 4858 740 4925 virginalis
789 4860 1143 4913 matrimonii
1195 4861 1309 4912 sint
1357 4863 1453 4931 qui
1509 4863 1728 4930 eligan-

62 4947 130 4993 tur
157 4944 208 4996 in
239 4946 506 4998 ordinem
558 4947 943 5014 pontificatus,
996 4955 1052 5001 et
1095 4949 1153 5001 in
1205 4952 1384 5002 veteri
1420 4953 1543 5020 lege
1578 4967 1734 5003 man-

64 5031 224 5086 datum
291 5040 399 5099 est,
473 5040 524 5086 et
597 5035 820 5104 plenius
881 5038 1077 5090 scribit
1127 5039 1433 5108 Apostolus
1489 5039 1727 5094 dicens:

61 5120 195 5174 t'nius
281 5125 479 5175 uxoris
571 5125 770 5176 virum.
865 5125 1228 5180 Sacerdotem
1317 5126 1471 5179 enim
1567 5143 1727 5196 quie-

57 5207 112 5258 rit
155 5210 391 5262 Ecclesia
447 5213 544 5262 aut
598 5212 667 5264 de
719 5214 1085 5282 monogamia
1127 5215 1479 5280 ordinatum,
1521 5221 1619 5268 aut
1661 5218 1730 5270 de

59 5294 405 5362 iirginalitate
464 5304 749 5353 sanctum.
818 5303 862 5354 Α
927 5302 1158 5371 digamo
1217 5309 1409 5356 autem
1471 5304 1732 5357 aufertur

58 5397 194 5450 agere
235 5387 650 5440 sacerdotium.
706 5389 881 5442 Porro
929 5390 1084 5459 quod
1140 5392 1442 5461 episcopus
1491 5409 1607 5445 non
1661 5392 1729 5444 ab

59 5484 167 5532 uno,
196 5473 287 5525 sed
320 5490 352 5526 a
382 5473 610 5526 cunctis
633 5475 1076 5543 provincialibus
1100 5478 1380 5547 episcopis
1406 5479 1724 5545 ordinatur,

62 5556 102 5607 id
129 5567 343 5630 propter
375 5563 628 5616 haereses
660 5565 987 5630 agnoscitur
1028 5565 1372 5628 institutum,
1408 5583 1478 5621 ne
1508 5567 1725 5637 aliquid

1863 537 2182 590 moliretur.
2237 537 2482 606 Ideoque
2525 538 2593 590 ab
2634 539 2900 592 omnibus
2947 541 3419 596 convenientibus
3469 544 3554 596 in-

1863 626 2138 691 stituitur,
2171 632 2232 677 ut
2262 641 2377 678 non
2413 627 2600 678 minus
2630 643 2662 678 a
2692 628 2876 680 tribus
2908 630 3301 696 praesentibus,
3335 632 3554 685 cmteris

1860 718 2050 766 tamen
2099 713 2584 767 consentientibus
2629 715 2956 768 testimonio
3004 716 3344 772 litterarum.
3412 720 3550 773 Huic

1859 807 2050 854 autem
2082 801 2219 854 dum
2265 809 2648 865 consecratur,
2692 802 2858 855 datur
2901 805 3152 870 baculus,
3198 813 3259 858 ut
3295 807 3417 875 ejus
3463 808 3550 860 in-

1859 888 2007 942 dicio
2040 888 2324 942 subditam
2360 889 2584 958 plebem
2614 891 2698 942 vel
2731 897 2888 959 regat
2919 893 3001 945 vel
3033 895 3298 962 corrigat,
3343 896 3427 948 vel
3464 896 3555 948 in-

1859 977 2160 1030 ﬁrmitates
2199 977 2564 1031 inﬁrmorum
2613 979 2910 1033 sustineat.
2970 981 3144 1034 Datur
3193 988 3248 1034 et
3305 985 3554 1037 annulus

1859 1072 2094 1134 propter
2124 1066 2351 1135 signum
2384 1068 2728 1136 pontificalis
2765 1068 3017 1133 honoris,
3062 1070 3145 1121 vel
3193 1071 3551 1138 signaculum

1860 1160 2229 1207 secretorum.
2264 1176 2285 1202 ρ

2513 1245 2639 1297 CAP.
2675 1245 2894 1299 CLXIII.

1928 1350 2068 1401 Item
2099 1348 2250 1402 idem
2289 1349 2347 1402 in
2379 1349 2581 1402 eodem
2607 1350 2748 1403 libro
2784 1367 2796 1403 :
2835 1372 2861 1396 ‹‹
2895 1351 2999 1414 Qui
3035 1353 3188 1405 enim
3217 1353 3554 1406 erudiendis

1857 1441 2029 1505 atque
2070 1437 2435 1490 instituendis
2475 1438 2545 1491 ad
2585 1438 2853 1491 virtutem
2897 1439 3124 1507 populis
3163 1439 3414 1508 praeerit,
3451 1455 3552 1492 ne-

1857 1541 2007 1578 cesse
2039 1531 2124 1577 est
2155 1530 2215 1577 ut
2259 1525 2316 1578 in
2357 1526 2624 1580 omnibus
2656 1531 2884 1579 sanctus
2915 1528 3004 1584 sit,
3049 1532 3108 1579 et
3157 1529 3216 1580 in
3249 1529 3406 1580 nullo
3454 1543 3548 1580 re-

1856 1613 2258 1683 prehensibilis
2291 1614 2586 1679 habeatur,
2623 1635 2649 1662 ››
2682 1620 2813 1683 etc.,
2846 1614 3124 1683 usquead,
3151 1614 3552 1669 distributione

1859 1710 2092 1754 secreta.

2511 1791 2638 1843 CAP.
2675 1791 2896 1844 CLXIV.

1927 1897 2066 1948 Item
2098 1895 2249 1948 idem
2277 1896 2332 1948 in
2366 1896 2562 1970 eodem
2589 1896 2731 1948 libro
2763 1897 2905 1963 (cap.
2945 1897 3026 1966 I7)
3063 1913 3074 1950 :
3107 1918 3133 1944 ‹‹
3170 1899 3414 1967 Pcrgant
3444 1899 3552 1968 igi-

1853 1988 1949 2037 tur
1974 1985 2222 2052 virgines
2269 1984 2418 2036 viam
2465 1984 2850 2050 sublimitatis,
2893 1986 3035 2054 pede
3083 1986 3422 2039 humilitatis
3458 2005 3551 2042 se-

1855 2079 2108 2143 quantur
2146 2073 2458 2136 Christum,
2509 2072 2756 2125 tenendo
2793 2081 3225 2141 perseveranter
3265 2076 3414 2144 quod
3447 2091 3550 2128 vo-

1852 2165 2059 2213 verunt
2088 2160 2358 2212 ardenter
2386 2176 2398 2212 :
2435 2160 2513 2212 ita
2545 2165 2606 2212 ut
2637 2160 2877 2228 professi
2909 2163 3028 2213 -hac
3071 2169 3292 2215 servata
3323 2164 3551 2234 integri-

1853 2248 2232 2314 tate,czeteris
2264 2249 2433 2302 etiam
2480 2249 2731 2301 moribus
2775 2255 3112 2318 congruant,
3166 2251 3288 2304 sine
3340 2253 3548 2322 quibus

1853 2338 2049 2406 procul
2085 2337 2258 2390 dubio
2291 2337 2471 2389 otiosa
2492 2341 2548 2389 et
2571 2337 2756 2389 inanis
2780 2342 2973 2390 manet
2994 2337 3315 2407 virginitas,
3355 2361 3376 2387 ι
3408 2345 3539 2405 etc.,

1851 2441 2018 2494 usque
2046 2425 2138 2491 ad,
2175 2440 2405 2478 carnem
2435 2423 2661 2478 vincere
2699 2428 3026 2494 potuerunt.

2524 2530 2650 2584 CAP.
2680 2529 2870 2584 CLXV.

1925 2631 2060 2682 Item
2093 2628 2246 2682 idem
2273 2629 2330 2682 in
2350 2627 2548 2681 eodem
2577 2627 2754 2680 libro:
2783 2650 2809 2674 ‹‹
2834 2631 2976 2680 Ante
3000 2628 3310 2682 adventum
3334 2631 3544 2702 quippe

1853 2717 2061 2772 Christi
2104 2717 2374 2786 conjugia
2401 2716 2662 2784 placuere
2699 2716 2831 2779 Deo,
2865 2722 2994 2785 post
3031 2717 3334 2771 adventum
3363 2719 3542 2788 virgi-

1853 2805 2022 2866 nitas,
2052 2826 2077 2852 ››
2113 2811 2241 2872 etc.,
2268 2819 2434 2872 usque
2459 2803 2553 2871 ad,
2583 2804 2786 2856 cmlum
2821 2804 3220 2873 adimplealur.

2525 2909 2648 2962 CAP.
2688 2908 2900 2961 CLXVI.

1924 3009 1982 3059 In
2030 3006 2154 3058 Vita
2205 3006 2356 3058 beati
2411 3004 2618 3067 Basilii,
2679 3003 3044 3057 Caesariensis
3103 3005 3536 3074 archiepiseOpi,

1850 3111 1978 3164 quae
2010 3095 2078 3146 de
2109 3093 2302 3146 Graeco
2331 3093 2388 3145 in
2425 3092 2690 3145 Latinum
2714 3110 2745 3144 a
2777 3092 3024 3162 quodam
3051 3093 3242 3144 Gra'co
3267 3093 3537 3146 vocabulo

1852 3183 2166 3251 Euphemio
2196 3189 2280 3234 est
2302 3183 2580 3235 veraciter
2613 3182 2682 3234 de
2704 3182 2874 3234 verbo
2898 3180 2969 3233 ad
2998 3181 3540 3246 verbumtranslata,

1849 3272 1998 3324 inter
2036 3276 2241 3324 caztera
2290 3269 2368 3322 sic
2425 3269 2636 3339 legitur
2670 3270 2900 3338 (Exstat
2963 3270 3114 3338 apud
3164 3271 3405 3335 Surium,
3449 3273 3546 3337 qui

1847 3361 2048 3425 stylum
2076 3361 2330 3424 mutavit)
2365 3375 2376 3410 :
2423 3378 2448 3406 (ι
2481 3359 2895 3412 Convenientes
2939 3374 3075 3426 ergo
3115 3365 3292 3410 castus
3328 3357 3542 3426 episco-

1846 3463 2076 3518 porum,
2130 3446 2311 3499 sancti
2362 3446 2605 3515 Spiritus
2653 3447 3046 3515 cooperatione
3095 3448 3390 3515 elegerunt
3441 3447 3541 3500 Ba-

1847 3537 2041 3590 silinm
2072 3536 2142 3588 ad
2170 3535 2528 3604 episcopatus
2555 3535 2783 3600 sedem;
2827 3541 2882 3587 et
2920 3540 3282 3588 consecratus
3328 3535 3540 3604 guber-

1846 3627 2020 3679 nabat
2079 3623 2377 3677 Ecclesiam
2453 3623 2552 3676 Dei
2609 3623 2986 3693 providentia.
3054 3623 3184 3676 Post
3252 3622 3542 3692 quoddam

1847 3720 2038 3767 autem
2067 3718 2296 3780 tempus
2323 3711 2633 3780 postulavit
2661 3711 2860 3774 Deum,
2891 3717 2952 3763 ut
2983 3709 3144 3762 daret
3174 3709 3258 3762 illi
3289 3711 3531 3778 gratiam

1847 3808 2017 3871 atque
2063 3800 2439 3863 intellectum,
2499 3798 2746 3867 propriis
2791 3797 3151 3850 sermonibus
3194 3797 3402 3852 oII'erre
3447 3799 3536 3852 in-

1848 3889 2230 3959 sanguineum
2281 3885 2621 3940 sacriﬁcium
2672 3887 2778 3950 illi,
2837 3892 2894 3938 et
2939 3885 3129 3938 venire
3185 3901 3357 3955 super
3408 3902 3541 3940 eum

1849 3979 2026 4032 sancti
2071 3977 2320 4046 Spiritus
2357 3977 2682 4028 adventum.
2728 3975 2860 4027 Post
2909 3974 3029 4028 dies
3072 3989 3202 4027 vero
3247 3989 3342 4027 sex
3395 3974 3542 4028 sicut

1848 4069 1904 4121 in
1971 4065 2180 4119 exstasi
2231 4064 2427 4130 factus,
2475 4063 2721 4117 adventu
2774 4063 2954 4116 sancti
3003 4063 3248 4133 Spiritus
3298 4063 3541 4132 septima

1847 4158 1936 4210 die
1983 4155 2470 4226 apprehendente,
2513 4153 2686 4221 ccepit
2729 4152 3053 4205 ministrare
3105 4153 3219 4205 Deo
3278 4167 3381 4221 per
3422 4152 3538 4206 sin-

1845 4243 2012 4309 gulos
2041 4243 2183 4296 dies.
2218 4243 2288 4296 Et
2311 4247 2439 4312 post
2477 4241 2711 4311 aliquod
2754 4247 2980 4310 tempus
3032 4241 3141 4294 tide
3185 4247 3241 4294 et
3280 4241 3538 4295 oratione

1845 4331 2018 4400 coepit
2068 4331 2303 4400 propria
2346 4346 2519 4384 manu
2559 4329 2806 4383 scribere
2849 4330 3283 4383 ministrationis
3323 4335 3537 4400 myste-

1843 4419 1956 4484 ria;
2008 4426 2181 4489 atque
2229 4419 2287 4472 in
2336 4435 2453 4472 una
2493 4426 2658 4472 nocte
2707 4419 3016 4472 adveniens
3045 4420 3097 4471 ei
3160 4419 3439 4472 Dominus
3479 4418 3537 4471 in

1841 4508 2060 4562 visione
2105 4523 2236 4561 cum
2276 4509 2564 4577 apostolis,
2618 4509 3075 4578 propositionem
3121 4507 3284 4575 panis
3326 4506 3538 4560 faciens

1844 4598 1903 4650 in
1939 4609 2132 4650 sancto
2181 4597 2368 4664 altari,
2419 4597 2678 4650 excitavit
2721 4597 2990 4650 Basiliam
3036 4595 3227 4648 dicens
3277 4594 3372 4646 ei:
3433 4595 3535 4646 Se-

1840 4685 2075 4740 cundum
2108 4691 2256 4740 tuam
2285 4687 2699 4754 postulationem
2728 4687 3004 4753 repleatur
3054 4697 3110 4734 os
3159 4688 3310 4735 tuum
3353 4681 3532 4745 laude,

1840 4781 1902 4828 ut
1949 4792 2044 4843 per
2069 4777 2320 4843 preprios
2359 4787 2623 4828 sermones
2663 4773 2859 4840 offeras
2903 4772 3320 4835 insanguineum
3361 4772 3535 4824 sacri-

1838 4866 2040 4932 ﬁcium.
2101 4863 2208 4926 Qui
2273 4871 2390 4914 nOn
2457 4861 2642 4914 ferens
2695 4860 2874 4912 oculis
2928 4859 3224 4924 visionem,
3291 4859 3536 4912 surrexit

1840 4969 1968 5005 cum
2004 4958 2272 5013 tremore,
2321 4956 2377 5003 et
2417 4948 2687 5002 accedens
2719 4949 2787 5001 ad
2835 4952 3089 5000 sanctum
3132 4947 3332 5014 altare,
3363 4947 3536 5017 coepit

1839 5039 2045 5104 dicere,
2095 5039 2347 5091 scribens
2393 5038 2452 5089 in
2489 5037 2685 5088 charta
2730 5036 2854 5088 sic:
2909 5035 3199 5104 Replealur
3247 5053 3303 5090 os
3360 5052 3531 5090 meum

1839 5127 2018 5190 laude,
2078 5132 2138 5179 ut
2177 5127 2431 5191 hymnum
2489 5123 2637 5177 dicat
2691 5125 2880 5189 gloriae
2926 5129 3050 5190 tum,
3100 5126 3322 5177 Domine
3372 5127 3531 5188 Deus,

1839 5218 1936 5283 qui
1967 5216 2164 5267 creasti
2194 5227 2285 5264 nos
2315 5215 2366 5263 ct
2392 5211 2682 5264 adduxisti
2718 5211 2776 5264 in
2815 5214 2985 5265 vitam
3019 5213 3174 5277 hanc,
3210 5217 3262 5265 et
3301 5217 3534 5266 caeteras

1838 5303 2126 5354 orationes
2156 5300 2332 5352 sancti
2366 5299 2692 5352 ministerii.
2730 5301 2795 5354 Et
2820 5307 2945 5366 post
2987 5301 3160 5354 tinem
3204 5289 3534 5355 orationui'n

1837 5389 2101 5442 exaltavit
2131 5403 2360 5459 panem,
2387 5388 2508 5441 sine
2538 5389 2965 5443 intermissione
2993 5406 3161 5443 orans
3204 5397 3259 5442 et
3287 5390 3480 5444 dicens
3512 5406 3525 5442 :

1836 5480 2075 5546 Respice,
2120 5479 2334 5531 Domine
2381 5479 2505 5532 Jesu
2554 5480 2773 5533 Christe
2821 5481 2957 5533 Deus
2987 5485 3184 5542 noster,
3231 5493 3299 5529 ea:
3347 5482 3532 5532 sancto

1837 5567 2142 5620 habitacula
2199 5571 2307 5622 tuo.
2358 5573 2407 5619 et
2465 5569 2589 5620 ueni
2635 5567 2710 5619 ad
2757 5567 3207 5634 sanctiﬁcandum
3259 5580 3379 5632 nos,
3440 5570 3537 5634 qui
