3846 6244
321 294 426 347 ’739

1564 292 1784 346 ᾹΞΝΕΛΞ
1828 291 2250 347 PARISIENSIS
2293 293 2601 347 EPISCOPI

2293 293 2601 347 EPISCOPI
3734 298 3794 348 Tit

317 444 529 484 sursum
562 431 713 482 Patri
739 429 1005 491 consedes,
1045 433 1093 479 et
1137 429 1226 480 hic
1269 429 1420 480 nobis
1462 428 1817 482 invisibiliter
1865 444 1999 482 coes.
2043 433 2086 483 Λ
2118 429 2231 481 diei
2265 444 2328 482 ac
2367 435 2534 482 sextae
2574 430 2730 482 feria:
2781 447 2881 500 per
2924 431 3177 499 singulas
3220 431 3628 484 hebdomadas
3683 445 3796 499 rep:

321 521 553 585 Dignare
595 519 800 586 potenti
843 533 1010 570 manu
1057 521 1149 570 tua
1185 516 1398 570 tradere
1444 516 1617 578 nobis,
1667 523 1716 569 et
1759 533 1856 585 per
1914 531 2009 570 nos

317 609 461 660 omni
487 607 685 674 populo
724 612 913 660 sancta
949 607 1170 658 sanctis.
1209 605 1456 674 Pepulus
1484 605 1780 674 respondit
1809 621 1820 657 :
1863 607 2009 660 Unus

316 698 553 758 sanctus,
617 707 755 745 unus
830 694 1080 746 Dominus
1150 694 1306 746 Jesus
1346 692 1592 746 Christus
1650 708 1768 746 cum
1827 699 2011 746 sancto

317 782 530 849 Spiritu
562 784 619 834 in
659 783 836 847 gloria
865 783 956 834 Dei
994 781 1210 834 Patris.
1261 784 1457 834 Amen.
1506 781 1570 834 Et
1609 781 1864 833 dividens
1910 797 2009 850 pa-

319 887 450 923 nem
482 872 538 924 in
579 876 692 924 tres
725 877 931 941 partes,
985 886 1095 923 una
1141 869 1374 940 quidem
1401 869 1846 923 communicavit
1880 885 2007 921 cum

319 957 520 1010 timore
552 959 763 1022 multo;
811 958 1050 1010 alteram
1083 963 1274 1010 autem
1324 955 1628 1008 reservavit
1670 955 2011 1024 consepeliri

317 1044 456 1111 sibi;
523 1047 751 1100 tertiam
795 1062 925 1099 vero
973 1045 1274 1115 imponens
1321 1043 1597 1098 columba!
1649 1059 1855 1109 aurem,
1921 1059 2011 1112 pe-

318 1133 518 1204 pendit
542 1151 715 1205 super
743 1135 939 1188 altare.
980 1156 1000 1181 ι

957 1239 1082 1293 Car.
1121 1237 1368 1293 CLXVII.

392 1331 456 1383 Et
501 1334 627 1399 post
680 1343 861 1397 pauca
915 1327 995 1380 ita
1047 1325 1360 1379 scribitur:
1411 1346 1438 1372 ‹‹
1481 1325 1688 1378 Sancta
1727 1323 2012 1377 exaltante

319 1423 512 1472 sancto
572 1417 796 1481 Basilio,
840 1416 1069 1485 signum
1125 1430 1235 1467 non
1284 1413 1392 1467 fuit
1442 1413 1652 1467 factum
1700 1413 1846 1466 sicut
1894 1415 2016 1466 erat

320 1507 570 1566 solitum.
619 1504 833 1558 moveri
883 1503 1147 1556 videlicet
1189 1502 1535 1565 columbam,
1587 1518 1716 1572 qum
1755 1517 1883 1554 cum
1925 1517 2012 1554 sa-

318 1599 608 1648 cramento
658 1592 950 1646 Dominico
987 1591 1272 1660 pendebat
1319 1607 1489 1661 super
1537 1591 1735 1656 altare,
1791 1605 2017 1659 semper

318 1683 389 1736 ad
421 1683 818 1736 exaltationem
871 1679 1051 1732 sancti
1095 1678 1353 1731 sacriﬁcii
1403 1679 1619 1731 moveri
1669 1682 1755 1731 ter
1803 1679 2010 1730 solens.

322 1773 384 1826 Et
415 1771 700 1840 cogitante
731 1785 797 1821 eo
849 1767 987 1837 quid
1015 1769 1119 1820 hoc
1151 1770 1315 1834 esset,
1351 1766 1491 1819 vidit
1524 1783 1701 1818 unum
1735 1766 2012 1819 ventilan-

319 1859 463 1913 tium
513 1858 814 1912 diaconem
859 1857 1196 1909 innuentem
1248 1854 1476 1908 mulieri
1528 1854 1815 1907 inclinatie
1849 1853 2013 1906 deor-

321 1963 447 2002 sum
475 1965 488 2011 ;
519 1953 575 2000 et
605 1953 984 2015 transponens
1017 1961 1146 1997 eum
1199 1944 1268 1996 de
1295 1943 1477 2008 altari,
1521 1943 1672 1995 infra
1722 1943 2014 1996 ecclesiam

312 2036 486 2106 jussit
518 2035 786 2088 custodiri
815 2051 827 2098 ;
887 2038 941 2086 et
985 2033 1062 2086 ita
1092 2032 1288 2084 videns
1319 2031 1496 2084 sancti
1527 2031 1771 2102 Spiritus
1803 2031 2008 2083 adven-

319 2129 462 2189 tum,
515 2122 774 2176 hortatus
822 2127 904 2174 est
952 2136 1181 2172 omnem
1230 2121 1509 2189 populum
1551 2123 1765 2189 septem
1817 2119 2015 2172 diebus

321 2212 537 2266 ibidem
569 2211 628 2263 in
659 2211 916 2263 oratione
945 2224 1194 2262 manere.
1232 2230 1258 2255 ››

957 2314 1083 2368 CAP.
1121 2313 1389 2367 CLXVIII.

391 2406 474 2459 Ad
503 2405 995 2475 augmentandum
1027 2412 1051 2435 α
1081 2403 1256 2456 totius
1286 2401 1577 2472 pudicitiae
1609 2402 1852 2462 nitorem
1884 2401 2012 2454 bea-

323 2499 415 2548 tus
442 2495 690 2547 Joannes
739 2492 1085 2562 evangelista
1116 2491 1195 2544 ita
1225 2491 1618 2545 concludendo
1663 2490 2015 2560 exsequitur,

323 2581 1896 2636 dicens:..............

329 2714 339 2724 ο
425 2713 436 2724 ο
521 2715 531 2726 ο
613 2712 624 2722 ι
708 2711 718 2722 ο
802 2712 811 2722 0
896 2712 906 2722 ο
991 2712 1000 2721 ι
1084 2709 1097 2722 ο
1179 2710 1189 2720 0
1274 2710 1285 2721 0
1369 2710 1378 2720 ι
1463 2708 1473 2720 0
1559 2711 1568 2720 0
1645 2707 1657 2720 0
1740 2709 1752 2722 ο
1835 2709 1847 2722 ο
1919 2709 1930 2719 ι
2002 2705 2017 2719 ο

981 2785 1107 2837 CAP.
1141 2783 1364 2836 CLXIX.

396 2876 471 2928 De.
505 2874 591 2927 his
621 2874 720 2944 qui
755 2873 1131 2926 ecclesiastica
1165 2873 1387 2940 jejunia
1435 2871 1650 2941 absque
1683 2872 2020 2924 necessitate

324 2962 663 3028 dissolvunt,
709 2961 766 3014 in
817 2961 1059 3014 concilio
1088 2959 1400 3029 Gangreusi
1445 2959 1522 3012 ita
1562 2959 1834 3029 scriptum
1870 2966 2020 3014 est...

331 3093 341 3104 ο
424 3092 435 3104 0
511 3094 523 3114 ’
606 3092 616 3103 ο
701 3092 711 3103 0
793 3093 802 3103 ο
883 3089 896 3104 ο
978 3090 989 3101 0
1063 3089 1074 3102 ο
1159 3090 1170 3100 0
1253 3089 1265 3102 ο
1350 3089 1361 3101 0
1445 3089 1455 3100 ι
1541 3091 1550 3100 0
1638 3092 1647 3102 ο
1733 3091 1744 3100 ο
1829 3091 1838 3100 0
1923 3089 1935 3102 ο
2011 3092 2020 3100 ο

1002 3165 1128 3218 CAP.
1155 3163 1343 3217 CLXX.

401 3257 476 3308 De
522 3255 627 3307 hoc
685 3253 836 3318 quod
887 3252 1126 3305 Ecclesia
1177 3251 1432 3304 Romana
1488 3252 1932 3321 reprehenditur
1990 3270 2023 3305 a

327 3344 530 3396 Graecis
573 3355 748 3410 quare
793 3339 1076 3409 jejunium
1127 3343 1260 3407 agat
1302 3337 1361 3390 in
1412 3337 1694 3403 Sabbatis,
1749 3339 2020 3390 Innocen-

328 3430 438 3484 tius
486 3445 634 3499 papa
690 3428 795 3481 hoc
841 3426 1258 3480 rationabiliter
1306 3425 1559 3479 defendit
1603 3426 1662 3478 in
1718 3427 2020 3479 Decretali-

328 3523 454 3590 bus,
504 3537 624 3590 cap.
687 3522 741 3588 4,
797 3520 876 3572 sic
925 3517 1119 3572 dicens
1176 3517 1356 3587 (epist.
1417 3522 1437 3571 t
1507 3518 1724 3570 Decent.
1777 3520 2022 3586 episcopo

329 3609 673 3675 Eugubino):
737 3605 1036 3659 «Sabbato
1073 3621 1206 3658 vero
1257 3605 1642 3674 jejunandum
1673 3620 1822 3657 esse
1877 3606 2023 3658 ratio

327 3696 752 3751 evidentissima
799 3696 1174 3748 demonstrat.
1227 3694 1364 3746 Nam
1397 3694 1442 3746 si
1479 3693 1632 3747 diem
1665 3692 2023 3747 Dominicum

327 3786 399 3840 ob
429 3784 816 3838 venerabilem
864 3781 1342 3837 resurrectionem
1406 3782 1633 3836 Domini
1683 3783 1862 3835 nostri
1891 3783 2023 3835 Jesu

325 3874 535 3930 Christi
592 3889 704 3926 non
759 3874 942 3925 solum
1004 3873 1062 3925 in
1123 3871 1335 3924 Pascha
1391 3871 1767 3936 celebremus,
1824 3887 2024 3925 verum

327 3963 500 4017 etiam
523 3978 625 4032 per
647 3961 904 4030 singulos
929 3960 1169 4014 circulos
1191 3959 1686 4013 hebdomadarum
1709 3959 1888 4029 ipsius
1908 3959 2026 4014 diei

329 4051 643 4120 imaginem
705 4050 1156 4118 frequentamus,
1223 4064 1286 4101 ac
1353 4053 1510 4100 sexta
1579 4047 1722 4100 feria
1796 4052 2028 4117 propter

328 4141 654 4210 passionem
692 4137 920 4190 Domini
949 4137 1301 4205 jejunamus,
1333 4136 1641 4189 Sabbatum
1679 4137 2024 4204 praetermit-

327 4233 448 4280 tere
480 4242 590 4278 non
639 4225 931 4290 debemus,
989 4224 1089 4294 qui
1127 4223 1277 4276 inter
1322 4223 1612 4276 tristitiam
1663 4229 1833 4292 atque
1879 4224 2027 4277 lasti-

2117 518 2295 570 randa
2340 518 2528 588 imago
2562 523 2666 580 est,
2704 519 3002 573 dementis
3045 524 3128 572 est
3165 519 3328 573 bidui
3371 535 3554 589 agere
3598 533 3798 574 consua

2117 607 2374 660 tudinem
2421 607 2664 661 Sabbato
2713 609 3118 678 praetermisso,
3171 625 3298 662 cum
3362 625 3481 662 non
3541 608 3798 676 disparet!

2117 695 2325 748 habeat
2365 711 2624 761 causam;
2675 712 2707 748 a
2752 703 2904 750 sexta
2945 697 3207 750 videlicet
3249 697 3411 764 feria,
3460 697 3523 750 in
3570 712 3688 766 qua
3729 697 3800 750 Do.

2120 783 2308 836 minus
2335 801 2531 853 passus
2560 789 2661 849 est,
2698 785 2924 854 quando
2959 791 3013 838 et
3042 785 3111 838 ad
3143 785 3352 839 inferos
3380 785 3514 846 fuit,
3563 791 3634 838 ut
3672 784 3800 838 tertii

2118 872 2208 925 die
2253 888 2560 942 resurgens
2608 873 2871 926 redderet
2913 873 3167 926 laetitiam
3199 879 3330 944 post
3365 873 3693 927 biduanam
3734 871 3802 927 tris

2119 960 2329 1013 stitiam
2358 961 2796 1028 przecedentem.
2847 962 2970 1014 Non
3012 977 3146 1031 ergo
3189 977 3293 1042 nqs
3341 977 3638 1031 negamus
3681 965 3802 1014 sexti

2119 1048 2260 1102 feria
2286 1049 2685 1118 jejunandum,
2720 1050 2817 1102 sed
2849 1049 3091 1103 dicimus
3121 1055 3178 1103 et
3207 1050 3442 1104 sabbato
3486 1050 3605 1103 hoc
3655 1065 3804 1118 δείξαι

2121 1137 2279 1203 dum,
2313 1137 2447 1206 quia
2479 1137 2646 1191 ambo
2676 1138 2796 1192 dies
2827 1138 3117 1192 tristitiam
3156 1139 3453 1207 apostolis,
3489 1139 3580 1190 vel
3619 1139 3708 1191 his
3735 1154 3804 1207 qu

2120 1225 2405 1280 Christum
2437 1226 2614 1278 secuti
2645 1230 2799 1290 sunt,
2832 1226 3201 1280 induxerunt.
3232 1226 3340 1290 Qui
3384 1227 3476 1280 die
3523 1226 3806 1280 Dominici

2122 1314 2370 1377 hilarati,
2403 1329 2517 1366 non
2551 1314 2738 1367 solum
2771 1315 2962 1383 ipsum
2994 1314 3422 1368 festivissimum
3464 1331 3598 1368 esse
3639 1316 3806 1367 volue-

2123 1407 2274 1465 runt,
2301 1417 2497 1455 verum
2543 1401 2714 1455 etiam
2746 1419 2848 1472 per
2888 1419 3091 1456 omnes
3137 1403 3531 1456 hebdomadas
3566 1403 3805 1472 frequen

2123 1490 2360 1543 tandum
2393 1505 2512 1543 esse
2546 1491 2852 1544 duxerunt.
2889 1512 2914 1537 ››

2783 1580 2910 1633 Car.
2938 1579 3156 1633 CLXXI.

2199 1667 2274 1719 De
2305 1666 2408 1719 hac
2446 1682 2506 1720 re
2536 1666 2843 1720 sciscitanti
2897 1667 3108 1720 Lucino
3159 1668 3538 1736 Hieronymus
3593 1683 3810 1734 respon.

2126 1754 2285 1819 dens,
2322 1754 2470 1806 inter
2501 1759 2700 1808 caetera
2735 1755 3006 1824 rescripta
3041 1755 3320 1824 epistola,
3361 1755 3440 1808 sic
3472 1755 3613 1808 dicit
3651 1757 3806 1822 (epist

2125 1846 2254 1908 :28):
2313 1864 2333 1888 α
2370 1844 2445 1896 De
2498 1842 2744 1896 Sabbato
2819 1843 2970 1913 quod
3032 1843 3242 1914 quaeris
3312 1850 3503 1896 utrum
3545 1844 3812 1912 jejunan-

2124 1933 2261 1984 dum
2311 1932 2400 1994 sit,
2469 1945 2522 1984 et
2551 1933 2619 1985 de
2649 1931 2990 1985 eucharistia
3035 1949 3109 1985 an
3157 1932 3486 2002 accipienda
3529 1933 3811 2002 quotidie

2125 2020 2275 2090 quod
2310 2021 2562 2073 Romana
2595 2021 2835 2073 Ecclesia
2866 2026 2920 2073 et
2955 2020 3238 2089 Hispania?
3281 2021 3582 2074 observare
3625 2020 3814 2089 probi.

2127 2107 2352 2172 bentur,
2391 2106 2612 2176 scripsit
2650 2107 2884 2176 quidem
2925 2113 2980 2160 et
3010 2107 3346 2177 Hippolytus
3391 2111 3473 2159 vir
3513 2107 3814 2160 disertissi-

2129 2212 2272 2260 mus,
2308 2201 2363 2248 et
2393 2195 2632 2264 carptim
2665 2196 2871 2248 diversi
2911 2200 3171 2248 auctores
3205 2197 3262 2248 iu
3296 2196 3464 2248 variis
3493 2196 3816 2248 auctoribus

2127 2284 2382 2349 edidere;
2444 2283 2540 2336 sed
2589 2300 2694 2353 ego
2750 2284 2998 2337 breviter
3051 2289 3103 2336 te
3153 2284 3580 2337 admonendum
3636 2291 3815 2353 puto:

2130 2372 2463 2424 traditiones
2496 2371 2933 2437 ecclesiasticas,
2991 2371 3305 2442 praesertim
3349 2389 3476 2441 qua),
3529 2371 3670 2424 ﬁdei
3718 2388 3818 2422 non

2128 2461 2398 2526 ofliciant,
2457 2461 2534 2513 ita
2581 2461 2980 2525 observandas,
3039 2466 3099 2514 ut
3150 2478 3181 2513 a
3238 2461 3550 2530 majoribus
3601 2461 3818 2512 tradita:

2129 2553 2282 2614 sunt,
2316 2566 2416 2601 nec
2445 2549 2686 2602 aliarum
2718 2548 3215 2611 consuetudinem,
3249 2549 3491 2602 aliarum
3535 2548 3818 2601 contrario

2131 2654 2287 2690 more
2316 2637 2605 2691 subvertit.
2634 2641 2816 2708 Atque
2851 2638 3066 2690 utinam
3095 2637 3250 2690 omni
3273 2644 3531 2706 tempore
3559 2638 3815 2706 jejunare

2130 2743 2447 2795 possemus.
2483 2727 2645 2790 Quod
2671 2726 2729 2778 in
2762 2727 2997 2779 Actibus
3027 2725 3412 2796 apostolorum
3448 2726 3651 2779 diebus
3683 2727 3814 2777 Pen-

2131 2822 2358 2880 tescote,
2390 2821 2446 2867 et
2487 2816 2576 2867 die
2620 2815 2915 2868 Dominico
2957 2815 3280 2884 apostolum
3325 2815 3562 2867 Paulum
3606 2820 3662 2866 et
3697 2829 3813 2865 cum

2131 2920 2196 2956 eo
2229 2904 2523 2957 credentes
2555 2903 2748 2956 fecisse
2796 2903 3076 2972 legimus;
3122 2919 3223 2955 nec
3270 2909 3462 2956 tamen
3502 2903 3814 2956 Manichaeze

2132 2994 2418 3046 hmreseos
2468 2992 2769 3046 accusandi
2813 2997 2964 3057 sunt,
3017 3009 3142 3044 cum
3192 2992 3436 3044 carnalis
3485 2992 3646 3044 cibus
3687 3006 3814 3060 pra?-

2133 3079 2269 3134 ferri
2319 3097 2433 3133 non
2490 3080 2750 3133 debuerit
2799 3079 3061 3150 spiritali.
3126 3080 3534 3133 Eucliaristiam
3597 3093 3813 3149 quoque

2133 3170 2346 3239 absque
2378 3169 2853 3221 condemnatione
2884 3169 3088 3233 nostri,
3125 3174 3180 3222 et
3211 3174 3501 3237 pungente
3534 3169 3813 3220 conscien-

2131 3257 2229 3321 tia,
2282 3271 2508 3324 semper
2557 3255 2832 3324 accipere,
2883 3261 2937 3308 et
2985 3256 3341 3309 Psalmistam
3397 3255 3600 3308 audire
3639 3255 3814 3309 dicen-

2133 3351 2246 3398 tem
2283 3361 2294 3397 :
2333 3347 2553 3400 Gustate
2591 3349 2641 3396 et
2698 3343 2872 3396 videte
2922 3347 3178 3411 quoniam
3218 3348 3402 3398 suavis
3452 3350 3530 3397 est
3571 3347 3815 3398 Dominus

2130 3436 2296 3502 (Psat.
2337 3449 2524 3500 xxxni,
2576 3435 2648 3500 9).
2700 3433 2764 3484 Et
2813 3448 2942 3484 cum
2985 3449 3052 3486 eo
3103 3449 3350 3486 canere:
3403 3433 3702 3486 Eructar-it
3739 3447 3817 3482 cor

2131 3538 2303 3575 meum
2353 3521 2572 3573 verbum
2621 3519 2814 3586 bonum
2855 3521 3016 3588 (Paul.
3063 3536 3209 3588 xLiv,
3257 3524 3333 3588 2.)
3388 3521 3500 3573 Nec
3551 3521 3657 3573 hoc
3704 3521 3816 3571 dir-0

2132 3627 2246 3680 qua
2279 3610 2435 3662 festis
2464 3608 2662 3662 diebus
2687 3608 3068 3678 jejunandum
3096 3616 3314 3679 putem,
3351 3614 3404 3662 et
3449 3616 3740 3663 contextas
3768 3609 3818 3661 in

2134 3698 2558 3769 quinquaginta
2587 3696 2788 3750 diebus
2818 3698 2988 3750 ferias
3019 3698 3295 3762 auferam,
3327 3697 3420 3750 sed
3466 3712 3817 3766 unaquaeque

2133 3786 2427 3856 provincia
2461 3785 2716 3838 abundet
2749 3785 2808 3838 in
2853 3801 3018 3838 sensu
3050 3802 3175 3852 suo,
3227 3790 3284 3839 et.
3324 3792 3611 3856 praecepta
3645 3786 3819 3855 majo-

2134 3891 2260 3928 rum
2295 3876 2448 3946 leges
2481 3876 2819 3944 apostolicas
2850 3874 3183 3927 arbitretur.
3219 3896 3245 3921 ››

2786 3963 2910 4017 CAP.
2944 3962 3180 4017 CLXXII.

2209 4052 2344 4104 Item
2375 4051 2645 4116 Isidorus,
2679 4050 2966 4120 Spalensis
2997 4051 3320 4121 episcopus,
3361 4050 3417 4103 in
3452 4051 3640 4120 primo
3689 4051 3816 4104 libro

2135 4139 2466 4193 Ofticiorum
2512 4142 2652 4207 (cap.
2709 4139 2776 4191 42
2823 4145 2873 4193 et
2917 4139 3034 4207 43),
3089 4139 3157 4193 de
3207 4141 3561 4193 diversorum
3610 4141 3816 4194 dierum

2134 4243 2199 4280 ac
2255 4235 2586 4296 temporum
2633 4225 2872 4295 jejuniis
2929 4227 3080 4280 inter
3138 4232 3343 4280 cratera
3395 4227 3473 4279 sic
3527 4227 3816 4297 disputat:

328 4315 470 4369 tiam
519 4314 793 4382 temporis
841 4313 992 4365 illius
1040 4312 1267 4364 videtur
1319 4312 1588 4364 inclusus.
1645 4312 1782 4364 Nam
1824 4313 2021 4383 utique
2063 4318 2104 4371 D
2139 4334 2165 4361 ‹‹
2201 4315 2413 4367 Praeter
2446 4313 2564 4366 hazc
2610 4320 2804 4366 autem
2845 4312 3100 4382 legitima
3147 4320 3404 4384 tempora
3442 4314 3816 4383 jejuniorum,

328 4408 552 4458 constat
590 4403 876 4472 apostolos
919 4401 1091 4454 biduo
1131 4400 1238 4453 isto
1275 4405 1330 4453 et
1365 4399 1424 4452 in
1463 4416 1708 4454 mmrore
1746 4401 1940 4467 fuisse,
1976 4407 2028 4455 et

326 4498 564 4564 propter
596 4496 809 4543 metum
844 4489 1173 4543 Judaeorum
1199 4505 1255 4541 se
1283 4487 1611 4542 occuluisse.
1636 4489 1796 4553 Quod
1830 4490 2029 4560 utique

329 4597 448 4635 non
479 4580 716 4634 dubium
748 4577 918 4632 estin
965 4582 1187 4630 tantum
1229 4593 1322 4630 eos
1364 4575 1650 4646 jejunasse
1685 4576 1858 4629 biduo
1903 4593 2030 4629 me-

329 4677 574 4737 morato,
622 4674 684 4722 ut
729 4667 961 4721 traditio
1017 4666 1275 4720 Ecclesia:
1315 4665 1525 4719 habeat
1573 4665 1680 4718 isto
1731 4665 1903 4719 biduo
1942 4682 2028 4719 sa-

328 4765 621 4814 cramenta
661 4758 890 4827 penitus
933 4772 1048 4810 non
1093 4754 1388 4809 celebrari.
1438 4754 1575 4818 Quae
1610 4753 1793 4808 forma
1833 4755 2031 4825 utique

332 4865 435 4918 per
481 4848 735 4918 singulas
787 4846 1037 4900 tenenda
1091 4849 1177 4898 est
1222 4843 1629 4908 hebdomadas,
1687 4847 1920 4913 propter
1974 4843 2026 4897 id

334 4937 488 5006 quod
522 4933 992 4990 commemoratio
1027 4934 1139 4988 diei
1190 4933 1342 4986 illius
1373 4947 1599 5002 semper
1631 4937 1714 4984 est
1742 4931 2031 4985 celebran-

333 5025 424 5078 da.
461 5025 620 5089 Quod
666 5024 712 5077 si
754 5028 957 5094 putant
993 5023 1169 5076 semel
1221 5027 1392 5092 atque
1434 5037 1548 5074 uno
1595 5020 1841 5074 Sabbato
1886 5020 2035 5090 jeju-

334 5115 614 5178 nandum,
647 5128 785 5181 ergo
817 5117 873 5164 et
909 5109 1287 5168 Dominicum,
1323 5116 1379 5163 et
1410 5115 1564 5163 sexta
1590 5108 1733 5162 feria
1765 5109 1941 5161 semel
1974 5109 2032 5160 in

338 5202 549 5255 Pascha
578 5203 688 5256 erit
718 5201 916 5270 utique
949 5199 1376 5253 celebrandum.
1418 5198 1475 5252 Si
1517 5204 1710 5252 autem
1751 5195 2035 5252 Dominici

413 5405 437 5427 ⁸
466 5396 557 5448 Ad
585 5395 1065 5462 augmentandum.
1112 5397 1207 5448 Hic
1247 5400 1331 5449 est
1372 5396 1570 5449 titulus
1609 5412 1733 5465 cap.
1782 5398 1898 5459 168,
1937 5395 2036 5465 qui

345 5465 405 5518 in
431 5466 595 5518 editis
638 5467 1092 5530 desiderabatur,
1139 5483 1201 5518 ac
1239 5467 1533 5520 restitutus
1561 5473 1646 5520 est
1685 5483 1752 5520 ex
1797 5467 2035 5520 elencho

345 5535 614 5606 capitum.
676 5536 859 5598 Quem
910 5536 1142 5589 Joannis
1200 5538 1385 5589 locum
1443 5537 1762 5590 laudaverit
1810 5537 2032 5592 :Eneas.

2139 4402 2297 4455 omni
2334 4407 2487 4454 sexta
2518 4400 2660 4455 feria
2711 4409 2947 4470 propter
2978 4400 3306 4470 passionem
3355 4403 3584 4454 Domini
3633 4419 3665 4455 a
3700 4402 3820 4472 qui-

2137 4491 2375 4544 busdam
2411 4490 2765 4559 jejunantur.
2809 4489 2917 4542 Sed
2963 4494 3018 4542 et
3048 4488 3267 4542 sabbati
3309 4489 3429 4542 dies
3475 4507 3506 4541 a
3547 4491 3822 4560 plerisque

2138 4584 2373 4650 prOpter
2407 4577 2558 4647 quod
2590 4577 2650 4630 in
2680 4593 2746 4629 eo
2779 4576 3036 4631 Christus
3061 4578 3244 4646 jacuit
3275 4578 3332 4629 in
3369 4577 3649 4647 sepulcro.
3678 4579 3820 4647 jeju-

2140 4669 2235 4722 nio
2269 4672 2627 4720 consecratus
2651 4665 2911 4733 habetur,
2935 4665 3149 4718 scilicet
3170 4682 3239 4718 ne
3260 4666 3473 4720 Judazis
3496 4666 3821 4719 exsultando

2141 4760 2462 4827 praestetur,
2508 4753 2660 4824 quod
2709 4752 2964 4808 Christus
3021 4753 3240 4806 studuit
3279 4754 3664 4817 moriendo,»
3729 4759 3822 4806 etc.

2140 4860 2308 4912 usque
2337 4845 2410 4897 ait
2449 4848 2629 4911 ﬁnem,
2658 4859 2776 4912 cap.
2811 4843 2898 4897 43.

2780 4932 2904 4985 CAP.
2935 4929 3205 4984 CLXXIII.

2214 5023 2276 5074 In
2307 5020 2549 5075 concilio
2599 5019 2950 5086 Laodicensi,
2993 5034 3112 5088 cap.
3167 5022 3186 5072 1
3239 5018 3379 5087 (cap.
3424 5021 3511 5084 50,
3558 5034 3624 5071 ea:
3670 5020 3825 5071 inter-

2140 5113 2276 5178 pret.
2312 5110 2561 5176 Dionysii
2618 5107 2843 5177 Emigui)
2877 5123 2890 5160 :
2922 5109 3042 5162 Non
3090 5106 3278 5160 debere
3313 5107 3590 5175 jejunium
3618 5107 3756 5160 solvi
3782 5108 3825 5156 in

2145 5199 2336 5266 quinta
2381 5199 2529 5262 feria
2565 5196 2791 5263 majoris
2811 5199 3145 5265 septimanae.
3175 5216 3200 5238 ‹‹
3234 5194 3394 5257 Quod
3426 5210 3542 5248 non
3585 5197 3825 5264 oporteat

2145 5393 2462 5517 haudlatis
2495 5393 2630 5448 scio.
2675 5394 2760 5449 Ex
2793 5393 2996 5447 eodem
3045 5393 3168 5446 loco
3215 5393 3573 5448 restituimus
3614 5395 3825 5448 titulum

2145 5480 2270 5517 can.
2371 5501 2417 5517 ..

2145 5480 2417 5534 cap.ioa.
