3846 6244
48 281 119 333 ῖ41
1309 281 1518 335 LIBER
1556 281 1922 336 ADVERSUS
1961 282 2266 337 GRA‘ICOS.

3423 286 3525 338 742

49 410 561 479 mQuadragesima
610 412 667 464 in
719 411 922 465 ultima
973 411 1292 481 septimana
1346 414 1546 482 quinta
1578 410 1717 466 feria
1755 413 1799 464 Α
1833 413 1887 464 in
1937 413 2063 466 cibo
2127 423 2290 466 utens
2345 412 2706 467 abstinentiae
2766 415 2989 483 perticit
3057 419 3270 467 votum.
3310 414 3526 478 Quibus

47 500 295 568 jejunium
343 500 596 565 solvere,
665 507 956 570 totamque
1031 501 1539 570 Quadragesimam
1599 503 1723 554 sine

51 587 386 640 veneratione
455 591 721 650 transire,
785 589 1082 659 magisque
1147 589 1443 642 conveniat
1493 605 1724 642 onmem

48 676 535 745 Quadragesimam
569 678 821 731 districto
853 678 1110 731 venerari
1137 678 1377 747 jejunio.
1413 696 1439 726 ι)

101 764 148 816 Si
176 780 309 833 ergo
345 781 472 818 non
504 773 753 837 oportet,
783 773 840 819 ut
869 768 974 820 hoc
1015 774 1280 820 censetur
1300 766 1558 831 consilio,
1583 765 1727 819 solvi

42 854 288 923 Munium
326 854 389 906 in
436 856 613 908 Ccena
645 855 890 922 Domini,
923 856 1104 908 multo
1131 855 1314 925 magis
1340 861 1425 908 est
1458 855 1725 908 indecens

47 943 88 995 id
116 943 399 1010 agendum
435 945 499 996 in
534 945 735 1014 quinta
782 949 837 997 et
880 945 1121 1013 septima
1153 943 1296 997 feria
1334 960 1438 1014 per
1477 944 1725 1014 reliquas

47 1030 495 1099 Quadragesimte
526 1032 931 1086 hebdomadas.

660 1122 785 1175 CAP.
831 1121 1083 1175 CLXXIV.

99 1207 242 1269 Quod
275 1207 463 1262 etiam
497 1209 778 1279 quaeritur
821 1225 922 1263 cur
952 1225 1066 1262 non
1096 1225 1381 1262 cessamus
1419 1213 1543 1262 octo
1585 1208 1724 1262 heb-

51 1291 358 1346 domadibus
389 1298 533 1347 ante
581 1295 790 1348 Pascha
833 1311 866 1348 a
923 1294 1183 1348 carnium
1239 1310 1358 1358 esu,
1398 1297 1452 1347 et
1507 1298 1727 1362 septem

53 1397 73 1431 ε
96 1395 238 1431 caseo
269 1385 327 1432 et
361 1381 530 1447 ovis;
560 1381 631 1434 ad
662 1382 767 1434 hoc
802 1381 1052 1436 breviter
1076 1380 1560 1450 respondendum,
1591 1380 1729 1450 quia

55 1485 97 1520 ιιι
117 1468 611 1538 Quadragesimali
645 1469 866 1539 jejunio
918 1486 1016 1522 nos
1065 1469 1371 1539 perfectius
1421 1469 1725 1521 Dominum

57 1558 329 1619 imitamur,
377 1558 486 1627 qui
517 1558 744 1612 eosdem
775 1558 894 1611 dies
943 1557 1348 1624 continuatim,
1381 1563 1443 1610 ut
1475 1558 1594 1626 ipse
1630 1557 1729 1610 Dei

59 1645 214 1711 Filius,
255 1645 623 1714 jejunamus,
684 1663 798 1700 non
850 1646 1203 1711 dirimentes,
1264 1662 1367 1698 nec
1419 1647 1726 1698 interrum-

58 1739 218 1802 pentes
258 1734 523 1802 spatium
557 1735 917 1788 abstinentia:
950 1740 1008 1788 et
1031 1735 1258 1804 jejunii,
1294 1734 1438 1786 sicut
1467 1734 1523 1786 in
1557 1734 1730 1786 Evan-

61 1822 175 1890 gelia
207 1823 462 1891 legitur:
497 1825 570 1876 Et
615 1839 732 1876 cum.
769 1823 1079 1890 jejunassct
1129 1822 1500 1887 quadraginta
1541 1821 1728 1874 diebus

62 1919 94 1962 ρει
132 1913 502 1978 qmidraginta
534 1913 801 1970 noctibus,
843 1915 1036 1980 postea
1067 1916 1259 1964 rsu-riit
1289 1911 1502 1973 (Matth.
1547 1926 1618 1974 iv,
1651 1911 1727 1978 2).

62 2000 152 2050 Non
193 1999 331 2052 dixit
382 2001 745 2068 evangelista
794 2000 946 2070 quod
997 2001 1052 2052 in
1101 2016 1215 2052 una
1259 2015 1485 2068 quaque
1526 1997 1734 2052 hebdo-

65 2089 214 2152 mada,
243 2089 457 2158 quinta
488 2095 546 2141 et
569 2089 812 2156 septima
834 2088 974 2140 feria
996 2087 1287 2158 jejunium
1321 2086 1571 2150 solverit,
1605 2086 1730 2139 aliis

64 2177 226 2228 diebus
251 2177 576 2242 abstinens,
611 2185 663 2228 ut
701 2176 877 2230 Graeci
917 2177 1100 2230 facere
1135 2177 1420 2238 dicuntur,
1470 2175 1563 2228 sed
1595 2175 1732 2244 ipsis

66 2265 407 2335 quadraginta
439 2266 650 2319 diebus
680 2282 740 2318 ex
772 2282 894 2318 asse
935 2270 991 2318 et
1024 2281 1126 2334 per
1156 2264 1412 2317 ordinem
1439 2263 1728 2334 jejunans,

65 2361 154 2406 tum
181 2355 411 2406 demum
448 2354 734 2407 esurierit.
775 2354 1087 2406 Dicendum
1127 2353 1298 2406 etiam
1323 2353 1458 2422 quia
1489 2353 1603 2405 sive
1631 2367 1734 2420 per

67 2451 160 2494 octo
202 2442 597 2496 hebdomadas
648 2444 963 2511 jejunetur,
1012 2442 1286 2496 solvendo
1335 2440 1620 2511 jejunium
1673 2441 1733 2493 in

69 2531 264 2599 singulis
324 2532 534 2600 quinta
590 2536 646 2584 et
706 2531 949 2601 septima
1005 2531 1164 2596 feria,
1208 2533 1264 2583 et
1293 2531 1382 2584 die
1414 2529 1732 2595 Dominica,

71 2620 154 2671 sive
178 2636 262 2673 sex
299 2619 769 2673 hebdomadibus
811 2619 1187 2673 continuatim
1239 2619 1609 2684 abstineatur,
1638 2635 1736 2672 ex-

73 2715 196 2778 cepta
225 2709 546 2775 Dominica,
573 2709 636 2761 in
683 2715 930 2778 utroque
981 2714 1240 2778 tempore
1283 2707 1520 2776 triginta
1559 2713 1615 2760 et
1639 2724 1735 2760 sex

73 2796 162 2848 dies
205 2797 258 2849 in
297 2797 657 2850 abstinentia
689 2797 1080 2850 inveniuntur.
1139 2797 1292 2850 Unde
1342 2796 1736 2850 rationabilius

75 2891 214 2953 agunt
241 2886 357 2956 qui,
394 2885 713 2938 Dominum
747 2885 1055 2952 imitantes,
1082 2885 1458 2938 continuatim
1491 2884 1734 2954 quadra-

73 2975 299 3040 gesimale
323 2974 625 3042 jejunium
658 2981 942 3038 exercent,
996 2990 1171 3043 quam
1219 2974 1319 3043 qui
1348 2990 1451 3043 per
1482 2972 1734 3042 aliquam

74 3062 253 3114 dierum
315 3063 810 3132 intercapedinem
898 3062 1040 3116 illud
1120 3077 1392 3132 peragere
1449 3062 1731 3114 videntur.

78 3150 184 3202 Nam
226 3151 423 3204 beatus
473 3167 626 3220 papa
682 3151 986 3220 Gregorius
1035 3149 1530 3220 quadragesimale
1587 3165 1738 3202 com-

78 3246 241 3305 putans
289 3246 542 3310 tempus,
591 3256 623 3292 a
663 3241 843 3310 capite
915 3256 1012 3292 sex
1060 3239 1552 3292 hebdomadarum
1594 3238 1734 3291 illud

76 3329 394 3380 dinumerare
446 3327 674 3398 incipit,
724 3329 917 3379 dicens
967 3328 1053 3379 bis
1101 3327 1286 3380 verbis
1337 3327 1539 3392 (homil.
1583 3329 1644 3379 16
1679 3331 1734 3378 in

82 3415 313 3484 Etang.):
349 3435 374 3465 (ι
409 3419 452 3469 Α
488 3416 768 3484 praesenti
817 3415 1028 3468 etenim
1064 3415 1154 3469 die
1188 3431 1367 3485 usque
1400 3416 1468 3468 ad
1505 3415 1737 3484 pascha-

82 3501 129 3552 lis
175 3506 546 3558 solemnitatis
601 3504 808 3574 gaudia
869 3520 961 3557 sex
1022 3504 1398 3558 hebdomadm
1459 3505 1733 3557 veniunt:

83 3607 282 3659 quarum
309 3594 579 3646 videlicet
628 3593 745 3646 dies
792 3593 1172 3662 quadraginta
1222 3598 1276 3644 et
1311 3593 1423 3645 duo
1457 3592 1638 3657 ﬁunt;
1673 3609 1736 3646 ex

84 3679 248 3746 quibus
283 3681 418 3734 dum
451 3698 551 3733 sex
585 3681 705 3733 dies
756 3680 1040 3734 Dominici
1092 3681 1163 3734 ab
1211 3681 1554 3734 abstinentia
1603 3681 1736 3734 sub-

81 3768 363 3832 trahuntur,
395 3785 518 3822 non
568 3771 696 3839 plus
726 3769 783 3821 in
835 3769 1177 3822 abstinentia
1210 3785 1381 3839 quam
1415 3769 1652 3839 triginta
1685 3774 1742 3822 et

83 3869 149 3906 sex
176 3865 485 3912 remanent.
521 3858 665 3910 Dum
714 3851 846 3910 vero
897 3873 1000 3927 per
1049 3863 1331 3911 trecentos
1360 3863 1416 3911 et
1443 3858 1740 3927 sexaginta

82 3944 291 4014 quinque
320 3948 440 3999 dies
476 3962 665 3998 annus
717 3945 966 4008 ducitur,
1000 3933 1098 3999 nos
1146 3951 1338 3999 autem
1374 3962 1476 4016 per
1506 3946 1740 4016 triginta

84 4037 123 4082 et
158 4049 239 4086 sex
275 4035 390 4088 dies
441 4034 784 4102 afﬂigimur,
844 4034 1008 4104 quasi
1062 4035 1200 4086 anni
1254 4033 1436 4087 nostri
1493 4035 1740 4088 decimas

85 4119 170 4171 Deo
198 4121 405 4188 damus,
440 4128 511 4174 ut
537 4122 635 4192 qui
691 4122 1123 4192 nobismetipsis
1178 4138 1281 4192 per
1311 4128 1607 4192 acceptum
1639 4140 1737 4176 an-

87 4225 189 4262 num
210 4211 459 4272 viximus,
501 4210 721 4263 auctori
753 4215 946 4263 nostro
979 4226 1083 4263 nos
1123 4209 1181 4263 in
1214 4211 1337 4278 ejus
1371 4209 1608 4264 decimis
1639 4225 1741 4280 per

86 4297 436 4353 abstinentiam
473 4298 916 4352 mortiticemur.
947 4321 971 4346 »

685 4389 809 4441 Car.
853 4387 1089 4441 CLXXV.

195 4478 259 4528 De
286 4482 432 4530 vario
453 4493 562 4530 usu
584 4476 928 4529 abstinentiae
952 4477 1293 4529 diversarum
1323 4481 1620 4543 regionum.

143 4563 203 4615 De
230 4565 326 4618 hoc
355 4567 530 4618 etiam
563 4564 712 4634 quod
765 4564 1062 4634 queritur,
1110 4581 1286 4634 quare
1333 4569 1550 4634 septem
1600 4563 1741 4617 beb-

92 4649 376 4707 domadibus
408 4661 546 4708 ante
599 4653 812 4706 Pascha
854 4653 921 4706 ab
956 4670 1053 4706 esu
1088 4653 1234 4706 casei
1265 4657 1321 4706 et
1355 4669 1591 4705 ovorum
1624 4668 1739 4705 non

94 4737 409 4808 abstinemus,
464 4742 565 4795 sed
620 4730 1022 4795 tantummodo
1081 4758 1196 4808 sex,
1256 4741 1563 4794 dicendum
1608 4740 1735 4794 bre-

95 4828 202 4880 viter
225 4833 347 4899 quia
375 4832 504 4884 talis
539 4829 756 4883 exactio
784 4831 1074 4894 superﬂua
1098 4846 1162 4883 ex
1195 4830 1404 4883 sanctis
1435 4829 1741 4899 Scripturis

95 4930 178 4969 non
206 4919 359 4975 habet
383 4922 826 4986 auctoritatem;
857 4936 988 4972 nam
1045 4935 1148 4989 per
1198 4919 1446 4972 diversas
1477 4918 1741 4988 regiones

99 5006 241 5058 varius
265 5015 557 5061 exercetur
606 5007 964 5061 abstinentiae.
999 5023 1152 5060 usus.
1186 5009 1461 5076 ZEgyptus
1492 5022 1740 5076 namque

95 5097 133 5142 et
154 5095 313 5148 omnis
355 5096 659 5150 Palaestina
704 5112 906 5149 novem
947 5095 1404 5148 hebdomadibus
1457 5101 1587 5148 ante
1639 5097 1740 5148 Pa-

96 5181 509 5253 schajejunant;
573 5184 811 5254 insuper
851 5191 907 5237 et
959 5201 1092 5254 pars
1149 5183 1345 5250 Italiw,
1398 5183 1487 5236 cui
1545 5183 1646 5237 hoc
1677 5200 1741 5237 ex

96 5271 246 5325 animo
287 5276 626 5345 Complacet,
670 5273 852 5326 tribus
900 5273 1102 5326 diebus
1150 5273 1212 5325 in
1246 5273 1605 5326 hebdomade
1640 5289 1743 5342 per

99 5361 233 5414 totam
264 5362 771 5434 Quadragesimam
805 5379 837 5415 a
867 5362 1008 5415 cibis
1032 5361 1163 5430 igne
1198 5361 1440 5415 decoctis
1471 5361 1739 5429 abstinet,

99 5453 438 5505 tantummodo
496 5451 738 5506 diversis
804 5451 1082 5504 fructibus
1129 5450 1399 5503 arborum
1457 5455 1512 5504 et
1565 5466 1738 5521 gene-

101 5537 215 5590 ribus
253 5541 575 5605 herbarum,
638 5539 850 5611 quibus
912 5539 1073 5594 Italia
1121 5541 1423 5610 opulenter
1469 5539 1737 5606 abundat,

1835 516 1968 570 ergo
2003 501 2155 554 deest;
2192 501 2485 555 diversitas
2514 517 2576 554 ac
2630 502 3020 572 multiplicitas
3068 502 3374 568 fructuum,
3425 519 3527 556 ne-

1835 605 2121 659 quaquam
2169 590 2470 660 negabitur
2514 590 2672 643 cibus
2703 591 2771 643 ab
2804 592 2932 660 igne
2978 591 3262 643 decoctus.
3296 593 3524 645 Germa-

1835 679 1931 730 nia
1952 679 2122 731 etiam
2156 697 2185 731 a
2218 679 2373 732 lactis
2404 685 2458 731 et
2492 679 2679 748 butyri
2715 696 2776 730 ac
2824 680 2992 742 casei,
3039 685 3094 732 et
3141 697 3377 733 ovorum
3427 696 3528 732 esu

1835 782 1938 834 per
1970 772 2144 819 totam
2174 767 2683 835 Quadragesimam
2715 767 3059 834 generaliter
3090 784 3204 820 non
3242 769 3526 832 abstinet;

1835 860 2070 924 excepto
2117 871 2287 923 quem
2321 860 2637 924 spontanea
2677 855 2913 908 attrahit
2961 857 3235 908 voluntas.
3273 856 3526 926 Denique

1835 944 2100 996 nonnulli
2131 945 2291 996 fuere
2332 943 2670 996 rationabile
2712 943 3034 1012 judicantes
3084 945 3302 997 solvere
3348 943 3527 997 absti—

1836 1032 2090 1085 nentiam
2125 1033 2182 1085 in
2207 1033 2377 1087 Coena
2412 1032 2639 1086 Domini
2681 1038 2736 1084 et
2765 1033 3091 1098 Parasceve,
3126 1048 3253 1102 qua!
3280 1033 3399 1086 dies
3426 1048 3528 1102 pro

1836 1119 2033 1172 dolore
2100 1121 2495 1189 apostolorum
2549 1119 2796 1189 ﬁguram
2856 1119 3028 1173 habet
3083 1120 3351 1187 tristitiae,
3408 1121 3530 1173 esui

1836 1224 2092 1274 ovorum,
2129 1207 2297 1273 casei,
2333 1208 2494 1261 lactis
2533 1213 2588 1261 et
2616 1208 2808 1278 butyri
2851 1208 3106 1262 indebite
3139 1213 3195 1262 et
3222 1208 3532 1262 stolidein-

1836 1295 2154 1364 dulgentes.
2190 1296 2384 1366 Itaque
2436 1296 2617 1349 donec
2667 1296 2850 1366 gloria
2915 1296 3221 1350 Dominisae
3278 1312 3531 1350 resurre-

1837 1384 2041 1437 ctionis
2073 1400 2304 1454 vespere
2351 1383 2592 1451 sabbati,
2626 1400 2754 1454 quae
2795 1383 3061 1437 elucescit
3093 1385 3149 1437 in
3183 1384 3368 1454 prima
3399 1386 3532 1438 sab—

1837 1472 1976 1538 bati,
2008 1473 2339 1526 solemniter
2384 1474 2826 1543 appropinquet,
2879 1478 2933 1524 et
2979 1473 3131 1525 unda
3177 1473 3533 1543 baptismatis

1837 1561 1941 1615 filii
1975 1561 2113 1614 lucis
2157 1568 2544 1625 renascantur,
2603 1567 2661 1614 et
2707 1561 2894 1615 Gloria.
2948 1565 3000 1614 in
3057 1563 3279 1614 excelsis
3323 1565 3429 1616 Deo
3477 1567 3532 1615 et

1838 1651 2081 1703 Alleluia
2113 1655 2478 1720 prmconetur
2516 1649 2952 1702 resurrectionis
2983 1650 3189 1702 Christi
3221 1650 3528 1720 gloriosam

1839 1738 2156 1804 victoriam,
2193 1743 2249 1792 et
2291 1741 2563 1808 mysticus
2623 1754 2821 1791 cereus
2875 1744 3067 1791 sancta
3125 1739 3245 1790 luce
3303 1738 3529 1808 spirita-

1839 1826 1970 1880 liter
2014 1826 2396 1897 resplendeat,
2443 1825 2743 1896 indignum
2805 1825 2962 1878 ducit
3015 1824 3096 1878 uti
3139 1825 3533 1894 hujuscemodi

1840 1914 1978 1967 cibis
2011 1920 2193 1967 mater
2235 1913 2498 1982 Ecclesia,
2539 1930 2667 1983 qua).
2699 1931 2727 1966 a
2775 1913 2961 1984 primo
3014 1913 3241 1965 Pastore
3290 1912 3535 1982 sumpsit

1841 2001 2162 2069 magisterii
2195 2001 2579 2070 disciplinam.
2628 2003 2768 2054 Cum
2813 2001 2899 2054 his
2931 2006 2988 2054 et
3035 2002 3160 2054 aliis
3205 2001 3385 2055 modis
3434 2017 3535 2072 per

1841 2091 2025 2143 multa
2083 2090 2264 2160 spatia
2323 2090 2475 2144 orbis
2528 2091 3017 2159 Quadragesimali
3076 2095 3332 2160 tempore
3395 2091 3533 2143 ordo

1843 2178 2200 2232 abstinentiae
2237 2170 2662 2243 -confundatur,
2734 2179 3095 2248 potissimum
3147 2185 3201 2230 et
3249 2179 3531 2248 optimum

1844 2267 2054 2336 delegit
2086 2269 2341 2320 Romana
2372 2267 2532 2320 sedes
2571 2267 2905 2320 continuare
2956 2272 3010 2318 et
3059 2267 3366 2320 extendere
3398 2273 3531 2320 ante

1843 2355 2354 2424 Paschajejunium
2378 2355 2436 2408 in
2460 2371 2700 2408 numero
2723 2355 3104 2425 quadraginta
3133 2355 3377 2408 dierum.
3409 2356 3531 2409 Tri-

1842 2444 2005 2514 ginta
2036 2449 2226 2498 autem
2259 2450 2315 2497 et
2345 2461 2440 2497 sex
2473 2444 2673 2498 diebus
2726 2443 2782 2496 in
2843 2443 3186 2496 abstinentia
3236 2448 3532 2512 computa-

1844 2533 1932 2598 tis,
1970 2533 2250 2603 adjunctis
2280 2538 2335 2586 et
2391 2538 2656 2603 quatuor,
2717 2533 2811 2603 qui
2847 2550 2878 2585 a
2911 2533 3093 2602 capite
3145 2533 3354 2602 jejuuii
3404 2533 3534 2586 inci-

1844 2621 2030 2692 piunt,
2065 2623 2294 2691 egregie
2333 2622 2828 2692 compaginamur,
2862 2628 2916 2674 et
2946 2623 3159 2691 absque
3206 2623 3320 2674 ulla
3349 2638 3536 2691 repre-

1843 2710 2118 2764 hensione
2168 2710 2404 2764 unimur
2441 2711 2662 2779 jejunio
2713 2710 3016 2764 Salvatoris
3058 2709 3258 2777 nostri,
3313 2711 3381 2764 de
3423 2727 3537 2780 quo

1845 2797 2191 2867 evangelista
2249 2797 2422 2851 dicit:
2481 2800 2548 2850 Et
2633 2814 2750 2850 cum
2800 2798 3110 2865 jejunasset
3164 2799 3536 2864 quadraginta

1845 2887 2033 2940 diebus
2061 2892 2110 2940 et
2143 2887 2516 2952 quadraginta
2564 2887 2828 2948 noctibus,
2873 2892 3064 2956 postea
3094 2891 3288 2940 esui-iit
3313 2886 3533 2955 (Matth.

1845 2992 1919 3040 Iv,
1950 2979 2029 3046 2).

2484 3047 2609 3101 Car.
2644 3047 2904 3101 CLXXVI.

1917 3151 2152 3205 Sanctus
2223 3151 2518 3205 Faustinus
2576 3151 2873 3221 episcopus
2939 3151 2999 3203 in
3056 3151 3350 3204 Dominica
3409 3156 3540 3205 ante

1846 3239 2377 3310 Quadragesimam,
2454 3240 2808 3305 hojmiliatico
2895 3255 3157 3292 sermone
3223 3241 3539 3294 secundum

1848 3344 2066 3381 morem
2098 3329 2248 3381 illius
2273 3329 2570 3398 temporis,
2597 3328 2674 3381 ita
2696 3328 2994 3397 dejejunio
3023 3329 3536 3399 varicexscquitur,

1847 3416 2042 3470 dicens
2073 3433 2085 3470 :
2113 3439 2138 3464 ‹‹
2194 3419 2491 3470 Permotos
2533 3433 2654 3469 esse
2687 3433 2784 3469 vos
2814 3416 3001 3480 credo,
3057 3416 3259 3469 fratres
3291 3416 3538 3470 dilectis-

1848 3505 2000 3572 simi,
2035 3521 2136 3558 cur
2165 3522 2196 3557 a
2225 3506 2519 3575 superiore
2552 3505 2843 3558 Dominica
2871 3505 3374 3573 Quadragesimam
3409 3522 3538 3575 per-

1849 3594 2165 3658 currimus;
2197 3597 2400 3646 etcum
2426 3593 2592 3646 hodie
2611 3592 2680 3645 sit
2704 3593 2824 3661 ejus
2868 3593 3188 3658 exordium,
3213 3592 3538 3646 curfestivi-

1849 3687 2023 3735 tatem
2052 3682 2173 3750 ejus
2214 3688 2346 3733 ante
2383 3697 2552 3734 uuam
2584 3680 2997 3734 hebdomadam
3033 3681 3320 3734 celebrare
3351 3698 3538 3752 caspe-

1850 3770 2047 3822 rimus.
2082 3768 2445 3838 Reprehendi
2487 3784 2601 3821 non
2655 3772 2839 3838 potest
2896 3768 3212 3822 observatio
3244 3770 3352 3822 ista
3405 3786 3542 3840 pras-

1848 3872 2129 3928 propera:
2181 3857 2502 3910 devotionis
2555 3858 2708 3910 enim
2763 3856 3042 3909 indicium
3077 3864 3132 3910 et
3163 3857 3321 3927 prius
3355 3860 3539 3928 legem

1850 3945 2104 4015 exsequi,
2138 3961 2311 4015 quam
2349 3945 2487 4014 legis
2528 3950 2735 3997 statuta
2769 3959 3108 4014 cognoscas,
3143 3951 3198 3998 et
3225 3952 3355 3999 ante
3400 3946 3541 4000 obe-

1850 4035 1972 4088 dire
2005 4035 2324 4104 prasceptis,
2359 4051 2529 4104 quam
2565 4033 2907 4086 obedientizn
2956 4039 3242 4104 prmcepta
3283 4036 3540 4104 compel-

1851 4125 1987 4177 lant.
2024 4123 2164 4177 Illud
2194 4123 2409 4176 amoris
2461 4128 2564 4183 est,
2600 4123 2707 4178 hoc
2753 4122 3015 4188 timoris;
3049 4123 3154 4176 hoc
3204 4123 3540 4193 imperative

1852 4213 2117 4282 exigitur,
2152 4213 2293 4266 illud
2348 4211 2615 4280 religiose
2670 4212 2942 4265 defertur.
2977 4212 3060 4265 Ibi
3092 4213 3304 4266 donum
3340 4229 3541 4267 nume-

1781 4301 1822 4352 D
1852 4302 1928 4354 ris
1956 4301 2274 4367 exhibetur,
2307 4301 2398 4354 hic
2439 4300 2690 4354 debitum
2724 4301 2978 4354 solvitur.
3018 4301 3175 4354 Unde
3226 4307 3283 4355 et
3311 4318 3415 4355 nos
3446 4319 3542 4355 re-

1851 4389 2117 4458 ligiosum
2152 4404 2360 4441 munus
2391 4388 2752 4442 exhibuimus
2798 4390 2912 4442 Deo
2941 4389 3079 4442 dum
3112 4389 3542 4458 amplius'jeju-

1852 4478 2114 4531 navimus
2139 4494 2151 4542 ;
2184 4478 2528 4546 reprehendi
2561 4495 2675 4531 non
2721 4483 2907 4548 potest
2933 4479 3200 4531 festinata
3229 4477 3503 4530 festivitas
3529 4498 3543 4543 ;

1851 4582 2075 4635 semper
2124 4565 2279 4620 enim
2328 4566 2387 4619 in
2430 4567 2652 4635 gaudiis
2705 4565 3126 4619 solemnitatem
3169 4569 3292 4618 vota
3333 4580 3543 4632 prteve-

1851 4655 2042 4720 niunt,
2077 4660 2132 4708 et
2161 4654 2411 4709 futuram
2435 4655 2695 4714 laetitiam
2726 4653 2952 4706 devotio
2987 4655 3123 4706 dum
3155 4656 3402 4720 exoptat,
3439 4668 3540 4704 an-

1852 4743 2067 4812 ticipat.
2101 4744 2222 4797 Non
2254 4745 2436 4796 solum
2480 4742 2657 4806 igitur
2707 4740 3309 4809 irreprehensibiliter,
3361 4739 3456 4792 sed
3487 4744 3544 4792 et

1851 4837 2012 4886 caute
2045 4831 2256 4885 factum
2287 4836 2388 4884 est.
2442 4829 2683 4898 Semper
2723 4829 2874 4881 enim
2930 4828 2990 4880 in
3041 4828 3208 4880 rebus
3253 4827 3542 4898 ambiguis

1853 4926 2079 4990 oportet
2119 4919 2325 4973 addere
2373 4917 2588 4986 aliquid
2644 4916 2891 4986 amplius
2941 4917 3009 4969 ad
3055 4916 3371 4981 cautelam;
3409 4916 3544 4986 quia

1852 5010 2005 5078 quod
2038 5015 2122 5061 est
2157 5006 2424 5076 amplius,
2477 5005 2653 5058 recidi
2701 5008 2915 5073 potest;
2969 5004 3124 5072 quod
3173 5004 3384 5070 minus,
3425 5021 3541 5058 non

1852 5101 2038 5166 potest
2065 5094 2414 5164 prolongari.
2446 5093 2603 5146 Sicut
2649 5093 2706 5146 in
2756 5093 2860 5145 hac
2907 5091 3302 5145 observatione
3333 5094 3542 5146 factum

1853 5190 1955 5249 est,
1990 5199 2058 5235 ne
2108 5181 2261 5252 quod
2310 5187 2546 5250 propter
2600 5180 3108 5249 Quadragesimam
3156 5181 3282 5250 plus
3322 5181 3542 5252 jejuna-

1853 5271 2056 5330 vimus,
2092 5286 2206 5322 non
2240 5269 2554 5321 minuimus
2571 5268 3080 5338 Quadragesimam
3107 5286 3119 5335 ;
3145 5271 3368 5339 integra
3390 5271 3543 5325 enim

1851 5358 2015 5412 nobis
2047 5363 2256 5410 manet.
2287 5357 2447 5420 Quod
2481 5357 2525 5409 si
2558 5358 2749 5411 minus
2773 5358 3196 5428 jejunassemus
3225 5375 3541 5426 anumero,

1852 5446 2240 5516 redintegrare
2296 5461 2407 5498 non
2453 5451 2790 5515 poteramus
2835 5448 2902 5502 ad
2936 5463 3258 5502 numerum.
3296 5447 3407 5502 Sed
3439 5449 3546 5502 for-

1851 5541 1996 5591 tasse
2029 5535 2167 5589 illud
2196 5534 2254 5590 in
2303 5550 2475 5589 causa
2519 5540 2624 5602 est,
2672 5551 2774 5590 cur
2816 5536 3104 5607 jejunium
3135 5533 3289 5605 quod
3312 5536 3543 5607 jejuna-
