3846 6244
354 285 456 337 ’743

1595 289 1698 342 ιίῙζΝ
1709 289 1810 342 E/E
1854 291 2269 346 PARISIENSIS
2309 295 2625 351 EPISCOPI
3759 315 3829 366 Tit

359 417 567 482 vimus,
616 431 734 468 non
773 416 1036 486 proﬁciat
1065 417 1230 471 nobis
1259 417 1327 472 ad
1361 418 1884 489 Quadragesimam.
1920 423 2054 475 Pro-
2093 427 2138 478 Α
2168 441 2422 494 possum,
2457 443 2526 479 ne
2556 428 2738 498 magis
2771 432 3012 498 prodere
3061 431 3273 500 videar,
3318 452 3496 506 quam
3533 437 3610 492 ad
3641 443 3830 494 consut-

353 503 506 558 ﬁciet
537 505 707 574 plane
738 505 918 570 nobis,
953 506 1089 576 quia
1141 507 1241 560 etsi
1275 524 1390 560 non
1423 508 1653 577 proficit
1685 510 1765 562 ad
1795 509 2049 572 Quadra-

355 590 659 660 gesimam,
712 593 940 661 proiicit
1004 595 1070 647 ad
1123 595 1401 662 salutem;
1452 596 1498 648 si
1565 613 1678 650 non
1724 598 1951 668 proﬁcit
1979 600 2048 652 ad

353 694 682 744 numerum,
715 679 944 748 proﬁcit
973 683 1043 734 ad
1093 682 1382 736 meritum.
1431 684 1535 738 Cui
1566 686 1718 738 enim
1752 702 2049 756 nunquam
2089 703 2098 712 '

351 767 568 835 profuit
598 784 782 834 orare,
829 768 1038 838 legere,
1085 770 1393 840 jejunare?
1426 771 1528 825 Cui
1563 789 1676 825 non
1709 774 1923 842 profuit
1954 791 2048 826 ca-

355 851 535 920 stitas,
566 853 864 921 sobrietas,
913 856 1336 910 mansuetudo?
1365 857 1473 909 nisi
1520 859 1672 928 quod
1707 859 1838 911 illos
1869 864 2048 930 magis

351 940 853 1009 reprehendendos
899 947 1062 1011 puto,
1103 943 1360 1012 quicum
1411 945 1594 1012 parati
1644 945 1857 998 fuerint
1897 947 2048 1016 jeju-

349 1043 505 1094 nare,
554 1034 921 1098 posteaquam
955 1031 1243 1084 audierint
1272 1033 1650 1086 solemnitatis
1680 1034 2042 1103 ambiguum,

347 1118 721 1185 neglexerunt
743 1118 1027 1186 jejuuare.
1077 1121 1557 1174 Demonstrarunt
1606 1121 1805 1192 utique
1838 1140 1952 1177 non
1985 1140 2043 1177 se

344 1205 597 1257 volentes
649 1205 908 1275 religiose
965 1208 1171 1271 vivere,
1225 1209 1318 1262 sed
1368 1216 1606 1262 coactos.
1667 1211 1840 1264 Veriti
1885 1217 2038 1278 sunt,

345 1293 534 1357 credo,
557 1309 649 1360 ne,
685 1295 939 1364 quinque
979 1295 1200 1349 dierum
1227 1297 1467 1366 jejuniis
1499 1299 1876 1368 prolongatis,
1910 1317 2041 1354 caro

344 1393 438 1432 eos
465 1397 786 1451 corpusque
817 1382 1100 1450 deﬁceret,
1145 1389 1202 1437 et
1227 1386 1399 1438 exiles
1437 1401 1501 1440 ac
1540 1391 1744 1439 tenues
1797 1386 2039 1450 Quadra-

341 1467 572 1537 gesimaa
606 1469 1012 1524 abstinentiam
1047 1471 1292 1525 tolerare
1342 1489 1461 1527 non
1506 1481 1756 1544 possent.
1791 1477 2042 1530 Audiant

340 1556 518 1625 igitur
549 1557 742 1611 refecti
787 1561 1004 1627 pariter
1055 1576 1118 1613 ac
1163 1561 1401 1628 robusti,
1453 1568 1650 1616 tenues
1701 1573 1870 1634 atque
1917 1567 2038 1634 pal-

341 1644 542 1712 lentes,
573 1647 708 1715 quia
764 1647 932 1700 hodie
963 1655 1049 1701 est
1105 1649 1570 1719 Quadragesima.
1624 1653 1882 1706 Audiant
1933 1655 2035 1720 illi,

2167 513 2438 568 tationem
2469 518 2840 585 respondere.
2879 541 2906 569 »

2791 652 2918 706 CAP.
2963 655 3218 710 CLXXIX.

2233 754 2460 824 Legitur
2489 755 2663 810 etiam
2707 757 2766 809 in
2812 758 2991 812 Gestis
3039 761 3430 818 Romanorum
3488 767 3830 836 pontiﬁcum,

2158 843 2293 912 quia
2322 843 2588 896 Silvester
2617 861 2766 915 papa
2811 849 3105 902 constituit
3154 857 3216 904 ut
3253 868 3287 905 a
3335 855 3683 924 presbytero
3719 871 3830 909 neo-

2156 932 2368 1001 pbytus
2389 941 2722 1003 ungeretur,
2755 936 2970 990 scilicet
3009 938 3066 992 in
3098 941 3330 994 cerebro
3361 944 3481 996 sive
3511 945 3578 998 in
3613 949 3830 1006 vertice;

2159 1020 2236 1073 sic
2267 1021 2478 1074 etenim
2509 1023 2584 1076 ibi
2624 1024 2894 1078 scribitur
2941 1026 3020 1094 (in
3063 1029 3181 1082 Lib.
3213 1031 3546 1100 Pontiﬁcali,
3585 1033 3688 1102 qui
3717 1033 3830 1086 falso

2154 1109 2457 1163 ascribitur
2489 1112 2728 1164 Damaso
2770 1118 2993 1183 papas):
3031 1137 3050 1164 ι
3089 1117 3190 1170 Hic
3238 1120 3544 1173 constituit
3579 1127 3644 1174 ut
3675 1122 3830 1191 bapti-

2153 1205 2342 1251 zatum
2377 1199 2538 1252 liniat
2577 1200 2876 1271 presbyter
2919 1203 3222 1260 chrismate
3271 1207 3518 1262 levatum
3574 1209 3648 1262 de
3685 1227 3830 1280 aqua,

2151 1292 2388 1357 propter
2434 1289 2788 1343 occasionem
2843 1293 3116 1346 transitus
3187 1296 3464 1351 mortis.»
3518 1298 3654 1361 Quo
3699 1302 3830 1354 enim

2151 1380 2410 1445 tempore
2471 1377 2739 1431 Silvester
2799 1380 2944 1433 rexit
2999 1382 3272 1436 Romamn
3331 1385 3481 1438 sedis
3542 1387 3830 1442 Ecclesiam

2151 1461 2520 1518 manifestum
2557 1471 2662 1534 est,
2691 1467 2746 1524 id
2779 1473 2880 1534 est,
2911 1471 3142 1538 quando
3193 1472 3482 1527 Nicaznum
3537 1479 3829 1532 concilium

2149 1552 2494 1607 celebratum
2529 1560 2612 1608 est
2641 1556 2745 1609 sub
2775 1557 2868 1628 pio
2901 1558 3244 1628 imperatore
3275 1561 3680 1617 Constantino.
3717 1567 3830 1620 Exin

2151 1646 2213 1694 ut
2283 1643 2548 1696 arbitrari
2605 1649 2812 1714 potest,
2888 1648 3068 1701 sancti
3109 1650 3305 1703 Patres
3357 1652 3736 1706 instituerunt
3783 1659 3830 1708 ut

338 1732 595 1802 inquam,
629 1741 693 1786 ut
737 1735 1000 1804 jejunare
1047 1736 1344 1806 incipiant,
1383 1739 1478 1792 isti
1511 1745 1570 1792 ut
1600 1741 1855 1794 abstiner

2310 1735 2504 1784 rentur
2551 1733 2828 1803 neophyti
2859 1751 2891 1788 a
2924 1737 3273 1807 presbyteris
3319 1740 3634 1795 chrismate
3662 1759 3829 1796 ωηερε

341 1821 624 1886 desinant,
684 1829 739 1876 et
794 1826 1180 1878 communiter
1207 1826 1266 1878 in
1323 1843 1512 1881 arcam
1562 1829 1767 1882 Christi
1821 1831 2034 1884 intrare

340 1908 629 1976 festinent,
663 1911 780 1964 imo
821 1912 1092 1966 festinent
1147 1915 1412 1983 amplius,
1459 1917 1592 1986 quia
1625 1917 1841 1971 tardius
1871 1920 2036 1972 absti-

343 2013 478 2050 nere
511 2005 822 2068 coeperunt,
860 2005 922 2054 ut
941 2002 1330 2072 castigatiores
1359 2011 1412 2057 et
1443 2006 1701 2074 puriores
1721 2007 2030 2074 introeant,

339 2086 476 2156 quia
506 2103 636 2140 arca
673 2088 900 2142 Domini
938 2089 997 2142 in
1043 2091 1313 2160 periculis
1358 2094 1624 2162 jejunum
1675 2095 2030 2150 substentare

336 2175 628 2242 praevalet,
659 2177 1043 2231 temulentum
1069 2178 1422 2234 substentare
1455 2197 1569 2235 non
1610 2183 1788 2237 novit.
1825 2204 1851 2233 ››

949 2319 1082 2374 CAP.
1128 2321 1420 2376 CLXXVII.

401 2448 539 2502 Item
596 2451 946 2519 Augustinus
1025 2453 1080 2506 in
1158 2455 1395 2508 homilia
1455 2455 1523 2510 de
1582 2456 2029 2527 Quadragesima

330 2536 483 2589 inter
514 2541 717 2590 caetera
747 2539 825 2591 sic
860 2539 996 2593 dicit
1029 2543 1208 2608 (scrm.
1240 2545 1305 2596 69
1337 2543 1402 2595 de
1443 2545 1650 2615 Temp.)
1681 2562 1692 2599 :
1735 2567 1762 2594 «
1787 2547 2027 2600 Sanctus

330 2624 508 2693 igitur
572 2631 626 2678 et
679 2627 940 2679 salutaris
997 2627 1456 2698 Quadragesima:
1520 2648 1720 2686 cursus
1765 2641 1868 2698 est,
1912 2652 2024 2705 quo

329 2712 636 2765 adducitur
677 2715 746 2767 ad
799 2713 1247 2770 misericordiam
1295 2723 1562 2787 peccator
1591 2735 1696 2790 per
1746 2723 2027 2791 poeniten-

325 2799 487 2864 tiam,
532 2801 723 2870 justus
780 2803 847 2855 ad
889 2805 1169 2873 requiem.
1241 2807 1336 2858 His
1394 2808 1548 2860 enim
1611 2809 1812 2863 diebus
1859 2813 2024 2866 solito

327 2889 573 2958 amplius
619 2897 676 2943 et
723 2889 990 2943 divinitas
1037 2891 1360 2958 miseretur,
1409 2899 1466 2947 et
1497 2895 1892 2966 delinquentia
1931 2901 2024 2953 de-

329 2983 616 3045 precatur,
667 2983 724 3030 et
760 2979 979 3046 justitia
1028 2988 1411 3048 promeretur.
1471 2984 1670 3038 Patent
1714 2987 1870 3040 enim
1905 3005 2022 3041 om-

331 3065 446 3130 nia,
480 3071 536 3118 et
583 3067 710 3119 costi
757 3067 822 3119 ad
869 3066 1314 3136 indulgentiam,
1361 3077 1418 3124 et
1447 3080 1713 3140 peccator
1741 3077 1808 3127 ad
1841 3079 2018 3130 conti-

327 3153 586 3212 tendum,
641 3159 696 3206 et
742 3153 941 3222 lingua
987 3158 1058 3208 ad
1113 3158 1545 3224 postulandum.
1599 3163 1894 3229 Salutaris,
1937 3165 2020 3218 iu-

324 3255 516 3309 quam,
579 3246 634 3293 et
692 3243 961 3310 mysticus
1018 3249 1102 3296 est
1160 3245 1652 3316 quadragenarius
1705 3265 2016 3316 numerus;

323 3343 456 3380 nam
491 3328 740 3398 primum
775 3345 903 3382 cum
937 3333 1135 3385 mundi
1175 3333 1378 3388 faciem
1412 3335 1685 3406 iniquitas
1715 3339 2016 3393 hominum

323 3415 659 3485 possideret,
691 3423 772 3470 tot
794 3418 1018 3472 dierum
1051 3422 1333 3475 curriculo
1377 3423 1521 3476 Deus
1551 3425 1742 3478 effusis
1774 3427 1843 3480 de
1875 3430 2015 3482 caelo

321 3504 602 3558 imbribus
638 3506 960 3560 universam
983 3511 1195 3562 terram
1231 3509 1444 3563 diluvio
1478 3513 1816 3582 superfudit.
1855 3517 2017 3570 Vides

321 3609 456 3662 ergo
484 3595 604 3663 jam
635 3594 735 3648 illo
767 3599 1027 3665 tempore
1077 3599 1410 3667 mysterium
1461 3600 1521 3653 in
1547 3601 1732 3671 ﬁgura
1763 3603 2015 3674 disposi-

318 3686 463 3735 tum.
499 3683 637 3736 Nam
671 3683 816 3736 sicut
848 3685 1227 3754 quadraginta
1257 3686 1456 3742 diebus
1485 3691 1632 3759 pluit
1662 3692 1730 3745 ad
1755 3708 2013 3763 purgan-

272 3781 280 3789 '
319 3769 456 3822 dum
499 3769 802 3833 mundum,
837 3772 916 3825 ita
947 3777 1004 3825 et
1047 3789 1200 3827 nunc
1249 3777 1626 3847 quadraginta
1672 3780 1874 3834 diebus
1903 3782 2013 3836 mi-

319 3861 539 3911 seretur
565 3858 634 3911 ad
657 3859 952 3913 hominem
987 3861 1426 3929 puriticandum.
1461 3885 1487 3916 »

924 4003 1051 4056 CAP.
1098 4003 1408 4060 CLXXVIII.

389 4115 575 4178 Quare
633 4117 950 4187 presbyteri
991 4119 1362 4176 inhibeantur
1412 4123 1630 4180 frontes
1689 4127 2008 4197 baptizato-

319 4219 448 4257 rum
475 4205 777 4258 chrismate
810 4207 994 4272 linire,
1039 4209 1404 4264 Innocentius
1433 4229 1582 4284 papa
1614 4216 1672 4268 in
1715 4217 2010 4271 Deeretali-

319 4295 426 4346 bus
449 4292 528 4344 ita
549 4292 706 4356 dicit,
729 4309 852 4363 cap.
888 4298 916 4348 3
949 4295 1126 4363 (epist.
1161 4301 1209 4363 t,
1243 4314 1289 4351 c.
1315 4299 1366 4369 3)
1395 4317 1406 4354 :
1447 4322 1474 4350 «
1507 4305 1583 4356 De
1604 4306 2010 4374 consignandis

319 4396 452 4434 vero
483 4380 795 4435 infantibus
819 4384 1184 4438 manifestum
1216 4393 1320 4453 est,
1347 4405 1459 4441 non
1491 4390 1561 4443 ab
1587 4391 1696 4444 alio
1731 4409 1902 4462 quam
1935 4397 2005 4450 ab

317 4470 585 4540 episcopo
621 4471 746 4524 ﬁeri
790 4471 979 4526 licere.
1035 4474 1176 4527 Nam
1225 4477 1559 4546 presbyteri,
1612 4480 1744 4534 licet
1775 4486 1887 4538 sint
1917 4503 2004 4538 se-

315 4559 486 4612 cundi
519 4560 842 4614 sacerdotes
873 4561 1239 4630 pontiﬁcatus
1277 4571 1467 4619 tamen
1499 4569 1720 4637 apicem
1755 4587 1870 4625 non
1901 4574 2007 4627 ha-

313 4647 470 4703 bent.
533 4650 650 4703 Hoc
698 4655 888 4702 autem
941 4652 1308 4719 pontiﬁcibus
1364 4656 1496 4710 solis
1540 4657 1754 4726 deberi,
1803 4666 1866 4713 ut
1917 4663 2004 4716 vel

315 4739 673 4809 consignent,
717 4739 805 4792 vel
861 4741 1204 4809 paraclitum
1262 4744 1538 4814 Spiritum
1601 4749 1846 4816 tradant,
1891 4767 2004 4804 non

315 4829 501 4882 solum
543 4829 894 4882 consuetudo
959 4831 1335 4886 ecclesiastica
1384 4834 1752 4905 demonstrat,
1806 4855 2002 4893 verum

315 4914 414 4968 illa
443 4915 606 4968 lectio
638 4920 883 4972 Actnum
920 4921 1334 4988 apostolorum,
1369 4939 1496 4992 quin
1538 4926 1737 4978 asserit
1772 4929 2003 4982 Petrum

317 5008 372 5057 et
403 5005 676 5058 Joannem
731 5023 854 5059 esse
911 5008 1174 5072 directos,
1236 5011 1333 5080 qui
1377 5013 1496 5081 jam
1553 5014 1853 5084 baptizatis
1887 5023 1999 5070 tra-

317 5092 454 5144 dant
483 5093 758 5162 Spiritum
791 5101 1070 5149 sanctum.
1117 5099 1255 5151 Nam
1302 5101 1665 5170 presbyteris,
1717 5121 1812 5158 seu
1847 5111 2002 5160 extra

314 5179 668 5250 episcopum,
719 5200 814 5236 seu
866 5191 1146 5253 prmsente
1205 5189 1469 5259 episcOpo
1508 5206 1636 5244 cum
1685 5192 1999 5262 baptizant,

315 5267 616 5322 chrismate
653 5271 970 5340 baptizatos
1009 5290 1226 5344 ungere
1273 5277 1422 5344 licet,
1478 5281 1570 5332 sed
1605 5283 1753 5350 quod
1785 5284 1854 5336 ab
1886 5285 2003 5354 epi—

315 5369 481 5423 scopo
531 5356 702 5411 fuerit
748 5367 1179 5428 consecratum;
1222 5380 1338 5418 non
1392 5371 1583 5421 tamen
1631 5369 1874 5424 frontem
1932 5388 2002 5426 ex

313 5441 514 5495 eodem
545 5445 670 5497 oleo
689 5445 938 5514 signare,
963 5451 1118 5520 quod
1141 5453 1273 5504 solis
1295 5453 1531 5508 debetur
1560 5456 1840 5528 episcopis
1869 5475 1996 5514 cum

313 5528 550 5584 tradunt
579 5531 850 5601 Spiritum
885 5537 1242 5605 paraclitum.
1277 5541 1454 5594 Verba
1483 5559 1615 5596 vero
1665 5545 1852 5599 dicere
1885 5565 1996 5600 non

2146 1823 2302 1868 erato
2338 1817 2408 1870 ab
2439 1818 2726 1888 episcopo.
2764 1821 2928 1884 Quod
2961 1823 3006 1875 si
3037 1823 3096 1878 id
3129 1829 3296 1879 antea
3326 1827 3628 1897 agebatur,
3659 1847 3830 1900 super-

2147 1907 2326 1958 tluum
2357 1907 2582 1960 videtur
2629 1911 3002 1964 constitutum
3047 1929 3170 1966 esse
3220 1931 3252 1967 a
3306 1921 3502 1970 sancto
3551 1918 3829 1980 Silvestre,

2145 1994 2300 2063 quod
2348 1995 2524 2064 jama
2575 1997 2866 2050 catholicis
2919 2000 3282 2071 implebatur.
3329 2005 3661 2060 Secundum
3707 2009 3830 2060 hanc

2146 2083 2616 2136 constitutionem
2664 2087 2938 2156 suspicari
2985 2090 3225 2158 quilibet
3254 2093 3422 2158 valet,
3475 2095 3630 2163 quod
3671 2097 3830 2164 priori

2145 2175 2403 2240 tempore
2455 2172 2522 2224 de
2573 2175 2842 2227 unctione
2891 2176 3215 2230 chrismatis
3269 2181 3518 2248 pontifex
3567 2191 3830 2252 exspecta-

2143 2258 2330 2322 batur,
2369 2263 2430 2311 ut
2457 2275 2560 2327 per
2592 2275 2796 2314 manus
2836 2263 3090 2333 episcopi
3125 2269 3314 2319 omnis
3345 2268 3538 2321 unctio
3571 2270 3830 2323 chrisma-

2143 2346 2213 2397 tis
2247 2348 2655 2416 compleretur.
2695 2351 2880 2420 Usque
2911 2351 2982 2405 ad
3021 2353 3159 2407 illud
3201 2359 3430 2425 tempus
3457 2373 3572 2410 non
3603 2374 3828 2428 genera-

2138 2432 2270 2486 liter
2301 2450 2497 2487 omnes
2549 2435 3006 2505 baptizabantur,
3049 2442 3366 2510 praesertim
3411 2460 3540 2498 cum
3585 2446 3826 2512 impera-

2139 2525 2290 2573 tores
2315 2526 2368 2574 et
2419 2521 2704 2592 principes
2749 2540 2947 2578 eorum
3011 2530 3349 2597 paganismo
3397 2531 3818 2598 detinerentur;

2139 2611 2264 2663 ideo
2311 2609 2472 2664 facile
2544 2614 2843 2683 neophytis
2895 2623 3117 2686 poterat
3161 2636 3456 2676 occurrere
3507 2623 3816 2693 episcopus.

2137 2700 2220 2750 vel
2245 2698 2352 2767 ipsi
2389 2699 2456 2751 ad
2493 2699 2826 2770 episcopum
2857 2705 3071 2771 venire,
3105 2707 3242 2776 quia
3269 2711 3458 2762 adhuc
3501 2711 3818 2764 Christiani-

2137 2787 2219 2836 tas
2255 2792 2496 2855 augusta
2527 2793 2650 2841 erat
2679 2793 2735 2842 et
2765 2793 3022 2845 clanculo
3056 2796 3351 2863 agebatur.

2784 2916 2911 2968 Car.
2957 2917 3190 2974 CLXXX.

2205 3017 2456 3070 Celasius
2497 3035 2646 3090 papa
2685 3020 2746 3074 in
2783 3023 3175 3077 ecclesiasticis
3231 3028 3527 3094 institutis,
3565 3035 3624 3084 ut
3671 3048 3808 3100 pres-

2129 3104 2310 3173 byteri
2347 3107 2582 3160 modum
2625 3109 2881 3163 debitum
2933 3118 3176 3179 servent,
3226 3131 3340 3167 non
3373 3116 3623 3170 chrisma
3653 3119 3812 3170 conti-

2127 3193 2296 3260 ciant,
2359 3211 2472 3246 non
2519 3198 2881 3266 cousignent,
2937 3199 3015 3250 sic
3071 3200 3206 3253 dicit
3254 3219 3377 3272 cap.
3425 3207 3456 3258 6
3517 3207 3698 3273 (epist.
3729 3209 3808 3272 9f:

2134 3301 2152 3326 α
2191 3280 2300 3332 Nec
2335 3281 2525 3333 minus
2559 3283 2729 3336 etiam
2763 3285 3119 3354 presbyteros
3151 3295 3350 3343 contra
3382 3308 3550 3345 suum
3591 3294 3808 3346 modum

2130 3367 2362 3421 tendere
2415 3370 2830 3438 prohibemus;
2867 3389 2970 3426 nec
3019 3376 3326 3446 episcopali
3369 3379 3600 3450 fastigio
3635 3382 3810 3435 debita

2126 3453 2353 3508 sibimet
2381 3455 2648 3510 audacter
2680 3475 2989 3528 assumere,
3025 3481 3140 3517 non
3170 3465 3514 3522 conficiendi
3545 3470 3806 3522 chrisma-

2127 3540 2218 3607 tis,
2255 3559 2368 3597 non
2413 3546 2863 3616 consignationis
2913 3552 3252 3620 pontiﬁcalis
3295 3555 3642 3612 adhibendae
3692 3559 3808 3612 sibi-

2125 3633 2241 3682 met
2270 3631 2526 3700 arripere
2553 3633 2898 3690 facultatem.
2936 3659 2963 3684 »

2723 3739 2726 3742 ’
2779 3751 2904 3805 CAP.
2951 3753 3208 3810 CLXXXI.

2193 3852 2336 3905 Item
2367 3852 2424 3906 in
2451 3854 2652 3908 eodem
2684 3857 2971 3926 capitulo:
3012 3882 3030 3908 ι
3069 3861 3180 3914 Nec
3213 3878 3447 3932 prorsus
3497 3866 3803 3930 addubitet,

2123 3937 2168 3990 si
2199 3939 2514 4009 quidquam
2549 3943 2616 3996 ad
2671 3945 2995 4016 episcopale
3065 3948 3444 4005 ministerium
3493 3956 3804 4024 specialiter

2119 4027 2412 4096 pertinens
2443 4044 2546 4082 suo
2571 4037 2732 4086 motu
2757 4035 3044 4101 putaverit
3065 4039 3517 4106 exsequendum,
3542 4047 3799 4097 continuo

2119 4130 2179 4168 se
2234 4116 2576 4185 presbyterii
2611 4119 2888 4189 dignitate
2941 4126 2997 4175 et
3044 4139 3197 4176 sacra
3238 4129 3650 4185 communione
3705 4134 3804 4201 pri-

2121 4219 2260 4258 ναι-ι.
2299 4226 2326 4252 ﬂ

2723 4315 2849 4368 CAP.
2893 4314 3177 4371 CLXXXII.

2187 4412 2264 4466 De
2291 4412 2397 4467 hoc
2427 4417 2582 4485 quod
2631 4417 2964 4487 opponitur,
3023 4437 3200 4490 quare
3251 4424 3440 4480 clerici
3485 4427 3694 4484 barbas
3725 4449 3800 4485 ra-

2116 4499 2280 4566 dunt,
2315 4502 2694 4573 Ilieronymus
2735 4503 2794 4557 in
2825 4507 3010 4575 prima
3055 4515 3212 4578 parte
3247 4512 3550 4569 Ezechielis
3589 4520 3706 4588 (lib.
3743 4539 3792 4586 ιι,

2115 4603 2232 4655 cap.
2268 4591 2319 4652 Ei,
2341 4593 2489 4658 init.)
2519 4593 2780 4660 exponit:
2827 4613 2854 4662 ς(
2887 4596 2956 4646 Et
2989 4599 3065 4655 tu.
3103 4598 3202 4665 ﬁli,
3239 4599 3490 4665 hominis,
3524 4619 3677 4660 sume
3709 4611 3796 4662 tibi

2113 4676 2360 4741 gladium
2406 4684 2622 4732 acutum
2674 4687 2832 4745 quasi
2875 4687 3192 4738 novaculam
3245 4691 3520 4744 tonsorum
3551 4693 3685 4762 (sive
3715 4715 3796 4750 ra-

2115 4763 2322 4818 (lcntom
2369 4766 2534 4836 pilos)
2585 4772 2636 4820 ct
2688 4770 2840 4822 trahe
2893 4787 2996 4838 per
3063 4777 3230 4840 caput
3275 4779 3428 4830 tuum
3471 4785 3520 4832 et
3581 4784 3793 4839 barbam

2116 4855 2306 4913 tuam;
2338 4857 2386 4904 cl
2418 4869 2660 4909 assumes
2719 4857 2818 4910 tibi
2869 4863 3128 4912 stateram
3173 4863 3453 4930 ponderis,
3489 4873 3538 4919 ct
3592 4870 3792 4925 cliviib's

2113 4953 2217 4990 eos.
2257 4941 2490 4992 Tertiam
2514 4947 2728 5008 pm'trm
2763 4948 2878 5010 igni
2917 4947 3193 5000 comburas
3227 4953 3284 5002 in
3319 4953 3493 5006 modio
3541 4961 3791 5020 civitatis,

2103 5026 2272 5093 jua'tu
2330 5031 2730 5096 coinplrtionmz
2785 5032 2996 5085 dierum.
3052 5037 3452 5103 conclusionis;
3483 5051 3532 5096 et
3589 5053 3790 5102 tertium

2103 5121 2320 5182 partrm
2366 5119 2610 5173 concidas
2634 5121 2817 5186 gladio
2845 5125 2902 5172 in
2950 5125 3181 5176 circuitu
3213 5126 3330 5192 ejus
3355 5145 3376 5189 ,·
3437 5135 3645 5188 tertiam
3679 5155 3792 5192 rem

2111 5203 2276 5254 aliam
2311 5203 2592 5272 dispariles
2623 5211 2678 5259 in
2723 5213 2960 5270 ventum,
3010 5215 3062 5262 et
3115 5213 3362 5277 glad-ium.
3417 5220 3632 5276 nntiabo
3675 5233 3792 5292 post

2111 5305 2215 5341 eos.
2247 5291 2316 5343 Et
2346 5307 2523 5344 sumas
2555 5293 2680 5346 inde
2721 5311 2953 5362 parvum.
2983 5313 3287 5360 numerum.
3323 5307 3374 5355 et
3401 5305 3597 5371 ligabis
3633 5291 3718 5366 eos
3745 5317 3788 5366 in

2109 5381 2420 5430 summitate
2443 5381 2624 5446 pallii.
2677 5381 2742 5433 Et
2781 5397 2846 5434 ar
2876 5386 2951 5434 cis
2993 5400 3214 5438 rursum
3264 5391 3418 5442 tolles
3472 5399 3524 5445 et
3549 5398 3789 5464 prmities

2109 5467 2164 5516 in
2184 5464 2420 5518 multum.
2453 5471 2615 5532 ignis,
2650 5472 2698 5519 et
2742 5470 3018 5524 comburas
3047 5488 3133 5525 eos
3177 5478 3311 5540 igni.
3343 5479 3428 5530 Ea:
3470 5497 3527 5534 eo
3559 5489 3788 5551 rgrrdir—

2111 5555 2202 5603 tur
2229 5555 2372 5616 ignis
2398 5569 2604 5608 omnem.
2635 5555 2848 5608 domum
2899 5559 3068 5610 Israel
3099 5563 3306 5628 (Ezrrli.
3341 5581 3390 5625 v,
3429 5571 3446 5618 i
3485 5572 3636 5635 sm),
3687 5576 3784 5628 Pro

3603 5617 3636 5638 ἰ.
