3846 6244
72 274 157 324 73:;
1335 275 1535 330 LIBER
1578 277 1937 332 ADVERSUS
1975 278 2275 334 cumcos.
3454 284 3554 338 71-6

72 407 230 459 tribus
259 407 529 476 partibus
574 408 910 478 capillorum
943 414 1000 462 et
1039 409 1310 478 pilorum,
1352 426 1593 480 quantm
1629 427 1737 463 una
1777 415 1819 464 Α
1854 411 1997 481 (cap.
2040 412 2144 481 l9),
2178 412 2255 466 sic
2287 413 2435 465 inter
2462 419 2666 467 caetera
2699 413 2876 468 dicit:
2910 415 3227 468 «Ieremias
3268 414 3547 478 insinuat,

71 496 413 548 comburitur
473 495 533 548 in
569 497 758 550 medio
783 497 1040 562 civitatis,
1075 498 1186 550 alia
1207 499 1526 552 conciditur
1557 499 1748 565 gladio

71 586 118 636 in
148 584 380 635 circuitu
435 587 584 653 ejus,
621 586 786 638 tertia
824 592 991 638 vento
1037 587 1146 638 huc
1194 587 1442 657 illucque
1474 587 1750 656 rapienda

71 672 433 740 dispergitur;
468 675 538 725 de
591 690 703 743 qua
738 690 938 742 parum
988 675 1298 726 assumitur
1343 681 1398 727 et
1432 675 1640 743 ligatur
1689 676 1748 727 in

69 761 233 831 pallii;
267 767 324 813 et
348 777 583 814 rursum
630 762 913 815 modicum
963 763 1100 832 quid
1134 763 1314 831 partis
1345 763 1527 817 tertia:
1565 763 1746 816 mitti-

69 857 147 902 tur
175 848 230 901 in
261 849 487 918 ignem,
520 850 588 902 de
635 867 747 920 quo
797 851 1090 919 egreditur
1140 851 1370 904 ﬂamma
1404 851 1462 904 in
1517 867 1748 904 omnem

70 937 286 988 domum
313 936 496 990 Israel
531 954 542 990 :
580 938 954 1008 Septuaginta
985 942 1222 1002 quatuor
1243 943 1430 1006 partes
1466 940 1749 1009 interpre-

68 1025 155 1077 tati
185 1031 340 1077 sunt.
391 1025 654 1094 Cumque
716 1026 1031 1079 dixissent:
1064 1027 1326 1091 Quartam
1374 1033 1590 1096 partem.
1635 1032 1751 1094 igni

67 1113 325 1164 ιἰιιηὶιῑιιιξξε
384 1118 441 1166 in.
481 1115 658 1166 medio
688 1119 944 1180 civitatis,
995 1119 1044 1167 ct
1075 1120 1330 1180 quartam
1361 1116 1532 1167 credes
1564 1115 1748 1182 gladio

69 1207 112 1252 in
138 1201 311 1253 taedio
331 1201 473 1268 ejus,
511 1207 562 1254 et
586 1208 842 1267 quartam
895 1203 1173 1270 dispcrges
1222 1208 1280 1256 in.
1318 1207 1535 1256 ventum
1568 1219 1579 1255 :
1617 1203 1753 1273 quia

71 1289 384 1341 remanebat
423 1289 506 1342 eis
537 1296 741 1359 quarta
773 1306 900 1359 pars
933 1292 1044 1344 alia
1078 1307 1090 1344 :
1126 1291 1470 1345 addiderunt
1499 1292 1567 1344 de
1597 1308 1699 1344 suo
1735 1307 1748 1345 :

73 1378 127 1427 Et
153 1382 406 1440 quartam
441 1384 662 1445 partem
708 1394 967 1441 assumes,
1016 1384 1067 1431 rt
1115 1380 1390 1432 co-mbu-res
1416 1396 1531 1433 eam.
1559 1381 1611 1432 in
1640 1395 1750 1432 mr-

73 1465 143 1514 ιίίη
169 1469 406 1518 civitatis
442 1482 454 1518 :
490 1467 654 1536 quasi
686 1482 802 1519 non
835 1467 908 1519 sit
942 1467 1063 1536 ipsa
1097 1483 1222 1537 qua}
1255 1468 1461 1537 prima,
1502 1473 1558 1521 et
1599 1468 1748 1521 aliud

72 1552 183 1620 quid
218 1553 281 1605 in
318 1552 513 1623 prima
565 1555 788 1621 dixerit,
822 1555 978 1608 aliud
1011 1556 1068 1609 in
1109 1557 1220 1608 ista
1251 1573 1378 1626 qua),
1423 1556 1613 1609 addita
1646 1561 1748 1622 est,

75 1641 310 1711 Denique
343 1648 400 1695 et
431 1642 492 1695 iu
519 1644 1007 1714 consequentibus
1039 1644 1289 1713 aenigma
1320 1645 1654 1714 capillorum
1693 1645 1749 1697 in

75 1735 166 1780 tres
211 1733 401 1798 partes
454 1731 796 1795 divisorum,
854 1731 972 1801 ipse
1033 1733 1306 1785 Dominus
1357 1731 1618 1785 edisserit
1649 1749 1752 1802 per

75 1819 387 1887 prophetam
417 1819 617 1872 dicens
652 1836 663 1872 :
712 1823 894 1873 Tertia.
935 1825 1015 1873 tui
1057 1835 1192 1888 pars
1215 1826 1369 1888 poste
1399 1825 1677 1880 morietur,
1703 1826 1752 1874 ct

74 1909 193 1969 fama
239 1912 594 1960 consumetur
626 1910 684 1960 in
740 1910 914 1962 medio
950 1914 1049 1962 tui.
1088 1909 1316 1962 Famem
1376 1915 1432 1962 et
1477 1910 1751 1978 pestilen-

74 1996 189 2047 tiam
219 1996 412 2066 ignem
445 2013 570 2050 esse
618 1998 966 2067 signiﬁcans.
1002 2001 1069 2051 Et
1097 2003 1258 2052 tertia
1304 2001 1384 2051 tui.
1407 2014 1542 2068 pars
1569 1998 1752 2065 gladio

77 2083 204 2136 enitet
230 2089 287 2137 in
314 2088 550 2139 circuitu
585 2091 696 2144 tuo,
732 2087 866 2140 foris
893 2088 1075 2140 caedes
1106 2105 1168 2140 ac
1208 2087 1356 2140 bella
1400 2087 1745 2140 describens.

81 2173 292 2225 Tertiam
312 2190 458 2235 vero,
495 2174 710 2245 inquit,
767 2180 979 2244 partem
1014 2180 1163 2229 tuam
1195 2179 1252 2228 in
1299 2191 1505 2228 omnem
1536 2179 1754 2228 vcntmn

79 2261 400 2329 vlislu‘rgam:
450 2280 553 2316 eos
595 2279 716 2316 esse
767 2265 1165 2317 demonstrans
1197 2264 1294 2333 qui
1339 2265 1587 2318 ducendi
1620 2269 1753 2316 sunt

79 2349 124 2401 iu
147 2351 552 2419 captivitatem.
591 2352 723 2405 Post
753 2369 895 2422 quos
930 2352 1068 2406 dicit
1115 2369 1173 2405 se
1205 2352 1422 2406 nudare
1451 2352 1537 2406 vel
1570 2351 1752 2406 effun-

81 2435 189 2488 dere
219 2438 481 2506 gladium
514 2455 709 2507 suum,
759 2445 820 2493 ut
863 2455 969 2492 nec
1025 2439 1323 2509 captivitas
1373 2439 1750 2492 novissimum

80 2525 135 2575 sit
183 2526 489 2590 malorum,
551 2543 894 2598 sumereque
959 2528 1027 2581 de
1083 2527 1220 2598 ipsis
1271 2528 1540 2597 dispersis
1583 2532 1755 2595 atque

80 2613 314 2680 captivis,
345 2620 402 2667 et
432 2615 618 2684 ligare
668 2616 726 2668 in
761 2616 1090 2669 summitate
1117 2615 1274 2686 pallii
1309 2617 1397 2668 Siti
1433 2631 1528 2669 eos
1562 2616 1661 2684 qui
1687 2615 1754 2668 de

80 2702 380 2768 captivitate
421 2702 669 2756 redituri
729 2708 862 2757 sunt
908 2704 967 2757 in
1012 2703 1385 2770 Hierusalem,
1429 2708 1483 2756 et
1517 2720 1580 2758 ex
1616 2703 1755 2772 ipsis

82 2805 285 2860 quoque
316 2792 520 2844 tollere
550 2792 802 2863 aliquam
851 2797 1099 2862 partem,
1150 2798 1207 2846 et
1257 2792 1377 2863 igni
1408 2791 1754 2862 ﬂammaque

82 2895 422 2945 consumere;
458 2880 792 2951 signiﬁcans
821 2883 1172 2949 Macedones,
1204 2883 1306 2934 sub
1340 2881 1546 2951 quibus
1589 2881 1753 2934 habi-

83 2973 267 3021 tatores
290 2969 528 3035 Iudam,
561 2974 619 3023 et
668 2969 956 3040 praicipue
1010 2971 1389 3034 Hierusalem,
1427 2970 1570 3023 dura
1623 2985 1751 3039 per-

86 3057 208 3125 pessi
258 3062 410 3110 sunt.
449 3058 615 3121 Quod
647 3064 840 3112 autem
881 3058 1021 3112 dicit
1051 3075 1117 3111 ar
1172 3075 1248 3119 eo,
1307 3059 1365 3112 id
1396 3063 1482 3111 est
1510 3058 1755 3127 populo;

87 3145 180 3198 sive
212 3146 372 3215 juxta
423 3145 828 3216 Septuaginta,
872 3162 939 3199 ex
969 3162 1050 3206 ea,
1093 3151 1154 3199 ut
1209 3145 1588 3199 subaudiatur
1620 3145 1757 3198 urbe

88 3233 437 3302 Hierusalem,
487 3234 819 3304 egredietur
886 3234 1039 3304 ignis
1117 3235 1177 3287 in
1233 3249 1463 3286 omnem
1521 3234 1755 3286 domum

87 3320 250 3386 Israel,
290 3323 754 3390 Machabzeorum
795 3327 987 3376 narret
1017 3323 1276 3384 historia,
1313 3322 1463 3392 quod
1495 3321 1755 3391 quaedam

85 3425 196 3478 pars
244 3411 577 3465 Judaaorum
628 3428 687 3464 se
738 3411 972 3466 tradidit
1029 3412 1312 3464 Antiocho
1369 3410 1671 3480 Epiphani,
1703 3415 1759 3462 et

87 3512 196 3550 eum
238 3499 302 3553 ad
355 3499 823 3570 persecutionem
868 3501 1068 3571 populi
1115 3499 1438 3560 concitavit,
1493 3503 1549 3551 et
1580 3499 1760 3550 multa

87 3585 176 3638 alia
202 3602 322 3657 quae
351 3589 413 3641 in
447 3589 654 3642 eadem
687 3588 1022 3642 scribuntur
1051 3587 1309 3655 historia,
1359 3591 1414 3640 et
1438 3586 1497 3639 in
1527 3585 1757 3656 Josepbi

87 3675 462 3744 voluminibus,
528 3677 940 3747 praecipueque
997 3676 1351 3730 dissensione
1401 3674 1645 3744 Hyrcani
1705 3679 1760 3728 et

87 3762 382 3832 Alexandri,
413 3782 524 3835 per
555 3781 807 3835 quorum
838 3765 1196 3820 occasionem
1230 3765 1432 3819 Gnaeus
1455 3763 1758 3832 Pompeius

87 3853 210 3920 cepit
235 3854 574 3918 Jerusalem,
609 3858 666 3906 et
697 3854 969 3907 Romanae
1000 3853 1208 3906 ditioni
1258 3851 1513 3906 subdidit
1550 3867 1562 3904 :
1600 3856 1756 3921 post-

88 3953 240 4010 eaque
268 3943 368 3995 sub
399 3943 530 3996 Tito
571 3947 629 3996 et
660 3942 1005 4012 Vespasiano
1039 3943 1174 3996 urbs
1200 3947 1382 4011 capta,
1444 3941 1754 4010 templum-

88 4041 178 4096 que
205 4031 555 4084 subversum.
592 4032 660 4085 Et
681 4036 808 4101 post
828 4030 1247 4101 quinquaginta
1275 4045 1457 4082 annos
1485 4030 1588 4081 sub
1615 4028 1756 4082 Ailio

87 4115 296 4172 Adriano
337 4135 527 4190 usque
558 4119 631 4172 ad
666 4119 852 4171 solum
885 4119 1117 4171 incensa
1140 4118 1334 4171 civitas
1361 4121 1532 4187 atque
1572 4115 1756 4169 deleta

88 4209 170 4266 est,
198 4205 267 4258 ita
291 4211 356 4260 ut
386 4207 708 4276 pristinum
759 4222 987 4276 quoque
1018 4222 1233 4259 nomen
1290 4205 1564 4258 amiserit.
1598 4204 1757 4266 Quo-

89 4293 233 4346 modo
273 4303 466 4348 autem
513 4296 575 4348 in
617 4295 850 4348 caesarie
899 4300 954 4347 et
1009 4294 1184 4347 barba
1222 4292 1666 4363 pulchritudinis
1695 4308 1757 4345 ac

89 4380 332 4436 virilitatis
365 4384 649 4437 indicium
683 4388 788 4450 est,
821 4399 948 4454 quae
999 4383 1043 4436 si
1079 4382 1356 4436 radantur
1397 4381 1541 4434 fmda
1590 4379 1754 4433 nudi-

87 4472 154 4521 tas
195 4473 530 4542 apparescit,
580 4478 638 4525 et
695 4471 948 4526 universi
998 4471 1252 4542 corporis
1304 4485 1437 4540 pars
1483 4474 1756 4534 extrema,

89 4562 251 4627 atque,
270 4565 332 4613 ut
362 4560 445 4613 ita
477 4559 694 4626 dicam,
731 4563 1015 4626 emortua,
1049 4558 1110 4611 in
1142 4557 1364 4628 capillis
1396 4573 1458 4611 ac
1493 4558 1623 4627 pilis
1653 4561 1755 4623 est,

91 4644 152 4696 ita
185 4647 532 4702 Hierusalem
570 4653 629 4700 et
677 4647 928 4718 populus
957 4648 1080 4717 ejus
1111 4651 1426 4714 emortuus,
1465 4651 1521 4699 et
1568 4662 1599 4698 a
1633 4645 1757 4698 vivo

93 4732 171 4786 Dei
202 4751 429 4808 corpore
474 4747 778 4806 separatus
814 4735 950 4788 fami
1006 4751 1070 4788 ac
1127 4734 1493 4804 pestilentiae,
1535 4733 1675 4786 caedi
1706 4736 1762 4784 et

92 4821 265 4891 gladio,
310 4824 638 4896 captivitati
697 4840 762 4877 ac
809 4823 1156 4893 dispersioui
1201 4822 1466 4876 traditur.
1522 4823 1599 4875 De
1648 4838 1762 4891 qua

91 4907 410 4980 dispersione
432 4913 546 4967 sub
577 4912 770 4983 ﬁgura
801 4912 1138 4982 capillorum
1163 4911 1355 4981 aliqua
1385 4926 1518 4980 pars
1550 4909 1762 4977 ligatur

93 4995 137 5050 in
162 5002 474 5056 summitate
504 5001 671 5071 pallii
690 5041 706 5069 ,
737 5005 803 5054 ut
832 5000 1126 5054 modicum
1176 4998 1315 5069 quid
1362 5013 1591 5052 rursum
1647 5002 1759 5050 tra-

93 5084 229 5141 datur
271 5091 564 5156 incendio,
629 5089 700 5142 de
759 5105 875 5159 quo
931 5087 1159 5141 infinita
1214 5086 1447 5140 ﬂamma
1501 5102 1564 5138 ac
1613 5100 1760 5154 pene

93 5173 318 5230 universa
373 5178 685 5232 devastans
738 5176 1037 5244 egreditur
1114 5175 1173 5227 in
1222 5188 1455 5226 omnem
1525 5173 1760 5225 domum

95 5260 252 5317 Israel.
287 5285 314 5315 ι)

671 5391 803 5445 CAP.
849 5389 1160 5443 CLXXXIII.

149 5530 432 5603 Gregorius
465 5548 620 5602 papa
654 5531 718 5584 in
745 5530 894 5584 libro
925 5529 1115 5600 primo
1150 5527 1444 5582 Moralium
1487 5524 1635 5578 beati
1662 5523 1762 5578 Job

379 5629 682 5689 PATROL.
731 5626 960 5689 CXXI.
989 5663 994 5668 -

1860 501 2012 570 quod
2045 508 2325 554 venerunt
2379 501 2666 569 octoginta
2711 501 2814 553 viri
2850 503 2916 555 de
2967 502 3193 556 Sit-hem
3228 509 3282 555 et
3313 503 3381 556 de
3413 503 3548 568 Silo,

1859 595 1915 642 et
1941 589 2007 642 de
2051 589 2306 643 Samaria
2361 590 2472 642 rusi
2505 590 2682 643 barba
2731 597 2786 643 et
2817 591 3001 643 scissis
3053 591 3324 656 vestibus,
3378 608 3550 662 squa-

1859 678 2061 744 lentes,
2105 694 2341 731 munera
2385 685 2439 730 et
2473 678 2601 730 thus
2652 678 2938 731 habebant
2968 679 3026 731 in
3061 696 3232 732 manu
3276 685 3337 732 ut
3376 679 3544 733 offer-

1861 767 1986 815 rent
2021 762 2076 814 in
2109 763 2281 816 domo
2331 763 2583 816 Domini.
2638 765 2903 829 Egressus
2935 770 3122 818 autem
3163 765 3366 818 Ismael
3397 766 3549 818 filius

1860 849 2154 902 Nathanire
2184 849 2261 920 fin
2294 866 2590 904 occursum
2640 866 2838 905 eorum
2870 854 2938 904 de
2989 853 3239 920 blaspba,
3280 854 3548 906 incedens

1861 944 1916 991 et
1974 939 2208 1007 plorans
2259 940 2396 992 ibat.
2453 940 2710 1009 Cumque
2761 940 3098 993 occurrisset
3145 940 3246 1006 eis,
3289 940 3429 992 dixit
3481 941 3544 992 ad

1859 1043 1995 1080 eos:
2051 1029 2238 1081 Venite
2293 1028 2367 1079 ad
2420 1027 2699 1081 Godotiam
2762 1029 2937 1096 ﬁlium
2987 1027 3239 1080 Aicham.
3300 1028 3549 1092 Quicum

1859 1119 2127 1168 venissent
2153 1116 2226 1168 ad
2268 1116 2502 1169 medium
2532 1119 2792 1184 civitatis,
2821 1119 3095 1182 interfecit
3125 1131 3211 1169 eos
3268 1116 3395 1184 (Jer.
3442 1132 3546 1177 XLI,

1861 1203 1938 1270 6).
1969 1203 2208 1256 Barbam
2241 1203 2455 1274 quippe
2494 1205 2721 1268 radunt,
2756 1205 2856 1275 qui
2886 1205 2994 1257 sibi
3027 1206 3095 1258 de
3140 1204 3387 1274 propriis
3418 1204 3550 1257 viri-

1861 1291 1966 1344 bus
1997 1292 2265 1345 liduciam
2314 1293 2659 1347 subtrahunt
2685 1311 2696 1359 ;
2746 1303 2928 1346 vestes
2959 1293 3247 1353 scindunt,
3282 1292 3383 1363 qui
3414 1293 3549 1345 sibi-

1862 1380 2118 1450 metipsis
2175 1380 2233 1433 in
2283 1381 2575 1435 exterioris
2638 1381 2859 1434 decoris
2885 1381 3227 1435 laceratione
3260 1397 3380 1434 non
3422 1397 3552 1451 par-

1861 1475 2017 1523 cunt.
2054 1469 2306 1522 Oblaturi
2354 1470 2412 1522 in
2462 1470 2632 1523 domo
2665 1470 2890 1523 Domini
2929 1471 3062 1524 thus
3094 1475 3151 1523 et
3184 1486 3424 1523 munera
3459 1485 3552 1521 ve-

1863 1557 2048 1618 niunt,
2085 1557 2183 1627 qui
2228 1556 2493 1610 exhibere
2543 1574 2599 1609 se
2650 1559 2704 1610 in
2762 1557 2858 1611 Dei
2911 1557 3186 1610 sacrificio
3237 1558 3551 1611 orationem

1861 1661 1990 1698 cum
2023 1646 2292 1715 opt-ribus
2331 1646 2691 1715 pollicentur.
2737 1645 2844 1699 Sed
2899 1649 3090 1698 tamen
3122 1645 3164 1697 si
3216 1663 3274 1696 se
3323 1645 3381 1698 in
3431 1646 3555 1715 ipsa

1863 1739 2071 1787 sancta:
2113 1734 2428 1788 devotionis
2473 1735 2561 1787 via
2590 1740 2751 1787 caute
2781 1733 3216 1803 circumspicere
3275 1735 3551 1792 nesciunt.

1863 1823 2065 1877 Ismael
2098 1822 2393 1876 Nathania:
2453 1823 2603 1876 tilius
2651 1823 2708 1875 in
2754 1839 2954 1875 eorum
3004 1839 3299 1876 occursum
3354 1823 3552 1876 venit:

1863 1912 1999 1982 quia
2025 1912 2297 1965 nimirum
2331 1910 2573 1981 quilibet
2610 1910 2896 1980 malignus
2927 1911 3180 1981 spiritus,
3230 1910 3438 1980 prioris
3469 1912 3556 1965 sui

1866 1999 2084 2053 Satanae
2107 1999 2367 2052 videlicet
2398 1999 2682 2066 exemplo,
2717 1999 2775 2051 in
2833 2000 3120 2068 superbiae
3151 2014 3344 2052 errore
3375 2015 3555 2069 gene-

1863 2091 2039 2150 ratus,
2073 2103 2129 2138 se
2165 2086 2236 2140 ad
2269 2087 2541 2157 laqueum
2572 2087 2928 2156 deeeptionis
2951 2087 3207 2156 opponit.
3247 2106 3270 2136 υ

2479 2229 2606 2282 CAP.
2639 2228 2948 2283 CLXXXIV.

1937 2345 2076 2397 Item
2121 2344 2273 2397 idem
2307 2343 2363 2396 iu
2401 2344 2648 2396 secundo
2701 2343 2846 2396 libro
2877 2343 3170 2397 Moralium
3203 2345 3345 2411 (cap.
3395 2347 3458 2398 lO
3503 2348 3559 2397 et

1869 2434 1954 2500 Η)
1986 2450 2004 2484 .·
2040 2452 2065 2482 «
2103 2434 2252 2485 Tunc
2286 2436 2526 2485 sur-rexit
2555 2432 2737 2492 Jacob,
2781 2436 2831 2484 rt
2858 2432 3018 2484 scidit
3056 2437 3374 2486 vestimenta
3404 2449 3505 2486 sua
3543 2450 3554 2486 :

1865 2528 1914 2576 et
1947 2528 2094 2576 tonso
2125 2526 2302 2591 capite
2332 2538 2586 2576 corruens
2638 2526 2691 2574 in
2727 2527 2921 2574 terram
2963 2523 3236 2576 mtemvit.
3299 2522 3412 2574 Mos
3457 2539 3556 2575 au-

1866 2617 1980 2665 tem
2011 2619 2266 2664 veterum
2298 2611 2425 2675 fuit,
2477 2617 2535 2662 ut,
2569 2611 2829 2680 quisquis
2878 2611 3126 2679 speciem
3171 2611 3257 2662 sui
3303 2613 3558 2680 corporis

1864 2699 2098 2770 capillos
2138 2699 2444 2753 nutriendo
2493 2703 2763 2760 servaret,
2797 2716 2894 2751 eos
2925 2704 3181 2768 tempore
3230 2698 3560 2752 afflictionis

1865 2788 2260 2852 abscideret,»
2293 2791 2426 2855 etc.,
2468 2801 2639 2851 usque
2680 2786 2772 2851 ad,
2831 2801 2973 2855 quas
3025 2785 3403 2854 perdidimus,
3437 2801 3556 2839 non

1864 2876 2154 2930 habuisse.

2481 2946 2607 3000 CAP.
2651 2945 2928 3000 CLXXXV.

1942 3083 1969 3110 ‹‹
1997 3062 2258 3124 Iside-rus,
2293 3062 2570 3130 Spatcnsis
2599 3062 2895 3129 episcopus,
2926 3064 2984 3113 in
3016 3061 3151 3114 libro
3184 3061 3437 3122 secundo,
3465 3061 3560 3127 0f-

1866 3155 2111 3220 ﬁciorum
2141 3149 2282 3219 (cap.
2329 3151 2378 3204 4.
2422 3149 2568 3218 init.)
2620 3150 2697 3203 sic
2747 3149 2922 3203 dicit:
2963 3150 3234 3202 Tonsurae
3301 3150 3559 3203 ecclesia-
3621 3173 3624 3184 ι

1869 3240 2021 3293 sticae
2051 3254 2185 3292 usus
2217 3255 2250 3291 a
2303 3238 2605 3303 Nazaraeis,
2667 3237 2777 3290 nisi
2809 3237 2993 3304 fallor,
3032 3242 3264 3292 exortus
3297 3243 3382 3291 est
3416 3253 3429 3291 :
3462 3238 3562 3308 qui

1869 3324 2029 3396 prius
2059 3309 2214 3378 crine
2245 3330 2487 3390 servato,
2539 3325 2726 3378 denuo
2756 3331 2886 3394 post
2933 3323 3064 3377 vitta
3110 3341 3333 3394 magna!
3377 3325 3563 3378 cunti—

1869 3413 2141 3478 nentiam,
2182 3413 2484 3466 devotioue
2513 3413 2795 3481 completa
2824 3416 2994 3480 caput
3043 3411 3338 3478 radebant,
3372 3417 3428 3465 et
3465 3428 3560 3465 ca-

1867 3503 2031 3572 pillos
2060 3501 2121 3554 in
2151 3501 2282 3570 igne
2311 3501 2570 3554 sacriﬁcii
2597 3517 2812 3569 ponere
2843 3499 3215 3568 jubebantur,
3252 3500 3463 3553 scilicet
3502 3506 3565 3554 ut

1868 3588 2276 3658 perfectionem
2335 3587 2651 3641 devotionis
2684 3602 2797 3639 suae
2843 3587 3084 3639 Domino
3141 3591 3560 3640 consecrarent.

1869 3677 2080 3730 Horum
2112 3690 2247 3744 ergo
2299 3675 2544 3744 exempli
2578 3691 2710 3727 usus
2769 3673 2839 3726 ab
2873 3674 3146 3743 apostolis
3205 3675 3562 3728 introductus

1867 3770 1971 3832 est,
1998 3770 2061 3818 ut
2085 3764 2145 3818 hi
2174 3763 2273 3834 qui
2301 3763 2506 3816 divinis
2536 3762 2781 3816 cultibus
2807 3761 3117 3830 mancipati
3151 3762 3391 3816 Domino
3421 3778 3560 3815 con-

1868 3856 2178 3915 secrantur,
2221 3848 2385 3920 quasi
2431 3848 2704 3912 Nazareei,
2752 3847 2810 3900 id
2857 3852 2961 3913 est,
3010 3851 3186 3900 sancti
3233 3851 3350 3908 Dei,
3404 3848 3562 3900 crine

1868 3940 2105 4010 praeciso
2136 3939 2500 3991 innoventur.
2543 3938 2656 3990 Hoc
2713 3935 2926 4005 quippe
2987 3940 3042 3988 et
3101 3935 3378 3989 Ezechieli
3429 3952 3561 4006 pro-

1867 4028 2055 4097 pheta:
2101 4027 2360 4096 jubetur,
2421 4024 2645 4077 dicente
2695 4024 2938 4077 Domino
2978 4039 2990 4076 :
3028 4025 3108 4076 Tu
3156 4025 3262 4076 Fili
3306 4024 3560 4085 homin-is,

1867 4131 2016 4169 sume
2048 4116 2145 4168 tibi
2168 4115 2417 4181 gladium.
2465 4119 2706 4174 acutum,
2754 4117 2803 4165 et
2847 4113 3008 4165 duces
3036 4129 3139 4180 pcr
3197 4117 3362 4181 caput
3410 4118 3562 4166 tuum

1867 4209 1918 4256 et
1948 4204 2170 4257 barbam
2225 4201 2436 4268 (Ezcch.
2491 4218 2541 4260 v,
2602 4201 2675 4269 l).
2722 4201 2993 4254 Videlicet
3043 4201 3176 4270 quia
3213 4207 3268 4254 et
3322 4201 3442 4271 ipse
3484 4219 3565 4254 sa-

1797 4303 1838 4356 l)
1868 4291 2140 4346 cerdotali
2169 4307 2402 4361 genere,
2456 4292 2570 4343 Deo
2612 4291 2668 4342 in
2719 4289 3103 4344 ministerium
3158 4290 3562 4344 sanctiﬁcatio-

1867 4381 1956 4434 nis
1986 4380 2360 4434 deserviebat.
2415 4381 2529 4433 Hoc
2561 4383 2617 4432 et
2657 4379 2956 4432 Nazaraeos
2989 4379 3115 4431 illos
3161 4379 3476 4432 Priscillam
3512 4384 3567 4432 et

1867 4469 2135 4540 Aquilam
2166 4469 2225 4521 in
2257 4467 2490 4520 Actibus
2511 4467 2904 4536 apostolorum
2934 4466 3153 4536 primos
3187 4465 3384 4519 fecisse
3418 4467 3565 4536 legi—

1871 4574 1995 4611 mus
2029 4574 2043 4611 :
2075 4557 2314 4611 Paulum
2349 4571 2578 4625 quoque
2614 4554 2960 4623 apostolum,
2997 4557 3051 4605 et
3074 4553 3354 4621 quosdam
3404 4553 3566 4606 disci-

1869 4646 2137 4716 pulorum
2171 4643 2399 4710 Christi,
2426 4644 2521 4712 qui
2548 4641 2606 4694 in
2626 4641 2956 4709 hujusmodi
2989 4640 3140 4692 cultu
3179 4639 3444 4692 imitandi
3480 4657 3568 4694 ex-

1870 4733 2154 4787 stiterunt.
2231 4733 2322 4784 Est
2395 4734 2588 4782 autem
2643 4729 2701 4780 in
2763 4726 2982 4780 clericis
3042 4731 3279 4780 tonsura
3335 4726 3568 4797 signum

1870 4821 2158 4892 quoddam
2203 4817 2352 4888 quod
2404 4816 2462 4868 in
2505 4830 2740 4884 corpore
2786 4815 3087 4882 ﬁguratur,
3135 4815 3234 4868 sed
3284 4814 3340 4867 in
3370 4815 3566 4868 animo

1871 4911 2097 4979 agitur;
2132 4907 2345 4959 scilicet
2380 4909 2441 4956 ut
2470 4903 2579 4955 hoc
2613 4902 2798 4971 signo,
2836 4902 2894 4953 in
2925 4902 3207 4971 religione
3247 4903 3384 4956 vitia
3415 4920 3564 4957 rese-

1870 5003 2088 5060 centur,
2149 5000 2204 5047 et
2250 4991 2583 5045 criminibus
2626 4991 2812 5042 carnis
2846 4994 3053 5043 nostrie
3105 4991 3272 5060 quasi
3314 4992 3568 5046 crinibus

1871 5099 2166 5145 exuamur,
2216 5085 2384 5150 atque
2443 5078 2573 5131 inde
2625 5077 2879 5130 innovati
2931 5079 3215 5147 sensibus,
3279 5086 3342 5133 ut
3390 5081 3570 5134 comis

1871 5170 2108 5224 rudibus
2160 5167 2562 5232 enitescamus,
2610 5167 2998 5234 EwSpotiantcs
3046 5183 3162 5228 nos,
3211 5169 3374 5238 juxta
3419 5174 3571 5241 Apo-

1871 5259 2104 5321 stolum,
2133 5257 2361 5307 veterem.
2392 5253 2659 5306 hominem
2689 5269 2810 5307 eum
2837 5254 3050 5309 actibus
3081 5258 3220 5324 suis,
3255 5264 3303 5312 rt
3336 5260 3568 5313 induen-

1874 5351 1949 5399 tcs
2003 5358 2218 5403 novum,
2268 5345 2363 5406 qui
2409 5347 2705 5395 renovatur
2743 5347 2798 5396 in
2841 5345 3174 5409 agnitionem
3205 5351 3302 5401 Dei
3353 5348 3571 5419 (Ephes.

1875 5449 1959 5500 iv;
1985 5431 2183 5486 Coloss.
2217 5433 2318 5492 ιιι).
2368 5428 2550 5491 Quam
2599 5429 3034 5486 renovatiouem
3088 5433 3148 5486 in
3181 5439 3373 5488 mente
3406 5452 3574 5504 opor-

1879 5527 1955 5575 tet
2014 5519 2160 5583 lieri,
2193 5517 2288 5571 sed
2333 5517 2390 5572 in
2441 5517 2623 5590 capite
2674 5519 3080 5587 demonstrari,
3133 5522 3232 5576 ubi
3270 5525 3386 5594 ipsa
3421 5541 3580 5578 mens

3189 5625 3263 5682 24
