3846 6244
297 359 398 411 ’74ἷ
1525 358 1750 412 ιΕΝΕίΕ
1791 360 1816 412 1⁵

1525 358 1750 412 [ΕΝΕΙΕ
1791 358 2221 414 PABISIENSIS
2263 357 2569 413 EPISCOPI

2085 457 2110 480 Ι

3711 363 3804 414 748

298 489 552 544 noscitur
597 488 872 542 habitare.
916 488 1080 552 Quod
1129 504 1261 542 vero
1301 489 1538 542 detonso
1586 490 1849 559 superius
1886 507 1982 544 ca—
2024 497 2064 546 A
2098 490 2226 556 mis,
2263 492 2588 544 nullatenus
2621 491 2860 560 proinde
2899 490 3140 545 inferior
3161 492 3526 561 judicabitur
3573 491 3804 546 mundi-

297 579 436 647 pite,
471 577 710 630 inferius
738 577 934 630 circuli
965 593 1176 630 corona
1215 577 1583 647 relinquitur,
1609 579 1990 633 sacerdotium

297 683 656 737 regnumque
698 667 958 719 Ecclesiae
1000 667 1060 719 in
1107 666 1189 719 eis
1223 667 1488 720 existimo
1537 667 1790 736 ﬁgurari.
1825 669 1991 722 Tiara

299 758 450 809 enim
480 756 629 825 apud
673 761 888 808 veteres
920 756 1378 808 constituebatur
1424 756 1480 808 in
1512 758 1691 826 capite
1724 757 1986 810 sacerdo-

299 851 439 908 tum,
495 845 614 897 haac
675 860 744 896 ex
794 845 961 912 bysso
1019 844 1274 896 confecta
1340 845 1588 898 rotunda
1630 851 1770 911 erat,
1828 846 1990 916 quasi

296 934 520 1004 sphaera
565 933 772 998 media,
831 937 886 985 et
931 933 1036 985 hoc
1076 931 1434 1002 signiﬁcatur
1463 932 1524 984 in
1571 938 1735 1002 parte
1787 933 1990 1003 capitis

295 1021 466 1075 tonsi.
519 1021 741 1074 Corona
769 1026 958 1073 autem
991 1020 1233 1074 latitudo
1262 1021 1421 1073 aurei
1455 1027 1541 1074 est
1574 1022 1794 1087 circuli,
1859 1039 1986 1093 quae

299 1111 522 1180 Regum
546 1109 732 1178 capita
759 1109 958 1178 cingit.
1008 1111 1326 1178 Utrumque
1366 1110 1561 1180 itaque
1604 1109 1833 1180 signum
1885 1127 1985 1164 ex-

295 1198 568 1267 primitur
610 1198 668 1250 in
703 1197 888 1266 capite
938 1197 1298 1262 clericorum,
1334 1203 1396 1250 ut
1445 1199 1756 1267 impleatur
1813 1199 1987 1252 etiam

297 1286 547 1356 corporis
595 1285 841 1354 quadam
909 1283 1286 1336 similitudine
1337 1283 1489 1354 quod
1545 1284 1824 1354 scriptum
1880 1292 1986 1352 est,

299 1375 462 1426 Petro
494 1374 748 1442 apostolo
777 1373 1122 1442 perdocente
1153 1389 1164 1425 :
1223 1373 1324 1426 Vos
1375 1376 1500 1425 estis
1540 1388 1710 1438 genus
1742 1374 1984 1434 electum,

293 1463 473 1529 regale
521 1461 882 1514 sacerdotium
913 1460 966 1530 (Ι
1008 1463 1154 1514 Petr.
1185 1467 1266 1528 ιι).
1301 1459 1589 1523 Quaeritur
1637 1466 1832 1514 autem
1863 1477 1984 1526 cur,

297 1550 441 1602 sicut
473 1549 624 1618 apud
648 1551 908 1619 antiquos
939 1550 1256 1615 Nazareeos,
1291 1565 1408 1600 non
1439 1555 1566 1602 ante
1597 1565 1762 1602 coma
1796 1548 1982 1602 nutri-

298 1645 409 1703 tur,
445 1647 499 1691 et
527 1638 605 1690 sic
635 1639 918 1691 tondetur.
971 1638 1076 1690 Sed
1116 1637 1216 1706 qui
1255 1638 1377 1689 haec
1435 1638 1766 1707 exquirunt,
1798 1638 1989 1690 adver-

297 1733 418 1780 tant
449 1726 584 1795 quid
612 1727 682 1778 sit
707 1727 856 1778 inter
887 1727 1028 1778 illud
1060 1725 1461 1794 propheticum
1488 1727 1894 1791 velamentum,
1933 1731 1989 1778 et

299 1817 442 1868 hanc
480 1815 770 1884 Evangelii
794 1813 1221 1878 revelationem,
1256 1813 1324 1866 de
1353 1830 1466 1884 qua
1489 1814 1626 1867 dicit
1645 1815 1947 1883 Apostolus
1973 1830 1986 1867 :

302 1905 432 1958 Cum
505 1908 788 1956 transieris
866 1903 940 1956 ad
1017 1903 1308 1964 Christum,
1397 1905 1682 1968 auferetur
1751 1905 1991 1956 velamen

302 1993 356 2061 (Ι
381 1993 497 2046 Cor.
533 2008 612 2052 Ill,
653 1992 728 2059 5).
762 1991 920 2054 Quod
953 1997 1144 2044 autem
1187 1991 1547 2062 signiﬁcabat
1588 1992 1846 2045 velamen
1899 1993 1988 2044 in-

299 2081 638 2149 terpositum
685 2080 836 2131 inter
873 2077 1079 2132 faciem
1131 2079 1302 2148 Moysi
1357 2084 1413 2132 et
1453 2085 1746 2150 aspectum
1791 2081 1992 2150 populi

301 2169 492 2232 Israel,
521 2167 628 2220 hoc
658 2167 1042 2236 siginiﬁcabat
1077 2167 1188 2219 illis
1215 2167 1574 2237 temporibus
1628 2169 1800 2220 etiam
1834 2184 1996 2221 coma

300 2263 648 2309 sanctorum.
684 2256 823 2308 Nam
866 2263 922 2307 et
957 2255 1262 2324 Apostolus
1303 2271 1522 2308 comam
1571 2272 1672 2325 pro
1702 2257 1988 2308 velamen-

301 2351 358 2398 to
385 2361 504 2398 esse
537 2344 699 2398 dicit.
755 2343 1004 2396 Proinde
1041 2344 1162 2412 jam
1195 2360 1312 2396 non
1349 2349 1578 2413 oportet
1611 2350 1675 2398 ut
1728 2347 1993 2398 velentur

301 2435 556 2487 crinibus
594 2433 782 2502 capita
827 2448 1045 2498 eorum,
1099 2433 1198 2502 qui
1257 2433 1502 2486 Domino
1559 2439 1991 2499 consecrantur,

301 2523 396 2576 sed
425 2529 647 2576 tantum
679 2527 742 2573 ut
777 2521 1131 2586 revelentur;
1193 2521 1328 2590 quia
1357 2521 1511 2591 quod
1541 2527 1665 2576 erat
1706 2523 1994 2575 occultum

301 2612 362 2664 in
417 2615 774 2664 sacramento
828 2609 1166 2679 prophetiae,
1225 2610 1346 2678 jam
1374 2609 1434 2663 in
1467 2609 1774 2680 Evangelio
1817 2611 1998 2664 decla—

301 2706 488 2754 ratum
520 2705 620 2754 est.
660 2723 680 2748 ν

903 2815 1031 2868 CAP.
1073 2813 1387 2868 CLXXXVI.

301 2940 480 3005 Quare
521 2941 707 2993 Latini
765 2955 910 2992 more
977 2939 1279 2992 Graecorum
1335 2952 1514 2990 comas
1562 2954 1670 2990 non
1720 2941 1996 3004 nutriant,

443 3022 504 3070 ut
523 3017 842 3071 mulieribus
873 3019 928 3069 in
957 3017 1198 3070 crinibus
1229 3017 1477 3084 dispares
1507 3017 1832 3072 habeantur.

375 3161 401 3193 α
438 3141 580 3194 Cum
609 3156 746 3209 ergo
775 3139 951 3194 Graeci
982 3140 1205 3193 Latinos
1246 3143 1302 3193 et.
1339 3140 1624 3194 Romanos
1651 3140 2000 3210 redarguant

302 3247 404 3285 cur
453 3229 656 3282 barbas
693 3230 915 3292 radant,
961 3227 1062 3298 qui
1118 3229 1190 3280 ob
1242 3228 1584 3282 munditiam
1634 3228 1834 3298 utique
1889 3229 1996 3282 hoc

301 3325 498 3390 agunt,
551 3334 722 3388 quam
771 3317 1089 3386 expressius
1144 3317 1586 3370 ecclesiasticum
1638 3318 1871 3388 expedit
1939 3327 1997 3372 et

301 3408 558 3478 deposcit
587 3405 1007 3474 ministerium;
1059 3406 1276 3475 quippe
1305 3421 1433 3459 cum
1463 3407 1699 3459 diversa:
1735 3405 1995 3460 nationes

301 3513 462 3552 suam
493 3495 790 3550 observent
827 3495 1302 3548 consuetudinem
1346 3495 1407 3546 in
1454 3496 1608 3547 cultu
1654 3495 1910 3564 corporis
1940 3499 1998 3548 et

300 3585 773 3640 vestimentorum
819 3582 1195 3649 indumentis,
1230 3587 1286 3636 et
1329 3582 1438 3636 hoc
1469 3583 1590 3636 sine
1623 3583 1884 3648 crimine,
1915 3582 1994 3636 ita

300 3675 575 3728 duntaxat
600 3677 664 3724 ut
707 3687 822 3724 non
861 3670 1144 3741 discrepet
1171 3689 1202 3725 a
1258 3670 1537 3724 catholica
1586 3671 1741 3738 ﬁde;
1785 3687 1992 3726 conve-

299 3765 524 3818 nienter
551 3767 608 3816 et
639 3761 822 3816 Latini
855 3761 1038 3815 vicem
1075 3761 1384 3832 qumstioni
1425 3763 1768 3832 rependunt,
1814 3779 1992 3833 quare

299 3855 623 3908 Graecorum
654 3849 782 3902 laici
817 3865 976 3902 more
999 3849 1344 3904 feminarum
1375 3859 1574 3904 contra
1621 3851 1988 3905 interdictum

299 3941 547 3993 tonantis
591 3939 750 3992 Pauli
800 3955 992 3992 comas
1039 3939 1319 4006 nutriant,
1379 3940 1479 4010 qui
1555 3941 1636 3994 ita
1682 3940 1990 3995 Corinthiis

299 4029 607 4098 apostolica
651 4027 986 4079 auctoritate
1041 4027 1382 4081 interminat
1428 4029 1668 4082 dicens:
1721 4031 1828 4086 Nec
1867 4033 1991 4097 ipsa

296 4121 500 4168 natura
545 4113 693 4165 docet
721 4129 831 4172 eos,
871 4114 1017 4176 quod
1061 4118 1148 4166 uir
1187 4115 1406 4178 quidem
1435 4120 1483 4168 si
1520 4132 1724 4169 comam
1752 4121 1985 4178 nutriat,

295 4205 599 4270 ignominia
637 4205 716 4253 est
743 4202 824 4254 illi
855 4217 866 4253 :
901 4202 1098 4253 mulier
1127 4218 1251 4255 vero
1291 4207 1339 4255 si
1368 4219 1570 4256 comam
1605 4209 1837 4266 nutriat,
1871 4206 1986 4272 glo-

295 4296 382 4344 ria
409 4295 486 4343 est
515 4291 629 4350 illi;
671 4294 924 4353 quoniam
975 4291 1162 4357 capilli
1203 4306 1306 4359 pro
1337 4293 1601 4345 uelamine
1631 4296 1678 4345 ei
1699 4292 1818 4345 dati
1847 4292 1990 4361 {sunt

2096 578 2175 631 tia
2217 579 2611 632 ministrorum
2663 579 2875 632 Christi
2925 595 3028 648 pro
3079 580 3350 634 radendis
3398 579 3632 642 barbis,
3681 595 3804 648 quae

2095 669 2295 722 illicita
2345 669 2676 732 resecando,
2711 668 2878 722 debet
2909 669 3274 738 praestantius
3305 670 3724 738 splendescere
3757 667 3808 719 in

2097 758 2366 826 operibus
2391 757 2578 822 bonis,
2608 763 2664 810 et
2697 758 3046 812 omnimodis
3091 773 3284 812 carere
3329 759 3613 812 sordibus
3659 773 3810 810 men-

2097 847 2168 898 tis
2198 843 2368 897 simul
2402 845 2754 916 etcorporis.
2795 864 2822 896 »

2698 933 2827 988 CAP.
2869 934 3197 988 CLXXXVII.

2165 1021 2322 1084 Quod
2354 1021 2626 1075 Romanis
2668 1021 2818 1074 sedis
2851 1022 3104 1092 pontifex
3135 1023 3354 1092 primus
3385 1024 3670 1078 omnium
3703 1023 3806 1076 ha-

2095 1111 2318 1178 heatur,
2357 1113 2558 1166 beatus
2611 1130 2762 1184 papa
2815 1115 3080 1168 Silvester
3125 1115 3424 1185 perdocuit
3467 1116 3534 1169 in
3599 1115 3814 1169 Praefa-

2095 1199 2253 1252 tione
2285 1199 2456 1252 Niceei
2485 1201 2729 1264 concilii,
2781 1200 2880 1254 ubi
2911 1201 3019 1254 ista
3055 1203 3326 1271 leguntur
3357 1219 3369 1255 :
3395 1221 3426 1252 α
3459 1201 3812 1255 Beatissimo

2097 1287 2366 1340 Silvestro
2413 1289 2473 1340 in
2515 1289 2652 1341 urbe
2702 1289 2886 1342 Roma
2933 1291 3264 1358 apostolicae.
3321 1291 3472 1344 sedis
3523 1290 3807 1352 antistite,

2095 1373 2467 1428 Constantino
2491 1379 2772 1445 Augusto,
2801 1381 2857 1429 et
2885 1375 3096 1440 Licino,
3123 1377 3456 1430 consulibus
3479 1377 3742 1430 Paulino
3757 1383 3810 1429 et

2093 1462 2318 1515 Juliano
2334 1462 2465 1514 viris
2486 1463 2835 1517 clarissimis.
2858 1470 3024 1518 Anno
3049 1465 3118 1518 ab
3137 1465 3456 1518 Alexandro
3483 1465 3804 1518 millesimo

2093 1551 2379 1604 tricesimo
2399 1557 2622 1620 quarto,
2643 1568 2840 1605 mense
2859 1553 3052 1619 Junio,
3070 1553 3292 1606 decimo
3315 1554 3483 1606 tertio
3508 1555 3806 1606 Kalendas

2095 1637 2288 1699 Julias,
2326 1644 2560 1707 propter
2609 1638 2973 1707 insurgentes
3025 1639 3270 1692 hazreses
3325 1639 3466 1692 ﬁdes
3513 1639 3808 1692 catholica

2099 1725 2284 1794 posita
2315 1731 2398 1778 est
2427 1725 2580 1793 apud
2602 1725 2847 1778 Nicaeam
2881 1726 3184 1796 Bithyniae,
3213 1743 3384 1796 quam
3408 1733 3616 1780 sancta
3647 1733 3708 1780 et
3733 1743 3808 1790 re,

2100 1813 2501 1868 verentissirna
2539 1815 2795 1868 Romana
2844 1813 3243 1884 complectitur
3273 1821 3324 1868 et
3361 1821 3682 1868 veneratur
3723 1815 3816 1867 Ee-

2099 1902 2287 1968 clesia,
2337 1902 2552 1972 quippe
2602 1918 2776 1972 quam
2835 1902 3076 1956 trecenti
3149 1902 3346 1956 decem
3399 1909 3456 1956 et
3512 1911 3652 1956 octo
3713 1906 3812 1956 Pa-

2099 1996 2236 2056 tres,
2268 1990 2657 2044 mcdiantibus
2706 1991 2928 2044 Victore
2978 1997 3149 2060 atque
3209 1991 3501 2044 Vincentio
3571 1991 3814 2058 religio-

2101 2079 2337 2131 sissimis
2386 2079 2659 2132 Romanae
2700 2079 2850 2132 sedis
2879 2079 3246 2149 presbyteris,
3297 2081 3626 2149 inspirante
3681 2082 3808 2146 Deo,

2099 2173 2333 2238 propter
2399 2166 2749 2221 destruenda
2789 2168 2910 2221 Arii
2951 2184 3174 2224 venena
3218 2170 3608 2238 protulerunt.
3657 2170 3812 2236 Nam

2103 2259 2158 2306 et
2187 2254 2482 2308 nonnullae
2513 2256 2730 2324 regulas
2770 2257 3036 2310 subnexa:
3086 2263 3238 2322 sunt,
3291 2274 3434 2327 quas
3482 2267 3812 2310 memorata

2101 2343 2418 2412 suscipiens
2456 2345 2818 2399 conﬁrmavit
2875 2345 3140 2399 Ecclesia.
3182 2345 3492 2400 Sciendum
3539 2351 3631 2400 est
3677 2363 3812 2398 sane

2102 2432 2174 2484 ab
2206 2431 2475 2485 omnibus
2505 2433 2798 2486 catholicis
2827 2435 3104 2504 quoniam
3158 2441 3350 2488 sancta
3397 2436 3654 2488 Ecclesia
3699 2435 3810 2488 Ro-

2105 2537 2274 2573 mana
2307 2520 2479 2574 nullis
2527 2521 2815 2590 synodicis
2865 2522 3108 2575 decretis
3147 2522 3384 2591 praglata
3421 2527 3510 2575 est
3549 2522 3668 2590 (Ea:
3707 2523 3802 2574 de-

2104 2613 2244 2662 creto
2289 2608 2493 2662 Gelasii
2541 2625 2704 2678 papae
2731 2614 2790 2663 in
2841 2613 3065 2664 concilio
3097 2612 3336 2664 Romano
3385 2627 3480 2662 an.
3515 2611 3670 2680 494),
3711 2611 3806 2664 sed

2106 2697 2432 2766 evangelica
2456 2713 2593 2750 voce
2645 2698 2869 2751 Domini
2923 2703 2979 2751 et
3017 2698 3328 2752 Salvatoris
3367 2699 3554 2750 nostri
3583 2699 3800 2768 prima-

2105 2790 2226 2837 tum
2280 2784 2550 2844 obtinuit,
2601 2785 2695 2838 ubi
2734 2785 2874 2838 dixit
2923 2786 3086 2839 beato
3132 2785 3391 2854 apostolo
3455 2787 3666 2840 Petro:
3725 2788 3798 2838 Tu

2107 2888 2159 2926 es
2227 2874 2442 2938 Petrus,
2493 2878 2543 2925 et
2595 2889 2761 2942 super
2823 2874 2962 2926 hanc
3001 2878 3217 2941 petram
3271 2875 3550 2942 aedificabo
3619 2876 3800 2928 Eccle-

2105 2965 2242 3014 siam
2274 2977 2477 3023 meam;
2524 2965 2573 3014 et
2612 2967 2787 3030 portae
2818 2964 2982 3028 inferi
3031 2978 3137 3016 non
3169 2963 3552 3030 praevalebunt
3605 2964 3804 3016 aduer-

2105 3064 2199 3102 sus
2229 3066 2372 3102 eam:
2417 3054 2466 3102 et
2507 3051 2605 3102 tibi
2648 3050 2784 3103 dabo
2817 3052 2991 3104 claves
3035 3055 3190 3116 regni
3235 3051 3509 3111 caelorum,
3561 3053 3632 3104 Et
3667 3068 3804 3116 qua-

2104 3153 2317 3203 cunque
2347 3139 2601 3204 ligaveris
2630 3154 2796 3207 super
2826 3143 3046 3204 tcrram,
3080 3144 3240 3192 erunt
3271 3141 3446 3205 ligata
3473 3145 3524 3192 et
3555 3144 3614 3192 in
3653 3141 3795 3193 ca'lo.

2103 3227 2176 3279 Et
2197 3242 2528 3292 quaecunque
2560 3229 2782 3280 solveris
2813 3243 2980 3296 super
3011 3231 3230 3288 terram,
3267 3233 3431 3281 erunt
3455 3229 3643 3282 soluta
3681 3233 3800 3282 etin

2104 3317 2228 3368 caelo
2255 3315 2472 3385 (Matth.
2505 3331 2618 3376 xw,
2655 3319 2718 3369 18
2745 3314 2894 3384 seq.)
2926 3316 3197 3370 Adhibita
3236 3322 3318 3369 est
3347 3316 3525 3369 etiam
3555 3316 3796 3370 societas

2103 3403 2164 3456 in
2192 3404 2390 3456 eadem
2421 3405 2677 3457 Romana
2710 3405 2850 3456 urbe
2878 3403 3196 3456 beatissimi
3234 3403 3480 3474 apostoli
3511 3405 3678 3458 Pauli
3710 3421 3800 3458 va-

2102 3491 2178 3544 sis
2209 3491 2522 3559 electionis,
2549 3492 2651 3562 qui
2685 3508 2799 3546 uno
2841 3493 2954 3557 die,
2987 3508 3219 3562 unoque
3253 3497 3514 3563 tempore
3549 3494 3802 3563 gloriosa

2101 3585 2286 3633 morte
2317 3596 2448 3633 cum
2482 3582 2650 3635 Petro
2683 3581 2790 3634 sub
2821 3581 3079 3652 principe
3109 3581 3332 3634 Nerone
3362 3581 3684 3652 agonizans
3711 3599 3799 3634 co-

2099 3673 2337 3722 ronatus
2396 3673 2516 3736 est;
2564 3674 2620 3722 et
2683 3671 2854 3724 ambo
2907 3671 3125 3738 pariter
3181 3675 3435 3724 sanctam
3493 3671 3802 3724 Ecclesiam

2099 3757 2422 3811 Romanam
2468 3757 2692 3812 Christo
2753 3758 2997 3812 Domino
3045 3763 3485 3820 consecrarunt;
3559 3760 3802 3830 aliisque

2099 3847 2366 3900 omnibus
2412 3846 2649 3900 urbibus
2677 3846 2739 3900 id
2785 3847 3050 3900 universo
3079 3847 3298 3902 mundo
3330 3848 3448 3900 sua‘
3467 3849 3798 3916 praesentia,

2098 3939 2267 4005 atque
2314 3936 2636 3988 venerando
2675 3935 2970 4004 triumpho
3001 3936 3381 4005 praatulerunt
3419 3936 3484 3988 Et
3521 3937 3658 3990 licet
3703 3953 3800 4006 pro

2097 4023 2362 4076 omnibus
2409 4023 2641 4077 assidua
2697 4023 2851 4092 apud
2905 4025 3084 4076 Deum
3149 4023 3410 4076 omnium
3465 4029 3800 4078 sanctorum

2095 4111 2371 4165 fundatur
2416 4113 2618 4173 oratio,
2677 4113 2764 4164 his
2821 4117 3017 4165 tamen
3049 4112 3237 4165 verbis
3283 4112 3494 4166 Paulus
3535 4113 3797 4166 beatissi-

2097 4216 2224 4252 mus
2253 4200 2548 4270 apostolus
2595 4200 2868 4254 Romanis
2921 4199 3155 4270 proprio
3185 4200 3568 4271 chirographo
3621 4203 3798 4271 polli-

2095 4292 2255 4342 cetur
2277 4289 2468 4342 dicens
2504 4305 2516 4342 :
2556 4291 2725 4344 Testis
2755 4293 2894 4342 enim
2919 4289 3054 4343 mihi
3084 4295 3164 4343 est
3191 4293 3352 4350 Deus,
3391 4294 3480 4342 cui
3506 4295 3708 4352 servio,
3743 4295 3798 4343 in

296 4379 348 4448 (I
375 4379 492 4433 Cor.
529 4394 603 4438 χι,
635 4378 746 4445 14).
810 4377 1062 4446 Denique
1120 4394 1250 4431 cum
1297 4379 1480 4432 Latini
1536 4398 1726 4433 comas
1767 4383 1985 4435 nutrire
2026 4388 2067 4440 Ι)
2099 4380 2298 4446 spiritu
2329 4393 2441 4431 meo
2473 4382 2528 4430 in
2559 4379 2854 4445 Evangelia
2885 4379 3014 4431 Filii
3031 4379 3168 4446 ejus,
3207 4379 3352 4442 quod
3383 4383 3498 4432 sine
3529 4383 3802 4432 intermis-

293 4468 596 4536 indignum
631 4466 860 4530 ducant,
897 4473 956 4519 ut
988 4481 1100 4518 non
1125 4466 1389 4520 muliebri
1421 4468 1596 4521 cultui
1654 4469 1986 4535 assentiant,

291 4556 704 4627 inquirendum
728 4554 867 4625 quid
900 4555 1079 4608 Graeci
1110 4556 1360 4610 sanctius
1391 4557 1658 4621 sentiant,
1692 4559 1791 4629 qui
1823 4559 1989 4629 quasi

294 4647 517 4698 unitum
546 4648 718 4712 caput
749 4659 879 4696 cum
913 4644 1250 4698 mulieribus
1282 4645 1530 4698 crinium
1565 4647 1846 4701 velamine
1891 4663 1989 4718 ge-

289 4738 459 4786 stant.
518 4731 821 4786 Corinthus
870 4730 1160 4801 siquidem
1204 4733 1375 4786 estin
1405 4733 1635 4795 Achaia,
1695 4750 1820 4804 quae
1874 4751 1990 4789 una

288 4826 373 4876 est
403 4821 698 4874 civitatum
731 4821 1054 4874 Graecarum
1086 4820 1146 4874 in
1187 4822 1319 4874 Asia
1371 4822 1832 4891 consistentium,
1894 4840 1989 4878 cu-

281 4911 375 4979 jus
405 4910 553 4962 viros
580 4909 1007 4962 uoluitnutrire
1038 4925 1228 4962 comas
1267 4911 1592 4978 Apostolus,
1641 4927 1756 4964 non
1811 4912 1986 4982 quili-

287 4999 370 5052 let
401 4999 568 5063 alius,
605 4999 698 5050 sed
745 4996 842 5050 ille
887 4999 982 5062 qui
1029 5013 1136 5050 non
1182 4998 1249 5050 ab
1296 4997 1624 5058 hominibus,
1677 5015 1851 5063 neque
1887 5017 1990 5069 per

286 5086 572 5146 hominem,
632 5086 728 5139 sed
765 5102 869 5154 per
906 5089 1088 5140 Jesum
1123 5087 1416 5154 Christum,
1462 5093 1512 5142 et
1561 5091 1732 5142 Deum
1771 5091 1988 5144 Patrem

287 5177 382 5238 qui
427 5179 713 5226 suscita-vit
746 5189 865 5226 eum
904 5190 938 5227 ιι
975 5179 1206 5228 mortuis
1248 5175 1388 5243 (Gal.
1437 5193 1474 5237 ι,
1512 5179 1582 5246 1),
1619 5181 1703 5229 est
1735 5177 1986 5232 contitu-

285 5267 377 5313 tus
407 5263 725 5330 Apostolus.
765 5261 910 5314 Dixit
938 5262 1136 5332 itaque
1167 5264 1402 5333 quidam
1434 5265 1730 5318 sanctitate
1761 5270 1818 5318 et
1858 5281 1986 5318 ora-

285 5353 480 5401 torum
510 5349 739 5418 eloquio
771 5350 992 5418 pollens
1017 5367 1029 5418 ;
1063 5351 1111 5404 si
1139 5351 1334 5422 aliqua
1363 5352 1632 5406 sanctitas
1661 5352 1982 5407 subintelli-

283 5437 441 5507 gitur
486 5437 548 5490 in
585 5439 979 5507 corporalibus
1025 5439 1240 5506 barbis,
1289 5440 1430 5495 forte
1482 5441 1735 5511 aliquem
1795 5447 1986 5511 posset

285 5525 476 5578 locum
529 5523 588 5577 in
646 5524 1050 5594 grandioribus
1115 5525 1308 5579 hircis.
1361 5526 1420 5580 Si
1465 5545 1600 5596 ergo
1675 5528 1986 5596 prudentia

283 5609 624 5668 Achivorum
663 5611 984 5665 contemnit
1023 5613 1361 5681 Apostolum
1409 5613 1470 5667 in
1513 5615 1833 5668 nutriendis
1879 5631 1977 5668 co-

2095 4470 2245 4519 sione
2285 4471 2598 4519 memoriam
2667 4471 2835 4520 vestri
2885 4468 3029 4532 facio
3089 4483 3298 4535 semper
3342 4472 3398 4520 in
3455 4469 3800 4522 orationibus

2095 4557 2228 4607 meis
2277 4555 2450 4624 (Rom.
2503 4572 2540 4615 ι,
2575 4555 2651 4625 9).
2683 4555 2870 4608 Prima
2918 4571 3057 4626 ergo
3090 4556 3253 4608 sedes
3310 4560 3393 4608 est
3449 4557 3670 4610 caelesti
3701 4557 3796 4610 be-

2097 4643 2300 4696 neﬁcio
2331 4643 2602 4696 Romanas
2650 4643 2929 4708 Ecclesiae,
2980 4659 3154 4713 quam
3195 4643 3512 4698 beatissimi
3547 4645 3798 4714 apostoli

2097 4733 2296 4786 Petrus
2327 4737 2498 4802 atque
2539 4732 2748 4785 Paulus
2797 4749 2898 4785 suo
2953 4733 3230 4802 martyrio
3279 4733 3634 4786 dedicarunt.
3702 4735 3796 4788 Se-

2098 4822 2286 4874 cunda
2324 4825 2517 4874 autem
2557 4821 2722 4875 sedes
2770 4821 2921 4890 apud
2978 4821 3382 4874 Alexandriam
3441 4821 3594 4875 beati
3641 4823 3799 4876 Petri

2101 4910 2334 4962 nomine
2391 4925 2425 4962 a
2481 4909 2664 4963 Marco
2719 4909 2842 4980 ejus
2871 4909 3154 4978 discipulo
3213 4915 3386 4980 atque
3439 4910 3800 4980 evangelista

2097 5003 2442 5062 consecrata,
2467 4998 2602 5068 quia
2633 4998 2753 5068 ipse
2787 5002 2844 5051 et
2881 4997 2940 5051 in
2979 4998 3224 5069 Egypto
3255 4998 3508 5068 primum
3559 5000 3797 5054 verbum

2096 5085 2348 5138 veritatis
2391 5085 2640 5140 directus
2693 5103 2726 5139 a
2772 5088 2937 5140 Petro
2971 5087 3324 5156 praedicavit,
3355 5093 3412 5140 et
3475 5087 3796 5158 gloriosum

2097 5173 2345 5243 suscepit
2389 5175 2760 5244 martyrium;
2823 5174 2916 5228 cui
2963 5175 3306 5229 venerabilis
3343 5176 3614 5230 successit
3659 5177 3796 5230 Abi-

2093 5262 2222 5315 lius.
2257 5261 2445 5315 Tertia
2479 5278 2612 5316 vero
2657 5263 2818 5316 sedes
2845 5263 2998 5332 apud
3031 5263 3418 5326 Antiochiam,
3471 5263 3612 5318 item
3645 5263 3794 5318 beati

2093 5349 2246 5404 Petri
2275 5349 2516 5420 apostoli
2571 5350 2817 5404 habetur
2843 5350 3221 5417 honorabilis,
3264 5351 3400 5421 quia
3439 5351 3557 5404 illic
3609 5353 3794 5422 prius-

2095 5453 2270 5508 quam
2303 5439 2548 5492 Romam
2598 5439 2838 5492 veniret.
2887 5437 3184 5504 habitavit,
3219 5444 3274 5492 et
3323 5438 3614 5508 Ignatium
3667 5439 3790 5509 epi-

2095 5541 2334 5595 scopum
2369 5527 2690 5594 constituit,
2725 5531 2780 5580 et
2833 5527 2949 5580 illic
2987 5526 3240 5596 primum
3273 5543 3486 5580 nomen
3517 5528 3784 5582 Christia-

2091 5631 2302 5669 norum
2331 5615 2573 5669 novellae
2605 5615 2790 5685 gentis
2821 5623 3082 5669 exortum
3121 5619 3222 5670 est.
3255 5615 3398 5670 Nam
3425 5620 3485 5670 et
3517 5617 3782 5672 Hieroso-
