3846 6244
25 384 67 434 I9
1171 353 1175 356 ’
1218 379 1425 434 LIBER
1472 378 1835 434 onansus
1873 379 2180 436 caecos.

3321 383 3425 435 ’750

15 513 243 582 imit-anus
271 511 585 580 episcopus
614 526 721 580 pro
749 511 894 564 tanti
925 509 1036 564 loci
1069 509 1384 563 reverentia
1414 509 1482 563 ab
1513 526 1639 563 om-
1677 516 1720 565 A
1749 513 2035 578 Discrepat
2059 510 2168 564 haec
2187 513 2359 563 versio
2401 511 2469 563 ab
2503 512 2657 581 edit.)
2694 527 2707 565 :
2759 514 2836 565 De
2873 511 3061 565 ordine
3098 513 3444 580 singula-rum

16 604 117 653 illius
164 598 400 652 habetur
451 599 850 665 honorabilis;
903 601 1149 652 maxime
1198 599 1472 668 quoniam
1521 599 1637 652 illic

16 688 158 740 trimus
209 685 577 738 beatissimus
631 687 889 754 laeubus,
945 686 1042 756 qui
1082 687 1373 740 dicebatur
1425 689 1632 756 justus,

21 778 59 827 ui
86 776 232 828 etiam
255 777 581 828 secundum
613 791 841 827 carnem
877 776 1052 828 frater
1084 775 1312 828 Domini
1342 791 1632 844 nuncupa-

16 880 53 918 ιδ
75 870 157 930 est,
181 881 209 916 a
235 865 425 930 Petro,
459 865 671 917 Jueubo
706 869 759 916 et
807 866 1026 916 Joanne
1056 865 1328 934 apostolis
1380 869 1463 916 est
1514 863 1631 934 epi-

15 969 136 1021 mpus
178 951 496 1005 ordinatus.
549 953 746 1022 Itaque
783 952 1099 1005 secundum
1133 953 1502 1022 antiquorum
1538 953 1635 1004 Pa-

15 1055 96 1094 rnm
138 1040 530 1093 deﬁnitionem
565 1042 727 1094 sedes
767 1040 954 1110 prima
994 1041 1054 1093 in
1087 1041 1497 1111 Hierosolymis
1528 1039 1632 1093 mi-

15 1131 97 1182 ime
121 1129 338 1194 dicitur,
376 1145 451 1181 ne
485 1129 632 1181 forte
664 1129 734 1181 ab
777 1128 1110 1182 inlidelibus
1163 1134 1259 1180 aut
1309 1128 1497 1181 idiotis
1548 1143 1633 1180 se-

16 1233 56 1269 es
81 1216 283 1269 Domini
311 1217 498 1269 nostri
529 1218 660 1270 Jesu
711 1216 941 1282 Christi,
988 1233 1116 1286 qua:
1156 1216 1217 1269 in
1260 1217 1400 1269 coelo
1434 1223 1535 1282 est,
1574 1217 1634 1268 in

15 1321 97 1358 arra
119 1320 228 1358 esse
283 1310 610 1373 putaretur.
659 1305 757 1357 Est
802 1305 958 1357 enim
1009 1305 1171 1358 sedes
1219 1303 1342 1374 ejus
1405 1304 1632 1370 caalum,

15 1410 98 1446 ara
115 1398 292 1446 autem
326 1393 643 1447 scabellum
677 1393 886 1462 pedum
915 1394 1036 1463 ejus
1063 1399 1164 1458 est,
1207 1393 1477 1464 quoniam
1513 1393 1634 1462 ipse

15 1491 60 1542 ll,
84 1498 166 1552 per
185 1495 360 1552 quem
392 1481 592 1534 omnia
629 1473 777 1534 facta
816 1489 969 1541 sunt.
1007 1488 1064 1536 et
1104 1482 1224 1535 sine
1265 1499 1379 1552 quo
1421 1483 1634 1535 factum

16 1577 48 1623 st
70 1571 208 1634 nihil,
250 1570 536 1640 quoniam
570 1586 637 1623 ex
671 1571 819 1639 ipso,
869 1575 924 1622 et
956 1586 1058 1639 per
1087 1570 1295 1640 ipsum,
1333 1576 1389 1624 et
1421 1571 1481 1622 in
1513 1570 1635 1640 ipso

15 1667 84 1713 unt
106 1659 284 1712 omnia
314 1675 327 1711 :
361 1659 477 1728 ipsi
505 1659 687 1728 gloria
739 1659 796 1710 in
829 1659 1038 1712 saecula
1075 1659 1436 1712 saeculorum.
1470 1658 1633 1728 Apud

15 1749 214 1816 lpbesum
269 1762 410 1800 vero
470 1746 832 1799 beatissimus
893 1747 1140 1799 Joannes
1211 1745 1501 1816 apostolus
1581 1751 1636 1799 et

17 1836 273 1906 vangelista
325 1835 516 1888 multo
559 1841 822 1904 tempore
870 1839 997 1905 post
1053 1834 1529 1888 resurrectionem
1581 1841 1636 1887 et

16 1924 312 1976 scansionem
391 1922 452 1976 in
511 1923 680 1975 caelos
748 1921 975 1975 Domini
1020 1922 1200 1975 nostri
1251 1923 1379 1975 Jesu
1434 1921 1638 1976 Christi

16 2016 311 2064 ommoratus
342 2017 450 2077 est,
485 2011 681 2081 ibique
705 2011 877 2064 etiam
911 2011 1306 2080 Evangelium,
1355 2010 1508 2082 quod
1551 2027 1636 2063 se-

17 2101 184 2153 undum
235 2101 522 2154 Joannem
574 2099 800 2163 dicitur,
862 2099 1052 2152 divina
1094 2099 1471 2169 inspiratione
1509 2115 1641 2152 con-

16 2189 183 2258 cripsit,
211 2196 388 2259 atque
419 2187 725 2258 requievit.
773 2189 839 2241 Et
869 2187 940 2241 ob
971 2187 1078 2240 hoc
1104 2188 1408 2258 episcopus
1450 2187 1637 2258 Ephe-

16 2278 77 2330 ius
96 2294 184 2346 pro
212 2279 357 2331 tanti
390 2277 642 2347 apostoli
674 2283 731 2330 et
779 2277 1146 2346 evangelista:
1192 2276 1493 2341 memoria,
1533 2293 1641 2328 cae-

16 2367 91 2418 τετε
125 2367 399 2436 episcopis
437 2365 898 2436 metropolitanis
942 2367 1001 2417 in
1051 2365 1280 2435 synodis
1331 2363 1639 2419 honorabi-

16 2455 147 2508 iorem
176 2456 399 2509 obtinet
429 2455 650 2508 sedem.
678 2475 708 2506 io

525 2563 654 2617 CAP.
699 2560 1052 2614 CLXXXVIII.

49 2649 158 2701 Item
187 2648 388 2701 beatus
417 2647 708 2717 Sylvester
738 2646 795 2698 in
829 2645 944 2699 ﬁne
975 2642 1334 2698 allocutionis
1361 2659 1534 2714 quam
1558 2643 1640 2697 fe-

16 2738 108 2788 ritin
134 2737 336 2806 synodo
368 2742 497 2789 acta
524 2736 586 2788 in
615 2734 877 2804 Trajanis
908 2732 1076 2786 tertio
1115 2733 1398 2786 Kalendas
1443 2732 1640 2786 Iunias

18 2825 655 2892 InmnonibusSylvestﬁ,
708 2838 833 2892 cap.
870 2822 1001 2890 20):
1037 2839 1064 2873 α
1127 2822 1303 2874 Nemo
1356 2820 1642 2890 judicabit

16 2915 190 2980 trimam
231 2913 426 2966 sedem
483 2911 766 2982 justitiam
827 2909 1244 2964 desiderantem
1311 2910 1638 2978 temperari,

15 3013 140 3070 ieqne
184 3001 251 3055 ab
291 3004 576 3069 Augusto,
627 3015 812 3069 neque
866 2998 936 3052 ab
967 2998 1125 3050 omni
1157 2999 1332 3065 clero,
1369 3013 1556 3066 neque
1609 3014 1642 3049 a

15 3089 196 3157 regibus,
225 3106 414 3160 neque
444 3105 479 3141 a
512 3088 730 3158 populo
759 3086 931 3156 judex
957 3084 1328 3155 judicabitur.
1363 3103 1392 3136 ››

560 3193 692 3248 CAP.
734 3193 1038 3248 CLXXXIX.

51 3284 97 3335 In
135 3282 434 3338 canonibus
479 3282 896 3353 apostolorum,
955 3283 1032 3334 Dc
1080 3283 1330 3348 primatu
1377 3283 1648 3347 episcopo-

16 3387 88 3421 rum
109 3388 218 3442 cap.
262 3375 328 3425 3‘5
369 3371 513 3440 (can.
573 3373 662 3434 35,
711 3386 778 3423 ea:
803 3373 1034 3436 interpr.
1084 3369 1335 3434 Dionysii
1383 3366 1588 3434 exigui)
1628 3382 1642 3420 :

16 3464 334 3535 rEpisCOpos
399 3462 664 3534 gentium
725 3462 1083 3532 singularum
1145 3460 1289 3514 scire
1356 3458 1641 3523 convenit,

15 3553 95 3620 quis
128 3552 268 3606 inter
314 3568 412 3606 eos
463 3551 689 3622 primus
721 3549 1017 3614 habeatur,
1053 3563 1224 3618 quem
1277 3547 1432 3601 velut
1479 3551 1648 3618 caput

15 3641 292 3710 existiment,
327 3647 381 3694 et
428 3639 575 3693 nihil
618 3637 865 3708 amplius
913 3641 1122 3706 praeter
1177 3636 1302 3704 ejus
1349 3636 1646 3689 conscien-

16 3735 103 3780 nam
135 3735 327 3798 gerant
367 3745 543 3800 quam
587 3727 687 3781 illa
742 3727 863 3780 sola
909 3724 1141 3795 singuli,
1185 3740 1314 3794 qua:
1358 3723 1648 3794 parochias

15 3818 198 3887 propriae
226 3824 281 3871 et
311 3818 474 3884 villis,
509 3833 636 3888 quae
668 3815 773 3869 sub
804 3831 873 3868 ea
922 3819 1074 3879 sunt,
1125 3816 1481 3882 competunt.
1540 3811 1648 3865 Sed

15 3916 78 3954 nec
102 3905 182 3958 ille
211 3909 414 3974 praeter
440 3904 704 3958 omnium
748 3900 1156 3956 conscientiam
1185 3899 1355 3953 faciat
1382 3899 1597 3970 aliquid
1631 3915 1644 3952 :

15 3988 68 4042 Sic
93 3992 226 4045 enim
259 3992 605 4046 unanimitas
634 3991 763 4056 erit,
798 3997 853 4043 et
882 3988 1297 4060 gloriﬁcabitur
1335 3989 1483 4042 Deus
1544 4003 1650 4058 per

16 4077 242 4132 Christum
273 4080 333 4133 in
353 4080 572 4150 Spiritu
605 4083 820 4132 sancto.
859 4098 882 4126 ι

651 4185 779 4240 CAP.
815 4183 958 4238 CXC.

59 4274 104 4326 In
134 4274 348 4329 Niceno
377 4274 639 4336 concilio,
689 4274 756 4327 de
797 4273 1107 4342 privilegiis
1153 4286 1274 4336 qua:
1321 4269 1649 4335 quibusdam

1743 599 2068 663 diareesium,
2117 605 2168 651 et
2195 599 2260 651 de
2286 601 2592 667 privilegiis
2641 615 2758 664 quae
2805 602 3095 669 Egylniis,
3147 602 3439 655 Antioche-

1742 691 1826 740 nis
1879 688 2602 755 Constantinopolitanisque
2652 688 2956 741 debentur:
3009 689 3114 752 Qui
3165 697 3300 742 sunt
3346 707 3438 742 su-

1741 791 1844 844 per
1875 777 2163 829 dioecesim
2205 775 2480 845 episcopi,
2513 791 2876 846 nequaquam
2912 777 2978 828 ad
3011 778 3274 830 ecclesias
3313 794 3439 847 quae.

1741 869 1875 916 sunt
1921 870 2076 916 extra
2123 863 2390 933 prietixos
2420 864 2522 916 tibi
2555 863 2829 916 terminos
2871 865 3165 931 accedant,
3198 882 3301 919 nec
3347 882 3449 929 eas,

1740 952 1846 1005 hac
1889 953 2339 1023 praesumptione
2390 951 2734 1019 confundat;
2809 954 2906 1005 sed
2962 953 3123 1021 juxta
3199 970 3442 1007 canones

1739 1040 2156 1094 Alexandrinus
2188 1041 2424 1093 antistes
2451 1057 2579 1110 qua:
2606 1047 2742 1094 sunt
2771 1040 2830 1094 in
2857 1043 3097 1110 Egypto
3131 1048 3295 1111 regat
3343 1058 3440 1094 so-

1741 1129 2057 1182 lummodo.
2095 1130 2156 1182 Et
2186 1128 2432 1182 Orientis
2464 1129 2719 1199 episc0pi
2755 1129 3045 1183 Orientem
3080 1135 3304 1182 tantum
3337 1145 3442 1199 gu-

1739 1218 2001 1284 bernent,
2031 1217 2266 1270 servatis
2302 1217 2625 1287 privilegiis
2665 1233 2793 1287 quae
2843 1217 3087 1270 Nicamis
3127 1217 3445 1270 canonibus

1743 1306 1998 1360 Ecclesia:
2039 1305 2413 1359 Antiochense
2463 1305 2678 1359 tributa
2737 1311 2892 1359 sunt.
2953 1305 3180 1358 Asianze
3212 1321 3444 1376 quoque

1742 1394 2048 1447 dioeceseos
2109 1393 2361 1463 episcopi
2406 1409 2470 1446 ea
2519 1394 2706 1446 solum
2765 1409 2893 1464 quae
2939 1399 3074 1447 sunt
3121 1393 3178 1445 in
3235 1395 3446 1446 Asiana

1743 1482 1971 1537 dioecesi
2015 1481 2384 1551 dispensent:
2449 1498 2552 1535 nec
2595 1498 2711 1534 non
2763 1487 2819 1535 et
2865 1483 3028 1535 Ponti
3075 1481 3328 1551 episcopi
3378 1497 3444 1535 ea

1741 1576 1965 1624 tantum
1995 1586 2123 1639 quae
2155 1575 2288 1622 sunt
2318 1569 2380 1622 in
2420 1571 2631 1635 Ponto;
2690 1574 2746 1623 et
2775 1569 3164 1637 Thraciarum,
3219 1586 3347 1639 quae
3381 1571 3440 1623 in

1741 1659 1990 1712 Thraciis
2020 1664 2152 1711 sunt
2189 1659 2533 1728 guberueut.
2567 1659 2688 1711 Non
2733 1657 2914 1711 vocati
2945 1665 3137 1712 autem
3187 1659 3440 1728 episcopi

1745 1749 1896 1802 ultra
1925 1763 2087 1800 suam
2121 1747 2406 1800 dimcesim
2443 1761 2557 1798 non
2612 1746 2880 1798 accedant
2927 1751 3166 1815 propter
3208 1747 3444 1800 ordina-

1745 1838 1930 1890 tiones
1962 1836 2266 1899 faciendas,
2301 1836 2386 1888 vel
2419 1841 2652 1904 propter
2679 1833 2819 1886 alias
2867 1834 3323 1904 dispensationes
3354 1852 3442 1888 ec-

1745 1925 2099 1979 clesiasticas.
2133 1925 2364 1978 Servata
2386 1939 2518 1976 vero
2551 1939 2681 1992 quas
2707 1924 2914 1992 scripta
2944 1929 3028 1976 est
3061 1924 3128 1976 de
3161 1923 3445 1993 guberna-

1746 2013 1999 2067 tionibus
2031 2013 2250 2082 regula,
2286 2011 2656 2064 manifestum
2689 2017 2776 2064 est
2802 2011 2957 2081 quod
3006 2011 3101 2084 illa
3140 2028 3268 2081 qua:
3313 2018 3448 2065 sunt

1748 2118 1851 2173 per
1931 2116 2400 2170 unamquamque
2468 2099 2823 2170 provinciam
2891 2099 3071 2168 ipsius
3139 2099 3445 2168 provinciae

1749 2189 1998 2260 synodus
2066 2189 2380 2257 dispenset,
2448 2189 2593 2240 sicut
2660 2189 2890 2241 Nicanuo
2946 2194 3167 2240 Constat
3246 2188 3446 2240 decre-

1747 2285 1873 2332 tum
1937 2294 2058 2331 esse
2117 2277 2379 2330 concilio.
2445 2275 2721 2332 Ecclesias
2786 2280 2977 2328 autem
3038 2275 3136 2328 Dei
3196 2276 3254 2328 in
3308 2275 3445 2328 bar—

1750 2367 1955 2421 baricis
2045 2366 2311 2436 gentibus
2382 2366 2716 2418 constitutas
2795 2365 3102 2433 gubernari
3182 2363 3447 2417 convenit

1745 2457 1906 2525 juxta
1937 2455 2428 2520 consuetudinem,
2457 2470 2586 2524 quae
2612 2459 2695 2506 est
2732 2470 2764 2506 a
2807 2454 3067 2506 I’atribus
3129 2454 3441 2506 observata.

1749 2544 2151 2596 Verumtamen
2184 2541 2856 2610 Constantinopolitanus
2888 2540 3190 2610 episcopus
3239 2541 3449 2593 habeat

1750 2632 1986 2686 honoris
2033 2632 2343 2701 primatum
2390 2636 2515 2699 post
2560 2629 2882 2682 Romanum
2929 2629 3282 2698 episc0pum,
3317 2644 3444 2698 pro-

1749 2727 1948 2791 pterea
1976 2721 2132 2790 quod
2161 2719 2294 2772 urbs
2325 2719 2446 2789 ipsa
2476 2717 2759 2788 sitjunior
2789 2719 2988 2770 Roma.
3027 2738 3054 2764 ››

2398 2832 2524 2886 CAP.
2569 2831 2790 2886 CXCIII.

1821 2945 1880 2996 In
1915 2941 2123 2995 couilio
2152 2938 2493 3004 Sardicensi,
2543 2953 2666 3006 cap.
2699 2939 2729 2990 3
2764 2936 2908 3004 (can.
2965 2940 3017 2997 3,
3067 2951 3134 2990 ea:
3174 2939 3445 3003 interpre-

1753 3035 1851 3085 tat.
1878 3033 2035 3084 Dion.
2078 3030 2304 3096 Emigui}
2334 3043 2346 3079 :
2382 3048 2410 3075 ‹‹
2442 3026 2597 3090 Quod
2655 3029 2703 3079 si
2736 3025 3032 3078 damnatus
3089 3024 3447 3091 appellaverit

1681 3088 1722 3143 Ο
1749 3121 2052 3174 Romanum
2083 3119 2412 3184 pontiﬁcem,
2447 3118 2589 3166 sicut
2629 3129 2802 3181 nuper
2844 3115 2973 3179 fecit
3018 3113 3268 3178 Ignatius
3313 3112 3448 3165 Con-

1750 3205 2272 3272 stantinopolitanus
2324 3207 2606 3272 episcopus
2647 3202 2871 3269 injuste,
2914 3206 2976 3254 ut
3025 3201 3249 3265 dicitur,
3294 3199 3452 3268 depo-

1750 3299 1908 3353 situs,
1937 3293 1996 3345 id
2021 3291 2420 3345 observandum
2449 3289 2596 3355 quod
2625 3293 2739 3358 ipse
2768 3291 3038 3342 censuerit
3063 3302 3075 3339 :
3128 3286 3293 3340 Osius
3326 3285 3452 3355 epi-

1751 3395 1954 3450 scopus
1985 3379 2162 3434 dixit:
2208 3379 2354 3433 Illud
2407 3394 2638 3449 quoque
2694 3377 3025 3430 necessario
3062 3371 3452 3442 adjiciendum

1752 3475 1852 3535 est,
1909 3473 1973 3521 ut
2013 3467 2267 3538 episcopi
2308 3467 2377 3520 de
2407 3483 2506 3519 sua
2549 3463 2845 3534 provincia
2894 3463 2962 3516 ad
3011 3461 3183 3514 aliam
3224 3459 3451 3530 provin-

1752 3557 1921 3625 ciam,
1979 3556 2039 3610 in
2100 3571 2213 3625 qua
2276 3570 2394 3606 non
2445 3559 2581 3605 sunt
2639 3551 2910 3620 episcopi,
2972 3564 3089 3602 non
3127 3552 3448 3612 transeant;

1755 3645 1865 3698 nisi
1891 3645 2034 3698 forte
2069 3660 2101 3697 a
2127 3641 2399 3696 fratribus
2442 3639 2560 3692 suis
2604 3637 2848 3704 invitati,
2898 3651 2969 3689 ne
3014 3635 3318 3688 videantur
3356 3633 3450 3703 ja-

1755 3748 1929 3786 nuam
2004 3729 2268 3784 claudere
2351 3726 2664 3780 charitatis.
2750 3723 2912 3788 Quod
2986 3723 3033 3775 si
3116 3722 3174 3775 in
3261 3721 3456 3792 aliqua

1753 3819 2046 3892 provincia
2091 3817 2296 3888 aliquis
2369 3815 2668 3886 episcopus
2729 3819 2927 3866 contra
2980 3811 3218 3865 fratrem
3285 3826 3452 3864 suum

1755 3910 2088 3980 episcopum
2119 3906 2276 3960 litem
2311 3903 2596 3968 habuerit,
2649 3907 2854 3955 neuter
2883 3918 2912 3954 e
2965 3899 3189 3954 duobus
3249 3915 3313 3952 ex
3342 3898 3455 3951 alia

1754 3999 2047 4069 provincia
2075 3997 2314 4049 advocet
2365 3993 2662 4063 episcopos
2692 3990 2765 4044 ad
2788 3988 3072 4059 judicium
3099 3988 3451 4058 cognitores.

1756 4087 1919 4152 Quod
1947 4085 1996 4138 si
2024 4084 2233 4156 aliquis
2274 4083 2573 4154 episcopus
2604 4079 2889 4150 judicatus
2936 4076 3111 4132 fuerit
3156 4076 3216 4130 in
3263 4075 3458 4145 aliqua

1757 4192 1946 4242 causa,
1981 4179 2038 4227 et
2092 4177 2258 4243 putat
2314 4188 2372 4224 se
2416 4171 2629 4224 bonam
2679 4182 2909 4221 causam
2957 4166 3191 4232 habere,
3232 4169 3297 4216 ut
3350 4163 3456 4216 ite-

1758 4280 1886 4318 rum
1919 4264 1986 4316 ad
2015 4260 2292 4332 judicium
2325 4259 2632 4312 concilium
2674 4259 3013 4320 renovetur;
3043 4253 3090 4306 si
3134 4252 3294 4306 vobis
3336 4252 3458 4322 pla-

15 4361 270 4415 n’ritutibus
300 4367 622 4432 competunt.
660 4378 785 4431 cap.
823 4363 854 4413 6
876 4364 1042 4429 I(can.
1081 4362 1111 4413 6
1143 4375 1209 4412 ea:
1230 4362 1416 4427 prima
1447 4357 1601 4427 edit.)
1633 4373 1644 4409 :
1689 4385 1733 4439 Β
1762 4357 1851 4406 cet
1879 4349 2058 4404 sancti
2091 4349 2256 4439 Petri
2291 4346 2554 4439 apostoli-
2587 4346 2928 4439 memoriam
2960 4343 3347 4438 honoremus,
3400 4344 3462 4392 ut

17 4468 30 4492 ι
53 4451 275 4520 Antiqua
302 4451 648 4505 consuetudo
670 4456 927 4503 servetur
947 4464 1050 4519 per
1067 4449 1396 4518 Algyptum,
1416 4445 1649 4515 Libyam

15 4541 50 4586 et
70 4538 412 4610 Pentapolim,
445 4540 527 4594 ita
557 4542 621 4592 ut
661 4537 1081 4592 Alexandrinus
1110 4536 1412 4606 episcopus
1441 4534 1650 4587 horum

15 4629 224 4680 omnium
276 4629 477 4682 habeat
528 4631 895 4697 potestatem,
926 4624 1062 4695 quia
1117 4628 1174 4676 et
1239 4621 1397 4676 urbis
1461 4622 1652 4675 Romae

15 4717 230 4787 episcopo
287 4719 480 4790 parilis
510 4734 638 4772 mos
667 4723 769 4772 est.
816 4715 1095 4771 Similiter
1152 4718 1346 4768 autem
1394 4717 1451 4764 et
1504 4712 1652 4782 apud

15 4807 324 4862 Antiochiam
377 4814 729 4878 ceterasque
781 4803 1104 4877 provincias
1177 4803 1296 4856 suis
1353 4800 1656 4872 privilegia

16 4903 260 4950 serventur
287 4897 563 4952 Ecclesiis.
601 4917 623 4945 ι

633 5001 764 5056 CAP.
815 4999 982 5056 CXCI.

65 5090 184 5145 Item
244 5092 307 5146 in
364 5093 569 5148 eodem
634 5089 898 5155 concilio,
964 5105 1089 5160 cap.
1159 5093 1212 5156 7,
1276 5090 1354 5142 De
1413 5088 1657 5154 episcopo

17 5179 147 5241 Iliae,
202 5181 260 5234 id
309 5186 384 5236 est
430 5181 927 5247 Hierosolymo-rum
961 5194 995 5231 ':
1057 5200 1078 5227 «
1113 5176 1259 5240 Quia
1309 5173 1658 5229 consuetudo

23 5267 218 5323 obtinuit
248 5277 304 5324 et
331 5271 566 5340 antiqua
592 5266 846 5334 traditio,
876 5273 941 5321 ut
958 5265 1116 5319 [Elite
1136 5263 1440 5334 episcopus
1470 5260 1658 5313 hono-

24 5365 154 5425 retur,
182 5359 381 5412 habent
418 5356 656 5412 honoris
701 5354 1192 5426 consequentiam,
1243 5352 1393 5406 salva
1443 5353 1656 5403 metro-

21 5447 107 5510 F-‘Jli
137 5448 361 5516 propria
390 5444 695 5516 dignitate.
741 5465 762 5492 ι

632 5552 767 5605 CAP.
808 5549 1004 5605 CXCII.

74 5641 122 5692 In
146 5642 376 5696 concilio
421 5639 1076 5708 Constantinopolitano,
1131 5651 1256 5705 cap.
1307 5637 1362 5687 lt
1413 5633 1553 5702 (can.
1605 5631 1659 5682 2.

1763 4439 2042 4495 scribatur
2091 4436 2179 4490 vel
2208 4435 2278 4489 ab
2326 4436 2415 4488 his
2467 4434 2751 4504 episcopis
2805 4432 2904 4502 qui
2955 4433 3010 4484 in
3054 4429 3289 4500 propria
3321 4444 3460 4497 pro-

1758 4527 1944 4581 vincia
1973 4528 2292 4590 morantur,
2323 4521 2471 4575 Julio
2523 4521 2779 4574 Romano
2823 4517 3132 4586 episcopo:
3187 4521 3244 4568 et
3292 4513 3460 4581 siju-

1760 4614 2038 4672 dicaverit
2067 4611 2462 4667 renovandum
2511 4624 2633 4662 esse
2673 4605 2978 4677 judicium,
3026 4606 3348 4667 renovetur,
3405 4605 3462 4654 et

1761 4705 1858 4759 det
1881 4703 2118 4774 judices.
2153 4700 2209 4754 Si
2239 4704 2433 4752 autem
2464 4693 2794 4766 probaverit
2835 4693 3004 4745 talem
3055 4705 3283 4744 causam
3315 4703 3457 4754 esse,

1763 4798 1826 4847 ut
1854 4809 1968 4846 non
1997 4790 2338 4845 refricentur
2367 4803 2434 4841 ea
2457 4801 2586 4856 quae
2630 4788 2754 4837 acta
2810 4785 2962 4844 sunt,
3015 4794 3144 4848 quae
3194 4777 3461 4830 decreve-

1765 4880 1838 4932 rit
1876 4877 2214 4932 contirmata
2272 4877 2461 4927 erunt.
2509 4870 2568 4925 Si
2622 4869 2729 4922 hoc
2776 4866 3045 4919 omnibus
3091 4864 3296 4933 placet,
3347 4867 3460 4916 sta-

1763 4972 1979 5022 tuatur.
2010 4963 2266 5034 Synodus
2285 4958 2636 5031 respondit?
2671 4957 2880 5011 Placet.
2918 4973 2946 5005 ι›

2414 5075 2542 5129 CAP.
2586 5071 2800 5127 CXCIV.

1837 5189 1982 5242 Item
2037 5183 2099 5236 in
2146 5180 2352 5234 eodem
2410 5177 2674 5240 concilio,
2730 5175 2911 5245 εθιρυί
2959 5171 3141 5243 (Ibid.,
3197 5184 3318 5222 can.
3354 5168 3458 5236 4):

1773 5278 1840 5330 Ut
1887 5273 2072 5327 nullus
2120 5271 2364 5322 accusati
2399 5267 2577 5320 sedem
2623 5267 2852 5332 usurpet
2893 5262 3148 5331 episcopi,
3183 5260 3324 5310 sicut
3365 5271 3466 5309 nu-

1761 5379 1865 5433 per
1899 5360 2028 5428 fecit
2049 5357 2272 5411 Photius
2316 5354 2495 5408 sedem
2542 5353 2771 5419 Ignatii,
2805 5348 3118 5420 ‘neophytus
3151 5349 3200 5399 et
3246 5348 3468 5397 inoasor

1770 5443 2378 5514 Constantinopolitanae
2398 5440 2542 5495 sedis
2572 5455 2584 5493 :
2612 5459 2640 5490 α
2663 5437 3017 5494 Gaudentius
3049 5434 3350 5505 episcopus
3382 5433 3466 5487 di-

1771 5539 1894 5592 xit:
1944 5532 2302 5599 Addendum,
2369 5531 2416 5584 si
2475 5529 2680 5600 placet,
2741 5526 2874 5580 huic
2921 5523 3239 5588 sententias,
3295 5535 3471 5590 quam

1769 5627 1999 5697 plenam
2032 5619 2324 5675 sanctitate
2353 5615 2700 5690 protulistis;
2736 5619 2797 5668 ut
2826 5628 2957 5666 cum
2999 5611 3204 5681 aliquis
3246 5607 3469 5676 episco-
