  <div class='ocr_page' id='page_1' title='image "/cluster/home/n/w/nwhite01/storage/ocr_20150623/121/uva.x000827051/387.png"; bbox 0 0 3846 6244; ppageno 0'>
   <div class='ocr_carea' id='block_1_1' title="bbox 353 340 3832 399">
    <p class='ocr_par' dir='ltr' id='par_1_1' title="bbox 353 340 3832 399">
     <span class='ocr_line' id='line_1_1' title="bbox 353 340 3832 399; baseline -0.001 -1"><span class='ocrx_word' id='word_1_1' title='bbox 353 349 444 398; x_wconf 70' lang='grc'><strong>751</strong></span> <span class='ocrx_word' id='word_1_2' title='bbox 1575 340 1796 395; x_wconf 63' lang='lat' dir='ltr'>AENEAS</span> <span class='ocrx_word' id='word_1_3' title='bbox 1835 341 2267 396; x_wconf 81' lang='lat' dir='ltr'>PARISIENSIS</span> <span class='ocrx_word' id='word_1_4' title='bbox 2308 342 2620 399; x_wconf 87' lang='lat' dir='ltr'>EPISCOPI</span> <span class='ocrx_word' id='word_1_5' title='bbox 3751 345 3832 396; x_wconf 71' lang='lat'>73!</span> 
     </span>
    </p>
   </div>
   <div class='ocr_carea' id='block_1_2' title="bbox 352 471 3835 545">
    <p class='ocr_par' dir='ltr' id='par_1_2' title="bbox 352 471 3835 545">
     <span class='ocr_line' id='line_1_2' title="bbox 352 471 3835 545; baseline -0.001 -17"><span class='ocrx_word' id='word_1_6' title='bbox 352 493 457 545; x_wconf 83' lang='lat' dir='ltr'>pus</span> <span class='ocrx_word' id='word_1_7' title='bbox 485 475 778 545; x_wconf 89' lang='lat' dir='ltr'>depositus</span> <span class='ocrx_word' id='word_1_8' title='bbox 809 472 982 528; x_wconf 80' lang='lat' dir='ltr'>fuerit</span> <span class='ocrx_word' id='word_1_9' title='bbox 1011 487 1210 526; x_wconf 88' lang='lat' dir='ltr'>eorum</span> <span class='ocrx_word' id='word_1_10' title='bbox 1243 471 1640 542; x_wconf 90' lang='lat' dir='ltr'>episcoporum</span> <span class='ocrx_word' id='word_1_11' title='bbox 1685 471 1905 540; x_wconf 89' lang='lat' dir='ltr'>judicio</span> <span class='ocrx_word' id='word_1_12' title='bbox 1947 471 2051 541; x_wconf 92' lang='lat' dir='ltr'>qui</span> <span class='ocrx_word' id='word_1_13' title='bbox 2088 475 2132 526; x_wconf 84' lang='lat' dir='ltr'><strong>A</strong></span> <span class='ocrx_word' id='word_1_14' title='bbox 2166 473 2277 526; x_wconf 90' lang='lat' dir='ltr'>huc</span> <span class='ocrx_word' id='word_1_15' title='bbox 2343 477 2616 544; x_wconf 79' lang='lat' dir='ltr'>tanquam</span> <span class='ocrx_word' id='word_1_16' title='bbox 2671 472 2993 526; x_wconf 85' lang='lat' dir='ltr'>inauditum</span> <span class='ocrx_word' id='word_1_17' title='bbox 3059 472 3358 542; x_wconf 82' lang='lat' dir='ltr'>quidpiam</span> <span class='ocrx_word' id='word_1_18' title='bbox 3417 489 3588 526; x_wconf 88' lang='lat' dir='ltr'>nosse</span> <span class='ocrx_word' id='word_1_19' title='bbox 3639 471 3835 526; x_wconf 82' lang='lat' dir='ltr'>deside-</span> 
     </span>
    </p>
   </div>
   <div class='ocr_carea' id='block_1_3' title="bbox 349 562 2049 629">
    <p class='ocr_par' dir='ltr' id='par_1_3' title="bbox 349 562 2049 629">
     <span class='ocr_line' id='line_1_3' title="bbox 349 562 2049 629; baseline -0.002 -11"><span class='ocrx_word' id='word_1_20' title='bbox 349 567 406 618; x_wconf 88' lang='lat' dir='ltr'>in</span> <span class='ocrx_word' id='word_1_21' title='bbox 472 563 672 616; x_wconf 84' lang='lat' dir='ltr'>vicinis</span> <span class='ocrx_word' id='word_1_22' title='bbox 743 563 879 615; x_wconf 90' lang='lat' dir='ltr'>locis</span> <span class='ocrx_word' id='word_1_23' title='bbox 942 566 1396 627; x_wconf 81' lang='lat' dir='ltr'>commorantur,</span> <span class='ocrx_word' id='word_1_24' title='bbox 1487 565 1542 613; x_wconf 93' lang='lat' dir='ltr'>et</span> <span class='ocrx_word' id='word_1_25' title='bbox 1609 562 2049 629; x_wconf 88' lang='lat' dir='ltr'>proclamaverit</span> 
     </span>
    </p>
   </div>
   <div class='ocr_carea' id='block_1_4' title="bbox 350 649 2044 722">
    <p class='ocr_par' dir='ltr' id='par_1_4' title="bbox 350 649 2044 722">
     <span class='ocr_line' id='line_1_4' title="bbox 350 649 2044 722; baseline -0.001 -18"><span class='ocrx_word' id='word_1_26' title='bbox 350 652 630 722; x_wconf 84' lang='lat' dir='ltr'>agendum</span> <span class='ocrx_word' id='word_1_27' title='bbox 669 651 778 704; x_wconf 88' lang='lat' dir='ltr'>sibi</span> <span class='ocrx_word' id='word_1_28' title='bbox 812 651 1104 722; x_wconf 81' lang='lat' dir='ltr'>negotium</span> <span class='ocrx_word' id='word_1_29' title='bbox 1135 650 1192 702; x_wconf 91' lang='lat' dir='ltr'>in</span> <span class='ocrx_word' id='word_1_30' title='bbox 1227 651 1364 702; x_wconf 86' lang='lat' dir='ltr'>urbe</span> <span class='ocrx_word' id='word_1_31' title='bbox 1399 651 1578 702; x_wconf 83' lang='lat' dir='ltr'>Roma</span> <span class='ocrx_word' id='word_1_32' title='bbox 1612 666 1622 701; x_wconf 94' lang='lat'><strong>:</strong></span> <span class='ocrx_word' id='word_1_33' title='bbox 1660 650 1796 702; x_wconf 80' lang='lat' dir='ltr'>alter</span> <span class='ocrx_word' id='word_1_34' title='bbox 1829 649 2044 718; x_wconf 87' lang='lat' dir='ltr'>episco-</span> 
     </span>
    </p>
   </div>
   <div class='ocr_carea' id='block_1_5' title="bbox 348 737 2048 810">
    <p class='ocr_par' dir='ltr' id='par_1_5' title="bbox 348 737 2048 810">
     <span class='ocr_line' id='line_1_5' title="bbox 348 737 2048 810; baseline -0.002 -18"><span class='ocrx_word' id='word_1_35' title='bbox 348 757 456 810; x_wconf 87' lang='lat' dir='ltr'>pus</span> <span class='ocrx_word' id='word_1_36' title='bbox 487 741 543 793; x_wconf 88' lang='lat' dir='ltr'>in</span> <span class='ocrx_word' id='word_1_37' title='bbox 569 741 690 810; x_wconf 81' lang='lat' dir='ltr'>ejus</span> <span class='ocrx_word' id='word_1_38' title='bbox 722 740 991 793; x_wconf 86' lang='lat' dir='ltr'>cathedra</span> <span class='ocrx_word' id='word_1_39' title='bbox 1021 745 1152 808; x_wconf 87' lang='lat' dir='ltr'>post</span> <span class='ocrx_word' id='word_1_40' title='bbox 1182 739 1626 807; x_wconf 86' lang='lat' dir='ltr'>appellationem</span> <span class='ocrx_word' id='word_1_41' title='bbox 1668 737 1787 806; x_wconf 85' lang='lat' dir='ltr'>ejus</span> <span class='ocrx_word' id='word_1_42' title='bbox 1839 738 1938 807; x_wconf 85' lang='lat' dir='ltr'>qui</span> <span class='ocrx_word' id='word_1_43' title='bbox 1971 739 2048 788; x_wconf 77' lang='lat' dir='ltr'>vi-</span> 
     </span>
    </p>
   </div>
   <div class='ocr_carea' id='block_1_6' title="bbox 351 825 2048 897">
    <p class='ocr_par' dir='ltr' id='par_1_6' title="bbox 351 825 2048 897">
     <span class='ocr_line' id='line_1_6' title="bbox 351 825 2048 897; baseline -0.002 -16"><span class='ocrx_word' id='word_1_44' title='bbox 351 831 516 883; x_wconf 81' lang='lat' dir='ltr'>detur</span> <span class='ocrx_word' id='word_1_45' title='bbox 573 844 694 881; x_wconf 90' lang='lat' dir='ltr'>esse</span> <span class='ocrx_word' id='word_1_46' title='bbox 749 827 1043 897; x_wconf 86' lang='lat' dir='ltr'>depositus</span> <span class='ocrx_word' id='word_1_47' title='bbox 1091 827 1325 880; x_wconf 84' lang='lat' dir='ltr'>omnino</span> <span class='ocrx_word' id='word_1_48' title='bbox 1393 843 1504 879; x_wconf 90' lang='lat' dir='ltr'>non</span> <span class='ocrx_word' id='word_1_49' title='bbox 1559 826 1874 892; x_wconf 79' lang='lat' dir='ltr'>ordinetur,</span> <span class='ocrx_word' id='word_1_50' title='bbox 1937 825 2048 878; x_wconf 78' lang='lat' dir='ltr'>nisi</span> 
     </span>
    </p>
   </div>
   <div class='ocr_carea' id='block_1_7' title="bbox 351 914 2046 986">
    <p class='ocr_par' dir='ltr' id='par_1_7' title="bbox 351 914 2046 986">
     <span class='ocr_line' id='line_1_7' title="bbox 351 914 2046 986; baseline -0.003 -15"><span class='ocrx_word' id='word_1_51' title='bbox 351 935 519 972; x_wconf 87' lang='lat' dir='ltr'>causa</span> <span class='ocrx_word' id='word_1_52' title='bbox 561 918 734 971; x_wconf 81' lang='lat' dir='ltr'>fuerit</span> <span class='ocrx_word' id='word_1_53' title='bbox 773 917 831 970; x_wconf 90' lang='lat' dir='ltr'>in</span> <span class='ocrx_word' id='word_1_54' title='bbox 878 916 1096 986; x_wconf 85' lang='lat' dir='ltr'>judicio</span> <span class='ocrx_word' id='word_1_55' title='bbox 1156 915 1406 986; x_wconf 87' lang='lat' dir='ltr'>episcopi</span> <span class='ocrx_word' id='word_1_56' title='bbox 1461 915 1706 969; x_wconf 81' lang='lat' dir='ltr'>Romani</span> <span class='ocrx_word' id='word_1_57' title='bbox 1764 914 2046 968; x_wconf 88' lang='lat' dir='ltr'>determi-</span> 
     </span>
    </p>
   </div>
   <div class='ocr_carea' id='block_1_8' title="bbox 352 1011 568 1060">
    <p class='ocr_par' dir='ltr' id='par_1_8' title="bbox 352 1011 568 1060">
     <span class='ocr_line' id='line_1_8' title="bbox 352 1011 568 1060; baseline 0 0"><span class='ocrx_word' id='word_1_58' title='bbox 352 1011 508 1060; x_wconf 85' lang='lat' dir='ltr'>nata.</span> <span class='ocrx_word' id='word_1_59' title='bbox 541 1028 568 1054; x_wconf 70' lang='grc' dir='ltr'>η</span> 
     </span>
    </p>
   </div>
   <div class='ocr_carea' id='block_1_9' title="bbox 1027 1134 1374 1188">
    <p class='ocr_par' dir='ltr' id='par_1_9' title="bbox 1027 1134 1374 1188">
     <span class='ocr_line' id='line_1_9' title="bbox 1027 1134 1374 1188; baseline -0.014 0"><span class='ocrx_word' id='word_1_60' title='bbox 1027 1135 1150 1188; x_wconf 66' lang='lat' dir='ltr'>Car.</span> <span class='ocrx_word' id='word_1_61' title='bbox 1182 1134 1374 1188; x_wconf 76' lang='lat' dir='ltr'>CXCV.</span> 
     </span>
    </p>
   </div>
   <div class='ocr_carea' id='block_1_10' title="bbox 427 1275 2051 1346">
    <p class='ocr_par' dir='ltr' id='par_1_10' title="bbox 427 1275 2051 1346">
     <span class='ocr_line' id='line_1_10' title="bbox 427 1275 2051 1346; baseline -0.002 -14"><span class='ocrx_word' id='word_1_62' title='bbox 427 1280 564 1332; x_wconf 89' lang='lat' dir='ltr'>Item</span> <span class='ocrx_word' id='word_1_63' title='bbox 597 1277 800 1331; x_wconf 68' lang='lat' dir='ltr'>beatus</span> <span class='ocrx_word' id='word_1_64' title='bbox 825 1292 974 1346; x_wconf 89' lang='lat' dir='ltr'>papa</span> <span class='ocrx_word' id='word_1_65' title='bbox 1012 1276 1278 1329; x_wconf 78' lang='lat' dir='ltr'>Silvester</span> <span class='ocrx_word' id='word_1_66' title='bbox 1325 1276 1384 1328; x_wconf 91' lang='lat' dir='ltr'>in</span> <span class='ocrx_word' id='word_1_67' title='bbox 1427 1275 1777 1329; x_wconf 81' lang='lat' dir='ltr'>allocutione</span> <span class='ocrx_word' id='word_1_68' title='bbox 1837 1275 2051 1328; x_wconf 73' lang='lat' dir='ltr'>Nicaeni</span> 
     </span>
    </p>
   </div>
   <div class='ocr_carea' id='block_1_11' title="bbox 355 1363 2051 1435">
    <p class='ocr_par' dir='ltr' id='par_1_11' title="bbox 355 1363 2051 1435">
     <span class='ocr_line' id='line_1_11' title="bbox 355 1363 2051 1435; baseline -0.002 -14"><span class='ocrx_word' id='word_1_69' title='bbox 355 1367 583 1421; x_wconf 85' lang='lat' dir='ltr'>concilii</span> <span class='ocrx_word' id='word_1_70' title='bbox 617 1365 750 1418; x_wconf 80' lang='lat' dir='ltr'>fecit</span> <span class='ocrx_word' id='word_1_71' title='bbox 779 1366 990 1435; x_wconf 90' lang='lat' dir='ltr'>gradus</span> <span class='ocrx_word' id='word_1_72' title='bbox 1039 1365 1098 1416; x_wconf 91' lang='lat' dir='ltr'>in</span> <span class='ocrx_word' id='word_1_73' title='bbox 1127 1363 1347 1434; x_wconf 87' lang='lat' dir='ltr'>gremio</span> <span class='ocrx_word' id='word_1_74' title='bbox 1393 1365 1592 1434; x_wconf 87' lang='lat' dir='ltr'>synodi</span> <span class='ocrx_word' id='word_1_75' title='bbox 1625 1367 1706 1432; x_wconf 83' lang='lat' dir='ltr'>(in</span> <span class='ocrx_word' id='word_1_76' title='bbox 1752 1365 2051 1418; x_wconf 82' lang='lat' dir='ltr'>canonibus</span> 
     </span>
    </p>
   </div>
   <div class='ocr_carea' id='block_1_12' title="bbox 355 1451 2052 1522">
    <p class='ocr_par' dir='ltr' id='par_1_12' title="bbox 355 1451 2052 1522">
     <span class='ocr_line' id='line_1_12' title="bbox 355 1451 2052 1522; baseline -0.005 -12"><span class='ocrx_word' id='word_1_77' title='bbox 355 1457 620 1516; x_wconf 75' lang='lat' dir='ltr'>Silvestri,</span> <span class='ocrx_word' id='word_1_78' title='bbox 649 1470 768 1520; x_wconf 80' lang='lat' dir='ltr'>cap.</span> <span class='ocrx_word' id='word_1_79' title='bbox 803 1453 889 1522; x_wconf 90' lang='lat'>3):</span> <span class='ocrx_word' id='word_1_80' title='bbox 930 1473 957 1500; x_wconf 90' lang='grc'>‹‹</span> <span class='ocrx_word' id='word_1_81' title='bbox 985 1453 1052 1505; x_wconf 89' lang='lat' dir='ltr'>Ut</span> <span class='ocrx_word' id='word_1_82' title='bbox 1073 1468 1188 1506; x_wconf 91' lang='lat' dir='ltr'>non</span> <span class='ocrx_word' id='word_1_83' title='bbox 1221 1453 1518 1522; x_wconf 77' lang='lat' dir='ltr'>presbyter</span> <span class='ocrx_word' id='word_1_84' title='bbox 1542 1452 1812 1504; x_wconf 83' lang='lat' dir='ltr'>adversus</span> <span class='ocrx_word' id='word_1_85' title='bbox 1842 1451 2052 1522; x_wconf 83' lang='lat' dir='ltr'>episco—</span> 
     </span>
    </p>
   </div>
   <div class='ocr_carea' id='block_1_13' title="bbox 357 1539 2046 1612">
    <p class='ocr_par' dir='ltr' id='par_1_13' title="bbox 357 1539 2046 1612">
     <span class='ocr_line' id='line_1_13' title="bbox 357 1539 2046 1612; baseline -0.002 -17"><span class='ocrx_word' id='word_1_86' title='bbox 357 1561 514 1612; x_wconf 87' lang='lat' dir='ltr'>pum,</span> <span class='ocrx_word' id='word_1_87' title='bbox 566 1559 675 1596; x_wconf 88' lang='lat' dir='ltr'>non</span> <span class='ocrx_word' id='word_1_88' title='bbox 710 1541 980 1594; x_wconf 76' lang='lat' dir='ltr'>diaconus</span> <span class='ocrx_word' id='word_1_89' title='bbox 1019 1541 1287 1594; x_wconf 89' lang='lat' dir='ltr'>adversus</span> <span class='ocrx_word' id='word_1_90' title='bbox 1309 1541 1728 1609; x_wconf 76' lang='lat' dir='ltr'>presbyterum,</span> <span class='ocrx_word' id='word_1_91' title='bbox 1763 1556 1880 1592; x_wconf 91' lang='lat' dir='ltr'>non</span> <span class='ocrx_word' id='word_1_92' title='bbox 1911 1539 2046 1592; x_wconf 87' lang='lat' dir='ltr'>sub-</span> 
     </span>
    </p>
   </div>
   <div class='ocr_carea' id='block_1_14' title="bbox 357 1627 2050 1696">
    <p class='ocr_par' dir='ltr' id='par_1_14' title="bbox 357 1627 2050 1696">
     <span class='ocr_line' id='line_1_14' title="bbox 357 1627 2050 1696; baseline -0.004 -12"><span class='ocrx_word' id='word_1_93' title='bbox 357 1631 630 1684; x_wconf 85' lang='lat' dir='ltr'>diaconus</span> <span class='ocrx_word' id='word_1_94' title='bbox 651 1631 920 1682; x_wconf 78' lang='lat' dir='ltr'>adversus</span> <span class='ocrx_word' id='word_1_95' title='bbox 951 1629 1279 1692; x_wconf 74' lang='lat' dir='ltr'>diaconum,</span> <span class='ocrx_word' id='word_1_96' title='bbox 1313 1643 1428 1680; x_wconf 91' lang='lat' dir='ltr'>non</span> <span class='ocrx_word' id='word_1_97' title='bbox 1457 1627 1752 1696; x_wconf 76' lang='lat' dir='ltr'>acolythus</span> <span class='ocrx_word' id='word_1_98' title='bbox 1784 1627 2050 1680; x_wconf 87' lang='lat' dir='ltr'>adversus</span> 
     </span>
    </p>
   </div>
   <div class='ocr_carea' id='block_1_15' title="bbox 357 1714 2136 1811">
    <p class='ocr_par' dir='ltr' id='par_1_15' title="bbox 357 1714 2136 1811">
     <span class='ocr_line' id='line_1_15' title="bbox 357 1714 2136 1811; baseline -0.003 -39"><span class='ocrx_word' id='word_1_99' title='bbox 357 1719 794 1781; x_wconf 84' lang='lat' dir='ltr'>subdiaconum,</span> <span class='ocrx_word' id='word_1_100' title='bbox 847 1733 960 1768; x_wconf 90' lang='lat' dir='ltr'>non</span> <span class='ocrx_word' id='word_1_101' title='bbox 1025 1716 1303 1768; x_wconf 75' lang='lat' dir='ltr'>exon-ista</span> <span class='ocrx_word' id='word_1_102' title='bbox 1361 1714 1629 1768; x_wconf 81' lang='lat' dir='ltr'>adversus</span> <span class='ocrx_word' id='word_1_103' title='bbox 1692 1716 2047 1784; x_wconf 79' lang='lat' dir='ltr'>acolythum,</span> <span class='ocrx_word' id='word_1_104' title='bbox 2099 1759 2136 1811; x_wconf 77' lang='grc' dir='ltr'><strong>Β</strong></span> 
     </span>
    </p>
   </div>
   <div class='ocr_carea' id='block_1_16' title="bbox 359 1802 2058 1868">
    <p class='ocr_par' dir='ltr' id='par_1_16' title="bbox 359 1802 2058 1868">
     <span class='ocr_line' id='line_1_16' title="bbox 359 1802 2058 1868; baseline -0.002 -9"><span class='ocrx_word' id='word_1_105' title='bbox 359 1821 476 1859; x_wconf 85' lang='lat' dir='ltr'>non</span> <span class='ocrx_word' id='word_1_106' title='bbox 529 1806 702 1858; x_wconf 79' lang='lat' dir='ltr'>lector</span> <span class='ocrx_word' id='word_1_107' title='bbox 759 1803 1026 1856; x_wconf 87' lang='lat' dir='ltr'>adversus</span> <span class='ocrx_word' id='word_1_108' title='bbox 1069 1802 1429 1868; x_wconf 89' lang='lat' dir='ltr'>exorcistam,</span> <span class='ocrx_word' id='word_1_109' title='bbox 1487 1817 1602 1854; x_wconf 89' lang='lat' dir='ltr'>non</span> <span class='ocrx_word' id='word_1_110' title='bbox 1657 1802 1920 1856; x_wconf 81' lang='lat' dir='ltr'>ostiarius</span> <span class='ocrx_word' id='word_1_111' title='bbox 1963 1803 2058 1856; x_wconf 90' lang='lat' dir='ltr'>ad-</span> 
     </span>
    </p>
   </div>
   <div class='ocr_carea' id='block_1_17' title="bbox 361 1889 2054 1960">
    <p class='ocr_par' dir='ltr' id='par_1_17' title="bbox 361 1889 2054 1960">
     <span class='ocr_line' id='line_1_17' title="bbox 361 1889 2054 1960; baseline 0 -16"><span class='ocrx_word' id='word_1_112' title='bbox 361 1910 554 1946; x_wconf 81' lang='lat' dir='ltr'>versus</span> <span class='ocrx_word' id='word_1_113' title='bbox 583 1894 852 1946; x_wconf 85' lang='lat' dir='ltr'>lectorem</span> <span class='ocrx_word' id='word_1_114' title='bbox 899 1891 994 1944; x_wconf 89' lang='lat' dir='ltr'>det</span> <span class='ocrx_word' id='word_1_115' title='bbox 1035 1889 1460 1944; x_wconf 81' lang='lat' dir='ltr'>accusationem</span> <span class='ocrx_word' id='word_1_116' title='bbox 1502 1891 1754 1960; x_wconf 88' lang='lat' dir='ltr'>aliquam</span> <span class='ocrx_word' id='word_1_117' title='bbox 1789 1907 1801 1943; x_wconf 93' lang='lat'>:</span> <span class='ocrx_word' id='word_1_118' title='bbox 1838 1897 1893 1944; x_wconf 91' lang='lat' dir='ltr'>et</span> <span class='ocrx_word' id='word_1_119' title='bbox 1939 1908 2054 1944; x_wconf 90' lang='lat' dir='ltr'>non</span> 
     </span>
    </p>
   </div>
   <div class='ocr_carea' id='block_1_18' title="bbox 361 1979 2057 2048">
    <p class='ocr_par' dir='ltr' id='par_1_18' title="bbox 361 1979 2057 2048">
     <span class='ocr_line' id='line_1_18' title="bbox 361 1979 2057 2048; baseline -0.001 -14"><span class='ocrx_word' id='word_1_120' title='bbox 361 1981 727 2034; x_wconf 83' lang='lat' dir='ltr'>damnabitur</span> <span class='ocrx_word' id='word_1_121' title='bbox 783 1979 1084 2048; x_wconf 88' lang='lat' dir='ltr'>episcopus</span> <span class='ocrx_word' id='word_1_122' title='bbox 1142 1979 1369 2047; x_wconf 71' lang='lat' dir='ltr'>praesul,</span> <span class='ocrx_word' id='word_1_123' title='bbox 1427 1979 1535 2030; x_wconf 86' lang='lat' dir='ltr'>nisi</span> <span class='ocrx_word' id='word_1_124' title='bbox 1581 1979 1644 2031; x_wconf 90' lang='lat' dir='ltr'>in</span> <span class='ocrx_word' id='word_1_125' title='bbox 1694 1980 2057 2048; x_wconf 82' lang='lat' dir='ltr'>septuaginta</span> 
     </span>
    </p>
   </div>
   <div class='ocr_carea' id='block_1_19' title="bbox 361 2068 2053 2138">
    <p class='ocr_par' dir='ltr' id='par_1_19' title="bbox 361 2068 2053 2138">
     <span class='ocr_line' id='line_1_19' title="bbox 361 2068 2053 2138; baseline -0.001 -16"><span class='ocrx_word' id='word_1_126' title='bbox 361 2071 472 2123; x_wconf 92' lang='lat' dir='ltr'>duo</span> <span class='ocrx_word' id='word_1_127' title='bbox 521 2069 878 2132; x_wconf 87' lang='lat' dir='ltr'>testimonia;</span> <span class='ocrx_word' id='word_1_128' title='bbox 943 2084 1125 2137; x_wconf 82' lang='lat' dir='ltr'>neque</span> <span class='ocrx_word' id='word_1_129' title='bbox 1157 2068 1362 2136; x_wconf 71' lang='lat' dir='ltr'>praesul</span> <span class='ocrx_word' id='word_1_130' title='bbox 1389 2083 1648 2120; x_wconf 88' lang='lat' dir='ltr'>summus</span> <span class='ocrx_word' id='word_1_131' title='bbox 1676 2085 1707 2120; x_wconf 89' lang='lat' dir='ltr'>a</span> <span class='ocrx_word' id='word_1_132' title='bbox 1758 2084 2053 2138; x_wconf 88' lang='lat' dir='ltr'>quoquam</span> 
     </span>
    </p>
   </div>
   <div class='ocr_carea' id='block_1_20' title="bbox 355 2156 2053 2228">
    <p class='ocr_par' dir='ltr' id='par_1_20' title="bbox 355 2156 2053 2228">
     <span class='ocr_line' id='line_1_20' title="bbox 355 2156 2053 2228; baseline -0.001 -18"><span class='ocrx_word' id='word_1_133' title='bbox 355 2157 722 2228; x_wconf 88' lang='lat' dir='ltr'>judicabitur,</span> <span class='ocrx_word' id='word_1_134' title='bbox 789 2157 1062 2225; x_wconf 91' lang='lat' dir='ltr'>quoniam</span> <span class='ocrx_word' id='word_1_135' title='bbox 1113 2156 1390 2224; x_wconf 87' lang='lat' dir='ltr'>scriptum</span> <span class='ocrx_word' id='word_1_136' title='bbox 1426 2162 1555 2208; x_wconf 90' lang='lat' dir='ltr'>est:</span> <span class='ocrx_word' id='word_1_137' title='bbox 1599 2159 1715 2211; x_wconf 72' lang='lat' dir='ltr'>Non</span> <span class='ocrx_word' id='word_1_138' title='bbox 1759 2161 1838 2208; x_wconf 86' lang='lat' dir='ltr'>est</span> <span class='ocrx_word' id='word_1_139' title='bbox 1887 2157 2053 2210; x_wconf 79' lang='lat' dir='ltr'>disci-</span> 
     </span>
    </p>
   </div>
   <div class='ocr_carea' id='block_1_21' title="bbox 353 2243 2052 2320">
    <p class='ocr_par' dir='ltr' id='par_1_21' title="bbox 353 2243 2052 2320">
     <span class='ocr_line' id='line_1_21' title="bbox 353 2243 2052 2320; baseline 0.001 -24"><span class='ocrx_word' id='word_1_140' title='bbox 353 2249 520 2314; x_wconf 81' lang='lat' dir='ltr'>pulus</span> <span class='ocrx_word' id='word_1_141' title='bbox 551 2261 715 2314; x_wconf 82' lang='lat' dir='ltr'>super</span> <span class='ocrx_word' id='word_1_142' title='bbox 743 2249 1088 2312; x_wconf 78' lang='lat' dir='ltr'>magistrum.</span> <span class='ocrx_word' id='word_1_143' title='bbox 1141 2243 1440 2320; x_wconf 78' lang='lat' dir='ltr'>Presbyter</span> <span class='ocrx_word' id='word_1_144' title='bbox 1481 2251 1674 2298; x_wconf 90' lang='lat' dir='ltr'>autem</span> <span class='ocrx_word' id='word_1_145' title='bbox 1721 2261 1840 2298; x_wconf 92' lang='lat' dir='ltr'>non</span> <span class='ocrx_word' id='word_1_146' title='bbox 1891 2246 2052 2298; x_wconf 88' lang='lat' dir='ltr'>dam-</span> 
     </span>
    </p>
   </div>
   <div class='ocr_carea' id='block_1_22' title="bbox 361 2333 2056 2402">
    <p class='ocr_par' dir='ltr' id='par_1_22' title="bbox 361 2333 2056 2402">
     <span class='ocr_line' id='line_1_22' title="bbox 361 2333 2056 2402; baseline -0.001 -14"><span class='ocrx_word' id='word_1_147' title='bbox 361 2337 591 2388; x_wconf 89' lang='lat' dir='ltr'>nabitur</span> <span class='ocrx_word' id='word_1_148' title='bbox 621 2334 725 2387; x_wconf 88' lang='lat' dir='ltr'>nisi</span> <span class='ocrx_word' id='word_1_149' title='bbox 759 2335 816 2386; x_wconf 91' lang='lat' dir='ltr'>in</span> <span class='ocrx_word' id='word_1_150' title='bbox 849 2333 1228 2402; x_wconf 80' lang='lat' dir='ltr'>quadraginta</span> <span class='ocrx_word' id='word_1_151' title='bbox 1259 2339 1508 2402; x_wconf 89' lang='lat' dir='ltr'>quatuor</span> <span class='ocrx_word' id='word_1_152' title='bbox 1539 2333 1885 2387; x_wconf 86' lang='lat' dir='ltr'>testimonia.</span> <span class='ocrx_word' id='word_1_153' title='bbox 1931 2334 2056 2388; x_wconf 87' lang='lat' dir='ltr'>Dia-</span> 
     </span>
    </p>
   </div>
   <div class='ocr_carea' id='block_1_23' title="bbox 359 2423 2054 2487">
    <p class='ocr_par' dir='ltr' id='par_1_23' title="bbox 359 2423 2054 2487">
     <span class='ocr_line' id='line_1_23' title="bbox 359 2423 2054 2487; baseline -0.002 -9"><span class='ocrx_word' id='word_1_154' title='bbox 359 2442 536 2478; x_wconf 84' lang='lat' dir='ltr'>conus</span> <span class='ocrx_word' id='word_1_155' title='bbox 569 2431 760 2476; x_wconf 87' lang='lat' dir='ltr'>autem</span> <span class='ocrx_word' id='word_1_156' title='bbox 786 2423 1090 2476; x_wconf 86' lang='lat' dir='ltr'>cardinalis</span> <span class='ocrx_word' id='word_1_157' title='bbox 1120 2423 1465 2475; x_wconf 88' lang='lat' dir='ltr'>constitutus</span> <span class='ocrx_word' id='word_1_158' title='bbox 1499 2423 1655 2476; x_wconf 89' lang='lat' dir='ltr'>urbis</span> <span class='ocrx_word' id='word_1_159' title='bbox 1693 2423 1907 2487; x_wconf 72' lang='lat' dir='ltr'>Romte,</span> <span class='ocrx_word' id='word_1_160' title='bbox 1943 2423 2054 2476; x_wconf 90' lang='lat' dir='ltr'>nisi</span> 
     </span>
    </p>
   </div>
   <div class='ocr_carea' id='block_1_24' title="bbox 361 2511 2055 2582">
    <p class='ocr_par' dir='ltr' id='par_1_24' title="bbox 361 2511 2055 2582">
     <span class='ocr_line' id='line_1_24' title="bbox 361 2511 2055 2582; baseline -0.001 -16"><span class='ocrx_word' id='word_1_161' title='bbox 361 2513 418 2568; x_wconf 90' lang='lat' dir='ltr'>in</span> <span class='ocrx_word' id='word_1_162' title='bbox 449 2513 684 2582; x_wconf 78' lang='lat' dir='ltr'>triginta</span> <span class='ocrx_word' id='word_1_163' title='bbox 712 2527 804 2564; x_wconf 84' lang='lat' dir='ltr'>sex</span> <span class='ocrx_word' id='word_1_164' title='bbox 835 2511 1164 2564; x_wconf 87' lang='lat' dir='ltr'>testimonia</span> <span class='ocrx_word' id='word_1_165' title='bbox 1203 2528 1318 2564; x_wconf 87' lang='lat' dir='ltr'>non</span> <span class='ocrx_word' id='word_1_166' title='bbox 1359 2511 1855 2570; x_wconf 88' lang='lat' dir='ltr'>condemnabitur.</span> <span class='ocrx_word' id='word_1_167' title='bbox 1905 2511 2055 2566; x_wconf 83' lang='lat' dir='ltr'>Sub-</span> 
     </span>
    </p>
   </div>
   <div class='ocr_carea' id='block_1_25' title="bbox 359 2599 2056 2668">
    <p class='ocr_par' dir='ltr' id='par_1_25' title="bbox 359 2599 2056 2668">
     <span class='ocr_line' id='line_1_25' title="bbox 359 2599 2056 2668; baseline -0.002 -13"><span class='ocrx_word' id='word_1_168' title='bbox 359 2601 650 2662; x_wconf 82' lang='lat' dir='ltr'>diaconus,</span> <span class='ocrx_word' id='word_1_169' title='bbox 711 2599 1028 2668; x_wconf 74' lang='lat' dir='ltr'>acolythus,</span> <span class='ocrx_word' id='word_1_170' title='bbox 1091 2600 1392 2662; x_wconf 83' lang='lat' dir='ltr'>exorcista,</span> <span class='ocrx_word' id='word_1_171' title='bbox 1467 2599 1662 2666; x_wconf 88' lang='lat' dir='ltr'>lector,</span> <span class='ocrx_word' id='word_1_172' title='bbox 1716 2599 1848 2666; x_wconf 90' lang='lat' dir='ltr'>nisi,</span> <span class='ocrx_word' id='word_1_173' title='bbox 1911 2600 2056 2652; x_wconf 89' lang='lat' dir='ltr'>sicut</span> 
     </span>
    </p>
   </div>
   <div class='ocr_carea' id='block_1_26' title="bbox 359 2687 2055 2758">
    <p class='ocr_par' dir='ltr' id='par_1_26' title="bbox 359 2687 2055 2758">
     <span class='ocr_line' id='line_1_26' title="bbox 359 2687 2055 2758; baseline -0.002 -16"><span class='ocrx_word' id='word_1_174' title='bbox 359 2689 633 2758; x_wconf 89' lang='lat' dir='ltr'>scriptum</span> <span class='ocrx_word' id='word_1_175' title='bbox 666 2695 769 2752; x_wconf 85' lang='lat' dir='ltr'>est,</span> <span class='ocrx_word' id='word_1_176' title='bbox 799 2689 858 2740; x_wconf 90' lang='lat' dir='ltr'>in</span> <span class='ocrx_word' id='word_1_177' title='bbox 890 2689 1108 2756; x_wconf 86' lang='lat' dir='ltr'>septem</span> <span class='ocrx_word' id='word_1_178' title='bbox 1154 2687 1496 2746; x_wconf 83' lang='lat' dir='ltr'>testimonia,</span> <span class='ocrx_word' id='word_1_179' title='bbox 1547 2688 1696 2740; x_wconf 82' lang='lat' dir='ltr'>ﬁlios</span> <span class='ocrx_word' id='word_1_180' title='bbox 1740 2691 1796 2741; x_wconf 90' lang='lat' dir='ltr'>et</span> <span class='ocrx_word' id='word_1_181' title='bbox 1851 2703 2055 2740; x_wconf 87' lang='lat' dir='ltr'>uxores</span> 
     </span>
    </p>
   </div>
   <div class='ocr_carea' id='block_1_27' title="bbox 359 2775 2056 2845">
    <p class='ocr_par' dir='ltr' id='par_1_27' title="bbox 359 2775 2056 2845">
     <span class='ocr_line' id='line_1_27' title="bbox 359 2775 2056 2845; baseline -0.002 -14"><span class='ocrx_word' id='word_1_182' title='bbox 359 2779 652 2844; x_wconf 85' lang='lat' dir='ltr'>habentes,</span> <span class='ocrx_word' id='word_1_183' title='bbox 696 2782 752 2830; x_wconf 91' lang='lat' dir='ltr'>et</span> <span class='ocrx_word' id='word_1_184' title='bbox 799 2776 1034 2828; x_wconf 91' lang='lat' dir='ltr'>omnino</span> <span class='ocrx_word' id='word_1_185' title='bbox 1063 2775 1352 2829; x_wconf 83' lang='lat' dir='ltr'>Christum</span> <span class='ocrx_word' id='word_1_186' title='bbox 1383 2777 1785 2845; x_wconf 70' lang='lat' dir='ltr'>praedicantes.</span> <span class='ocrx_word' id='word_1_187' title='bbox 1823 2775 1910 2829; x_wconf 87' lang='lat' dir='ltr'>Sic</span> <span class='ocrx_word' id='word_1_188' title='bbox 1960 2776 2056 2828; x_wconf 90' lang='lat' dir='ltr'>da-</span> 
     </span>
    </p>
   </div>
   <div class='ocr_carea' id='block_1_28' title="bbox 359 2865 1022 2937">
    <p class='ocr_par' dir='ltr' id='par_1_28' title="bbox 359 2865 1022 2937">
     <span class='ocr_line' id='line_1_28' title="bbox 359 2865 1022 2937; baseline -0.014 -17"><span class='ocrx_word' id='word_1_189' title='bbox 359 2872 453 2920; x_wconf 92' lang='lat' dir='ltr'>tur</span> <span class='ocrx_word' id='word_1_190' title='bbox 484 2867 718 2937; x_wconf 87' lang='lat' dir='ltr'>mystica</span> <span class='ocrx_word' id='word_1_191' title='bbox 745 2865 966 2917; x_wconf 86' lang='lat' dir='ltr'>veritas.</span> <span class='ocrx_word' id='word_1_192' title='bbox 1005 2887 1022 2911; x_wconf 71' lang='grc' dir='ltr'><strong>ι</strong></span> 
     </span>
    </p>
   </div>
   <div class='ocr_carea' id='block_1_29' title="bbox 429 2949 2055 3024">
    <p class='ocr_par' dir='ltr' id='par_1_29' title="bbox 429 2949 2055 3024">
     <span class='ocr_line' id='line_1_29' title="bbox 429 2949 2055 3024; baseline -0.003 -15"><span class='ocrx_word' id='word_1_193' title='bbox 429 2955 668 3010; x_wconf 87' lang='lat' dir='ltr'>Sanctus</span> <span class='ocrx_word' id='word_1_194' title='bbox 719 2953 968 3006; x_wconf 86' lang='lat' dir='ltr'>Gelasius</span> <span class='ocrx_word' id='word_1_195' title='bbox 1017 2969 1166 3022; x_wconf 87' lang='lat' dir='ltr'>papa</span> <span class='ocrx_word' id='word_1_196' title='bbox 1219 2949 1486 3006; x_wconf 80' lang='lat' dir='ltr'>Acacium</span> <span class='ocrx_word' id='word_1_197' title='bbox 1529 2953 2055 3024; x_wconf 87' lang='lat' dir='ltr'>Constantinopoli-</span> 
     </span>
    </p>
   </div>
   <div class='ocr_carea' id='block_1_30' title="bbox 359 3041 2055 3113">
    <p class='ocr_par' dir='ltr' id='par_1_30' title="bbox 359 3041 2055 3113">
     <span class='ocr_line' id='line_1_30' title="bbox 359 3041 2055 3113; baseline 0 -17"><span class='ocrx_word' id='word_1_198' title='bbox 359 3049 508 3096; x_wconf 65' lang='lat' dir='ltr'>tanae</span> <span class='ocrx_word' id='word_1_199' title='bbox 549 3043 696 3095; x_wconf 86' lang='lat' dir='ltr'>sedis</span> <span class='ocrx_word' id='word_1_200' title='bbox 725 3041 1052 3111; x_wconf 84' lang='lat' dir='ltr'>episcopum</span> <span class='ocrx_word' id='word_1_201' title='bbox 1087 3043 1422 3094; x_wconf 80' lang='lat' dir='ltr'>auctoritate</span> <span class='ocrx_word' id='word_1_202' title='bbox 1483 3043 1771 3096; x_wconf 85' lang='lat' dir='ltr'>damnavit</span> <span class='ocrx_word' id='word_1_203' title='bbox 1828 3049 2055 3113; x_wconf 84' lang='lat' dir='ltr'>aposto-</span> 
     </span>
    </p>
   </div>
   <div class='ocr_carea' id='block_1_31' title="bbox 360 3128 2057 3199">
    <p class='ocr_par' dir='ltr' id='par_1_31' title="bbox 360 3128 2057 3199">
     <span class='ocr_line' id='line_1_31' title="bbox 360 3128 2057 3199; baseline -0.002 -15"><span class='ocrx_word' id='word_1_204' title='bbox 360 3131 487 3194; x_wconf 87' lang='lat' dir='ltr'>lica,</span> <span class='ocrx_word' id='word_1_205' title='bbox 543 3131 615 3182; x_wconf 92' lang='lat' dir='ltr'>ob</span> <span class='ocrx_word' id='word_1_206' title='bbox 671 3128 977 3182; x_wconf 80' lang='lat' dir='ltr'>maximam</span> <span class='ocrx_word' id='word_1_207' title='bbox 1033 3129 1298 3181; x_wconf 81' lang='lat' dir='ltr'>videlicet</span> <span class='ocrx_word' id='word_1_208' title='bbox 1342 3129 1869 3198; x_wconf 74' lang='lat' dir='ltr'>praesumptionem,</span> <span class='ocrx_word' id='word_1_209' title='bbox 1921 3129 2057 3199; x_wconf 90' lang='lat' dir='ltr'>quia</span> 
     </span>
    </p>
   </div>
   <div class='ocr_carea' id='block_1_32' title="bbox 359 3217 2052 3287">
    <p class='ocr_par' dir='ltr' id='par_1_32' title="bbox 359 3217 2052 3287">
     <span class='ocr_line' id='line_1_32' title="bbox 359 3217 2052 3287; baseline -0.001 -15"><span class='ocrx_word' id='word_1_210' title='bbox 359 3221 638 3272; x_wconf 84' lang='lat' dir='ltr'>Joannem</span> <span class='ocrx_word' id='word_1_211' title='bbox 674 3217 1047 3287; x_wconf 78' lang='lat' dir='ltr'>qualemlibet</span> <span class='ocrx_word' id='word_1_212' title='bbox 1077 3217 1393 3282; x_wconf 87' lang='lat' dir='ltr'>hominem,</span> <span class='ocrx_word' id='word_1_213' title='bbox 1444 3217 1786 3270; x_wconf 88' lang='lat' dir='ltr'>catholicum</span> <span class='ocrx_word' id='word_1_214' title='bbox 1837 3225 2052 3282; x_wconf 90' lang='lat' dir='ltr'>tamen,</span> 
     </span>
    </p>
   </div>
   <div class='ocr_carea' id='block_1_33' title="bbox 360 3305 2051 3372">
    <p class='ocr_par' dir='ltr' id='par_1_33' title="bbox 360 3305 2051 3372">
     <span class='ocr_line' id='line_1_33' title="bbox 360 3305 2051 3372; baseline -0.001 -12"><span class='ocrx_word' id='word_1_215' title='bbox 360 3327 392 3360; x_wconf 84' lang='lat' dir='ltr'>a</span> <span class='ocrx_word' id='word_1_216' title='bbox 465 3306 760 3360; x_wconf 83' lang='lat' dir='ltr'>catholicis</span> <span class='ocrx_word' id='word_1_217' title='bbox 836 3305 1116 3366; x_wconf 91' lang='lat' dir='ltr'>ordinem,</span> <span class='ocrx_word' id='word_1_218' title='bbox 1200 3305 1270 3357; x_wconf 91' lang='lat' dir='ltr'>de</span> <span class='ocrx_word' id='word_1_219' title='bbox 1343 3305 1722 3359; x_wconf 86' lang='lat' dir='ltr'>Alexandrina</span> <span class='ocrx_word' id='word_1_220' title='bbox 1806 3305 2051 3372; x_wconf 87' lang='lat' dir='ltr'>civitate,</span> 
     </span>
    </p>
   </div>
   <div class='ocr_carea' id='block_1_34' title="bbox 361 3395 2054 3467">
    <p class='ocr_par' dir='ltr' id='par_1_34' title="bbox 361 3395 2054 3467">
     <span class='ocr_line' id='line_1_34' title="bbox 361 3395 2054 3467; baseline -0.001 -18"><span class='ocrx_word' id='word_1_221' title='bbox 361 3413 489 3467; x_wconf 74' lang='lat' dir='ltr'>qua:</span> <span class='ocrx_word' id='word_1_222' title='bbox 531 3401 658 3464; x_wconf 84' lang='lat' dir='ltr'>post</span> <span class='ocrx_word' id='word_1_223' title='bbox 701 3395 1016 3448; x_wconf 80' lang='lat' dir='ltr'>Romanam</span> <span class='ocrx_word' id='word_1_224' title='bbox 1061 3395 1310 3446; x_wconf 85' lang='lat' dir='ltr'>secunda</span> <span class='ocrx_word' id='word_1_225' title='bbox 1349 3395 1594 3447; x_wconf 88' lang='lat' dir='ltr'>habetur</span> <span class='ocrx_word' id='word_1_226' title='bbox 1640 3395 1820 3458; x_wconf 92' lang='lat' dir='ltr'>sedes,</span> <span class='ocrx_word' id='word_1_227' title='bbox 1865 3396 2054 3448; x_wconf 82' lang='lat' dir='ltr'>exclu-</span> 
     </span>
    </p>
   </div>
   <div class='ocr_carea' id='block_1_35' title="bbox 361 3484 2056 3554">
    <p class='ocr_par' dir='ltr' id='par_1_35' title="bbox 361 3484 2056 3554">
     <span class='ocr_line' id='line_1_35' title="bbox 361 3484 2056 3554; baseline -0.002 -15"><span class='ocrx_word' id='word_1_228' title='bbox 361 3491 532 3544; x_wconf 86' lang='lat' dir='ltr'>serat,</span> <span class='ocrx_word' id='word_1_229' title='bbox 589 3486 934 3553; x_wconf 86' lang='lat' dir='ltr'>Petrumque</span> <span class='ocrx_word' id='word_1_230' title='bbox 1000 3485 1060 3536; x_wconf 90' lang='lat' dir='ltr'>in</span> <span class='ocrx_word' id='word_1_231' title='bbox 1113 3484 1316 3536; x_wconf 84' lang='lat' dir='ltr'>haeresi</span> <span class='ocrx_word' id='word_1_232' title='bbox 1359 3484 1479 3552; x_wconf 81' lang='lat' dir='ltr'>jam</span> <span class='ocrx_word' id='word_1_233' title='bbox 1541 3485 1824 3536; x_wconf 75' lang='lat' dir='ltr'>detectum</span> <span class='ocrx_word' id='word_1_234' title='bbox 1886 3490 2056 3554; x_wconf 85' lang='lat' dir='ltr'>atque</span> 
     </span>
    </p>
   </div>
   <div class='ocr_carea' id='block_1_36' title="bbox 361 3572 2058 3642">
    <p class='ocr_par' dir='ltr' id='par_1_36' title="bbox 361 3572 2058 3642">
     <span class='ocr_line' id='line_1_36' title="bbox 361 3572 2058 3642; baseline -0.001 -15"><span class='ocrx_word' id='word_1_235' title='bbox 361 3575 694 3628; x_wconf 88' lang='lat' dir='ltr'>damnatum</span> <span class='ocrx_word' id='word_1_236' title='bbox 726 3574 944 3642; x_wconf 87' lang='lat' dir='ltr'>absque</span> <span class='ocrx_word' id='word_1_237' title='bbox 975 3573 1122 3625; x_wconf 88' lang='lat' dir='ltr'>sedis</span> <span class='ocrx_word' id='word_1_238' title='bbox 1154 3572 1482 3640; x_wconf 63' lang='lat' dir='ltr'>apostolicae</span> <span class='ocrx_word' id='word_1_239' title='bbox 1514 3572 1930 3626; x_wconf 83' lang='lat' dir='ltr'>consultatione</span> <span class='ocrx_word' id='word_1_240' title='bbox 1973 3589 2058 3626; x_wconf 87' lang='lat' dir='ltr'>re-</span> 
     </span>
    </p>
   </div>
   <div class='ocr_carea' id='block_1_37' title="bbox 359 3660 2058 3732">
    <p class='ocr_par' dir='ltr' id='par_1_37' title="bbox 359 3660 2058 3732">
     <span class='ocr_line' id='line_1_37' title="bbox 359 3660 2058 3732; baseline 0.001 -17"><span class='ocrx_word' id='word_1_241' title='bbox 359 3667 605 3732; x_wconf 86' lang='lat' dir='ltr'>ceperat,</span> <span class='ocrx_word' id='word_1_242' title='bbox 643 3667 701 3714; x_wconf 88' lang='lat' dir='ltr'>et</span> <span class='ocrx_word' id='word_1_243' title='bbox 749 3661 887 3731; x_wconf 90' lang='lat' dir='ltr'>quia</span> <span class='ocrx_word' id='word_1_244' title='bbox 934 3660 1128 3730; x_wconf 88' lang='lat' dir='ltr'>aliqua</span> <span class='ocrx_word' id='word_1_245' title='bbox 1182 3660 1396 3730; x_wconf 81' lang='lat' dir='ltr'>synodo</span> <span class='ocrx_word' id='word_1_246' title='bbox 1427 3661 1620 3714; x_wconf 87' lang='lat' dir='ltr'>habita</span> <span class='ocrx_word' id='word_1_247' title='bbox 1651 3661 1755 3714; x_wconf 91' lang='lat' dir='ltr'>hoc</span> <span class='ocrx_word' id='word_1_248' title='bbox 1787 3661 2058 3716; x_wconf 87' lang='lat' dir='ltr'>audacter</span> 
     </span>
    </p>
   </div>
   <div class='ocr_carea' id='block_1_38' title="bbox 359 3750 2058 3821">
    <p class='ocr_par' dir='ltr' id='par_1_38' title="bbox 359 3750 2058 3821">
     <span class='ocr_line' id='line_1_38' title="bbox 359 3750 2058 3821; baseline 0 -17"><span class='ocrx_word' id='word_1_249' title='bbox 359 3751 700 3819; x_wconf 84' lang='lat' dir='ltr'>arripuerat,</span> <span class='ocrx_word' id='word_1_250' title='bbox 753 3757 816 3803; x_wconf 93' lang='lat' dir='ltr'>ut</span> <span class='ocrx_word' id='word_1_251' title='bbox 860 3750 1274 3804; x_wconf 83' lang='lat' dir='ltr'>Kalendionem</span> <span class='ocrx_word' id='word_1_252' title='bbox 1319 3751 1692 3804; x_wconf 73' lang='lat' dir='ltr'>Antiochense</span> <span class='ocrx_word' id='word_1_253' title='bbox 1723 3751 1876 3803; x_wconf 87' lang='lat' dir='ltr'>sedis</span> <span class='ocrx_word' id='word_1_254' title='bbox 1941 3751 2058 3821; x_wconf 91' lang='lat' dir='ltr'>epi-</span> 
     </span>
    </p>
   </div>
   <div class='ocr_carea' id='block_1_39' title="bbox 360 3839 2056 3908">
    <p class='ocr_par' dir='ltr' id='par_1_39' title="bbox 360 3839 2056 3908">
     <span class='ocr_line' id='line_1_39' title="bbox 360 3839 2056 3908; baseline 0 -16"><span class='ocrx_word' id='word_1_255' title='bbox 360 3856 596 3908; x_wconf 88' lang='lat' dir='ltr'>scopum</span> <span class='ocrx_word' id='word_1_256' title='bbox 646 3845 845 3892; x_wconf 90' lang='lat' dir='ltr'>contra</span> <span class='ocrx_word' id='word_1_257' title='bbox 889 3840 1172 3892; x_wconf 86' lang='lat' dir='ltr'>rationem</span> <span class='ocrx_word' id='word_1_258' title='bbox 1222 3839 1555 3908; x_wconf 87' lang='lat' dir='ltr'>deponeret,</span> <span class='ocrx_word' id='word_1_259' title='bbox 1617 3844 1674 3892; x_wconf 88' lang='lat' dir='ltr'>et</span> <span class='ocrx_word' id='word_1_260' title='bbox 1723 3839 2056 3892; x_wconf 69' lang='lat' dir='ltr'>hmreticum</span> 
     </span>
    </p>
   </div>
   <div class='ocr_carea' id='block_1_40' title="bbox 359 3927 2058 3996">
    <p class='ocr_par' dir='ltr' id='par_1_40' title="bbox 359 3927 2058 3996">
     <span class='ocr_line' id='line_1_40' title="bbox 359 3927 2058 3996; baseline 0 -15"><span class='ocrx_word' id='word_1_261' title='bbox 359 3930 588 3982; x_wconf 86' lang='lat' dir='ltr'>Petrum</span> <span class='ocrx_word' id='word_1_262' title='bbox 623 3943 794 3996; x_wconf 88' lang='lat' dir='ltr'>quem</span> <span class='ocrx_word' id='word_1_263' title='bbox 830 3927 952 3996; x_wconf 86' lang='lat' dir='ltr'>ipse</span> <span class='ocrx_word' id='word_1_264' title='bbox 991 3927 1210 3980; x_wconf 91' lang='lat' dir='ltr'>dudum</span> <span class='ocrx_word' id='word_1_265' title='bbox 1263 3929 1651 3992; x_wconf 86' lang='lat' dir='ltr'>damnaverat,</span> <span class='ocrx_word' id='word_1_266' title='bbox 1699 3927 1912 3996; x_wconf 88' lang='lat' dir='ltr'>absque</span> <span class='ocrx_word' id='word_1_267' title='bbox 1961 3943 2058 3981; x_wconf 91' lang='lat' dir='ltr'>no-</span> 
     </span>
    </p>
   </div>
   <div class='ocr_carea' id='block_1_41' title="bbox 359 4013 2058 4082">
    <p class='ocr_par' dir='ltr' id='par_1_41' title="bbox 359 4013 2058 4082">
     <span class='ocr_line' id='line_1_41' title="bbox 359 4013 2058 4082; baseline -0.001 -15"><span class='ocrx_word' id='word_1_268' title='bbox 359 4015 484 4067; x_wconf 90' lang='lat' dir='ltr'>titia</span> <span class='ocrx_word' id='word_1_269' title='bbox 516 4013 660 4066; x_wconf 86' lang='lat' dir='ltr'>sedis</span> <span class='ocrx_word' id='word_1_270' title='bbox 687 4013 1010 4082; x_wconf 68' lang='lat' dir='ltr'>apostolicae</span> <span class='ocrx_word' id='word_1_271' title='bbox 1037 4029 1234 4066; x_wconf 85' lang='lat' dir='ltr'>rursus</span> <span class='ocrx_word' id='word_1_272' title='bbox 1268 4014 1595 4078; x_wconf 85' lang='lat' dir='ltr'>admiserat,</span> <span class='ocrx_word' id='word_1_273' title='bbox 1631 4013 1896 4065; x_wconf 84' lang='lat' dir='ltr'>Basilisco</span> <span class='ocrx_word' id='word_1_274' title='bbox 1941 4013 2058 4066; x_wconf 91' lang='lat' dir='ltr'>im-</span> 
     </span>
    </p>
   </div>
   <div class='ocr_carea' id='block_1_42' title="bbox 363 4101 2058 4170">
    <p class='ocr_par' dir='ltr' id='par_1_42' title="bbox 363 4101 2058 4170">
     <span class='ocr_line' id='line_1_42' title="bbox 363 4101 2058 4170; baseline 0.001 -17"><span class='ocrx_word' id='word_1_275' title='bbox 363 4107 620 4170; x_wconf 84' lang='lat' dir='ltr'>peratore</span> <span class='ocrx_word' id='word_1_276' title='bbox 657 4101 926 4152; x_wconf 85' lang='lat' dir='ltr'>haeretico</span> <span class='ocrx_word' id='word_1_277' title='bbox 961 4101 1018 4152; x_wconf 89' lang='lat' dir='ltr'>in</span> <span class='ocrx_word' id='word_1_278' title='bbox 1069 4101 1174 4154; x_wconf 90' lang='lat' dir='ltr'>hac</span> <span class='ocrx_word' id='word_1_279' title='bbox 1231 4101 1549 4153; x_wconf 81' lang='lat' dir='ltr'>facinorosa</span> <span class='ocrx_word' id='word_1_280' title='bbox 1605 4101 2058 4170; x_wconf 74' lang='lat' dir='ltr'>praesumptione</span> 
     </span>
    </p>
   </div>
   <div class='ocr_carea' id='block_1_43' title="bbox 362 4187 2057 4258">
    <p class='ocr_par' dir='ltr' id='par_1_43' title="bbox 362 4187 2057 4258">
     <span class='ocr_line' id='line_1_43' title="bbox 362 4187 2057 4258; baseline 0.001 -18"><span class='ocrx_word' id='word_1_281' title='bbox 362 4187 774 4240; x_wconf 86' lang='lat' dir='ltr'>consentiente.</span> <span class='ocrx_word' id='word_1_282' title='bbox 823 4189 927 4240; x_wconf 88' lang='lat' dir='ltr'>Pro</span> <span class='ocrx_word' id='word_1_283' title='bbox 965 4203 1078 4256; x_wconf 87' lang='lat' dir='ltr'>qua</span> <span class='ocrx_word' id='word_1_284' title='bbox 1133 4189 1540 4256; x_wconf 71' lang='lat' dir='ltr'>prmsumptiva</span> <span class='ocrx_word' id='word_1_285' title='bbox 1569 4194 1852 4258; x_wconf 84' lang='lat' dir='ltr'>potestate</span> <span class='ocrx_word' id='word_1_286' title='bbox 1904 4191 2057 4242; x_wconf 89' lang='lat' dir='ltr'>idem</span> 
     </span>
    </p>
   </div>
   <div class='ocr_carea' id='block_1_44' title="bbox 361 4275 2057 4346">
    <p class='ocr_par' dir='ltr' id='par_1_44' title="bbox 361 4275 2057 4346">
     <span class='ocr_line' id='line_1_44' title="bbox 361 4275 2057 4346; baseline 0.002 -20"><span class='ocrx_word' id='word_1_287' title='bbox 361 4291 511 4344; x_wconf 87' lang='lat' dir='ltr'>papa</span> <span class='ocrx_word' id='word_1_288' title='bbox 555 4275 810 4327; x_wconf 69' lang='lat' dir='ltr'>tielasius</span> <span class='ocrx_word' id='word_1_289' title='bbox 853 4275 920 4327; x_wconf 89' lang='lat' dir='ltr'>ad</span> <span class='ocrx_word' id='word_1_290' title='bbox 979 4276 1338 4328; x_wconf 80' lang='lat' dir='ltr'>Anastasium</span> <span class='ocrx_word' id='word_1_291' title='bbox 1383 4276 1788 4346; x_wconf 81' lang='lat' dir='ltr'>imperatorem</span> <span class='ocrx_word' id='word_1_292' title='bbox 1825 4276 2057 4330; x_wconf 90' lang='lat' dir='ltr'>mirabi-</span> 
     </span>
    </p>
   </div>
   <div class='ocr_carea' id='block_1_45' title="bbox 363 4361 2051 4434">
    <p class='ocr_par' dir='ltr' id='par_1_45' title="bbox 363 4361 2051 4434">
     <span class='ocr_line' id='line_1_45' title="bbox 363 4361 2051 4434; baseline 0.002 -20"><span class='ocrx_word' id='word_1_293' title='bbox 363 4364 474 4414; x_wconf 90' lang='lat' dir='ltr'>lem</span> <span class='ocrx_word' id='word_1_294' title='bbox 515 4361 718 4415; x_wconf 81' lang='lat' dir='ltr'>direxit</span> <span class='ocrx_word' id='word_1_295' title='bbox 768 4364 1088 4430; x_wconf 73' lang='lat' dir='ltr'>epistulam,</span> <span class='ocrx_word' id='word_1_296' title='bbox 1124 4368 1183 4414; x_wconf 90' lang='lat' dir='ltr'>ut</span> <span class='ocrx_word' id='word_1_297' title='bbox 1215 4363 1452 4432; x_wconf 84' lang='lat' dir='ltr'>indigne</span> <span class='ocrx_word' id='word_1_298' title='bbox 1481 4370 1756 4433; x_wconf 87' lang='lat' dir='ltr'>usurpata</span> <span class='ocrx_word' id='word_1_299' title='bbox 1803 4370 2051 4434; x_wconf 83' lang='lat' dir='ltr'>potestas</span> 
     </span>
    </p>
   </div>
   <div class='ocr_carea' id='block_1_46' title="bbox 361 4451 2055 4523">
    <p class='ocr_par' dir='ltr' id='par_1_46' title="bbox 361 4451 2055 4523">
     <span class='ocr_line' id='line_1_46' title="bbox 361 4451 2055 4523; baseline 0.002 -21"><span class='ocrx_word' id='word_1_300' title='bbox 361 4451 794 4518; x_wconf 86' lang='lat' dir='ltr'>reprimeretur,</span> <span class='ocrx_word' id='word_1_301' title='bbox 826 4454 882 4502; x_wconf 89' lang='lat' dir='ltr'>et</span> <span class='ocrx_word' id='word_1_302' title='bbox 920 4459 1126 4504; x_wconf 70' lang='lat' dir='ltr'>sancta:</span> <span class='ocrx_word' id='word_1_303' title='bbox 1159 4452 1430 4504; x_wconf 75' lang='lat' dir='ltr'>Romanae</span> <span class='ocrx_word' id='word_1_304' title='bbox 1473 4452 1736 4505; x_wconf 65' lang='lat' dir='ltr'>Ecclesiae</span> <span class='ocrx_word' id='word_1_305' title='bbox 1766 4452 2055 4523; x_wconf 83' lang='lat' dir='ltr'>singulare</span> 
     </span>
    </p>
   </div>
   <div class='ocr_carea' id='block_1_47' title="bbox 363 4539 2058 4609">
    <p class='ocr_par' dir='ltr' id='par_1_47' title="bbox 363 4539 2058 4609">
     <span class='ocr_line' id='line_1_47' title="bbox 363 4539 2058 4609; baseline 0.002 -18"><span class='ocrx_word' id='word_1_306' title='bbox 363 4539 724 4608; x_wconf 69' lang='lat' dir='ltr'>privilegium</span> <span class='ocrx_word' id='word_1_307' title='bbox 753 4540 924 4592; x_wconf 89' lang='lat' dir='ltr'>totius</span> <span class='ocrx_word' id='word_1_308' title='bbox 955 4539 1307 4609; x_wconf 89' lang='lat' dir='ltr'>principatus</span> <span class='ocrx_word' id='word_1_309' title='bbox 1349 4539 1566 4593; x_wconf 79' lang='lat' dir='ltr'>illibata</span> <span class='ocrx_word' id='word_1_310' title='bbox 1626 4550 2058 4596; x_wconf 77' lang='lat' dir='ltr'>conservaretur</span> 
     </span>
    </p>
   </div>
   <div class='ocr_carea' id='block_1_48' title="bbox 360 4628 2059 4699">
    <p class='ocr_par' dir='ltr' id='par_1_48' title="bbox 360 4628 2059 4699">
     <span class='ocr_line' id='line_1_48' title="bbox 360 4628 2059 4699; baseline 0.001 -18"><span class='ocrx_word' id='word_1_311' title='bbox 360 4628 474 4696; x_wconf 74' lang='lat' dir='ltr'>(Ad</span> <span class='ocrx_word' id='word_1_312' title='bbox 501 4629 765 4680; x_wconf 67' lang='lat' dir='ltr'>Antistes.</span> <span class='ocrx_word' id='word_1_313' title='bbox 799 4631 930 4696; x_wconf 83' lang='lat' dir='ltr'>imp.</span> <span class='ocrx_word' id='word_1_314' title='bbox 956 4632 1113 4696; x_wconf 82' lang='lat' dir='ltr'>epist.</span> <span class='ocrx_word' id='word_1_315' title='bbox 1139 4631 1193 4692; x_wconf 91' lang='lat'>8,</span> <span class='ocrx_word' id='word_1_316' title='bbox 1225 4628 1396 4694; x_wconf 89' lang='lat' dir='ltr'>init.).</span> <span class='ocrx_word' id='word_1_317' title='bbox 1435 4630 1562 4682; x_wconf 68' lang='lat' dir='ltr'>Haec</span> <span class='ocrx_word' id='word_1_318' title='bbox 1595 4635 1791 4682; x_wconf 87' lang='lat' dir='ltr'>autem</span> <span class='ocrx_word' id='word_1_319' title='bbox 1821 4631 2059 4699; x_wconf 85' lang='lat' dir='ltr'>epistola</span> 
     </span>
    </p>
   </div>
   <div class='ocr_carea' id='block_1_49' title="bbox 361 4715 2060 4786">
    <p class='ocr_par' dir='ltr' id='par_1_49' title="bbox 361 4715 2060 4786">
     <span class='ocr_line' id='line_1_49' title="bbox 361 4715 2060 4786; baseline 0 -16"><span class='ocrx_word' id='word_1_320' title='bbox 361 4719 437 4770; x_wconf 92' lang='lat' dir='ltr'>ita</span> <span class='ocrx_word' id='word_1_321' title='bbox 472 4717 709 4786; x_wconf 87' lang='lat' dir='ltr'>incipit:</span> <span class='ocrx_word' id='word_1_322' title='bbox 750 4738 768 4765; x_wconf 76' lang='grc' dir='ltr'>ι</span> <span class='ocrx_word' id='word_1_323' title='bbox 813 4715 1032 4769; x_wconf 79' lang='lat' dir='ltr'>Famuli</span> <span class='ocrx_word' id='word_1_324' title='bbox 1075 4723 1275 4770; x_wconf 77' lang='lat' dir='ltr'>vesth</span> <span class='ocrx_word' id='word_1_325' title='bbox 1319 4717 1566 4786; x_wconf 86' lang='lat' dir='ltr'>pietatis,</span> <span class='ocrx_word' id='word_1_326' title='bbox 1617 4717 1722 4770; x_wconf 84' lang='lat' dir='ltr'>ﬁlii</span> <span class='ocrx_word' id='word_1_327' title='bbox 1755 4718 1886 4783; x_wconf 90' lang='lat' dir='ltr'>mei,</span> <span class='ocrx_word' id='word_1_328' title='bbox 1923 4718 2060 4770; x_wconf 86' lang='lat' dir='ltr'>Fau-</span> 
     </span>
    </p>
   </div>
   <div class='ocr_carea' id='block_1_50' title="bbox 361 4803 2060 4876">
    <p class='ocr_par' dir='ltr' id='par_1_50' title="bbox 361 4803 2060 4876">
     <span class='ocr_line' id='line_1_50' title="bbox 361 4803 2060 4876; baseline 0.001 -20"><span class='ocrx_word' id='word_1_329' title='bbox 361 4814 480 4859; x_wconf 83' lang='lat' dir='ltr'>stus</span> <span class='ocrx_word' id='word_1_330' title='bbox 509 4803 776 4874; x_wconf 79' lang='lat' dir='ltr'>magister</span> <span class='ocrx_word' id='word_1_331' title='bbox 829 4809 886 4858; x_wconf 91' lang='lat' dir='ltr'>et</span> <span class='ocrx_word' id='word_1_332' title='bbox 916 4806 1184 4870; x_wconf 70' lang='lat' dir='ltr'>Irenaaus,</span> <span class='ocrx_word' id='word_1_333' title='bbox 1237 4811 1408 4876; x_wconf 88' lang='lat' dir='ltr'>atque</span> <span class='ocrx_word' id='word_1_334' title='bbox 1438 4820 1638 4857; x_wconf 90' lang='lat' dir='ltr'>eorum</span> <span class='ocrx_word' id='word_1_335' title='bbox 1684 4805 1923 4858; x_wconf 91' lang='lat' dir='ltr'>comites</span> <span class='ocrx_word' id='word_1_336' title='bbox 1961 4820 2060 4875; x_wconf 88' lang='lat' dir='ltr'>pu-</span> 
     </span>
    </p>
   </div>
   <div class='ocr_carea' id='block_1_51' title="bbox 361 4893 2060 4962">
    <p class='ocr_par' dir='ltr' id='par_1_51' title="bbox 361 4893 2060 4962">
     <span class='ocr_line' id='line_1_51' title="bbox 361 4893 2060 4962; baseline 0 -16"><span class='ocrx_word' id='word_1_337' title='bbox 361 4893 504 4946; x_wconf 89' lang='lat' dir='ltr'>blica</span> <span class='ocrx_word' id='word_1_338' title='bbox 563 4893 845 4962; x_wconf 80' lang='lat' dir='ltr'>legatione</span> <span class='ocrx_word' id='word_1_339' title='bbox 893 4893 1217 4962; x_wconf 86' lang='lat' dir='ltr'>fungentes,</span> <span class='ocrx_word' id='word_1_340' title='bbox 1268 4895 1340 4946; x_wconf 90' lang='lat' dir='ltr'>ad</span> <span class='ocrx_word' id='word_1_341' title='bbox 1398 4894 1606 4947; x_wconf 87' lang='lat' dir='ltr'>Urbem</span> <span class='ocrx_word' id='word_1_342' title='bbox 1660 4893 1894 4956; x_wconf 87' lang='lat' dir='ltr'>reversi,</span> <span class='ocrx_word' id='word_1_343' title='bbox 1949 4893 2060 4946; x_wconf 92' lang='lat' dir='ltr'>cle-</span> 
     </span>
    </p>
   </div>
   <div class='ocr_carea' id='block_1_52' title="bbox 361 4981 2062 5050">
    <p class='ocr_par' dir='ltr' id='par_1_52' title="bbox 361 4981 2062 5050">
     <span class='ocr_line' id='line_1_52' title="bbox 361 4981 2062 5050; baseline -0.001 -16"><span class='ocrx_word' id='word_1_344' title='bbox 361 4982 632 5034; x_wconf 88' lang='lat' dir='ltr'>mentiam</span> <span class='ocrx_word' id='word_1_345' title='bbox 693 4985 940 5035; x_wconf 79' lang='lat' dir='ltr'>vestram</span> <span class='ocrx_word' id='word_1_346' title='bbox 997 4983 1268 5050; x_wconf 61' lang='lat' dir='ltr'>quassisse</span> <span class='ocrx_word' id='word_1_347' title='bbox 1325 4981 1627 5046; x_wconf 85' lang='lat' dir='ltr'>dixerunt;</span> <span class='ocrx_word' id='word_1_348' title='bbox 1683 4997 1784 5034; x_wconf 89' lang='lat' dir='ltr'>cur</span> <span class='ocrx_word' id='word_1_349' title='bbox 1839 4981 1909 5034; x_wconf 87' lang='lat' dir='ltr'>ad</span> <span class='ocrx_word' id='word_1_350' title='bbox 1963 4997 2062 5034; x_wconf 86' lang='lat' dir='ltr'>vos</span> 
     </span>
    </p>
   </div>
   <div class='ocr_carea' id='block_1_53' title="bbox 364 5069 2061 5140">
    <p class='ocr_par' dir='ltr' id='par_1_53' title="bbox 364 5069 2061 5140">
     <span class='ocr_line' id='line_1_53' title="bbox 364 5069 2061 5140; baseline 0 -18"><span class='ocrx_word' id='word_1_351' title='bbox 364 5085 506 5124; x_wconf 66' lang='lat' dir='ltr'>meae</span> <span class='ocrx_word' id='word_1_352' title='bbox 555 5069 920 5123; x_wconf 87' lang='lat' dir='ltr'>salutationis</span> <span class='ocrx_word' id='word_1_353' title='bbox 967 5071 1179 5140; x_wconf 70' lang='lat' dir='ltr'>Scripta</span> <span class='ocrx_word' id='word_1_354' title='bbox 1245 5087 1361 5124; x_wconf 88' lang='lat' dir='ltr'>non</span> <span class='ocrx_word' id='word_1_355' title='bbox 1415 5070 1690 5136; x_wconf 81' lang='lat' dir='ltr'>miserim,</span> <span class='ocrx_word' id='word_1_356' title='bbox 1752 5076 1810 5122; x_wconf 90' lang='lat' dir='ltr'>et</span> <span class='ocrx_word' id='word_1_357' title='bbox 1853 5073 2061 5124; x_wconf 67' lang='lat' dir='ltr'>caetera</span> 
     </span>
    </p>
   </div>
   <div class='ocr_carea' id='block_1_54' title="bbox 361 5158 2062 5226">
    <p class='ocr_par' dir='ltr' id='par_1_54' title="bbox 361 5158 2062 5226">
     <span class='ocr_line' id='line_1_54' title="bbox 361 5158 2062 5226; baseline 0 -16"><span class='ocrx_word' id='word_1_358' title='bbox 361 5173 540 5226; x_wconf 89' lang='lat' dir='ltr'>usque</span> <span class='ocrx_word' id='word_1_359' title='bbox 600 5158 668 5212; x_wconf 89' lang='lat' dir='ltr'>ad</span> <span class='ocrx_word' id='word_1_360' title='bbox 715 5158 908 5212; x_wconf 86' lang='lat' dir='ltr'>tinem.</span> <span class='ocrx_word' id='word_1_361' title='bbox 949 5181 970 5206; x_wconf 77' lang='grc' dir='ltr'><strong><em>ι</em></strong></span> <span class='ocrx_word' id='word_1_362' title='bbox 1023 5160 1164 5212; x_wconf 91' lang='lat' dir='ltr'>Item</span> <span class='ocrx_word' id='word_1_363' title='bbox 1221 5159 1475 5212; x_wconf 85' lang='lat' dir='ltr'>Gelasius</span> <span class='ocrx_word' id='word_1_364' title='bbox 1515 5158 1768 5212; x_wconf 90' lang='lat' dir='ltr'>reddidit</span> <span class='ocrx_word' id='word_1_365' title='bbox 1813 5158 2062 5211; x_wconf 90' lang='lat' dir='ltr'>rationes</span> 
     </span>
    </p>
   </div>
   <div class='ocr_carea' id='block_1_55' title="bbox 361 5247 2061 5317">
    <p class='ocr_par' dir='ltr' id='par_1_55' title="bbox 361 5247 2061 5317">
     <span class='ocr_line' id='line_1_55' title="bbox 361 5247 2061 5317; baseline 0.002 -20"><span class='ocrx_word' id='word_1_366' title='bbox 361 5247 589 5314; x_wconf 83' lang='lat' dir='ltr'>egregie</span> <span class='ocrx_word' id='word_1_367' title='bbox 648 5247 962 5317; x_wconf 86' lang='lat' dir='ltr'>descriptas</span> <span class='ocrx_word' id='word_1_368' title='bbox 1012 5247 1276 5315; x_wconf 81' lang='lat' dir='ltr'>(ejusdem</span> <span class='ocrx_word' id='word_1_369' title='bbox 1322 5251 1480 5316; x_wconf 84' lang='lat' dir='ltr'>epist.</span> <span class='ocrx_word' id='word_1_370' title='bbox 1541 5249 1622 5310; x_wconf 88' lang='lat' dir='ltr'>l3,</span> <span class='ocrx_word' id='word_1_371' title='bbox 1659 5247 1734 5300; x_wconf 85' lang='lat' dir='ltr'>ad</span> <span class='ocrx_word' id='word_1_372' title='bbox 1785 5251 2061 5316; x_wconf 79' lang='lat' dir='ltr'>episcopos</span> 
     </span>
    </p>
   </div>
   <div class='ocr_carea' id='block_1_56' title="bbox 361 5331 2063 5406">
    <p class='ocr_par' dir='ltr' id='par_1_56' title="bbox 361 5331 2063 5406">
     <span class='ocr_line' id='line_1_56' title="bbox 361 5331 2063 5406; baseline 0.003 -23"><span class='ocrx_word' id='word_1_373' title='bbox 361 5331 696 5402; x_wconf 69' lang='lat' dir='ltr'>Dardaniae),</span> <span class='ocrx_word' id='word_1_374' title='bbox 741 5335 1011 5388; x_wconf 81' lang='lat' dir='ltr'>Acacium</span> <span class='ocrx_word' id='word_1_375' title='bbox 1055 5353 1086 5388; x_wconf 85' lang='lat' dir='ltr'>a</span> <span class='ocrx_word' id='word_1_376' title='bbox 1125 5337 1258 5390; x_wconf 88' lang='lat' dir='ltr'>sede</span> <span class='ocrx_word' id='word_1_377' title='bbox 1307 5335 1622 5406; x_wconf 86' lang='lat' dir='ltr'>apostolica</span> <span class='ocrx_word' id='word_1_378' title='bbox 1667 5341 2063 5406; x_wconf 84' lang='lat' dir='ltr'>competenter</span> 
     </span>
    </p>
   </div>
   <div class='ocr_carea' id='block_1_57' title="bbox 364 5419 2060 5494">
    <p class='ocr_par' dir='ltr' id='par_1_57' title="bbox 364 5419 2060 5494">
     <span class='ocr_line' id='line_1_57' title="bbox 364 5419 2060 5494; baseline 0.003 -23"><span class='ocrx_word' id='word_1_379' title='bbox 364 5419 538 5473; x_wconf 87' lang='lat' dir='ltr'>fuisse</span> <span class='ocrx_word' id='word_1_380' title='bbox 589 5423 950 5490; x_wconf 86' lang='lat' dir='ltr'>damnatum,</span> <span class='ocrx_word' id='word_1_381' title='bbox 999 5439 1129 5494; x_wconf 74' lang='lat' dir='ltr'>quae</span> <span class='ocrx_word' id='word_1_382' title='bbox 1171 5423 1423 5477; x_wconf 85' lang='lat' dir='ltr'>rationes</span> <span class='ocrx_word' id='word_1_383' title='bbox 1485 5424 1596 5477; x_wconf 89' lang='lat' dir='ltr'>tale</span> <span class='ocrx_word' id='word_1_384' title='bbox 1637 5423 1852 5478; x_wconf 87' lang='lat' dir='ltr'>habent</span> <span class='ocrx_word' id='word_1_385' title='bbox 1893 5439 2060 5476; x_wconf 81' lang='lat' dir='ltr'>exor-</span> 
     </span>
    </p>
   </div>
   <div class='ocr_carea' id='block_1_58' title="bbox 363 5505 2061 5582">
    <p class='ocr_par' dir='ltr' id='par_1_58' title="bbox 363 5505 2061 5582">
     <span class='ocr_line' id='line_1_58' title="bbox 363 5505 2061 5582; baseline 0.004 -24"><span class='ocrx_word' id='word_1_386' title='bbox 363 5505 520 5560; x_wconf 89' lang='lat' dir='ltr'>dium</span> <span class='ocrx_word' id='word_1_387' title='bbox 557 5525 571 5560; x_wconf 89' lang='lat'><strong>:</strong></span> <span class='ocrx_word' id='word_1_388' title='bbox 607 5511 826 5564; x_wconf 82' lang='lat' dir='ltr'>«Valde</span> <span class='ocrx_word' id='word_1_389' title='bbox 877 5511 1072 5564; x_wconf 88' lang='lat' dir='ltr'>mirati</span> <span class='ocrx_word' id='word_1_390' title='bbox 1133 5526 1352 5577; x_wconf 89' lang='lat' dir='ltr'>sumus,</span> <span class='ocrx_word' id='word_1_391' title='bbox 1411 5512 1564 5582; x_wconf 89' lang='lat' dir='ltr'>quod</span> <span class='ocrx_word' id='word_1_392' title='bbox 1623 5515 1806 5565; x_wconf 86' lang='lat' dir='ltr'>vestra</span> <span class='ocrx_word' id='word_1_393' title='bbox 1833 5511 2061 5564; x_wconf 88' lang='lat' dir='ltr'>dilectio</span> 
     </span>
    </p>
   </div>
   <div class='ocr_carea' id='block_1_59' title="bbox 363 5593 2058 5668">
    <p class='ocr_par' dir='ltr' id='par_1_59' title="bbox 363 5593 2058 5668">
     <span class='ocr_line' id='line_1_59' title="bbox 363 5593 2058 5668; baseline 0.005 -24"><span class='ocrx_word' id='word_1_394' title='bbox 363 5593 526 5664; x_wconf 88' lang='lat' dir='ltr'>quasi</span> <span class='ocrx_word' id='word_1_395' title='bbox 559 5611 764 5652; x_wconf 88' lang='lat' dir='ltr'>novam</span> <span class='ocrx_word' id='word_1_396' title='bbox 787 5603 844 5652; x_wconf 90' lang='lat' dir='ltr'>et</span> <span class='ocrx_word' id='word_1_397' title='bbox 872 5597 1048 5652; x_wconf 88' lang='lat' dir='ltr'>veluti</span> <span class='ocrx_word' id='word_1_398' title='bbox 1093 5599 1384 5652; x_wconf 73' lang='lat' dir='ltr'>difﬁcilem</span> <span class='ocrx_word' id='word_1_399' title='bbox 1417 5599 1814 5668; x_wconf 61' lang='lat' dir='ltr'>quaestionem,</span> <span class='ocrx_word' id='word_1_400' title='bbox 1867 5604 1924 5652; x_wconf 89' lang='lat' dir='ltr'>et</span> <span class='ocrx_word' id='word_1_401' title='bbox 1967 5599 2058 5652; x_wconf 90' lang='lat' dir='ltr'>ad-</span> 
     </span>
    </p>
   </div>
   <div class='ocr_carea' id='block_1_60' title="bbox 2158 559 3835 630">
    <p class='ocr_par' dir='ltr' id='par_1_60' title="bbox 2158 559 3835 630">
     <span class='ocr_line' id='line_1_60' title="bbox 2158 559 3835 630; baseline 0 -18"><span class='ocrx_word' id='word_1_402' title='bbox 2158 577 2314 626; x_wconf 87' lang='lat' dir='ltr'>rans,</span> <span class='ocrx_word' id='word_1_403' title='bbox 2342 567 2398 614; x_wconf 90' lang='lat' dir='ltr'>et</span> <span class='ocrx_word' id='word_1_404' title='bbox 2428 561 2648 630; x_wconf 88' lang='lat' dir='ltr'>reliqua</span> <span class='ocrx_word' id='word_1_405' title='bbox 2674 576 2854 630; x_wconf 87' lang='lat' dir='ltr'>usque</span> <span class='ocrx_word' id='word_1_406' title='bbox 2877 560 2942 613; x_wconf 90' lang='lat' dir='ltr'>ad</span> <span class='ocrx_word' id='word_1_407' title='bbox 2973 559 3168 614; x_wconf 78' lang='lat' dir='ltr'>tinem.</span> <span class='ocrx_word' id='word_1_408' title='bbox 3197 583 3222 608; x_wconf 73' lang='grc' dir='ltr'><strong>η</strong></span> <span class='ocrx_word' id='word_1_409' title='bbox 3257 561 3472 616; x_wconf 82' lang='lat' dir='ltr'>Rursus</span> <span class='ocrx_word' id='word_1_410' title='bbox 3499 576 3656 630; x_wconf 84' lang='lat' dir='ltr'>papa</span> <span class='ocrx_word' id='word_1_411' title='bbox 3699 563 3835 615; x_wconf 69' lang='lat' dir='ltr'>Gela-</span> 
     </span>
    </p>
   </div>
   <div class='ocr_carea' id='block_1_61' title="bbox 2157 647 3836 717">
    <p class='ocr_par' dir='ltr' id='par_1_61' title="bbox 2157 647 3836 717">
     <span class='ocr_line' id='line_1_61' title="bbox 2157 647 3836 717; baseline 0.002 -18"><span class='ocrx_word' id='word_1_412' title='bbox 2157 649 2271 700; x_wconf 89' lang='lat' dir='ltr'>sius</span> <span class='ocrx_word' id='word_1_413' title='bbox 2329 649 2398 701; x_wconf 90' lang='lat' dir='ltr'>de</span> <span class='ocrx_word' id='word_1_414' title='bbox 2456 648 2657 701; x_wconf 88' lang='lat' dir='ltr'>eadem</span> <span class='ocrx_word' id='word_1_415' title='bbox 2713 663 2771 700; x_wconf 91' lang='lat' dir='ltr'>re</span> <span class='ocrx_word' id='word_1_416' title='bbox 2809 647 3060 700; x_wconf 86' lang='lat' dir='ltr'>reddidit</span> <span class='ocrx_word' id='word_1_417' title='bbox 3113 649 3394 702; x_wconf 87' lang='lat' dir='ltr'>rationem</span> <span class='ocrx_word' id='word_1_418' title='bbox 3449 649 3524 700; x_wconf 87' lang='lat' dir='ltr'>ad</span> <span class='ocrx_word' id='word_1_419' title='bbox 3566 647 3836 717; x_wconf 80' lang='lat' dir='ltr'>episcopos</span> 
     </span>
    </p>
   </div>
   <div class='ocr_carea' id='block_1_62' title="bbox 2160 735 3836 806">
    <p class='ocr_par' dir='ltr' id='par_1_62' title="bbox 2160 735 3836 806">
     <span class='ocr_line' id='line_1_62' title="bbox 2160 735 3836 806; baseline -0.001 -16"><span class='ocrx_word' id='word_1_420' title='bbox 2160 736 2422 800; x_wconf 85' lang='lat' dir='ltr'>Orientis,</span> <span class='ocrx_word' id='word_1_421' title='bbox 2451 752 2661 805; x_wconf 88' lang='lat' dir='ltr'>eosque</span> <span class='ocrx_word' id='word_1_422' title='bbox 2689 735 3000 788; x_wconf 86' lang='lat' dir='ltr'>admodum</span> <span class='ocrx_word' id='word_1_423' title='bbox 3025 736 3414 806; x_wconf 85' lang='lat' dir='ltr'>reprehendit,</span> <span class='ocrx_word' id='word_1_424' title='bbox 3439 751 3624 804; x_wconf 88' lang='lat' dir='ltr'>quare</span> <span class='ocrx_word' id='word_1_425' title='bbox 3659 737 3836 788; x_wconf 73' lang='lat' dir='ltr'>talibus</span> 
     </span>
    </p>
   </div>
   <div class='ocr_carea' id='block_1_63' title="bbox 2161 824 3838 894">
    <p class='ocr_par' dir='ltr' id='par_1_63' title="bbox 2161 824 3838 894">
     <span class='ocr_line' id='line_1_63' title="bbox 2161 824 3838 894; baseline 0.002 -20"><span class='ocrx_word' id='word_1_426' title='bbox 2161 824 2704 893; x_wconf 74' lang='lat' dir='ltr'>pi&#39;msumptionibus</span> <span class='ocrx_word' id='word_1_427' title='bbox 2735 839 2850 876; x_wconf 90' lang='lat' dir='ltr'>non</span> <span class='ocrx_word' id='word_1_428' title='bbox 2896 825 3364 893; x_wconf 84' lang='lat' dir='ltr'>repugnaverint,</span> <span class='ocrx_word' id='word_1_429' title='bbox 3433 825 3620 892; x_wconf 83' lang='lat' dir='ltr'>Hujus</span> <span class='ocrx_word' id='word_1_430' title='bbox 3669 825 3838 894; x_wconf 77' lang='lat' dir='ltr'>itaque</span> 
     </span>
    </p>
   </div>
   <div class='ocr_carea' id='block_1_64' title="bbox 2159 909 3838 980">
    <p class='ocr_par' dir='ltr' id='par_1_64' title="bbox 2159 909 3838 980">
     <span class='ocr_line' id='line_1_64' title="bbox 2159 909 3838 980; baseline 0.001 -17"><span class='ocrx_word' id='word_1_431' title='bbox 2159 911 2397 964; x_wconf 86' lang='lat' dir='ltr'>rationis</span> <span class='ocrx_word' id='word_1_432' title='bbox 2442 911 2674 964; x_wconf 88' lang='lat' dir='ltr'>initium</span> <span class='ocrx_word' id='word_1_433' title='bbox 2723 909 2834 962; x_wconf 89' lang='lat' dir='ltr'>tale</span> <span class='ocrx_word' id='word_1_434' title='bbox 2875 914 2960 962; x_wconf 92' lang='lat' dir='ltr'>est</span> <span class='ocrx_word' id='word_1_435' title='bbox 2991 909 3252 978; x_wconf 77' lang='lat' dir='ltr'>(ejusdem</span> <span class='ocrx_word' id='word_1_436' title='bbox 3280 915 3437 980; x_wconf 80' lang='lat' dir='ltr'>epist.</span> <span class='ocrx_word' id='word_1_437' title='bbox 3475 913 3566 964; x_wconf 75' lang='grc'>15.</span> <span class='ocrx_word' id='word_1_438' title='bbox 3603 913 3722 966; x_wconf 72' lang='lat' dir='ltr'>Non</span> <span class='ocrx_word' id='word_1_439' title='bbox 3767 927 3838 964; x_wconf 80' lang='lat' dir='ltr'>oc-</span> 
     </span>
    </p>
   </div>
   <div class='ocr_carea' id='block_1_65' title="bbox 2159 999 3838 1069">
    <p class='ocr_par' dir='ltr' id='par_1_65' title="bbox 2159 999 3838 1069">
     <span class='ocr_line' id='line_1_65' title="bbox 2159 999 3838 1069; baseline -0.002 -16"><span class='ocrx_word' id='word_1_440' title='bbox 2159 1004 2332 1053; x_wconf 84' lang='lat' dir='ltr'>currit</span> <span class='ocrx_word' id='word_1_441' title='bbox 2370 999 2477 1053; x_wconf 72' lang='lat' dir='ltr'>hazc</span> <span class='ocrx_word' id='word_1_442' title='bbox 2521 1003 2676 1068; x_wconf 80' lang='lat' dir='ltr'>epist.</span> <span class='ocrx_word' id='word_1_443' title='bbox 2714 1003 2858 1052; x_wconf 83' lang='lat' dir='ltr'>inter</span> <span class='ocrx_word' id='word_1_444' title='bbox 2901 999 3055 1068; x_wconf 85' lang='lat' dir='ltr'>edit.)</span> <span class='ocrx_word' id='word_1_445' title='bbox 3091 1015 3102 1052; x_wconf 93' lang='lat'>:</span> <span class='ocrx_word' id='word_1_446' title='bbox 3137 1017 3166 1048; x_wconf 72' lang='grc' dir='ltr'>ι(</span> <span class='ocrx_word' id='word_1_447' title='bbox 3211 999 3356 1064; x_wconf 88' lang='lat' dir='ltr'>Quid</span> <span class='ocrx_word' id='word_1_448' title='bbox 3409 1015 3551 1069; x_wconf 81' lang='lat' dir='ltr'>ergo</span> <span class='ocrx_word' id='word_1_449' title='bbox 3600 999 3696 1051; x_wconf 89' lang='lat' dir='ltr'>isti</span> <span class='ocrx_word' id='word_1_450' title='bbox 3727 1015 3838 1068; x_wconf 85' lang='lat' dir='ltr'>pru-</span> 
     </span>
    </p>
   </div>
   <div class='ocr_carea' id='block_1_66' title="bbox 2161 1087 3838 1156">
    <p class='ocr_par' dir='ltr' id='par_1_66' title="bbox 2161 1087 3838 1156">
     <span class='ocr_line' id='line_1_66' title="bbox 2161 1087 3838 1156; baseline -0.001 -14"><span class='ocrx_word' id='word_1_451' title='bbox 2161 1090 2357 1142; x_wconf 89' lang='lat' dir='ltr'>dentes</span> <span class='ocrx_word' id='word_1_452' title='bbox 2389 1087 2495 1140; x_wconf 79' lang='lat' dir='ltr'>viri</span> <span class='ocrx_word' id='word_1_453' title='bbox 2525 1093 2582 1140; x_wconf 91' lang='lat' dir='ltr'>et</span> <span class='ocrx_word' id='word_1_454' title='bbox 2609 1087 2827 1156; x_wconf 81' lang='lat' dir='ltr'>argutis</span> <span class='ocrx_word' id='word_1_455' title='bbox 2871 1087 3159 1140; x_wconf 89' lang='lat' dir='ltr'>mentibus</span> <span class='ocrx_word' id='word_1_456' title='bbox 3207 1087 3379 1140; x_wconf 88' lang='lat' dir='ltr'>totius</span> <span class='ocrx_word' id='word_1_457' title='bbox 3429 1087 3734 1156; x_wconf 87' lang='lat' dir='ltr'>religionis</span> <span class='ocrx_word' id='word_1_458' title='bbox 3775 1087 3838 1140; x_wconf 79' lang='lat' dir='ltr'>in~</span> 
     </span>
    </p>
   </div>
   <div class='ocr_carea' id='block_1_67' title="bbox 2159 1175 3838 1246">
    <p class='ocr_par' dir='ltr' id='par_1_67' title="bbox 2159 1175 3838 1246">
     <span class='ocr_line' id='line_1_67' title="bbox 2159 1175 3838 1246; baseline -0.001 -16"><span class='ocrx_word' id='word_1_459' title='bbox 2159 1183 2324 1230; x_wconf 90' lang='lat' dir='ltr'>terna</span> <span class='ocrx_word' id='word_1_460' title='bbox 2353 1177 2644 1241; x_wconf 90' lang='lat' dir='ltr'>rimantes,</span> <span class='ocrx_word' id='word_1_461' title='bbox 2681 1175 2740 1228; x_wconf 88' lang='lat' dir='ltr'>in</span> <span class='ocrx_word' id='word_1_462' title='bbox 2770 1175 3018 1229; x_wconf 87' lang='lat' dir='ltr'>Orientis</span> <span class='ocrx_word' id='word_1_463' title='bbox 3063 1175 3320 1246; x_wconf 88' lang='lat' dir='ltr'>partibus</span> <span class='ocrx_word' id='word_1_464' title='bbox 3357 1175 3682 1240; x_wconf 82' lang='lat' dir='ltr'>constituti,</span> <span class='ocrx_word' id='word_1_465' title='bbox 3733 1183 3838 1238; x_wconf 84' lang='lat' dir='ltr'>etc.,</span> 
     </span>
    </p>
   </div>
   <div class='ocr_carea' id='block_1_68' title="bbox 2160 1269 3838 1340">
    <p class='ocr_par' dir='ltr' id='par_1_68' title="bbox 2160 1269 3838 1340">
     <span class='ocr_line' id='line_1_68' title="bbox 2160 1269 3838 1340; baseline -0.001 -16"><span class='ocrx_word' id='word_1_466' title='bbox 2160 1287 2340 1340; x_wconf 90' lang='lat' dir='ltr'>usque</span> <span class='ocrx_word' id='word_1_467' title='bbox 2380 1270 2452 1324; x_wconf 90' lang='lat' dir='ltr'>ad</span> <span class='ocrx_word' id='word_1_468' title='bbox 2499 1270 2670 1324; x_wconf 83' lang='lat' dir='ltr'>ﬁnem</span> <span class='ocrx_word' id='word_1_469' title='bbox 2719 1269 3015 1322; x_wconf 87' lang='lat' dir='ltr'>sermonis.</span> <span class='ocrx_word' id='word_1_470' title='bbox 3061 1288 3088 1318; x_wconf 72' lang='grc' dir='ltr'>ι»</span> <span class='ocrx_word' id='word_1_471' title='bbox 3131 1269 3310 1338; x_wconf 90' lang='lat' dir='ltr'>Igitur</span> <span class='ocrx_word' id='word_1_472' title='bbox 3355 1269 3696 1340; x_wconf 86' lang='lat' dir='ltr'>quicunque</span> <span class='ocrx_word' id='word_1_473' title='bbox 3744 1269 3838 1322; x_wconf 69' lang='lat' dir='ltr'>hau</span> 
     </span>
    </p>
   </div>
   <div class='ocr_carea' id='block_1_69' title="bbox 2162 1357 3838 1428">
    <p class='ocr_par' dir='ltr' id='par_1_69' title="bbox 2162 1357 3838 1428">
     <span class='ocr_line' id='line_1_69' title="bbox 2162 1357 3838 1428; baseline -0.002 -15"><span class='ocrx_word' id='word_1_474' title='bbox 2162 1359 2356 1414; x_wconf 90' lang='lat' dir='ltr'>omnia</span> <span class='ocrx_word' id='word_1_475' title='bbox 2375 1375 2480 1428; x_wconf 89' lang='lat' dir='ltr'>per</span> <span class='ocrx_word' id='word_1_476' title='bbox 2509 1358 2769 1412; x_wconf 88' lang='lat' dir='ltr'>ordinem</span> <span class='ocrx_word' id='word_1_477' title='bbox 2799 1359 3084 1428; x_wconf 84' lang='lat' dir='ltr'>relegerit.</span> <span class='ocrx_word' id='word_1_478' title='bbox 3117 1358 3426 1428; x_wconf 87' lang='lat' dir='ltr'>apostolica</span> <span class='ocrx_word' id='word_1_479' title='bbox 3453 1357 3622 1410; x_wconf 87' lang='lat' dir='ltr'>sedes</span> <span class='ocrx_word' id='word_1_480' title='bbox 3653 1363 3838 1426; x_wconf 83' lang='lat' dir='ltr'>quanta</span> 
     </span>
    </p>
   </div>
   <div class='ocr_carea' id='block_1_70' title="bbox 2163 1445 3840 1516">
    <p class='ocr_par' dir='ltr' id='par_1_70' title="bbox 2163 1445 3840 1516">
     <span class='ocr_line' id='line_1_70' title="bbox 2163 1445 3840 1516; baseline -0.002 -16"><span class='ocrx_word' id='word_1_481' title='bbox 2163 1446 2441 1516; x_wconf 85' lang='lat' dir='ltr'>dignitate</span> <span class='ocrx_word' id='word_1_482' title='bbox 2471 1445 2687 1499; x_wconf 89' lang='lat' dir='ltr'>cunctis</span> <span class='ocrx_word' id='word_1_483' title='bbox 2719 1461 2820 1516; x_wconf 90' lang='lat' dir='ltr'>per</span> <span class='ocrx_word' id='word_1_484' title='bbox 2849 1445 3046 1498; x_wconf 89' lang='lat' dir='ltr'>orbem</span> <span class='ocrx_word' id='word_1_485' title='bbox 3091 1446 3348 1500; x_wconf 86' lang='lat' dir='ltr'>Ecclesiis</span> <span class='ocrx_word' id='word_1_486' title='bbox 3391 1447 3758 1515; x_wconf 66' lang='lat' dir='ltr'>praepolleat,</span> <span class='ocrx_word' id='word_1_487' title='bbox 3803 1449 3840 1496; x_wconf 88' lang='lat' dir='ltr'>el</span> 
     </span>
    </p>
   </div>
   <div class='ocr_carea' id='block_1_71' title="bbox 2163 1534 3840 1606">
    <p class='ocr_par' dir='ltr' id='par_1_71' title="bbox 2163 1534 3840 1606">
     <span class='ocr_line' id='line_1_71' title="bbox 2163 1534 3840 1606; baseline -0.001 -18"><span class='ocrx_word' id='word_1_488' title='bbox 2163 1540 2474 1606; x_wconf 87' lang='lat' dir='ltr'>postestate</span> <span class='ocrx_word' id='word_1_489' title='bbox 2505 1535 2577 1588; x_wconf 88' lang='lat' dir='ltr'>sit</span> <span class='ocrx_word' id='word_1_490' title='bbox 2620 1534 2984 1598; x_wconf 88' lang='lat' dir='ltr'>eminentior,</span> <span class='ocrx_word' id='word_1_491' title='bbox 3039 1534 3337 1604; x_wconf 88' lang='lat' dir='ltr'>perspicue</span> <span class='ocrx_word' id='word_1_492' title='bbox 3377 1535 3446 1588; x_wconf 90' lang='lat' dir='ltr'>ad</span> <span class='ocrx_word' id='word_1_493' title='bbox 3489 1534 3736 1604; x_wconf 86' lang='lat' dir='ltr'>plenum</span> <span class='ocrx_word' id='word_1_494' title='bbox 3777 1551 3840 1586; x_wconf 76' lang='lat' dir='ltr'>co</span> 
     </span>
    </p>
   </div>
   <div class='ocr_carea' id='block_1_72' title="bbox 2163 1621 2683 1692">
    <p class='ocr_par' dir='ltr' id='par_1_72' title="bbox 2163 1621 2683 1692">
     <span class='ocr_line' id='line_1_72' title="bbox 2163 1621 2683 1692; baseline -0.004 -16"><span class='ocrx_word' id='word_1_495' title='bbox 2163 1637 2436 1692; x_wconf 84' lang='lat' dir='ltr'>gnoscere</span> <span class='ocrx_word' id='word_1_496' title='bbox 2457 1621 2683 1690; x_wconf 90' lang='lat' dir='ltr'>poterit.</span> 
     </span>
    </p>
   </div>
   <div class='ocr_carea' id='block_1_73' title="bbox 2812 1727 3204 1781">
    <p class='ocr_par' dir='ltr' id='par_1_73' title="bbox 2812 1727 3204 1781">
     <span class='ocr_line' id='line_1_73' title="bbox 2812 1727 3204 1781; baseline 0 -1"><span class='ocrx_word' id='word_1_497' title='bbox 2812 1728 2940 1780; x_wconf 78' lang='lat' dir='ltr'>CAP.</span> <span class='ocrx_word' id='word_1_498' title='bbox 2985 1727 3204 1781; x_wconf 81' lang='lat' dir='ltr'>CXCVI.</span> 
     </span>
    </p>
   </div>
   <div class='ocr_carea' id='block_1_74' title="bbox 2237 1841 3839 1912">
    <p class='ocr_par' dir='ltr' id='par_1_74' title="bbox 2237 1841 3839 1912">
     <span class='ocr_line' id='line_1_74' title="bbox 2237 1841 3839 1912; baseline -0.004 -12"><span class='ocrx_word' id='word_1_499' title='bbox 2237 1847 2399 1911; x_wconf 88' lang='lat' dir='ltr'>Item,</span> <span class='ocrx_word' id='word_1_500' title='bbox 2449 1846 2922 1901; x_wconf 77' lang='lat' dir='ltr'>Commonitorium</span> <span class='ocrx_word' id='word_1_501' title='bbox 2964 1843 3140 1896; x_wconf 88' lang='lat' dir='ltr'>sancti</span> <span class='ocrx_word' id='word_1_502' title='bbox 3197 1841 3400 1896; x_wconf 81' lang='lat' dir='ltr'>Gelasii</span> <span class='ocrx_word' id='word_1_503' title='bbox 3449 1859 3556 1912; x_wconf 87' lang='lat' dir='ltr'>per</span> <span class='ocrx_word' id='word_1_504' title='bbox 3591 1843 3839 1897; x_wconf 69' lang='lat' dir='ltr'>Faustum</span> 
     </span>
    </p>
   </div>
   <div class='ocr_carea' id='block_1_75' title="bbox 2165 1931 3840 2001">
    <p class='ocr_par' dir='ltr' id='par_1_75' title="bbox 2165 1931 3840 2001">
     <span class='ocr_line' id='line_1_75' title="bbox 2165 1931 3840 2001; baseline -0.002 -15"><span class='ocrx_word' id='word_1_505' title='bbox 2165 1933 2500 2000; x_wconf 82' lang='lat' dir='ltr'>magistrum</span> <span class='ocrx_word' id='word_1_506' title='bbox 2531 1931 2832 2000; x_wconf 87' lang='lat' dir='ltr'>legationis</span> <span class='ocrx_word' id='word_1_507' title='bbox 2865 1931 3052 1985; x_wconf 85' lang='lat' dir='ltr'>ofﬁcio</span> <span class='ocrx_word' id='word_1_508' title='bbox 3085 1932 3417 2001; x_wconf 82' lang='lat' dir='ltr'>fungentem</span> <span class='ocrx_word' id='word_1_509' title='bbox 3451 1931 3840 1985; x_wconf 65' lang='lat' dir='ltr'>Constantino</span> 
     </span>
    </p>
   </div>
   <div class='ocr_carea' id='block_1_76' title="bbox 2165 2019 3842 2091">
    <p class='ocr_par' dir='ltr' id='par_1_76' title="bbox 2165 2019 3842 2091">
     <span class='ocr_line' id='line_1_76' title="bbox 2165 2019 3842 2091; baseline -0.001 -19"><span class='ocrx_word' id='word_1_510' title='bbox 2165 2021 2282 2091; x_wconf 89' lang='lat' dir='ltr'>poli</span> <span class='ocrx_word' id='word_1_511' title='bbox 2310 2021 2590 2073; x_wconf 82' lang='lat' dir='ltr'>directum</span> <span class='ocrx_word' id='word_1_512' title='bbox 2623 2019 2786 2090; x_wconf 79' lang='lat' dir='ltr'>(epist</span> <span class='ocrx_word' id='word_1_513' title='bbox 2815 2021 2885 2086; x_wconf 75' lang='grc'>4),</span> <span class='ocrx_word' id='word_1_514' title='bbox 2922 2019 3074 2089; x_wconf 85' lang='lat' dir='ltr'>quod</span> <span class='ocrx_word' id='word_1_515' title='bbox 3107 2019 3184 2072; x_wconf 89' lang='lat' dir='ltr'>sic</span> <span class='ocrx_word' id='word_1_516' title='bbox 3215 2019 3418 2089; x_wconf 86' lang='lat' dir='ltr'>incipit</span> <span class='ocrx_word' id='word_1_517' title='bbox 3452 2037 3464 2072; x_wconf 93' lang='lat'>:</span> <span class='ocrx_word' id='word_1_518' title='bbox 3501 2041 3526 2066; x_wconf 74' lang='grc' dir='ltr'>ιι</span> <span class='ocrx_word' id='word_1_519' title='bbox 3567 2021 3688 2085; x_wconf 74' lang='lat' dir='ltr'>Ego</span> <span class='ocrx_word' id='word_1_520' title='bbox 3729 2035 3842 2088; x_wconf 33' lang='lat' dir='ltr'>quo.</span> 
     </span>
    </p>
   </div>
   <div class='ocr_carea' id='block_1_77' title="bbox 2164 2107 3842 2179">
    <p class='ocr_par' dir='ltr' id='par_1_77' title="bbox 2164 2107 3842 2179">
     <span class='ocr_line' id='line_1_77' title="bbox 2164 2107 3842 2179; baseline -0.002 -19"><span class='ocrx_word' id='word_1_521' title='bbox 2164 2125 2276 2179; x_wconf 88' lang='lat' dir='ltr'>que</span> <span class='ocrx_word' id='word_1_522' title='bbox 2309 2114 2501 2162; x_wconf 87' lang='lat' dir='ltr'>mente</span> <span class='ocrx_word' id='word_1_523' title='bbox 2533 2108 2760 2178; x_wconf 88' lang='lat' dir='ltr'>percepi</span> <span class='ocrx_word' id='word_1_524' title='bbox 2800 2107 3024 2162; x_wconf 71' lang='lat' dir='ltr'>Graecos</span> <span class='ocrx_word' id='word_1_525' title='bbox 3053 2107 3108 2160; x_wconf 92' lang='lat' dir='ltr'>in</span> <span class='ocrx_word' id='word_1_526' title='bbox 3139 2123 3241 2160; x_wconf 89' lang='lat' dir='ltr'>sua</span> <span class='ocrx_word' id='word_1_527' title='bbox 3275 2107 3671 2160; x_wconf 85' lang='lat' dir='ltr'>obstinatione</span> <span class='ocrx_word' id='word_1_528' title='bbox 3701 2123 3842 2158; x_wconf 85' lang='lat' dir='ltr'>man-</span> 
     </span>
    </p>
   </div>
   <div class='ocr_carea' id='block_1_78' title="bbox 2164 2191 3842 2264">
    <p class='ocr_par' dir='ltr' id='par_1_78' title="bbox 2164 2191 3842 2264">
     <span class='ocr_line' id='line_1_78' title="bbox 2164 2191 3842 2264; baseline -0.002 -16"><span class='ocrx_word' id='word_1_529' title='bbox 2164 2213 2346 2263; x_wconf 85' lang='lat' dir='ltr'>suros,</span> <span class='ocrx_word' id='word_1_530' title='bbox 2380 2213 2450 2250; x_wconf 91' lang='lat' dir='ltr'>ne</span> <span class='ocrx_word' id='word_1_531' title='bbox 2484 2196 2574 2248; x_wconf 93' lang='lat' dir='ltr'>cui</span> <span class='ocrx_word' id='word_1_532' title='bbox 2607 2197 2762 2248; x_wconf 88' lang='lat' dir='ltr'>velut</span> <span class='ocrx_word' id='word_1_533' title='bbox 2805 2194 3158 2264; x_wconf 88' lang='lat' dir='ltr'>insperatum</span> <span class='ocrx_word' id='word_1_534' title='bbox 3215 2195 3392 2247; x_wconf 87' lang='lat' dir='ltr'>videri</span> <span class='ocrx_word' id='word_1_535' title='bbox 3437 2199 3658 2264; x_wconf 86' lang='lat' dir='ltr'>potest,</span> <span class='ocrx_word' id='word_1_536' title='bbox 3705 2191 3842 2264; x_wconf 67' lang='lat' dir='ltr'>quod</span> 
     </span>
    </p>
   </div>
   <div class='ocr_carea' id='block_1_79' title="bbox 2165 2283 3721 2356">
    <p class='ocr_par' dir='ltr' id='par_1_79' title="bbox 2165 2283 3721 2356">
     <span class='ocr_line' id='line_1_79' title="bbox 2165 2283 3721 2356; baseline -0.003 -17"><span class='ocrx_word' id='word_1_537' title='bbox 2165 2291 2250 2339; x_wconf 75' lang='lat' dir='ltr'>est</span> <span class='ocrx_word' id='word_1_538' title='bbox 2281 2287 2336 2339; x_wconf 89' lang='lat' dir='ltr'>in</span> <span class='ocrx_word' id='word_1_539' title='bbox 2369 2291 2500 2339; x_wconf 90' lang='lat' dir='ltr'>ante</span> <span class='ocrx_word' id='word_1_540' title='bbox 2531 2285 2970 2356; x_wconf 63' lang='lat' dir='ltr'>prmcognitum,</span> <span class='ocrx_word' id='word_1_541' title='bbox 3001 2303 3029 2334; x_wconf 71' lang='lat' dir='ltr'>io</span> <span class='ocrx_word' id='word_1_542' title='bbox 3067 2287 3195 2348; x_wconf 86' lang='lat' dir='ltr'>etc.,</span> <span class='ocrx_word' id='word_1_543' title='bbox 3225 2298 3396 2348; x_wconf 79' lang='lat' dir='ltr'>usque</span> <span class='ocrx_word' id='word_1_544' title='bbox 3423 2283 3498 2336; x_wconf 86' lang='lat' dir='ltr'>ad</span> <span class='ocrx_word' id='word_1_545' title='bbox 3533 2286 3721 2352; x_wconf 76' lang='lat' dir='ltr'>finem.</span> 
     </span>
    </p>
   </div>
   <div class='ocr_carea' id='block_1_80' title="bbox 2802 2398 3216 2454">
    <p class='ocr_par' dir='ltr' id='par_1_80' title="bbox 2802 2398 3216 2454">
     <span class='ocr_line' id='line_1_80' title="bbox 2802 2398 3216 2454; baseline -0.005 0"><span class='ocrx_word' id='word_1_546' title='bbox 2802 2399 2929 2454; x_wconf 79' lang='lat' dir='ltr'>CAP.</span> <span class='ocrx_word' id='word_1_547' title='bbox 2973 2398 3216 2454; x_wconf 78' lang='lat' dir='ltr'>CXCVII.</span> 
     </span>
    </p>
   </div>
   <div class='ocr_carea' id='block_1_81' title="bbox 2237 2513 3844 2577">
    <p class='ocr_par' dir='ltr' id='par_1_81' title="bbox 2237 2513 3844 2577">
     <span class='ocr_line' id='line_1_81' title="bbox 2237 2513 3844 2577; baseline -0.002 -8"><span class='ocrx_word' id='word_1_548' title='bbox 2237 2518 2300 2570; x_wconf 90' lang='lat' dir='ltr'>In</span> <span class='ocrx_word' id='word_1_549' title='bbox 2329 2517 2437 2569; x_wconf 85' lang='lat' dir='ltr'>hoc</span> <span class='ocrx_word' id='word_1_550' title='bbox 2466 2515 2902 2568; x_wconf 89' lang='lat' dir='ltr'>commonitorio</span> <span class='ocrx_word' id='word_1_551' title='bbox 2929 2514 3080 2567; x_wconf 89' lang='lat' dir='ltr'>inter</span> <span class='ocrx_word' id='word_1_552' title='bbox 3111 2519 3312 2567; x_wconf 67' lang='lat' dir='ltr'>caetera</span> <span class='ocrx_word' id='word_1_553' title='bbox 3333 2513 3412 2566; x_wconf 86' lang='lat' dir='ltr'>sic</span> <span class='ocrx_word' id='word_1_554' title='bbox 3443 2513 3582 2566; x_wconf 87' lang='lat' dir='ltr'>dicit</span> <span class='ocrx_word' id='word_1_555' title='bbox 3614 2529 3628 2565; x_wconf 90' lang='lat'>:</span> <span class='ocrx_word' id='word_1_556' title='bbox 3655 2532 3684 2564; x_wconf 74' lang='grc' dir='ltr'><strong>α</strong></span> <span class='ocrx_word' id='word_1_557' title='bbox 3707 2513 3844 2577; x_wconf 81' lang='grc' dir='ltr'>Ουοῡ</span> 
     </span>
    </p>
   </div>
   <div class='ocr_carea' id='block_1_82' title="bbox 2165 2601 3844 2674">
    <p class='ocr_par' dir='ltr' id='par_1_82' title="bbox 2165 2601 3844 2674">
     <span class='ocr_line' id='line_1_82' title="bbox 2165 2601 3844 2674; baseline -0.002 -18"><span class='ocrx_word' id='word_1_558' title='bbox 2165 2607 2212 2658; x_wconf 84' lang='lat' dir='ltr'>si</span> <span class='ocrx_word' id='word_1_559' title='bbox 2247 2606 2488 2658; x_wconf 89' lang='lat' dir='ltr'>dicunt:</span> <span class='ocrx_word' id='word_1_560' title='bbox 2541 2606 2855 2674; x_wconf 86' lang='lat' dir='ltr'>Imperator</span> <span class='ocrx_word' id='word_1_561' title='bbox 2913 2603 3018 2656; x_wconf 88' lang='lat' dir='ltr'>hoc</span> <span class='ocrx_word' id='word_1_562' title='bbox 3063 2602 3216 2664; x_wconf 82' lang='lat' dir='ltr'>fecit,</span> <span class='ocrx_word' id='word_1_563' title='bbox 3262 2603 3366 2654; x_wconf 89' lang='lat' dir='ltr'>hoc</span> <span class='ocrx_word' id='word_1_564' title='bbox 3403 2601 3597 2670; x_wconf 90' lang='lat' dir='ltr'>ipsum</span> <span class='ocrx_word' id='word_1_565' title='bbox 3655 2601 3844 2671; x_wconf 67' lang='lat' dir='ltr'>quibus</span> 
     </span>
    </p>
   </div>
   <div class='ocr_carea' id='block_1_83' title="bbox 2164 2689 3843 2762">
    <p class='ocr_par' dir='ltr' id='par_1_83' title="bbox 2164 2689 3843 2762">
     <span class='ocr_line' id='line_1_83' title="bbox 2164 2689 3843 2762; baseline -0.003 -17"><span class='ocrx_word' id='word_1_566' title='bbox 2164 2693 2499 2756; x_wconf 88' lang='lat' dir='ltr'>cauonibus,</span> <span class='ocrx_word' id='word_1_567' title='bbox 2539 2693 2748 2762; x_wconf 88' lang='lat' dir='ltr'>quibus</span> <span class='ocrx_word' id='word_1_568' title='bbox 2787 2691 2998 2759; x_wconf 89' lang='lat' dir='ltr'>regulis</span> <span class='ocrx_word' id='word_1_569' title='bbox 3037 2695 3120 2741; x_wconf 87' lang='lat' dir='ltr'>est</span> <span class='ocrx_word' id='word_1_570' title='bbox 3151 2689 3544 2760; x_wconf 68' lang='lat' dir='ltr'>prteceptum?</span> <span class='ocrx_word' id='word_1_571' title='bbox 3577 2691 3693 2742; x_wconf 87' lang='lat' dir='ltr'>Cur</span> <span class='ocrx_word' id='word_1_572' title='bbox 3737 2689 3843 2742; x_wconf 82' lang='lat' dir='ltr'>huic</span> 
     </span>
    </p>
   </div>
   <div class='ocr_carea' id='block_1_84' title="bbox 2163 2779 3844 2848">
    <p class='ocr_par' dir='ltr' id='par_1_84' title="bbox 2163 2779 3844 2848">
     <span class='ocr_line' id='line_1_84' title="bbox 2163 2779 3844 2848; baseline -0.003 -16"><span class='ocrx_word' id='word_1_573' title='bbox 2163 2785 2281 2832; x_wconf 91' lang='lat' dir='ltr'>tam</span> <span class='ocrx_word' id='word_1_574' title='bbox 2313 2795 2486 2848; x_wconf 87' lang='lat' dir='ltr'>pravo</span> <span class='ocrx_word' id='word_1_575' title='bbox 2535 2780 2682 2831; x_wconf 88' lang='lat' dir='ltr'>facto</span> <span class='ocrx_word' id='word_1_576' title='bbox 2738 2780 3026 2831; x_wconf 84' lang='lat' dir='ltr'>consensit</span> <span class='ocrx_word' id='word_1_577' title='bbox 3071 2779 3330 2844; x_wconf 76' lang='lat' dir='ltr'>Aeacius,</span> <span class='ocrx_word' id='word_1_578' title='bbox 3379 2793 3510 2830; x_wconf 86' lang='lat' dir='ltr'>cum</span> <span class='ocrx_word' id='word_1_579' title='bbox 3558 2779 3844 2830; x_wconf 75' lang='lat' dir='ltr'>auctoritas</span> 
     </span>
    </p>
   </div>
   <div class='ocr_carea' id='block_1_85' title="bbox 2164 2867 3844 2934">
    <p class='ocr_par' dir='ltr' id='par_1_85' title="bbox 2164 2867 3844 2934">
     <span class='ocr_line' id='line_1_85' title="bbox 2164 2867 3844 2934; baseline -0.003 -13"><span class='ocrx_word' id='word_1_580' title='bbox 2164 2867 2356 2921; x_wconf 84' lang='lat' dir='ltr'>divina</span> <span class='ocrx_word' id='word_1_581' title='bbox 2387 2867 2536 2919; x_wconf 85' lang='lat' dir='ltr'>dicat</span> <span class='ocrx_word' id='word_1_582' title='bbox 2570 2883 2582 2920; x_wconf 92' lang='lat'><strong>:</strong></span> <span class='ocrx_word' id='word_1_583' title='bbox 2617 2869 2734 2920; x_wconf 75' lang='lat' dir='ltr'>Non</span> <span class='ocrx_word' id='word_1_584' title='bbox 2764 2867 2937 2919; x_wconf 86' lang='lat' dir='ltr'>solum</span> <span class='ocrx_word' id='word_1_585' title='bbox 2968 2870 3062 2930; x_wconf 84' lang='lat' dir='ltr'>qui</span> <span class='ocrx_word' id='word_1_586' title='bbox 3117 2869 3332 2932; x_wconf 80' lang='lat' dir='ltr'>faciunt</span> <span class='ocrx_word' id='word_1_587' title='bbox 3359 2881 3534 2934; x_wconf 78' lang='lat' dir='ltr'>prava</span> <span class='ocrx_word' id='word_1_588' title='bbox 3587 2881 3726 2924; x_wconf 76' lang='lat' dir='ltr'>reos,</span> <span class='ocrx_word' id='word_1_589' title='bbox 3771 2879 3844 2916; x_wconf 63' lang='lat' dir='ltr'>sui</span> 
     </span>
    </p>
   </div>
   <div class='ocr_carea' id='block_1_86' title="bbox 2167 2953 3844 3020">
    <p class='ocr_par' dir='ltr' id='par_1_86' title="bbox 2167 2953 3844 3020">
     <span class='ocr_line' id='line_1_86' title="bbox 2167 2953 3844 3020; baseline -0.002 -14"><span class='ocrx_word' id='word_1_590' title='bbox 2167 2959 2216 3006; x_wconf 83' lang='lat' dir='ltr'>et</span> <span class='ocrx_word' id='word_1_591' title='bbox 2247 2958 2340 3019; x_wconf 79' lang='lat' dir='ltr'>qui</span> <span class='ocrx_word' id='word_1_592' title='bbox 2379 2957 2722 3006; x_wconf 79' lang='lat' dir='ltr'>consentiunt</span> <span class='ocrx_word' id='word_1_593' title='bbox 2777 2954 3104 3018; x_wconf 74' lang='lat' dir='ltr'>facientibus</span> <span class='ocrx_word' id='word_1_594' title='bbox 3127 2957 3154 3007; x_wconf 83' lang='lat'><em>?</em></span> <span class='ocrx_word' id='word_1_595' title='bbox 3195 2955 3374 3020; x_wconf 81' lang='lat' dir='ltr'>(Rom.</span> <span class='ocrx_word' id='word_1_596' title='bbox 3433 2953 3493 3020; x_wconf 83' lang='grc' dir='ltr'>ι.)</span> <span class='ocrx_word' id='word_1_597' title='bbox 3525 2953 3744 3016; x_wconf 84' lang='lat' dir='ltr'>Quibus</span> <span class='ocrx_word' id='word_1_598' title='bbox 3773 2969 3844 3004; x_wconf 79' lang='lat' dir='ltr'>ca-</span> 
     </span>
    </p>
   </div>
   <div class='ocr_carea' id='block_1_87' title="bbox 2098 3041 3844 3112">
    <p class='ocr_par' dir='ltr' id='par_1_87' title="bbox 2098 3041 3844 3112">
     <span class='ocr_line' id='line_1_87' title="bbox 2098 3041 3844 3112; baseline -0.001 -18"><span class='ocrx_word' id='word_1_599' title='bbox 2098 3053 2136 3106; x_wconf 81' lang='lat' dir='ltr'>c</span> <span class='ocrx_word' id='word_1_600' title='bbox 2171 3043 2434 3107; x_wconf 90' lang='lat' dir='ltr'>nonibus,</span> <span class='ocrx_word' id='word_1_601' title='bbox 2469 3042 2678 3112; x_wconf 83' lang='lat' dir='ltr'>quibus</span> <span class='ocrx_word' id='word_1_602' title='bbox 2705 3042 2916 3110; x_wconf 86' lang='lat' dir='ltr'>regulis</span> <span class='ocrx_word' id='word_1_603' title='bbox 2951 3043 3268 3095; x_wconf 82' lang='lat' dir='ltr'>Kalendion</span> <span class='ocrx_word' id='word_1_604' title='bbox 3309 3043 3574 3094; x_wconf 86' lang='lat' dir='ltr'>exclusus</span> <span class='ocrx_word' id='word_1_605' title='bbox 3623 3047 3730 3106; x_wconf 89' lang='lat' dir='ltr'>est,</span> <span class='ocrx_word' id='word_1_606' title='bbox 3777 3041 3844 3092; x_wconf 78' lang='lat' dir='ltr'>vel</span> 
     </span>
    </p>
   </div>
   <div class='ocr_carea' id='block_1_88' title="bbox 2167 3127 3846 3199">
    <p class='ocr_par' dir='ltr' id='par_1_88' title="bbox 2167 3127 3846 3199">
     <span class='ocr_line' id='line_1_88' title="bbox 2167 3127 3846 3199; baseline -0.003 -17"><span class='ocrx_word' id='word_1_607' title='bbox 2167 3129 2334 3199; x_wconf 89' lang='lat' dir='ltr'>primi</span> <span class='ocrx_word' id='word_1_608' title='bbox 2367 3129 2597 3181; x_wconf 86' lang='lat' dir='ltr'>urbium</span> <span class='ocrx_word' id='word_1_609' title='bbox 2625 3129 2980 3182; x_wconf 80' lang='lat' dir='ltr'>diversarum</span> <span class='ocrx_word' id='word_1_610' title='bbox 3031 3129 3298 3182; x_wconf 86' lang='lat' dir='ltr'>catholici</span> <span class='ocrx_word' id='word_1_611' title='bbox 3341 3127 3712 3182; x_wconf 78' lang='lat' dir='ltr'>sacerdotes?</span> <span class='ocrx_word' id='word_1_612' title='bbox 3741 3129 3846 3190; x_wconf 79' lang='lat' dir='ltr'>Qua</span> 
     </span>
    </p>
   </div>
   <div class='ocr_carea' id='block_1_89' title="bbox 2167 3215 3846 3286">
    <p class='ocr_par' dir='ltr' id='par_1_89' title="bbox 2167 3215 3846 3286">
     <span class='ocr_line' id='line_1_89' title="bbox 2167 3215 3846 3286; baseline -0.002 -16"><span class='ocrx_word' id='word_1_613' title='bbox 2167 3217 2470 3270; x_wconf 85' lang='lat' dir='ltr'>traditione</span> <span class='ocrx_word' id='word_1_614' title='bbox 2505 3217 2788 3286; x_wconf 89' lang='lat' dir='ltr'>majorum</span> <span class='ocrx_word' id='word_1_615' title='bbox 2839 3216 3206 3285; x_wconf 89' lang='lat' dir='ltr'>apostolicam</span> <span class='ocrx_word' id='word_1_616' title='bbox 3241 3216 3436 3269; x_wconf 88' lang='lat' dir='ltr'>sedem</span> <span class='ocrx_word' id='word_1_617' title='bbox 3491 3216 3554 3268; x_wconf 88' lang='lat' dir='ltr'>in</span> <span class='ocrx_word' id='word_1_618' title='bbox 3582 3215 3846 3285; x_wconf 88' lang='lat' dir='ltr'>judicium</span> 
     </span>
    </p>
   </div>
   <div class='ocr_carea' id='block_1_90' title="bbox 2167 3303 3846 3368">
    <p class='ocr_par' dir='ltr' id='par_1_90' title="bbox 2167 3303 3846 3368">
     <span class='ocr_line' id='line_1_90' title="bbox 2167 3303 3846 3368; baseline 0 -14"><span class='ocrx_word' id='word_1_619' title='bbox 2167 3305 2404 3358; x_wconf 82' lang='lat' dir='ltr'>vocant?</span> <span class='ocrx_word' id='word_1_620' title='bbox 2435 3310 2519 3357; x_wconf 88' lang='lat' dir='ltr'>An</span> <span class='ocrx_word' id='word_1_621' title='bbox 2550 3305 2808 3356; x_wconf 69' lang='lat' dir='ltr'>secundae</span> <span class='ocrx_word' id='word_1_622' title='bbox 2843 3305 2992 3357; x_wconf 89' lang='lat' dir='ltr'>sedis</span> <span class='ocrx_word' id='word_1_623' title='bbox 3023 3303 3302 3356; x_wconf 89' lang='lat' dir='ltr'>antistites</span> <span class='ocrx_word' id='word_1_624' title='bbox 3335 3311 3392 3356; x_wconf 90' lang='lat' dir='ltr'>et</span> <span class='ocrx_word' id='word_1_625' title='bbox 3437 3303 3647 3368; x_wconf 64' lang='lat' dir='ltr'>tertiae,</span> <span class='ocrx_word' id='word_1_626' title='bbox 3697 3311 3846 3356; x_wconf 54' lang='lat' dir='ltr'>cane-</span> 
     </span>
    </p>
   </div>
   <div class='ocr_carea' id='block_1_91' title="bbox 2167 3392 3846 3463">
    <p class='ocr_par' dir='ltr' id='par_1_91' title="bbox 2167 3392 3846 3463">
     <span class='ocr_line' id='line_1_91' title="bbox 2167 3392 3846 3463; baseline -0.002 -17"><span class='ocrx_word' id='word_1_627' title='bbox 2167 3393 2328 3463; x_wconf 89' lang='lat' dir='ltr'>rique</span> <span class='ocrx_word' id='word_1_628' title='bbox 2357 3394 2500 3446; x_wconf 90' lang='lat' dir='ltr'>bene</span> <span class='ocrx_word' id='word_1_629' title='bbox 2532 3393 2642 3445; x_wconf 85' lang='lat' dir='ltr'>sibi</span> <span class='ocrx_word' id='word_1_630' title='bbox 2664 3393 2874 3445; x_wconf 83' lang='lat' dir='ltr'>conscii</span> <span class='ocrx_word' id='word_1_631' title='bbox 2912 3393 3232 3446; x_wconf 89' lang='lat' dir='ltr'>sacerdotes</span> <span class='ocrx_word' id='word_1_632' title='bbox 3261 3392 3470 3462; x_wconf 90' lang='lat' dir='ltr'>depelli</span> <span class='ocrx_word' id='word_1_633' title='bbox 3509 3393 3846 3452; x_wconf 81' lang='lat' dir='ltr'>debuerunt,</span> 
     </span>
    </p>
   </div>
   <div class='ocr_carea' id='block_1_92' title="bbox 2165 3477 3846 3551">
    <p class='ocr_par' dir='ltr' id='par_1_92' title="bbox 2165 3477 3846 3551">
     <span class='ocr_line' id='line_1_92' title="bbox 2165 3477 3846 3551; baseline -0.004 -17"><span class='ocrx_word' id='word_1_634' title='bbox 2165 3487 2220 3534; x_wconf 92' lang='lat' dir='ltr'>et</span> <span class='ocrx_word' id='word_1_635' title='bbox 2244 3482 2339 3551; x_wconf 89' lang='lat' dir='ltr'>qui</span> <span class='ocrx_word' id='word_1_636' title='bbox 2374 3481 2586 3534; x_wconf 80' lang='lat' dir='ltr'>exstitit</span> <span class='ocrx_word' id='word_1_637' title='bbox 2609 3478 2898 3549; x_wconf 84' lang='lat' dir='ltr'>religionis</span> <span class='ocrx_word' id='word_1_638' title='bbox 2929 3479 3215 3546; x_wconf 88' lang='lat' dir='ltr'>inimicus,</span> <span class='ocrx_word' id='word_1_639' title='bbox 3241 3479 3453 3548; x_wconf 87' lang='lat' dir='ltr'>depelli</span> <span class='ocrx_word' id='word_1_640' title='bbox 3485 3495 3603 3532; x_wconf 87' lang='lat' dir='ltr'>non</span> <span class='ocrx_word' id='word_1_641' title='bbox 3631 3477 3846 3532; x_wconf 60' lang='lat' dir='ltr'>debuit?</span> 
     </span>
    </p>
   </div>
   <div class='ocr_carea' id='block_1_93' title="bbox 2169 3566 3846 3638">
    <p class='ocr_par' dir='ltr' id='par_1_93' title="bbox 2169 3566 3846 3638">
     <span class='ocr_line' id='line_1_93' title="bbox 2169 3566 3846 3638; baseline -0.001 -18"><span class='ocrx_word' id='word_1_642' title='bbox 2169 3570 2557 3638; x_wconf 86' lang='lat' dir='ltr'>Videantergo</span> <span class='ocrx_word' id='word_1_643' title='bbox 2593 3569 2640 3620; x_wconf 92' lang='lat' dir='ltr'>si</span> <span class='ocrx_word' id='word_1_644' title='bbox 2664 3567 2805 3620; x_wconf 88' lang='lat' dir='ltr'>alios</span> <span class='ocrx_word' id='word_1_645' title='bbox 2835 3567 3008 3620; x_wconf 89' lang='lat' dir='ltr'>habet</span> <span class='ocrx_word' id='word_1_646' title='bbox 3037 3583 3283 3620; x_wconf 89' lang='lat' dir='ltr'>canones</span> <span class='ocrx_word' id='word_1_647' title='bbox 3329 3567 3542 3638; x_wconf 91' lang='lat' dir='ltr'>quibus</span> <span class='ocrx_word' id='word_1_648' title='bbox 3601 3583 3734 3619; x_wconf 88' lang='lat' dir='ltr'>suas</span> <span class='ocrx_word' id='word_1_649' title='bbox 3771 3566 3846 3618; x_wconf 89' lang='lat' dir='ltr'>in-</span> 
     </span>
    </p>
   </div>
   <div class='ocr_carea' id='block_1_94' title="bbox 2165 3655 3846 3728">
    <p class='ocr_par' dir='ltr' id='par_1_94' title="bbox 2165 3655 3846 3728">
     <span class='ocr_line' id='line_1_94' title="bbox 2165 3655 3846 3728; baseline -0.004 -17"><span class='ocrx_word' id='word_1_650' title='bbox 2165 3657 2347 3728; x_wconf 89' lang='lat' dir='ltr'>eptias</span> <span class='ocrx_word' id='word_1_651' title='bbox 2399 3661 2807 3726; x_wconf 87' lang='lat' dir='ltr'>exsequantur,</span> <span class='ocrx_word' id='word_1_652' title='bbox 2870 3657 3151 3710; x_wconf 65' lang='lat' dir='ltr'>Caeterum</span> <span class='ocrx_word' id='word_1_653' title='bbox 3213 3656 3306 3709; x_wconf 89' lang='lat' dir='ltr'>isti</span> <span class='ocrx_word' id='word_1_654' title='bbox 3371 3655 3472 3726; x_wconf 91' lang='lat' dir='ltr'>qui</span> <span class='ocrx_word' id='word_1_655' title='bbox 3523 3655 3692 3716; x_wconf 86' lang='lat' dir='ltr'>sacri,</span> <span class='ocrx_word' id='word_1_656' title='bbox 3763 3655 3846 3724; x_wconf 88' lang='lat' dir='ltr'>qui</span> 
     </span>
    </p>
   </div>
   <div class='ocr_carea' id='block_1_95' title="bbox 2163 3743 3846 3814">
    <p class='ocr_par' dir='ltr' id='par_1_95' title="bbox 2163 3743 3846 3814">
     <span class='ocr_line' id='line_1_95' title="bbox 2163 3743 3846 3814; baseline -0.004 -15"><span class='ocrx_word' id='word_1_657' title='bbox 2163 3745 2546 3808; x_wconf 87' lang='lat' dir='ltr'>ecclesiastici,</span> <span class='ocrx_word' id='word_1_658' title='bbox 2610 3743 2710 3814; x_wconf 88' lang='lat' dir='ltr'>qui</span> <span class='ocrx_word' id='word_1_659' title='bbox 2763 3744 3002 3813; x_wconf 86' lang='lat' dir='ltr'>legitimi</span> <span class='ocrx_word' id='word_1_660' title='bbox 3060 3743 3438 3810; x_wconf 89' lang='lat' dir='ltr'>celebrantur,</span> <span class='ocrx_word' id='word_1_661' title='bbox 3507 3759 3628 3797; x_wconf 90' lang='lat' dir='ltr'>non</span> <span class='ocrx_word' id='word_1_662' title='bbox 3679 3745 3846 3796; x_wconf 87' lang='lat' dir='ltr'>solum</span> 
     </span>
    </p>
   </div>
   <div class='ocr_carea' id='block_1_96' title="bbox 2163 3832 3846 3902">
    <p class='ocr_par' dir='ltr' id='par_1_96' title="bbox 2163 3832 3846 3902">
     <span class='ocr_line' id='line_1_96' title="bbox 2163 3832 3846 3902; baseline -0.002 -16"><span class='ocrx_word' id='word_1_663' title='bbox 2163 3834 2357 3886; x_wconf 91' lang='lat' dir='ltr'>sedem</span> <span class='ocrx_word' id='word_1_664' title='bbox 2387 3833 2754 3902; x_wconf 88' lang='lat' dir='ltr'>apostolicam</span> <span class='ocrx_word' id='word_1_665' title='bbox 2787 3832 2856 3885; x_wconf 89' lang='lat' dir='ltr'>ad</span> <span class='ocrx_word' id='word_1_666' title='bbox 2881 3832 3164 3902; x_wconf 88' lang='lat' dir='ltr'>judicium</span> <span class='ocrx_word' id='word_1_667' title='bbox 3197 3848 3395 3886; x_wconf 86' lang='lat' dir='ltr'>vocare</span> <span class='ocrx_word' id='word_1_668' title='bbox 3423 3848 3542 3885; x_wconf 89' lang='lat' dir='ltr'>non</span> <span class='ocrx_word' id='word_1_669' title='bbox 3577 3837 3846 3902; x_wconf 86' lang='lat' dir='ltr'>possunt:</span> 
     </span>
    </p>
   </div>
   <div class='ocr_carea' id='block_1_97' title="bbox 2167 3919 3846 3992">
    <p class='ocr_par' dir='ltr' id='par_1_97' title="bbox 2167 3919 3846 3992">
     <span class='ocr_line' id='line_1_97' title="bbox 2167 3919 3846 3992; baseline -0.004 -16"><span class='ocrx_word' id='word_1_670' title='bbox 2167 3927 2220 3976; x_wconf 89' lang='lat' dir='ltr'>et</span> <span class='ocrx_word' id='word_1_671' title='bbox 2254 3921 2907 3990; x_wconf 65' lang='lat' dir='ltr'>Constantinopolitanae</span> <span class='ocrx_word' id='word_1_672' title='bbox 2953 3922 3254 3991; x_wconf 90' lang='lat' dir='ltr'>episcopus</span> <span class='ocrx_word' id='word_1_673' title='bbox 3299 3920 3564 3986; x_wconf 89' lang='lat' dir='ltr'>civitatis,</span> <span class='ocrx_word' id='word_1_674' title='bbox 3601 3937 3732 3992; x_wconf 70' lang='lat' dir='ltr'>quas</span> <span class='ocrx_word' id='word_1_675' title='bbox 3755 3919 3846 3972; x_wconf 81' lang='lat' dir='ltr'>uti-</span> 
     </span>
    </p>
   </div>
   <div class='ocr_carea' id='block_1_98' title="bbox 2167 4009 3846 4081">
    <p class='ocr_par' dir='ltr' id='par_1_98' title="bbox 2167 4009 3846 4081">
     <span class='ocr_line' id='line_1_98' title="bbox 2167 4009 3846 4081; baseline 0.001 -17"><span class='ocrx_word' id='word_1_676' title='bbox 2167 4027 2279 4081; x_wconf 90' lang='lat' dir='ltr'>que</span> <span class='ocrx_word' id='word_1_677' title='bbox 2314 4027 2416 4080; x_wconf 89' lang='lat' dir='ltr'>per</span> <span class='ocrx_word' id='word_1_678' title='bbox 2441 4026 2688 4063; x_wconf 88' lang='lat' dir='ltr'>canones</span> <span class='ocrx_word' id='word_1_679' title='bbox 2719 4010 2868 4063; x_wconf 87' lang='lat' dir='ltr'>inter</span> <span class='ocrx_word' id='word_1_680' title='bbox 2899 4010 3060 4064; x_wconf 89' lang='lat' dir='ltr'>sedes</span> <span class='ocrx_word' id='word_1_681' title='bbox 3099 4009 3320 4064; x_wconf 85' lang='lat' dir='ltr'>nullum</span> <span class='ocrx_word' id='word_1_682' title='bbox 3365 4025 3580 4062; x_wconf 84' lang='lat' dir='ltr'>nomen</span> <span class='ocrx_word' id='word_1_683' title='bbox 3629 4015 3846 4078; x_wconf 82' lang='lat' dir='ltr'>accepit.</span> 
     </span>
    </p>
   </div>
   <div class='ocr_carea' id='block_1_99' title="bbox 2167 4097 3846 4168">
    <p class='ocr_par' dir='ltr' id='par_1_99' title="bbox 2167 4097 3846 4168">
     <span class='ocr_line' id='line_1_99' title="bbox 2167 4097 3846 4168; baseline -0.005 -16"><span class='ocrx_word' id='word_1_684' title='bbox 2167 4100 2225 4153; x_wconf 92' lang='lat' dir='ltr'>in</span> <span class='ocrx_word' id='word_1_685' title='bbox 2282 4099 2748 4152; x_wconf 89' lang='lat' dir='ltr'>communionem</span> <span class='ocrx_word' id='word_1_686' title='bbox 2797 4097 3056 4152; x_wconf 90' lang='lat' dir='ltr'>recidens</span> <span class='ocrx_word' id='word_1_687' title='bbox 3087 4099 3462 4168; x_wconf 81' lang='lat' dir='ltr'>perﬁdorum,</span> <span class='ocrx_word' id='word_1_688' title='bbox 3513 4114 3636 4151; x_wconf 91' lang='lat' dir='ltr'>non</span> <span class='ocrx_word' id='word_1_689' title='bbox 3675 4099 3846 4151; x_wconf 78' lang='lat' dir='ltr'>debuit</span> 
     </span>
    </p>
   </div>
   <div class='ocr_carea' id='block_1_100' title="bbox 2167 4186 3846 4257">
    <p class='ocr_par' dir='ltr' id='par_1_100' title="bbox 2167 4186 3846 4257">
     <span class='ocr_line' id='line_1_100' title="bbox 2167 4186 3846 4257; baseline -0.001 -18"><span class='ocrx_word' id='word_1_690' title='bbox 2167 4187 2532 4240; x_wconf 85' lang='lat' dir='ltr'>submoveri?</span> <span class='ocrx_word' id='word_1_691' title='bbox 2559 4189 2644 4240; x_wconf 86' lang='lat' dir='ltr'>An</span> <span class='ocrx_word' id='word_1_692' title='bbox 2687 4186 2786 4257; x_wconf 91' lang='lat' dir='ltr'>qui</span> <span class='ocrx_word' id='word_1_693' title='bbox 2825 4186 3050 4240; x_wconf 91' lang='lat' dir='ltr'>homini</span> <span class='ocrx_word' id='word_1_694' title='bbox 3075 4188 3348 4240; x_wconf 86' lang='lat' dir='ltr'>mentitus</span> <span class='ocrx_word' id='word_1_695' title='bbox 3377 4187 3591 4240; x_wconf 90' lang='lat' dir='ltr'>dicitur</span> <span class='ocrx_word' id='word_1_696' title='bbox 3621 4186 3846 4255; x_wconf 72' lang='lat' dir='ltr'>impera</span> 
     </span>
    </p>
   </div>
   <div class='ocr_carea' id='block_1_101' title="bbox 2169 4275 3846 4347">
    <p class='ocr_par' dir='ltr' id='par_1_101' title="bbox 2169 4275 3846 4347">
     <span class='ocr_line' id='line_1_101' title="bbox 2169 4275 3846 4347; baseline -0.003 -18"><span class='ocrx_word' id='word_1_697' title='bbox 2169 4277 2300 4338; x_wconf 87' lang='lat' dir='ltr'>tori,</span> <span class='ocrx_word' id='word_1_698' title='bbox 2335 4281 2391 4330; x_wconf 91' lang='lat' dir='ltr'>et</span> <span class='ocrx_word' id='word_1_699' title='bbox 2413 4276 2512 4347; x_wconf 91' lang='lat' dir='ltr'>qui</span> <span class='ocrx_word' id='word_1_700' title='bbox 2543 4276 2948 4345; x_wconf 85' lang='lat' dir='ltr'>imperatorem</span> <span class='ocrx_word' id='word_1_701' title='bbox 2985 4275 3190 4328; x_wconf 63' lang='lat' dir='ltr'>laesisse</span> <span class='ocrx_word' id='word_1_702' title='bbox 3221 4275 3623 4345; x_wconf 88' lang='lat' dir='ltr'>perhibentur,</span> <span class='ocrx_word' id='word_1_703' title='bbox 3659 4275 3846 4344; x_wconf 78' lang='lat' dir='ltr'>depell.</span> 
     </span>
    </p>
   </div>
   <div class='ocr_carea' id='block_1_102' title="bbox 2100 4347 3846 4434">
    <p class='ocr_par' dir='ltr' id='par_1_102' title="bbox 2100 4347 3846 4434">
     <span class='ocr_line' id='line_1_102' title="bbox 2100 4347 3846 4434; baseline -0.002 -15"><span class='ocrx_word' id='word_1_704' title='bbox 2100 4347 2140 4400; x_wconf 74' lang='grc' dir='ltr'>θ</span> <span class='ocrx_word' id='word_1_705' title='bbox 2171 4367 2509 4428; x_wconf 90' lang='lat' dir='ltr'>debuerunt,</span> <span class='ocrx_word' id='word_1_706' title='bbox 2545 4370 2602 4418; x_wconf 90' lang='lat' dir='ltr'>et</span> <span class='ocrx_word' id='word_1_707' title='bbox 2633 4365 2692 4418; x_wconf 92' lang='lat' dir='ltr'>in</span> <span class='ocrx_word' id='word_1_708' title='bbox 2715 4367 2894 4418; x_wconf 86' lang='lat' dir='ltr'>Deum</span> <span class='ocrx_word' id='word_1_709' title='bbox 2925 4365 3025 4434; x_wconf 90' lang='lat' dir='ltr'>qui</span> <span class='ocrx_word' id='word_1_710' title='bbox 3059 4379 3318 4418; x_wconf 89' lang='lat' dir='ltr'>summus</span> <span class='ocrx_word' id='word_1_711' title='bbox 3347 4369 3402 4417; x_wconf 94' lang='lat' dir='ltr'>et</span> <span class='ocrx_word' id='word_1_712' title='bbox 3431 4379 3602 4416; x_wconf 87' lang='lat' dir='ltr'>verus</span> <span class='ocrx_word' id='word_1_713' title='bbox 3643 4369 3732 4417; x_wconf 86' lang='lat' dir='ltr'>est</span> <span class='ocrx_word' id='word_1_714' title='bbox 3769 4363 3846 4416; x_wconf 86' lang='lat' dir='ltr'>im-</span> 
     </span>
    </p>
   </div>
   <div class='ocr_carea' id='block_1_103' title="bbox 2165 4453 3846 4524">
    <p class='ocr_par' dir='ltr' id='par_1_103' title="bbox 2165 4453 3846 4524">
     <span class='ocr_line' id='line_1_103' title="bbox 2165 4453 3846 4524; baseline 0 -20"><span class='ocrx_word' id='word_1_715' title='bbox 2165 4457 2416 4524; x_wconf 87' lang='lat' dir='ltr'>perator,</span> <span class='ocrx_word' id='word_1_716' title='bbox 2461 4453 2726 4506; x_wconf 86' lang='lat' dir='ltr'>Acacium</span> <span class='ocrx_word' id='word_1_717' title='bbox 2759 4453 3211 4522; x_wconf 87' lang='lat' dir='ltr'>delinquentem,</span> <span class='ocrx_word' id='word_1_718' title='bbox 3265 4455 3674 4522; x_wconf 89' lang='lat' dir='ltr'>sinceramque</span> <span class='ocrx_word' id='word_1_719' title='bbox 3707 4467 3846 4504; x_wconf 88' lang='lat' dir='ltr'>com-</span> 
     </span>
    </p>
   </div>
   <div class='ocr_carea' id='block_1_104' title="bbox 2167 4541 3846 4596">
    <p class='ocr_par' dir='ltr' id='par_1_104' title="bbox 2167 4541 3846 4596">
     <span class='ocr_line' id='line_1_104' title="bbox 2167 4541 3846 4596; baseline -0.003 0"><span class='ocrx_word' id='word_1_720' title='bbox 2167 4542 2502 4596; x_wconf 90' lang='lat' dir='ltr'>munionem</span> <span class='ocrx_word' id='word_1_721' title='bbox 2535 4541 2716 4595; x_wconf 87' lang='lat' dir='ltr'>divini</span> <span class='ocrx_word' id='word_1_722' title='bbox 2749 4542 3093 4595; x_wconf 87' lang='lat' dir='ltr'>sacramenti</span> <span class='ocrx_word' id='word_1_723' title='bbox 3119 4541 3442 4595; x_wconf 89' lang='lat' dir='ltr'>studentem</span> <span class='ocrx_word' id='word_1_724' title='bbox 3469 4543 3718 4595; x_wconf 88' lang='lat' dir='ltr'>miscere</span> <span class='ocrx_word' id='word_1_725' title='bbox 3743 4555 3846 4594; x_wconf 78' lang='lat' dir='ltr'>cun</span> 
     </span>
    </p>
   </div>
   <div class='ocr_carea' id='block_1_105' title="bbox 2166 4630 3846 4702">
    <p class='ocr_par' dir='ltr' id='par_1_105' title="bbox 2166 4630 3846 4702">
     <span class='ocr_line' id='line_1_105' title="bbox 2166 4630 3846 4702; baseline -0.004 -18"><span class='ocrx_word' id='word_1_726' title='bbox 2166 4630 2418 4702; x_wconf 79' lang='lat' dir='ltr'>perﬁdis,</span> <span class='ocrx_word' id='word_1_727' title='bbox 2470 4631 2784 4684; x_wconf 90' lang='lat' dir='ltr'>secundum</span> <span class='ocrx_word' id='word_1_728' title='bbox 2831 4630 3116 4700; x_wconf 86' lang='lat' dir='ltr'>synodum</span> <span class='ocrx_word' id='word_1_729' title='bbox 3163 4647 3278 4700; x_wconf 86' lang='lat' dir='ltr'>qua</span> <span class='ocrx_word' id='word_1_730' title='bbox 3309 4631 3432 4684; x_wconf 77' lang='lat' dir='ltr'>haec</span> <span class='ocrx_word' id='word_1_731' title='bbox 3473 4637 3559 4684; x_wconf 89' lang='lat' dir='ltr'>est</span> <span class='ocrx_word' id='word_1_732' title='bbox 3595 4631 3846 4684; x_wconf 83' lang='lat' dir='ltr'>damnat:</span> 
     </span>
    </p>
   </div>
   <div class='ocr_carea' id='block_1_106' title="bbox 2167 4718 3842 4790">
    <p class='ocr_par' dir='ltr' id='par_1_106' title="bbox 2167 4718 3842 4790">
     <span class='ocr_line' id='line_1_106' title="bbox 2167 4718 3842 4790; baseline -0.003 -17"><span class='ocrx_word' id='word_1_733' title='bbox 2167 4719 2408 4790; x_wconf 82' lang='lat' dir='ltr'>perﬁdia</span> <span class='ocrx_word' id='word_1_734' title='bbox 2450 4735 2565 4772; x_wconf 91' lang='lat' dir='ltr'>non</span> <span class='ocrx_word' id='word_1_735' title='bbox 2609 4718 2909 4790; x_wconf 89' lang='lat' dir='ltr'>oportebat</span> <span class='ocrx_word' id='word_1_736' title='bbox 2953 4719 3218 4773; x_wconf 83' lang='lat' dir='ltr'>excludi?</span> <span class='ocrx_word' id='word_1_737' title='bbox 3253 4719 3384 4782; x_wconf 89' lang='lat' dir='ltr'>Sed,</span> <span class='ocrx_word' id='word_1_738' title='bbox 3429 4718 3613 4773; x_wconf 84' lang='lat' dir='ltr'>velint</span> <span class='ocrx_word' id='word_1_739' title='bbox 3657 4719 3842 4773; x_wconf 83' lang='lat' dir='ltr'>nolint</span> 
     </span>
    </p>
   </div>
   <div class='ocr_carea' id='block_1_107' title="bbox 2167 4807 3826 4880">
    <p class='ocr_par' dir='ltr' id='par_1_107' title="bbox 2167 4807 3826 4880">
     <span class='ocr_line' id='line_1_107' title="bbox 2167 4807 3826 4880; baseline -0.002 -18"><span class='ocrx_word' id='word_1_740' title='bbox 2167 4809 2578 4880; x_wconf 86' lang='lat' dir='ltr'>ipsiusjudicio</span> <span class='ocrx_word' id='word_1_741' title='bbox 2609 4808 2848 4878; x_wconf 86' lang='lat' dir='ltr'>antiqua</span> <span class='ocrx_word' id='word_1_742' title='bbox 2871 4823 3158 4861; x_wconf 89' lang='lat' dir='ltr'>canonum</span> <span class='ocrx_word' id='word_1_743' title='bbox 3189 4809 3494 4862; x_wconf 89' lang='lat' dir='ltr'>constituta</span> <span class='ocrx_word' id='word_1_744' title='bbox 3516 4807 3826 4862; x_wconf 81' lang='lat' dir='ltr'>ﬁrmantur</span> 
     </span>
    </p>
   </div>
   <div class='ocr_carea' id='block_1_108' title="bbox 2167 4897 3846 4967">
    <p class='ocr_par' dir='ltr' id='par_1_108' title="bbox 2167 4897 3846 4967">
     <span class='ocr_line' id='line_1_108' title="bbox 2167 4897 3846 4967; baseline -0.003 -17"><span class='ocrx_word' id='word_1_745' title='bbox 2167 4899 2263 4952; x_wconf 91' lang='lat' dir='ltr'>sed</span> <span class='ocrx_word' id='word_1_746' title='bbox 2295 4898 2546 4966; x_wconf 88' lang='lat' dir='ltr'>religiosi</span> <span class='ocrx_word' id='word_1_747' title='bbox 2575 4897 2684 4950; x_wconf 87' lang='lat' dir='ltr'>viri</span> <span class='ocrx_word' id='word_1_748' title='bbox 2731 4902 2902 4967; x_wconf 87' lang='lat' dir='ltr'>atque</span> <span class='ocrx_word' id='word_1_749' title='bbox 2955 4897 3192 4966; x_wconf 85' lang='lat' dir='ltr'>perfecti</span> <span class='ocrx_word' id='word_1_750' title='bbox 3253 4897 3568 4950; x_wconf 86' lang='lat' dir='ltr'>secundum</span> <span class='ocrx_word' id='word_1_751' title='bbox 3615 4911 3846 4950; x_wconf 83' lang='lat' dir='ltr'>canone:</span> 
     </span>
    </p>
   </div>
   <div class='ocr_carea' id='block_1_109' title="bbox 2168 4985 3846 5056">
    <p class='ocr_par' dir='ltr' id='par_1_109' title="bbox 2168 4985 3846 5056">
     <span class='ocr_line' id='line_1_109' title="bbox 2168 4985 3846 5056; baseline -0.002 -16"><span class='ocrx_word' id='word_1_752' title='bbox 2168 5003 2491 5040; x_wconf 89' lang='lat' dir='ltr'>concessam</span> <span class='ocrx_word' id='word_1_753' title='bbox 2531 4985 2653 5040; x_wconf 90' lang='lat' dir='ltr'>sedi</span> <span class='ocrx_word' id='word_1_754' title='bbox 2683 4986 3010 5056; x_wconf 63' lang='lat' dir='ltr'>apostolicae</span> <span class='ocrx_word' id='word_1_755' title='bbox 3063 4990 3398 5054; x_wconf 88' lang='lat' dir='ltr'>potestatem</span> <span class='ocrx_word' id='word_1_756' title='bbox 3439 4985 3722 5039; x_wconf 90' lang='lat' dir='ltr'>nimirum</span> <span class='ocrx_word' id='word_1_757' title='bbox 3779 5001 3846 5038; x_wconf 82' lang='lat' dir='ltr'>co-</span> 
     </span>
    </p>
   </div>
   <div class='ocr_carea' id='block_1_110' title="bbox 2171 5072 3846 5144">
    <p class='ocr_par' dir='ltr' id='par_1_110' title="bbox 2171 5072 3846 5144">
     <span class='ocr_line' id='line_1_110' title="bbox 2171 5072 3846 5144; baseline -0.004 -16"><span class='ocrx_word' id='word_1_758' title='bbox 2171 5079 2383 5128; x_wconf 89' lang='lat' dir='ltr'>nantur</span> <span class='ocrx_word' id='word_1_759' title='bbox 2433 5074 2678 5144; x_wconf 89' lang='lat' dir='ltr'>eripere,</span> <span class='ocrx_word' id='word_1_760' title='bbox 2751 5078 2808 5127; x_wconf 92' lang='lat' dir='ltr'>et</span> <span class='ocrx_word' id='word_1_761' title='bbox 2853 5072 3084 5127; x_wconf 89' lang='lat' dir='ltr'>sibimet</span> <span class='ocrx_word' id='word_1_762' title='bbox 3161 5089 3288 5126; x_wconf 90' lang='lat' dir='ltr'>eam</span> <span class='ocrx_word' id='word_1_763' title='bbox 3359 5079 3560 5127; x_wconf 89' lang='lat' dir='ltr'>contra</span> <span class='ocrx_word' id='word_1_764' title='bbox 3617 5089 3846 5128; x_wconf 85' lang='lat' dir='ltr'>canone:</span> 
     </span>
    </p>
   </div>
   <div class='ocr_carea' id='block_1_111' title="bbox 2170 5163 2904 5233">
    <p class='ocr_par' dir='ltr' id='par_1_111' title="bbox 2170 5163 2904 5233">
     <span class='ocr_line' id='line_1_111' title="bbox 2170 5163 2904 5233; baseline -0.007 -16"><span class='ocrx_word' id='word_1_765' title='bbox 2170 5179 2448 5233; x_wconf 86' lang='lat' dir='ltr'>usurpare</span> <span class='ocrx_word' id='word_1_766' title='bbox 2475 5163 2850 5218; x_wconf 90' lang='lat' dir='ltr'>contendunt.</span> <span class='ocrx_word' id='word_1_767' title='bbox 2877 5185 2904 5212; x_wconf 70' lang='grc' dir='ltr'><strong><em>κ</em></strong></span> 
     </span>
    </p>
   </div>
   <div class='ocr_carea' id='block_1_112' title="bbox 2799 5303 3239 5359">
    <p class='ocr_par' dir='ltr' id='par_1_112' title="bbox 2799 5303 3239 5359">
     <span class='ocr_line' id='line_1_112' title="bbox 2799 5303 3239 5359; baseline 0 -1"><span class='ocrx_word' id='word_1_768' title='bbox 2799 5305 2924 5359; x_wconf 78' lang='lat' dir='ltr'>CAP.</span> <span class='ocrx_word' id='word_1_769' title='bbox 2969 5303 3239 5359; x_wconf 84' lang='lat' dir='ltr'>CXCVIII.</span> 
     </span>
    </p>
   </div>
   <div class='ocr_carea' id='block_1_113' title="bbox 2243 5419 3840 5491">
    <p class='ocr_par' dir='ltr' id='par_1_113' title="bbox 2243 5419 3840 5491">
     <span class='ocr_line' id='line_1_113' title="bbox 2243 5419 3840 5491; baseline -0.001 -17"><span class='ocrx_word' id='word_1_770' title='bbox 2243 5421 2384 5475; x_wconf 87' lang='lat' dir='ltr'>Item</span> <span class='ocrx_word' id='word_1_771' title='bbox 2409 5419 2470 5473; x_wconf 92' lang='lat' dir='ltr'>in</span> <span class='ocrx_word' id='word_1_772' title='bbox 2495 5419 2738 5490; x_wconf 88' lang='lat' dir='ltr'>epistola</span> <span class='ocrx_word' id='word_1_773' title='bbox 2769 5420 2838 5474; x_wconf 90' lang='lat' dir='ltr'>ad</span> <span class='ocrx_word' id='word_1_774' title='bbox 2859 5420 3220 5474; x_wconf 78' lang='lat' dir='ltr'>Anastasium</span> <span class='ocrx_word' id='word_1_775' title='bbox 3245 5419 3652 5491; x_wconf 74' lang='lat' dir='ltr'>imperatorem</span> <span class='ocrx_word' id='word_1_776' title='bbox 3681 5421 3840 5490; x_wconf 82' lang='lat' dir='ltr'>{epist</span> 
     </span>
    </p>
   </div>
   <div class='ocr_carea' id='block_1_114' title="bbox 2171 5507 3846 5579">
    <p class='ocr_par' dir='ltr' id='par_1_114' title="bbox 2171 5507 3846 5579">
     <span class='ocr_line' id='line_1_114' title="bbox 2171 5507 3846 5579; baseline -0.002 -17"><span class='ocrx_word' id='word_1_777' title='bbox 2171 5510 2250 5578; x_wconf 87' lang='lat'>8),</span> <span class='ocrx_word' id='word_1_778' title='bbox 2283 5509 2435 5562; x_wconf 89' lang='lat' dir='ltr'>inter</span> <span class='ocrx_word' id='word_1_779' title='bbox 2465 5515 2672 5563; x_wconf 76' lang='lat' dir='ltr'>caetera</span> <span class='ocrx_word' id='word_1_780' title='bbox 2715 5510 2792 5562; x_wconf 88' lang='lat' dir='ltr'>sic</span> <span class='ocrx_word' id='word_1_781' title='bbox 2845 5507 3020 5562; x_wconf 87' lang='lat' dir='ltr'>dicit:</span> <span class='ocrx_word' id='word_1_782' title='bbox 3075 5531 3097 5557; x_wconf 81' lang='grc' dir='ltr'>ιι</span> <span class='ocrx_word' id='word_1_783' title='bbox 3145 5507 3492 5579; x_wconf 70' lang='grc' dir='ltr'>Αροείοιίοω</span> <span class='ocrx_word' id='word_1_784' title='bbox 3543 5524 3674 5562; x_wconf 81' lang='lat' dir='ltr'>vero</span> <span class='ocrx_word' id='word_1_785' title='bbox 3719 5507 3846 5560; x_wconf 74' lang='lat' dir='ltr'>sedi:</span> 
     </span>
    </p>
   </div>
   <div class='ocr_carea' id='block_1_115' title="bbox 2173 5597 3846 5669">
    <p class='ocr_par' dir='ltr' id='par_1_115' title="bbox 2173 5597 3846 5669">
     <span class='ocr_line' id='line_1_115' title="bbox 2173 5597 3846 5669; baseline -0.001 -17"><span class='ocrx_word' id='word_1_786' title='bbox 2173 5598 2500 5662; x_wconf 85' lang='lat' dir='ltr'>auctoritas,</span> <span class='ocrx_word' id='word_1_787' title='bbox 2553 5599 2703 5669; x_wconf 86' lang='lat' dir='ltr'>quod</span> <span class='ocrx_word' id='word_1_788' title='bbox 2755 5598 2973 5652; x_wconf 90' lang='lat' dir='ltr'>cunctis</span> <span class='ocrx_word' id='word_1_789' title='bbox 3023 5599 3244 5651; x_wconf 65' lang='lat' dir='ltr'>saeculis</span> <span class='ocrx_word' id='word_1_790' title='bbox 3291 5597 3636 5652; x_wconf 85' lang='lat' dir='ltr'>Christianis</span> <span class='ocrx_word' id='word_1_791' title='bbox 3671 5597 3846 5652; x_wconf 86' lang='lat' dir='ltr'>Eccle-</span> 
     </span>
    </p>
   </div>
  </div>
