3846 6244
9 288 97 337 ἷίὶ3
1274 287 1485 344 LIBER
1523 289 1889 344 ADVERSUS
1928 289 2234 346 GRAECOS.
3406 295 3506 344 7M

10 419 88 471 siae
113 418 350 486 praelata
381 421 455 473 sit
486 421 791 484 universae,
838 429 892 474 et
922 439 1204 476 canonum
1240 424 1384 477 serie
1429 428 1695 494 paterno-
1736 427 1781 478 A
1815 424 2214 492 Mediolanum,
2249 428 2402 497 apud
2437 428 2783 495 Ravennam,
2809 430 2958 497 apud
3007 428 3304 496 Sirmium,
3355 429 3506 499 apud

13 524 139 570 rum,
170 513 226 559 et
281 509 597 579 multiplici
643 510 946 564 traditione
991 511 1274 574 ﬁrmatur,
1315 535 1334 559 ι
1373 518 1479 566 etc.
1531 529 1702 582 usque

11 596 88 658 ad,
118 602 283 664 putas
309 597 615 651 interesse.

663 705 791 758 CAP.
823 706 1036 760 CXCIX.

71 828 200 880 Item
243 826 307 880 in
353 827 599 881 redditis
645 828 961 881 rationibus
1001 829 1152 882 inter
1201 833 1404 882 caetera
1451 831 1528 882 sic
1569 830 1706 884 dicit

11 919 187 985 (Epist.
229 918 314 981 l3,
366 916 442 969 ad
468 917 817 986 Dardanos):
855 938 882 964 «
915 917 1027 970 Nec
1061 917 1231 987 plane
1260 923 1514 971 tacemus
1548 919 1698 988 quod

11 1010 187 1056 cuneta
217 1019 328 1074 per
377 1005 662 1058 mundum
714 1006 870 1059 novit
921 1006 1204 1072 Ecclesia;
1245 1007 1520 1077 quoniam
1560 1023 1699 1077 quo-

13 1093 258 1147 rumlibet
311 1095 617 1147 sententiis
666 1095 905 1164 ligatum
957 1095 1287 1164 pontiﬁcem
1332 1096 1493 1149 sedes
1551 1095 1702 1148 beati

14 1180 140 1237 Petri
169 1182 426 1250 apostoli
455 1182 551 1250 jus
581 1181 787 1235 habeat
810 1183 1031 1247 resolvi,
1059 1188 1277 1251 utpote
1299 1199 1427 1253 quae
1450 1185 1518 1236 de
1543 1185 1698 1236 omni

13 1269 232 1325 Ecclesia
261 1271 351 1324 fas
385 1271 598 1324 haheat
621 1271 937 1341 judicandi,
976 1288 1164 1342 neque
1197 1272 1462 1342 cuiquam
1486 1274 1554 1326 de
1578 1274 1700 1342 ejus

13 1360 148 1413 liceat
171 1359 444 1428 judicare
470 1359 711 1429 judicio.
745 1361 1037 1431 Siquidem
1069 1362 1134 1414 ad
1171 1362 1325 1415 illam
1356 1362 1424 1415 de
1448 1362 1703 1432 qualibet

13 1448 186 1503 mundi
215 1454 384 1518 parte
417 1466 666 1502 canones
699 1450 976 1518 appellari
1025 1451 1328 1513 voluerint,
1365 1451 1433 1502 ab
1473 1451 1567 1502 illa
1598 1467 1696 1504 an-

17 1545 106 1589 tem
135 1552 308 1589 nemo
345 1538 417 1589 sit
468 1539 759 1606 appellare
798 1537 1127 1608 permissus.
1181 1539 1536 1608 Quapropter
1569 1540 1702 1592 satis

18 1631 211 1678 constat
253 1627 530 1680 Acacium
579 1627 793 1679 nullam
849 1627 1117 1680 habuisse
1175 1628 1512 1696 pontiﬁcum
1565 1644 1700 1680 sen—

20 1713 228 1766 tentiam
262 1714 418 1766 sedis
452 1715 803 1782 apostolicae.
840 1716 961 1767 sine
1011 1716 1122 1768 ulla
1163 1717 1284 1784 ejus
1323 1716 1557 1768 notione
1589 1717 1699 1768 sol-

21 1802 163 1855 vendi
195 1819 210 1855 :
245 1819 361 1872 qua
397 1809 550 1856 certe
580 1805 794 1872 synodo
836 1804 940 1856 hoc
976 1804 1071 1857 ille
1115 1806 1502 1874 praesumpsit,
1549 1805 1704 1875 quod

24 1909 104 1945 nec
127 1891 199 1943 sic
239 1892 462 1962 absque
510 1895 821 1962 apostolica
868 1895 997 1945 sede
1052 1895 1133 1947 fas
1183 1894 1415 1963 quidem
1469 1894 1706 1947 haberet

25 1981 257 2034 allicere?
297 1982 475 2050 Cujus
515 1982 662 2034 sedis
701 1983 1044 2051 episcopus?
1089 1983 1260 2051 Cujus
1295 1989 1379 2035 est
1408 1989 1702 2052 metropo-

25 2070 187 2122 litana:
216 2069 465 2123 civitatis
510 2070 789 2122 antistes?
830 2087 1022 2122 nonne
1071 2071 1352 2140 parochim
1401 2072 1701 2124 Heracleu-

27 2158 83 2209 εἰς
108 2158 400 2211 ecclesiae?
429 2157 519 2212 Sic
549 2157 631 2211 illi
676 2163 827 2211 certe
870 2159 1029 2211 licuit
1068 2159 1188 2211 sine
1229 2159 1444 2228 synodo
1473 2165 1702 2212 senten-

30 2246 138 2297 tiam
179 2246 515 2315 apostolicae
566 2245 716 2299 sedis
770 2246 1127 2316 abrumpere,
1171 2247 1327 2300 nulla
1383 2247 1505 2314 ejus
1562 2262 1701 2299 con-

28 2334 303 2386 sultatione
337 2333 603 2404 quaesita,
633 2335 785 2386 itane
833 2350 964 2388 vero
999 2350 1109 2387 non
1159 2335 1312 2387 licuit
1347 2335 1550 2404 prima:
1583 2335 1704 2388 sedi

30 2420 482 2475 Chalcedonensis
510 2422 715 2492 synodi
736 2424 1062 2483 constituta,
1111 2422 1253 2475 sicut
1288 2423 1497 2486 decuit,
1541 2439 1704 2476 exse-

32 2510 216 2578 quenti,
273 2510 609 2580 hujusmodi
657 2510 1154 2580 praevaricatorem
1211 2528 1312 2563 sua
1367 2512 1702 2563 auctoritate

32 2599 344 2653 detrudere?
391 2599 498 2652 Sed
539 2615 644 2652 nec
690 2599 788 2652 illa
825 2599 1206 2669 praeterimus,
1259 2601 1406 2669 quod
1469 2605 1704 2669 aposto-

34 2687 117 2740 lica
140 2688 296 2740 sedes
330 2688 682 2758 frequenter,
722 2693 782 2739 ut
808 2688 1022 2741 dictum
1054 2694 1157 2754 est,
1197 2704 1352 2741 more
1380 2688 1705 2758 {majorunn

39 2777 181 2827 etiam
222 2776 344 2827 sine
393 2776 509 2828 ulla
559 2775 774 2845 synodo
824 2775 1203 2845 praecedente,
1241 2778 1334 2845 jus
1373 2776 1571 2829 habuit
1613 2793 1704 2829 ex-

39 2864 260 2917 solvendi
299 2865 458 2934 quod
504 2864 754 2934 synodus
789 2863 986 2934 iniqua
1029 2865 1417 2932 damnaverat,
1457 2870 1508 2917 et
1554 2864 1708 2918 dam-

39 2953 184 3004 nandi
241 2954 403 3006 nulla
459 2952 738 3006 existente
797 2953 1010 3023 synodo
1078 2969 1220 3022 quos
1273 2953 1549 3023 oportuit,
1605 2954 1704 3006 ha-

41 3041 194 3093 buerit
218 3042 568 3094 facultatem.
605 3042 820 3094 Sancta:
865 3041 1158 3094 memoriae
1191 3041 1408 3112 quippe
1448 3043 1704 3094 Athana-

43 3132 159 3183 sium
215 3131 464 3200 synodus
533 3130 836 3185 Orientalis
901 3130 1216 3196 addixerat,
1277 3147 1447 3200 quem
1517 3137 1706 3184 tamen

44 3225 302 3289 exceptum
362 3220 528 3273 sedes
571 3219 906 3289 apostolica,
962 3220 1098 3288 quia
1154 3219 1505 3272 damnationi
1555 3221 1708 3274 Grae-

44 3324 208 3361 czwum
262 3325 376 3362 non
432 3308 744 3372 consensit,
805 3309 1065 3370 absolvit,
1145 3313 1354 3362 sanctae
1418 3309 1708 3361 memoria!

47 3397 384 3450 nihilominus
415 3398 698 3450 Joannem
733 3396 1431 3467 Constantinopolitanum
1459 3397 1709 3468 synodus

45 3485 184 3538 etiam
241 3486 662 3539 catholicorum
721 3486 1034 3554 praesulum
1101 3491 1249 3539 certe
1319 3486 1707 3552 damnaverat,

46 3589 184 3642 quem
213 3574 382 3627 simili
420 3575 590 3627 modo
623 3574 784 3628 sedes
827 3574 1139 3644 apostolica
1183 3575 1355 3628 etiam
1399 3574 1539 3638 sola,
1577 3575 1709 3644 quia

49 3674 138 3711 non
167 3661 466 3722 consensit,
503 3661 762 3714 absolvit.
796 3663 1053 3732 Itemque
1087 3668 1343 3716 sanctum
1379 3662 1710 3716 Flavianum

51 3749 348 3815 pontiﬁcum
377 3751 706 3805 Graecorum
731 3751 1175 3820 congregatione
1195 3751 1554 3814 damnatum,
1584 3749 1710 3820 pari

51 3843 233 3898 tenore,
274 3839 547 3908 quoniam
583 3839 703 3892 sola
737 3839 896 3892 sedes
925 3839 1236 3908 apostolica
1261 3855 1372 3891 non
1397 3839 1706 3905 consensit,

51 3925 270 3990 absolvit,
301 3929 610 3998 potiusque
641 3927 742 3996 qui
781 3927 897 3980 illic
948 3933 1207 3997 receptus
1249 3928 1435 3982 fuerat
1479 3927 1707 3981 Diosco-

52 4029 153 4067 rum
193 4017 447 4070 secundae
495 4016 647 4070 sedis
686 4018 993 4085 prazsulem
1031 4033 1134 4069 sua
1171 4015 1505 4070 auctoritate
1547 4016 1707 4070 dam-

52 4103 196 4171 navit,
238 4110 290 4158 et
318 4105 513 4175 impiae
552 4105 771 4174 synodo
811 4121 924 4158 non
956 4105 1364 4158 consentiendo
1409 4105 1526 4157 sola
1571 4104 1707 4158 sub-

56 4192 214 4256 movit,
272 4200 324 4246 et
385 4199 445 4247 ut
502 4194 752 4264 synodus
805 4192 1286 4248 Chalcedonensis
1343 4192 1524 4259 ﬁeret,
1589 4193 1710 4246 sola

54 4280 264 4335 decrevit
317 4283 394 4351 (in
450 4299 564 4352 qua
621 4282 765 4336 sicut
817 4283 934 4336 sola
976 4283 1070 4351 jus
1123 4281 1323 4334 habuit
1379 4281 1709 4335 absolvendi

55 4383 126 4419 eos
164 4385 293 4440 quos
340 4371 609 4441 synodica
667 4371 895 4424 decreta
952 4371 1334 4439 perculerant,
1396 4369 1474 4422 sic
1537 4369 1706 4422 etiam

55 4456 148 4508 sine
197 4461 406 4527 synodo
465 4459 525 4512 in
589 4459 691 4512 hac
747 4459 948 4511 eadem
994 4474 1164 4511 causa
1214 4457 1492 4528 plurimos
1537 4457 1706 4511 etiam

56 4548 487 4615 metropolitanos
517 4547 818 4601 damnasse
861 4546 1262 4617 cognoscitur).
1298 4547 1462 4610 Quod
1501 4549 1546 4599 si
1582 4547 1710 4616 quis

59 4633 148 4686 haec
171 4635 234 4688 ab
276 4635 590 4706 apostolica
628 4637 758 4689 sede
791 4637 876 4689 vel
918 4636 1228 4689 secundum
1273 4635 1554 4705 synodum
1585 4640 1711 4688 acta

57 4723 394 4791 reprehendit,
456 4731 666 4794 praeter
711 4725 862 4795 quod
894 4725 1080 4794 prisca
1130 4740 1322 4776 rerum
1369 4723 1708 4793 probatione

58 4813 381 4881 convincitur,
415 4814 652 4868 interim
687 4814 868 4867 multo
902 4813 1086 4884 magis
1109 4813 1307 4867 Acacio
1342 4828 1456 4866 non
1483 4811 1710 4866 licuisse

60 4897 296 4966 fatebitur.
327 4927 354 4951 ι)

726 5010 854 5064 CAP.
895 5009 996 5064 CC.

114 5122 230 5176 ltem
248 5124 398 5178 idem
413 5123 742 5179 Gelasiusin
759 5123 1116 5194 eisdempost
1140 5139 1322 5192 pauca
1352 5139 1364 5175 :
1405 5144 1432 5170 ‹‹
1461 5120 1712 5176 Risimus

63 5216 209 5265 autem
235 5215 380 5283 quod
413 5213 850 5284 pmrogativam
888 5213 1087 5266 volunt
1125 5212 1328 5266 Acacio
1367 5211 1708 5279 comparari,

62 5301 162 5366 quia
185 5304 478 5374 episcopus
507 5302 683 5356 fuerit
713 5303 885 5373 regiae
929 5301 1191 5355 civitatis.
1239 5299 1509 5370 Nunquid
1558 5299 1711 5368 apud

111 5435 129 5458 ⁸
152 5429 266 5484 Haec
292 5429 347 5483 in
380 5430 494 5484 ﬁne
525 5429 778 5498 epistolae
814 5431 1081 5498 reperies.

111 5509 133 5549 b
156 5501 258 5578 lloc
285 5517 415 5578 vero
446 5501 508 5553 in
543 5500 684 5554 edit.
715 5501 1016 5570 conjuncta
1056 5499 1276 5554 videbis
1309 5517 1437 5555 cum
1475 5499 1661 5554 verbis
1695 5515 1707 5552 :

62 5577 212 5633 punita
236 5577 564 5637 cunctorum,
605 5587 793 5642 supra.

1815 513 2097 575 Triberos,
2137 515 2330 567 multis
2385 516 2739 585 temporibus
2785 533 2900 570 non
2950 517 3205 570 constitit
3254 517 3504 588 impera-

1816 608 1922 655 tor.
1965 603 2235 673 Nunquid
2279 620 2410 657 nam
2461 605 2663 657 harum
2710 605 2940 658 urbium
2993 606 3316 658 sacerdotes
3356 606 3507 658 ultra

1816 706 2141 745 mensuram
2174 692 2402 744 sibimet
2442 692 2756 762 antiquitus
2808 693 3160 764 deputatam,
3204 689 3506 764 quidpiam

1812 780 1930 833 suis
1960 781 2336 851 dignitatibus
2370 783 2756 851 usurparunt?
2790 801 2815 831 ι)

2509 924 2639 978 CAP.
2675 923 2801 977 CCI.

1883 1049 2020 1100 item
2071 1047 2221 1100 idem
2281 1053 2406 1118 post
2467 1063 2690 1117 pauca:
2732 1069 2753 1096 «ι
2785 1048 2841 1102 Si
2901 1053 3056 1100 certe
3119 1048 3188 1101 de
3227 1047 3508 1115 dignitate

1811 1137 1999 1204 agitur
2024 1136 2337 1200 civitatum,
2373 1137 2636 1189 secunda:
2686 1135 2836 1189 sedis
2874 1142 2930 1188 et
2968 1137 3153 1189 tertia:
3197 1136 3383 1205 major
3427 1140 3512 1188 est

1810 1225 2056 1293 dignitas
2086 1225 2465 1289 sacerdotum,
2519 1241 2691 1293 quam
2745 1225 2868 1294 ejus
2908 1225 3174 1289 civitatis,
3225 1241 3356 1295 qua:
3398 1240 3511 1276 non

1811 1314 1995 1366 solum
2028 1313 2175 1366 inter
2221 1315 2382 1367 sedes
2417 1315 2652 1366 minime
2686 1318 3040 1378 numeratur,
3073 1313 3172 1366 sed
3218 1329 3320 1366 nec
3363 1312 3513 1364 inter

1814 1403 2384 1471 metropolitanorum
2432 1404 2564 1472 jura
2608 1408 2891 1455 censetur.
2949 1403 3087 1455 Nam
3137 1401 3287 1472 quod
3321 1400 3509 1454 dicitis

1811 1493 1983 1561 regite
2015 1493 2272 1552 civitatis,
2310 1492 2421 1544 alia
2451 1498 2697 1559 potestas
2727 1496 2809 1542 est
2851 1491 3015 1559 regni
3053 1489 3362 1553 sascularis,
3399 1489 3510 1541 alia

1813 1579 2318 1633 ecclesiasticarum
2363 1579 2688 1632 distributio
2731 1579 3093 1647 dignitatum.
3149 1577 3306 1631 Sicut
3350 1575 3505 1630 enim

1743 1707 1780 1758 Β
1813 1685 2073 1739 quamvis
2099 1685 2274 1736 parva
2303 1668 2497 1720 civitas
2531 1667 2969 1737 praerogativam
3020 1666 3316 1736 praesentis
3345 1665 3508 1732 regni

1815 1774 1933 1810 non
1989 1757 2218 1822 minuit,
2277 1757 2354 1808 sic
2431 1755 2746 1825 imperialis
2817 1755 3120 1825 praesentia
3181 1769 3509 1807 mensuram

1813 1846 2249 1917 dispensationis
2300 1846 2584 1916 religiosus
2637 1862 2751 1898 non
2803 1851 3002 1899 mutat.
3044 1845 3125 1898 Sit
3179 1844 3330 1896 clara
3377 1844 3513 1896 urbs

1815 1937 1912 1990 illa
1943 1941 2223 2006 potestate
2258 1935 2553 2004 praesentis
2584 1933 2830 2004 imperii,
2864 1938 2919 1985 et
2953 1932 3154 2002 religio
3179 1932 3286 1985 sub
3311 1931 3512 1983 eodem

1813 2031 1948 2079 tunc
1982 2025 2166 2088 ﬁrma,
2207 2029 2342 2076 tunc
2389 2023 2586 2084 libera,
2632 2029 2768 2075 tunc
2826 2026 3089 2091 provecta
3138 2020 3418 2084 consistit,
3461 2020 3506 2070 si

1814 2113 1999 2182 potius
2026 2112 2131 2165 hoc
2162 2117 2440 2181 praesente
2483 2111 2774 2181 propriam
2826 2115 3016 2162 teneat
3053 2109 3173 2162 sine
3217 2109 3334 2161 ulla
3373 2123 3510 2176 per-

1813 2201 2139 2254 turbatione
2173 2215 2520 2253 mensuram.
2558 2221 2584 2246 ››

2505 2345 2633 2398 CAP.
2661 2341 2813 2395 CCII.

1890 2468 2032 2520 [tem
2079 2465 2228 2519 idem
2272 2465 2333 2518 in
2381 2464 2494 2518 ﬁne
2536 2464 2865 2517 rationum:
2907 2483 2927 2510 ι
2962 2462 3118 2516 Sicut
3165 2473 3269 2529 per
3316 2475 3499 2512 unum

1816 2554 2158 2608 scribentem
2188 2569 2387 2607 eorum
2420 2552 2678 2605 omnium
2715 2553 2940 2620 vulgata
2989 2547 3370 2618 transgressio
3407 2553 3509 2611 est,

1817 2643 1916 2714 qui
1947 2644 2004 2696 in
2037 2645 2236 2696 eadem
2271 2642 2522 2713 perfidiae.
2550 2641 2867 2694 reciderant
2896 2638 3120 2692 actione
3153 2654 3166 2690 :
3201 2637 3278 2689 sic
3310 2638 3366 2688 in
3400 2652 3512 2688 uno

1815 2732 2132 2800 eodemque
2166 2731 2263 2800 qui
2298 2746 2398 2800 pro
2429 2729 2696 2781 omnibus
2726 2729 3048 2797 scripserat,
3087 2727 3172 2778 vel
3212 2724 3512 2777 scribendo

1817 2819 2081 2874 omnium
2129 2819 2465 2888 prodiderat
2512 2819 2850 2881 voluntates,
2903 2814 3353 2885 transgressione
3400 2829 3510 2882 pu-

1817 2909 1936 2963 nita
1973 2914 2329 2962 cunctorum.
2367 2907 2501 2970 Qua:
2545 2907 2612 2959 ad
2655 2905 3090 2958 instructionem
3131 2907 3325 2955 vestra:
3373 2901 3511 2955 dile-

1746 3003 1785 3057 C
1817 2997 2017 3051 ctionis
2062 2997 2196 3050 satis
2246 2997 2585 3065 abundeque
2637 2994 2896 3047 sufficere
2943 2993 3284 3062 judicamus,
3317 3006 3514 3060 quani-

1817 3087 1899 3139 vis
1929 3085 2130 3139 eadem
2162 3083 2349 3148 latius,
2390 3083 2438 3135 si
2485 3082 2764 3135 Dominus
2790 3079 3130 3135 concesserit
3149 3079 3509 3140 facultatem;

1817 3175 2146 3228 studeamus
2193 3188 2476 3242 exponere
2509 3180 2564 3237 ³;
2621 3175 2903 3240 quatenus
2952 3173 3006 3221 et
3058 3168 3317 3222 ﬁdelium
3365 3167 3512 3236 quis-

1817 3279 1928 3334 que
1977 3266 2300 3331 cognoscat,
2356 3261 2498 3313 nihil
2549 3258 2921 3328 apostolicam
2964 3258 3181 3321 sedem,
3234 3257 3386 3326 quod
3422 3255 3516 3307 ab-

1819 3351 1911 3416 sit,
1962 3365 2330 3421 praepropere
2375 3349 2678 3401 censuisse.
2718 3350 2742 3389 b
2781 3348 2919 3410 Qum
2976 3352 3167 3399 tamen
3231 3343 3510 3396 sententia

1816 3440 1874 3494 in
1932 3439 2194 3494 Acacium
2259 3438 2561 3503 destinata,
2602 3441 2656 3489 et
2703 3435 2753 3488 si
2812 3434 3045 3487 nomine
3100 3431 3506 3486 tantummodo

1816 3527 2077 3599 praesulis
2141 3525 2456 3596 apostolici,
2521 3524 2685 3591 cujus
2752 3527 2874 3576 erat
2939 3522 3139 3592 utique
3211 3520 3510 3589 potestatis

1817 3617 2108 3686 legitimas,
2152 3614 2430 3683 probatur
2469 3629 2589 3666 esse
2633 3613 2994 3680 deprompta,
3048 3609 3338 3678 praecipue
3382 3623 3510 3661 cum

1819 3704 2080 3758 secretim
2121 3702 2423 3772 dirigenda
2468 3700 2775 3763 videretur,
2830 3715 2932 3750 nec
2975 3697 3244 3750 custodiis
3296 3696 3513 3764 ubique

1815 3791 2110 3863 praetentis
2139 3803 2161 3827 ε
2207 3789 2502 3860 dispositio
2544 3788 2826 3851 salutaris,
2870 3785 3219 3856 quibuslibet
3257 3783 3508 3837 difﬁcul-

1816 3881 2027 3934 tatibus
2086 3879 2358 3949 impedita
2419 3877 2799 3930 necessarium
2867 3875 3078 3928 habere
3150 3888 3266 3925 non
3323 3877 3514 3941 posset

1817 3969 2115 4034 effectum;
2153 3974 2338 4021 tamen
2371 3967 2504 4036 quia
2535 3963 2872 4018 orthodoxis
2904 3963 3120 4033 ubique
3166 3961 3417 4030 dejectis,
3458 3964 3513 4011 et

1816 4057 2095 4111 haereticis
2143 4055 2540 4109 tantummodo
2595 4069 2911 4123 eorumque
2980 4050 3343 4104 consortibus
3387 4047 3507 4118 jam

1816 4145 2028 4200 relictis
2071 4146 2128 4197 in
2169 4145 2421 4212 Oriente,
2469 4143 2736 4197 catholici
2785 4141 3083 4212 pontiﬁces
3145 4144 3244 4192 aut
3297 4137 3509 4191 residui

1821 4233 2078 4288 omnimo
2113 4250 2227 4286 non
2260 4239 2466 4296 essent,
2501 4236 2596 4286 aut
2626 4232 2848 4285 nullam
2880 4228 3508 4298 gererentlibertatem,

1750 4297 1790 4350 Β
1821 4323 2205 4395 plurimorum
2251 4322 2311 4375 in
2353 4321 2511 4374 Italia
2561 4297 2972 4373 catholicorum
3019 4315 3383 4386 congregatio
3424 4330 3510 4365 sa-

1819 4413 2135 4476 cerdotum,
2181 4411 2603 4464 rationabiliter
2633 4410 2903 4480 cognovit
2952 4408 3009 4460 in
3041 4407 3306 4460 Acacium
3338 4403 3510 4456 fuisse

1818 4501 2142 4572 prolatam:
2203 4517 2329 4570 quae
2387 4498 2756 4570 congregatio
2804 4499 2951 4550 facta
3002 4494 3338 4565 pontiﬁcum
3398 4506 3509 4543 non

1816 4595 2015 4644 contra
2062 4589 2600 4649 Chalcedonensem,
2665 4603 2777 4639 non
2824 4591 3094 4654 tanquam
3140 4598 3284 4635 nova
3338 4594 3507 4648 syno-

1821 4680 1925 4735 dus
1974 4689 2170 4734 contra
2220 4685 2464 4733 veterem
2515 4677 2872 4748 primamque
2915 4671 3213 4734 convenit;
3258 4669 3350 4721 sed
3403 4684 3508 4736 po-

1818 4771 1934 4824 tius
1983 4769 2294 4824 secundum
2345 4774 2602 4820 tenorem
2647 4763 2850 4816 veteris
2893 4760 3184 4813 constituti
3229 4755 3511 4828 particeps

1818 4859 2144 4929 apostolicae
2175 4855 2554 4910 exsecutionis
2585 4851 2784 4904 effecta
2815 4854 2926 4913 est;
2964 4854 3026 4900 ut
3067 4848 3203 4900 satis
3237 4850 3510 4915 appareat

1822 4947 2127 5001 Ecclesium
2167 4942 2523 5005 catholicam,
2565 4939 2873 5007 sedemque
2918 4935 3308 5006 apostolicam,
3376 4932 3510 5001 quia

1821 5036 1956 5090 alibi
1984 5035 2105 5104 jam
2135 5031 2370 5086 omnino
2395 5045 2509 5083 non
2545 5032 2753 5096 posset,
2784 5025 2882 5078 ubi
2913 5022 3117 5093 potuit,
3154 5028 3360 5074 etcum
3383 5019 3507 5088 qni-

1819 5125 1926 5179 bus
1969 5122 2170 5194 potuit,
2217 5119 2359 5172 nihil
2393 5117 2618 5188 penitus
2664 5114 2942 5178 omisisse,
2987 5111 3134 5180 quod
3189 5109 3254 5161 ad
3307 5109 3508 5161 frater-

1821 5229 1958 5266 num
1993 5209 2306 5280 pertineret
2336 5222 2442 5276 pro
2484 5205 2823 5257 intemerata
2863 5202 2973 5255 ﬁde
3015 5209 3070 5251 et
3098 5199 3314 5250 sincera
3353 5212 3507 5248 com-

1821 5297 2095 5352 munione
2124 5299 2447 5349 tractatum.
2489 5314 2514 5339 ››

1891 5433 1911 5459 °
1940 5421 2210 5480 Custodiis
2246 5421 2443 5489 ubique
2480 5419 2778 5489 praetentis.
2823 5417 2912 5471 Sic
2951 5417 3009 5470 in
3051 5411 3306 5489 epistolis
3353 5413 3513 5466 Gela-

1821 5494 1890 5548 sii
1933 5493 2121 5556 editis,
2165 5497 2221 5545 et
2252 5481 2495 5562 quidem.
2521 5493 2669 5543 recte
2702 5505 2712 5542 :
2745 5488 2804 5542 in
2838 5491 3022 5543 diaeta
3071 5481 3288 5542 codice,
3336 5491 3516 5538 custo—

1821 5567 1930 5623 diae
1953 5565 2257 5636 przsmtis,
2292 5563 2503 5634 inepte.
