3846 6244
330 231 432 282 755
1559 225 1777 279 mea
1818 223 2254 280 PARISIENSIS
2294 195 2604 281 EPISCOPI
3753 227 3840 277 ηδε

1000 361 1130 414 CAP.
1173 360 1350 416 CCIII.

397 453 540 506 Item
571 451 631 505 in
669 449 912 520 epistola
955 448 1154 502 Leonis
1195 465 1362 517 papas
1403 448 1474 502 ad
1514 449 1858 502 Martianum
1905 450 2024 502 Au-

324 545 556 610 gustum
586 539 686 609 (est
705 541 863 608 epist.
896 541 931 591 6
958 540 1014 590 in
1036 539 1252 591 concilii
1279 537 1535 592 Chalced.
1567 542 1727 605 parte
1757 535 1864 606 ιιι),
1895 553 2022 606 qum

323 633 407 683 est
433 645 536 699 per
588 627 859 697 Lycinum
909 627 1246 696 episcopum
1290 631 1346 678 et
1398 625 1663 679 Basilium
1705 625 2014 678 diaconum

324 717 556 782 directa,
597 717 665 770 de
705 713 928 768 ambitu
969 714 1218 768 Anatolii
1260 713 1508 784 episcopi
1549 714 2022 783 Constantinopo-

324 804 509 869 litani,
554 804 704 857 inter
744 808 950 856 caetera
998 802 1076 854 sic
1117 802 1327 871 legitur
1359 818 1371 854 ε
1409 819 1435 850 ‹‹
1473 800 1666 855 Sciens
1709 799 2023 870 gloriosam

323 891 686 947 clementiam
752 897 998 943 vestram
1047 890 1442 942 ecclesiasticae
1500 890 1726 942 studere
1791 905 2021 942 concor-

325 982 457 1046 diae,
500 985 555 1033 et
590 980 677 1032 his
715 995 842 1049 quae
887 978 1138 1048 paciﬁcze
1179 982 1505 1045 congruunt
1542 977 1772 1042 unitati,
1825 976 2018 1046 piissi-

327 1085 483 1121 mum
517 1071 786 1138 pra-stare
825 1081 1188 1128 consensum,
1232 1080 1455 1134 precor,
1483 1067 1538 1117 et
1572 1065 1770 1118 sedula
1813 1080 2022 1133 sugge-

324 1157 510 1210 stione
537 1172 634 1208 vos
666 1155 922 1220 obsecro,
955 1158 1015 1205 ut
1046 1169 1216 1205 ausus
1260 1153 1574 1221 improbos,
1621 1153 1826 1205 unitati
1861 1152 2023 1206 Chri-

327 1244 525 1298 stiana:
573 1245 812 1314 pacique
863 1241 1204 1304 contrarios,
1251 1240 1322 1293 ab
1369 1240 1527 1294 omni
1560 1240 1791 1310 pietatis
1825 1245 2024 1292 vestrae

326 1331 602 1386 abdicetis
643 1347 898 1394 assensu,
950 1336 1006 1380 et
1036 1329 1226 1381 fratris
1258 1328 1370 1381 mei
1418 1328 1666 1382 Anatolii
1701 1328 2022 1382 nocituram

324 1421 453 1490 ipsi,
507 1421 553 1472 si
604 1419 937 1489 perstiterit,
991 1417 1365 1486 cupiditatem
1425 1417 1730 1470 salubriter
1770 1417 2024 1486 compri-

325 1505 521 1569 matis;
562 1521 634 1558 ne
679 1521 745 1557 ea
791 1520 915 1574 quae
966 1511 1165 1557 vestrae
1215 1503 1416 1573 gloria:
1462 1508 1634 1574 atque
1666 1505 2024 1574 temporibus

321 1593 554 1646 inimica
593 1598 728 1646 sunt
772 1593 1027 1662 cupiens,
1076 1592 1261 1662 major
1300 1593 1416 1645 suis
1466 1593 1602 1646 velit
1648 1609 1770 1646 esse
1814 1592 2021 1663 priori-

320 1681 455 1746 bus;
499 1681 859 1751 liberumque
911 1681 995 1733 illi
1037 1681 1107 1733 sit
1144 1680 1376 1751 quantis
1421 1680 1678 1750 potuerit
1719 1681 2021 1751 splendere

323 1770 647 1832 virtutibus,
696 1784 942 1838 quarum
996 1784 1110 1820 non
1164 1768 1329 1822 aliter
1385 1769 1669 1839 particeps
1724 1769 1852 1834 erit,
1911 1768 2022 1823 nisi

323 1857 602 1910 charitate
662 1857 846 1926 magis
905 1856 1150 1909 voluerit
1210 1857 1424 1922 ornari,
1483 1873 1657 1926 quam
1714 1856 2023 1911 ambitione

325 1945 592 1999 distendi.
639 1946 789 1998 Hanc
831 1950 1023 1997 autem
1079 1943 1330 2014 improbi
1379 1944 1646 1998 desiderii
1693 1946 2023 2015 conceptio-

323 2050 479 2098 nem,
521 2049 819 2103 nunquam
852 2032 1088 2102 quidem
1121 2032 1321 2086 debuit
1343 2032 1494 2086 intra
1522 2032 1710 2086 cordis
1727 2033 1816 2087 sui
1839 2033 2023 2103 perci-

324 2138 460 2191 pere
494 2127 801 2174 secretum.

995 2209 1124 2263 CAP.
1161 2207 1332 2262 CCIV.

395 2300 534 2352 Item
568 2298 676 2352 Leo
705 2313 852 2368 papa
881 2297 940 2350 in
973 2297 1173 2350 eadem
1199 2297 1443 2366 epistola
1475 2315 1488 2351 :
1525 2318 1552 2345 ‹‹
1583 2297 1750 2368 Agite
1780 2299 1937 2368 quod
1971 2303 2027 2351 et

324 2387 658 2441 Christianae
691 2392 776 2439 est
808 2386 1108 2456 probitatis
1139 2390 1193 2438 et
1221 2385 1419 2455 regiae,
1454 2389 1512 2438 ut
1547 2386 1851 2455 praedictus
1902 2386 2024 2457 epi-

325 2492 530 2545 scopus
579 2481 774 2544 pareat
829 2475 1114 2538 Patribus,
1170 2475 1433 2528 consulat
1491 2475 1634 2544 paci,
1683 2491 1871 2546 neque
1918 2475 2026 2528 sibi

325 2565 573 2617 aestimet
625 2563 868 2624 licuisse,
943 2563 1095 2632 quod
1163 2563 1534 2616 Antiochenae
1594 2565 1853 2617 Ecclesia).
1902 2565 2024 2618 sine

324 2653 440 2706 ullo
499 2653 780 2721 exemplo,
837 2656 1033 2704 contra
1089 2656 1302 2704 statuta
1347 2668 1658 2714 canonum,
1723 2654 2023 2722 episcopos

325 2741 588 2794 ordinare
611 2740 1000 2810 praesumpsit,
1021 2740 1177 2810 quod
1200 2755 1302 2792 nos
1327 2756 1522 2792 amore
1541 2741 1875 2810 reparandae
1894 2741 2026 2794 Iidei

325 2836 382 2881 et
412 2829 564 2897 pacis
594 2828 783 2881 studio
809 2833 1117 2880 retractare
1160 2829 1527 2881 cessavimus.
1562 2829 1856 2883 Abstineat
1888 2846 2025 2899 ergo

325 2917 394 2969 ab
456 2917 963 2970 ecclesiasticarum
1015 2916 1225 2986 injuria
1275 2917 1628 2985 regularum,
1688 2923 1743 2971 et
1799 2918 2029 2972 illicitos
2068 2935 2108 2990 α

327 3006 576 3059 declinet
614 3021 896 3070 excessus,
929 3021 1001 3057 ne
1035 3021 1092 3056 se
1119 3005 1189 3059 ab
1231 3005 1538 3058 universali
1571 3006 1840 3073 Ecclesia,
1890 3005 2028 3060 dum

328 3094 560 3148 inimica
589 3093 714 3163 paci
757 3099 954 3153 tentat.
1004 3092 1276 3146 abscidat.
1311 3093 1492 3156 Quem
1533 3099 1667 3162 opto
1716 3094 1902 3164 magis
1946 3094 2026 3147 ir-

330 3181 866 3250 reprehensibiliter
937 3185 1198 3248 agentem
1257 3180 1519 3250 diligere,
1581 3198 1754 3252 quam
1810 3182 1871 3235 in
1926 3182 2031 3236 hac

329 3270 803 3340 praesumptione,
836 3285 966 3339 quae
997 3269 1158 3322 illum
1179 3269 1250 3324 ab
1280 3269 1548 3323 omnibus
1579 3286 1844 3340 separare
1863 3275 2030 3342 pote-

328 3359 421 3422 rit,
457 3357 791 3427 perdurare.
829 3377 856 3408 »

1030 3446 1159 3500 CAP.
1193 3446 1338 3501 CCV.

399 3556 540 3608 Item
594 3553 702 3607 Leo
755 3569 906 3622 papa
961 3553 1029 3606 ad
1102 3553 1433 3606 Anatolium
1489 3553 1824 3623 episcopum
1875 3554 2030 3608 inter

330 3649 538 3697 czetera
593 3641 651 3694 in
719 3642 831 3694 alia
890 3641 1130 3711 epistola
1196 3641 1374 3713 (epist.
1433 3642 1487 3712 ν)
1539 3641 1780 3696 scribit:
1836 3663 1864 3691 «
1897 3645 2031 3697 Post

328 3732 426 3786 illa
479 3731 673 3801 itaque
727 3731 1108 3784 ordinationis
1176 3735 1288 3784 tuae
1342 3747 1459 3784 non
1523 3731 1814 3801 inculpata
1865 3732 2026 3801 priu-

329 3820 497 3890 cipia,
581 3823 711 3888 post
791 3819 1279 3873 consecrationem
1361 3819 1702 3873 Antiocheni
1774 3820 2028 3891 episcopi

331 3925 505 3978 quam
579 3907 802 3961 tibimet
873 3913 1070 3961 contra
1141 3908 1474 3962 canonicam
1561 3909 1820 3980 regulam
1897 3909 2028 3962 vin-

332 3997 551 4060 dicasti,
578 3997 741 4050 doleo
772 3997 830 4050 in
859 3999 967 4050 hoc
997 3998 1364 4051 dilectionem
1398 4002 1557 4050 tuam
1589 4013 1710 4050 esse
1755 4013 2028 4067 progres—

331 4101 474 4149 sam,
524 4089 586 4137 ut
629 4085 1035 4138 sacratissimas
1086 4085 1447 4139 Niczenorum
1501 4101 1786 4138 canonum
1825 4085 2031 4139 consti-

333 4172 579 4225 tutiones
609 4173 894 4225 conareris
933 4173 1267 4242 infringere,
1307 4177 1584 4244 tanquam
1617 4178 1941 4244 Opportune
1970 4191 2028 4227 se

333 4260 438 4314 tibi
470 4260 575 4313 hoc
608 4265 835 4328 tempus
875 4261 1167 4326 obtulerit,
1211 4278 1323 4331 quo
1364 4262 1603 4315 secundi
1640 4262 1877 4316 honoris
1915 4262 2028 4332 pri-

334 4348 610 4416 vilegium
661 4346 823 4401 sedes
876 4349 1256 4402 Alexandrina
1317 4350 1652 4418 perdiderit,
1714 4355 1767 4403 et
1821 4351 2028 4404 Antio-

333 4437 510 4490 chena
540 4436 784 4490 Ecclesia
811 4437 1220 4507 proprietatem
1259 4438 1442 4491 tertia:
1482 4438 1778 4508 dignitatis
1820 4438 2028 4492 amise-

332 4525 427 4590 rit,
466 4529 529 4577 ut
560 4523 648 4578 his
680 4523 820 4577 locis
857 4524 978 4594 juri
1015 4529 1113 4578 tuo
1147 4524 1411 4593 subditis,
1456 4541 1653 4578 omnes
1696 4527 2027 4596 metropoli-

332 4613 449 4667 tani
488 4613 742 4683 episcopi
785 4612 1021 4684 proprio
1060 4613 1282 4667 honore
1331 4613 1644 4682 priventur.
1693 4614 1910 4678 Quibus
1939 4614 2030 4668 in-

333 4701 545 4756 auditis
598 4706 655 4754 et
719 4717 1019 4771 nunquam
1065 4707 1198 4754 ante
1261 4701 1491 4754 tentatis
1549 4700 1629 4754 ita
1693 4702 2030 4771 przeveniris

332 4791 668 4857 excessibus,
712 4793 772 4842 ut
819 4796 1074 4843 sanctam
1121 4791 1401 4860 synodum
1445 4791 1512 4844 ad
1554 4790 2030 4861 exstinguendam

331 4881 517 4932 solum
543 4879 834 4941 haeresim,
867 4884 925 4932 et
953 4881 1024 4932 ad
1052 4879 1547 4933 conﬁrmationem
1580 4879 1713 4934 ﬁdei
1740 4879 2029 4934 catholicae

332 4967 518 5020 studio
585 4967 1061 5022 Christianissimi
1127 4967 1408 5038 principis
1471 4973 1900 5037 congregatam,
1970 4968 2030 5022 in

331 5055 687 5108 occasionem
713 5056 961 5110 ambitus
993 5057 1203 5122 trahas,
1239 5061 1295 5111 et
1325 5060 1387 5110 ut
1417 5055 1843 5110 conniventiam
1866 5073 2024 5110 suam

332 5141 436 5194 tibi
464 5141 634 5195 dedat
662 5141 962 5212 impellas;
993 5147 1269 5214 tauquam
1302 5143 1538 5197 refutari
1570 5149 1837 5214 nequeat,
1870 5145 2026 5214 quod

333 5227 528 5282 illicita
564 5230 807 5282 voluerit
841 5232 1175 5299 multitudo,
1221 5238 1276 5286 et
1316 5233 1413 5286 illa
1452 5233 1812 5286 Nicatnorum
1855 5248 2023 5286 cano-

2067 363 2108 412 A
2138 374 2280 411 num
2324 375 2429 429 per
2462 363 2722 414 sanctum
2765 375 2894 413 vere
2939 359 3219 429 Spiritum
3259 359 3531 413 ordinata
3566 358 3840 416 conditio,

2133 442 2192 496 in
2223 442 2414 513 aliqua
2441 443 2710 512 cuiquam
2747 443 2818 496 sit
2856 447 3017 513 parte
3059 443 3341 497 solubilis.
3377 445 3447 497 Et
3496 444 3675 496 nulla
3728 442 3840 494 sibi-

2133 537 2252 584 met
2282 532 2349 585 dc
2382 532 2862 601 multiplicatione
2881 532 3344 601 congregationis
3369 531 3700 600 'synodalia
3734 548 3840 582 con

2134 620 2263 672 cilia
2289 621 2673 684 blandiantur,
2726 637 2909 676 ιιιιέιιιο
2953 620 3221 674 trecentis
3268 620 3380 672 illis
3421 622 3638 673 decem
3688 625 3840 688 atqui

2133 713 2257 761 octo
2306 709 2587 777 episcopis
2617 711 3040 778 quantumlibet
3084 708 3376 777 copiosior
3423 724 3728 762 numerus
3779 724 3840 759 sa.

2132 797 2449 861 cerdotum,
2500 798 2586 850 vel
2632 813 2964 867 comparare
3009 813 3066 849 se
3123 798 3349 862 audeat,
3402 799 3489 850 vel
3539 796 3834 866 praeferre

2133 901 2261 938 cum
2309 892 2465 938 tanto
2504 885 2776 938 divinitus
2830 885 3134 954 privilegio
3189 885 3420 938 Nicaena
3470 886 3547 938 sit
3593 885 3840 954 synodm

2131 981 2476 1040 consecrata,
2529 980 2590 1027 ut
2636 974 2750 1027 sive
2795 989 2898 1042 per
2953 973 3268 1043 pauciores.
3320 975 3435 1025 sive
3489 990 3601 1043 per
3659 973 3840 1042 plures

2133 1063 2510 1114 ecclesiastica
2561 1063 2773 1130 iudicia
2812 1063 3193 1124 celebrentur,
3238 1063 3397 1115 omni
3449 1062 3704 1132 penitus
3751 1077 3840 1112 au.

2131 1152 2391 1205 ctoritate
2443 1151 2514 1204 sit
2566 1167 2827 1216 vacuum,
2889 1151 3172 1221 quidquid
3236 1152 3306 1204 ab
3365 1152 3608 1204 illorum
3674 1150 3840 1202 ἔαρι-ιι

2132 1240 2540 1293 constitutione
2587 1240 2896 1293 diversum.
2961 1239 3141 1293 Nimis
3191 1256 3327 1308 ergo
3374 1240 3498 1292 haec
3549 1238 3840 1307 improba,

2135 1329 2305 1381 nimis
2340 1345 2510 1398 prava
2540 1333 2689 1393 sunt,
2727 1345 2854 1398 quae.
2884 1329 3276 1381 sacratissimis
3318 1327 3654 1380 canonibus
3691 1328 3840 1378 iuve-

2131 1416 2374 1471 niuntur
2400 1433 2522 1470 esse
2547 1418 2850 1471 contraria.
2888 1434 2912 1468 υ

2806 1549 2932 1604 CAP.
2975 1548 3152 1603 CCVI.

2204 1667 2343 1719 Item
2378 1666 2488 1719 Leo
2518 1664 2742 1735 papain
2767 1664 2966 1718 eadem
2995 1664 3233 1734 epistola
3256 1667 3385 1732 post
3411 1678 3599 1733 pauca
3635 1679 3650 1717 :
3691 1684 3722 1710 ‹‹
3746 1662 3840 1716 Fa-

2134 1758 2260 1808 teor
2303 1753 2458 1807 enim
2508 1755 2612 1806 ista
2664 1769 2754 1806 me
2800 1752 3103 1806 dilectione
3140 1752 3420 1806 universae
3461 1751 3840 1805 fraternitati:

2135 1842 2438 1912 obstringi,
2485 1847 2545 1896 ut
2581 1841 2799 1896 nemini
2843 1857 3078 1911 prorsus
3123 1841 3181 1894 in
3220 1840 3308 1894 his
3353 1857 3484 1910 quae
3537 1845 3759 1893 contra
3799 1856 3840 1892 St

2135 1931 2340 2002 posuit,
2374 1930 2700 1997 assentiam,
2733 1951 2760 1979 ››
2805 1935 2937 1996 etc.,
2977 1945 3146 1998 usque
3185 1929 3640 1984 ad'universalis
3672 1929 3840 1982 Eccle

2135 2020 2235 2074 size
2265 2035 2401 2090 pace
2422 2018 2697 2088 privabis.

2799 2125 2928 2179 CAP.
2963 2125 3164 2179 CCVII.

2207 2243 2347 2294 Item
2378 2240 2440 2294 in
2469 2239 2710 2294 concilio
2738 2239 3189 2294 Chalcedonensi
3239 2243 3748 2293 commemoratur
3774 2239 3840 2293 sic

2136 2330 2444 2383 auctoritas
2493 2327 2696 2400 primas
2731 2328 2881 2382 sedis
2910 2344 2922 2381 :
2955 2348 2980 2376 α
3013 2337 3038 2361 ι
3071 2329 3181 2381 Nos
3217 2343 3354 2398 ergo
3405 2327 3840 2397 Scripturarum

2135 2419 2458 2472 divinarum
2517 2417 2937 2470 attestationem
2995 2415 3317 2469 evidentius
3377 2416 3840 2478 manifestantes,

2136 2513 2368 2578 propter
2398 2507 2502 2560 hos
2543 2505 2643 2576 qui
2685 2506 3017 2558 substantiae
3059 2509 3340 2557 secretum
3385 2509 3651 2557 evertere
3694 2505 3840 2556 inse-

2133 2595 2452 2659 ctebautur,
2496 2595 2768 2655 dicentes,
2810 2594 3102 2645 hominem
3169 2593 3290 2645 sine
3321 2592 3625 2645 divinitate
3674 2592 3840 2645 fuisse

2135 2689 2409 2747 creatum,
2470 2699 2533 2735 ex
2581 2681 2892 2734 venerabili
2947 2681 3167 2749 virgine
3224 2681 3396 2735 Maria
3467 2680 3840 2750 impudenter

2136 2779 2193 2826 et
2232 2771 2561 2836 vulgariter,
2608 2776 2803 2823 contra
2845 2769 3186 2823 venerabilis
3239 2770 3533 2840 quondam
3586 2768 3839 2839 episcopi

2140 2861 2332 2932 Cyrilli
2367 2860 2762 2913 Alexandrina:
2795 2859 3054 2912 Ecclesim
3087 2858 3325 2923 litteras,
3348 2861 3403 2909 ct
3437 2857 3616 2909 totius
3648 2856 3838 2910 Orien-

2253 2964 2503 3014 congrua
2542 2947 2754 3015 scripta
2800 2947 3070 2999 adversus
3118 2945 3359 2999 Nestorii
3399 2932 3743 3005 amentiam,
3785 2943 3835 2993 in

2138 3038 2349 3108 quibus
2417 3036 2721 3090 manifesta
2786 3034 3077 3103 expressio
3140 3034 3278 3087 certi
3335 3037 3508 3104 atque
3572 3031 3832 3086 salutaris

2137 3126 2391 3198 Symboli
2437 3108 2912 3188 desiderantibus,
2959 3122 3372 3192 epistulamque
3421 3118 3831 3190 archiepiscopi

2139 3215 2342 3269 Leonis
2381 3213 2583 3284 primm
2625 3212 2793 3277 sedis,
2836 3227 2964 3280 quae
2996 3210 3278 3264 destinata
3324 3215 3381 3262 et
3413 3209 3634 3262 directa
3680 3208 3827 3260 vide-

2137 3301 2309 3355 batur
2342 3301 2413 3355 ad
2453 3299 2838 3354 venerabilem
2884 3303 3093 3352 sanctus
3137 3296 3431 3351 memoria:
3479 3296 3828 3358 Flavianum,

2138 3389 2206 3442 ad
2236 3387 2713 3458 intercipiendam
2760 3386 3026 3457 Eutychis
3058 3384 3521 3455 malignitatem;
3577 3383 3828 3455 quamvis

2139 3477 2317 3530 sancti
2359 3476 2508 3530 Petri
2551 3475 2906 3528 confessione
2956 3474 3119 3527 nobis
3166 3473 3570 3540 concordante,
3622 3477 3680 3526 et
3726 3487 3829 3524 una

2139 3570 2309 3635 atque
2341 3565 2542 3618 similis
2571 3564 2782 3634 pagina
2810 3563 2929 3615 visa
2959 3568 3064 3630 est,
3100 3562 3367 3615 adversus
3393 3561 3826 3615 obtrectantium

2139 3653 2434 3706 audaciam
2492 3652 2784 3706 evidenter
2828 3651 3065 3704 educere
3119 3649 3386 3702 convenit
3441 3650 3824 3720 integritatem

2138 3741 2271 3796 ﬁdei
2295 3741 2678 3795 credentibus.
2709 3761 2729 3787 ι

2785 3853 2914 3910 CAP.
2947 3854 3176 3909 CCVIII.

2212 3999 2320 4052 Leo
2374 4013 2519 4066 papa
2576 3997 2636 4049 in
2684 3995 2923 4066 epistola
2972 4012 3101 4065 quze
3147 3999 3356 4048 sanctze
3415 3995 3640 4064 synodo
3697 3993 3827 4064 apud

2139 4087 2554 4142 Chalcedonem
2609 4085 2832 4144 direxit,
2899 4085 3048 4138 inter
3105 4089 3311 4137 caetera
3368 4083 3448 4135 sic
3508 4083 3712 4136 scribit
3766 4084 3826 4148 {in

2140 4177 2326 4231 concil.
2388 4174 2659 4239 Chalced,
2716 4191 2770 4243 p.
2816 4191 2895 4237 ιιι,
2957 4176 3069 4227 sive
3127 4176 3284 4240 epist.
3333 4172 3466 4242 l6):
3531 4190 3557 4223 α
3618 4174 3825 4226 Fratres

2141 4263 2479 4326 charissimi,
2521 4263 2589 4317 de
2632 4261 3021 4316 custodiendis
3071 4277 3304 4331 quoque
3351 4267 3685 4314 sanctorum
3737 4262 3821 4313 Pa-

2140 4356 2293 4405 trum
2316 4351 2946 4420 statutis,’quae.}synodi
2979 4350 3215 4403 Nicaeum
3262 4350 3692 4402 inviolabilibus
3714 4351 3825 4400 sunt

2141 4440 2253 4494 ﬁxa
2279 4440 2540 4501 decretis,
2585 4438 3004 4492 observantiam
3046 4443 3246 4490 vestrae
3287 4437 3602 4490 sanctitatis
3642 4439 3822 4491 admo-

2141 4545 2273 4593 neo,
2340 4533 2401 4581 ut
2450 4529 2584 4599 jura
2642 4527 3014 4580 Ecclesiarum
3066 4527 3213 4579 sicut
3272 4526 3341 4578 ab
3398 4527 3509 4580 illis
3570 4526 3824 4581 trecentis

2143 4616 2451 4671 octodecim
2488 4616 2744 4670 Patribus
2775 4615 3048 4668 divinitus
3079 4614 3373 4684 inspiratis
3404 4620 3535 4667 sunt
3577 4616 3823 4668 ordinata

2142 4711 2535 4778 permaneant,
2569 4705 2712 4758 nihil
2744 4705 2996 4757 alienum
3030 4704 3327 4774 improbus
3358 4704 3605 4757 ambitus
3627 4719 3822 4758 concu-

2143 4795 2340 4867 piscat,
2374 4809 2477 4848 nec
2507 4808 2612 4863 per
2639 4792 2877 4846 alterius
2925 4791 3396 4845 imminutionem
3431 4809 3600 4846 suum
3633 4793 3822 4864 aliquis

2141 4886 2365 4952 quaerat
2412 4885 2807 4947 augmentum.
2843 4879 3272 4944 Quantumlibet
3303 4879 3457 4932 enim
3491 4879 3704 4932 exortis
3750 4893 3821 4930 as-

2144 4968 2560 5022 sentationibus
2590 4984 2648 5020 se
2682 4967 2928 5022 instruat
2950 4967 3214 5021 vanitatis
3237 4967 3432 5035 elatio,
3465 4972 3522 5019 et
3551 4967 3820 5037 appetitus

2137 5073 2272 5110 suos
2297 5055 2670 5110 conciliorum
2715 5057 2960 5109 aestimet
3006 5056 3238 5109 nomine
3270 5056 3648 5122 roborandos,
3677 5055 3816 5109 inﬁr-

2137 5160 2297 5198 mum
2327 5149 2496 5215 atque
2533 5143 2759 5197 irritum
2814 5143 2944 5209 erit,
2997 5143 3280 5214 quidquid
3342 5160 3376 5197 a
3424 5144 3815 5214 praedictorum

2135 5234 2368 5286 Patrum
2401 5232 2718 5286 canonibus
2741 5231 3096 5302 discreparit.
3137 5254 3164 5281 ››

402 5407 426 5432 ι
454 5381 631 5435 Paulo
663 5386 794 5436 ante
824 5382 997 5438 tinem
1053 5389 1159 5439 act.
1219 5390 1272 5451 5,
1313 5385 1373 5439 in
1413 5384 1606 5456 Symb.
1645 5391 1874 5441 centum
1906 5385 2328 5458 quinquaginta
2385 5385 2556 5457 episc.
2621 5391 2730 5440 etc.
2785 5386 2846 5442 in
2889 5387 3043 5442 med.
3092 5387 3333 5444 Multum
3365 5388 3539 5444 distat
3582 5389 3655 5444 ab
3699 5389 3810 5444 edit.

334 5466 484 5505 vers.
