3846 6244
237 267 343 316 759

1085 267 1305 321 AENEAS
1347 267 1777 322 PARISIENSIS
1818 267 2129 324 EPISCOPI
2174 269 2370 324 LIBER
2412 271 2573 324 ADV.
2624 271 2928 327 GRAECOS.

3661 276 3764 326 760

243 400 450 469 angelo
497 399 857 469 aaquiparans
903 399 1205 452 infeliciter
1263 406 1641 469 compararet,
1692 401 1793 472 qui
1831 417 1934 472 per
1971 408 2017 457 A
2047 403 2392 472 plerumque
2440 402 2715 456 diaconus
2781 404 3032 474 quodam
3105 405 3250 457 saltu
3311 421 3428 458 non
3483 411 3768 474 percepta

245 488 572 558 superbiam
625 489 799 540 latera
847 486 1212 541 distendens:
1289 489 1368 541 sic
1437 488 1611 542 fetido
1661 490 1939 543 eructavit

246 577 541 630 anhelitu:
603 577 665 628 In
711 577 895 628 ea'lum
950 577 1340 629 conscendam:
1392 593 1557 645 super
1615 583 1766 632 astra
1826 580 1940 631 cudi

246 665 496 719 emttabo
545 666 741 718 solium
783 681 962 718 meum
978 683 998 726 ;
1052 665 1240 718 sedebo
1313 670 1370 718 in.
1413 671 1593 718 monte
1635 671 1941 719 testamenti

245 759 302 806 in
345 754 608 806 lateribus
651 754 964 818 Aquilonis,
1035 755 1322 807 ascendam.
1388 770 1552 822 super
1592 755 1938 808 altitudinem

247 842 492 900 nubium,
557 842 752 895 similis
798 857 885 894 ero
943 843 1225 895 Attissimo
1286 841 1416 910 (lsu.
1471 858 1578 893 xxv.
1640 844 1712 912 6).
1769 843 1942 911 Cujus

247 929 418 983 etiam
476 935 667 982 tumor
721 945 824 998 per
890 945 1121 982 omnem
1181 930 1476 999 epistolam
1546 930 1941 983 honestissime

247 1020 483 1088 texitur,
518 1025 573 1072 et
603 1019 714 1072 nisi
737 1020 807 1072 ab
830 1018 1044 1072 illicitis
1068 1019 1447 1088 resipisceret,
1481 1019 1748 1071 eumdem
1781 1019 1938 1072 dam-

249 1102 470 1162 nationi
521 1108 856 1161 snbmittere
918 1107 1225 1176 promittit,
1281 1106 1522 1160 Proinde
1571 1107 1744 1159 etiam
1797 1107 1940 1161 Con-

251 1196 518 1250 stantina:
575 1201 847 1266 Augustae
899 1196 1198 1266 epistolam
1249 1195 1466 1262 dirigit,
1520 1200 1580 1247 ut
1626 1195 1686 1248 in
1735 1195 1945 1249 talibus

250 1291 368 1339 tam
398 1285 518 1355 ipsa
546 1301 718 1354 quam
764 1285 1078 1354 imperator
1128 1299 1422 1353 nunquam
1470 1299 1763 1337 assensum
1806 1299 1947 1353 prae-

251 1375 444 1437 beant,
476 1390 546 1426 ne
592 1374 733 1426 forte
779 1371 985 1442 aliquis
1017 1371 1328 1425 inﬁdorum
1378 1371 1528 1425 beati
1576 1373 1726 1426 Petri
1769 1372 1943 1442 privi-

253 1463 397 1532 legia
433 1461 746 1530 infringere
773 1461 1178 1530 quoquomodo
1213 1465 1497 1530 pertentet
1525 1459 1640 1528 (lib.
1675 1477 1749 1526 ιν,
1785 1465 1941 1528 epist.

252 1553 340 1611 3i,
383 1555 434 1603 et
485 1550 559 1602 (ut
615 1551 840 1602 Muurit.
902 1549 1142 1616 August.
1203 1551 1362 1617 epist.
1421 1549 1489 1602 32
1537 1549 1717 1615 ibid).
1763 1549 1821 1603 Si
1851 1549 1948 1602 ha-

253 1655 382 1692 rum
417 1638 714 1707 plenitudo
744 1637 1114 1708 epistularum
1165 1637 1508 1697 revolvatur,
1560 1637 1765 1690 melius
1797 1637 1948 1690 solli-

251 1729 359 1780 cite
403 1727 762 1780 addiscentes
811 1727 947 1779 satis
994 1725 1340 1796 abundeque
1387 1725 1695 1794 perdocere
1735 1724 1940 1796 quibit.

257 1816 475 1870 Etenim
522 1815 578 1868 in
610 1814 1090 1884 descriptionibus
1137 1815 1530 1868 Romanorum
1577 1813 1943 1884 pontiﬁcum,

254 1905 371 1958 haec
400 1904 598 1958 eadem
629 1903 1003 1974 praesumptio
1045 1903 1297 1957 crebrius
1327 1919 1390 1956 ac
1431 1901 1744 1956 districtius
1787 1918 1942 1956 coer-

252 1993 362 2046 cita
391 1993 694 2063 reperitur.

328 2101 354 2130 (ι
389 2081 569 2149 Igitur
598 2080 752 2149 quod
796 2079 1072 2149 lgnatius,
1106 2078 1759 2148 Constantinopolitanae
1797 2079 1947 2133 sedis

255 2169 576 2238 episcopus,
631 2184 816 2238 nuper
879 2169 1256 2238 apostolicam
1294 2168 1487 2222 sedem
1529 2168 1694 2238 juxta
1738 2173 1948 2222 statuta

258 2259 490 2311 Patrum
523 2257 794 2310 canonice
825 2257 1164 2321 reclamans,
1198 2256 1436 2326 indigne
1471 2256 1677 2309 dicitur
1707 2255 1947 2310 damna-

253 2353 346 2399 tus
379 2365 393 2412 ;
422 2351 478 2399 et
507 2345 741 2399 Photius
791 2346 1112 2414 neophytus
1160 2344 1220 2398 in
1251 2345 1374 2398 loco
1406 2345 1528 2414 ejus
1554 2351 1756 2398 contra
1784 2361 1950 2415 regu-

255 2437 367 2488 lam
413 2435 852 2488 ecclesiasticam
916 2434 1278 2500 constitutus,
1348 2449 1464 2487 non
1511 2433 1809 2504 episcopus
1860 2434 1947 2488 di-

254 2524 490 2590 cendus,
523 2525 621 2576 sed
649 2523 839 2594 potius
871 2523 1118 2588 invasor,
1152 2539 1184 2576 a
1213 2522 1480 2593 conjugio
1525 2522 1677 2576 illico
1730 2523 1949 2577 solutus

257 2618 314 2665 et
343 2618 690 2678 tonsoratus,
727 2618 1006 2682 quantum
1034 2629 1065 2665 a
1094 2611 1315 2665 ratione
1346 2612 1592 2678 aberrat,
1629 2615 1822 2681 aperte
1853 2627 1950 2664 co-

259 2715 532 2770 gnoscere
564 2701 732 2766 valet,
775 2700 874 2772 qui
903 2701 1267 2772 synodalium
1295 2699 1696 2755 deﬁnitionum
1727 2700 1948 2753 inscitia

256 2795 429 2842 caret.
462 2791 571 2843 Pro
602 2789 774 2842 simili
823 2790 1115 2870 invasione
1166 2790 1304 2842 olim
1340 2788 1682 2842 miserabilis
1725 2789 1950 2860 dispen-

257 2879 337 2932 dii
386 2878 622 2932 exitium
665 2895 828 2949 passa
875 2885 958 2932 est
1009 2879 1267 2933 Romana
1315 2878 1579 2944 Ecclesia,
1625 2878 1800 2930 veluti
1845 2878 1947 2930 sub

255 2967 612 3034 temporibus
639 2967 828 3037 Vigilii
859 2967 1143 3036 pontiﬁcis
1175 2967 1436 3036 contigit,
1471 2965 1568 3037 qui
1599 2965 1821 3020 Silverii
1851 2982 1946 3020 ve-

257 3054 530 3107 nerabilis
580 3070 744 3125 papae
775 3057 966 3109 sedem
1019 3056 1141 3126 ipso
1190 3055 1375 3109 adhuc
1416 3055 1636 3109 vivente
1669 3059 1724 3108 et
1754 3055 1950 3108 exsilio

257 3143 559 3212 deportato
587 3143 917 3212 turpissime
947 3143 1001 3196 vi
1045 3143 1327 3214 arripuit;
1371 3159 1591 3197 necnon
1642 3144 1814 3196 etiam
1847 3144 1950 3198 sub

255 3231 424 3284 beato
457 3231 744 3302 Stephano
791 3249 957 3302 papa,
1000 3249 1028 3285 a
1096 3238 1290 3286 sancto
1351 3233 1518 3285 Petro
1579 3232 1949 3303 nonagesimo

258 3327 416 3373 sexto
477 3320 685 3388 evenit,
747 3321 978 3390 quando
1035 3321 1148 3374 dux
1197 3321 1431 3391 quidam
1483 3321 1758 3374 vocabulo
1813 3321 1951 3374 Toto

255 3409 488 3462 fratrem
520 3425 685 3462 suum
746 3409 1180 3463 Constantinum
1228 3409 1414 3462 subito
1462 3408 1744 3463 tonsorari
1793 3409 1948 3476 fecit,

257 3503 314 3551 et
343 3499 455 3550 alia
485 3497 576 3552 die
607 3503 805 3552 contra
838 3502 1048 3552 statuta
1079 3513 1361 3552 canonum
1385 3497 1536 3552 idem
1566 3499 1627 3551 in
1648 3497 1950 3552 diaconum

257 3591 636 3652 consecratus,
669 3593 726 3640 et
753 3587 1090 3658 proximiori
1123 3587 1417 3642 Dominica
1445 3603 1562 3640 non
1603 3587 1778 3656 digne
1807 3603 1953 3656 pon-
1989 3645 1991 3648 ,

257 3677 392 3729 tifex
423 3677 786 3742 acclamatus,
828 3677 927 3730 sed
959 3677 1150 3747 potius
1182 3677 1408 3730 invasor
1439 3676 1767 3746 apostolicae
1803 3674 1951 3728 sedis

251 3765 616 3834 judicandus,
648 3767 962 3820 Romanam
1013 3767 1317 3820 Ecclesium
1367 3765 1666 3820 discordiae
1697 3763 1951 3818 cladibus

258 3861 316 3908 et
339 3856 588 3909 cruentis
615 3855 939 3910 homicidiis
969 3855 1227 3909 ftedavit:
1264 3856 1361 3925 qui
1395 3855 1467 3908 ob
1515 3859 1689 3908 tanta:
1729 3852 1950 3922 cupidi-

257 3943 388 3994 tatis
420 3943 750 4012 voraginem
797 3943 868 3997 ad
914 3945 1020 3997 hoc
1065 3960 1246 4014 usque
1287 3944 1568 4013 pervenit,
1613 3947 1675 3994 ut
1721 3957 1786 3994 ex
1819 3939 1949 3994 sede

259 4037 488 4101 arrepta
520 4033 851 4100 turpissime
892 4032 1254 4102 dejiceretur,
1296 4039 1352 4084 et
1396 4047 1618 4084 careere
1675 4031 1949 4096 reclusus,

260 4119 493 4172 tandem
525 4136 558 4171 ο,
586 4119 721 4172 ﬁliis
745 4119 1020 4189 nequitiae
1043 4123 1338 4173 oculorum
1360 4119 1574 4172 lumine
1606 4117 1948 4188 privaretur.

260 4207 366 4259 Ista
399 4205 594 4274 itaque
615 4222 743 4260 eum
767 4207 926 4260 natio
948 4207 1273 4260 Graecorum
1302 4207 1653 4276 cognoverit,
1688 4211 1785 4259 aut
1811 4205 1952 4260 forte

2049 491 2424 561 presbyterali
2460 492 2859 562 benedictione
2902 493 2963 545 in
3017 493 3350 562 episcopum
3403 493 3602 547 subito
3639 511 3766 545 con-

2051 585 2324 645 secretur,
2355 580 2662 634 dicendum
2709 577 3093 651 simplicitatis
3124 582 3347 649 affectu,
3389 583 3528 653 quia
3585 584 3768 650 depe-

2050 669 2124 721 rit
2178 670 2476 722 rationalis
2545 670 2836 739 respuarin
2887 669 3278 739 hujuscemodi
3328 670 3770 741 astipulationi-

2054 758 2156 810 bus
2184 758 2446 824 subnixa,
2481 775 2608 812 cum
2643 759 2738 812 illa
2768 777 2892 829 quu-
2939 763 3162 829 ignorat
3191 760 3534 830 depromere
3571 776 3770 813 sermo

2051 846 2333 899 veridicus
2378 845 2581 917 pudice
2636 847 2900 918 refugiat,
2958 848 3202 900 maxime
3251 848 3300 901 si
3340 849 3400 902 in
3443 849 3768 919 propatulo

2051 935 2250 1006 lingua
2279 935 2633 989 distendatur
2655 936 2906 1006 eloquio,
2944 940 2999 989 et
3029 953 3394 1007 nequaquam
3441 937 3768 990 sustentari

2053 1025 2228 1094 possit
2276 1029 2602 1078 sanctarum
2662 1025 3086 1094 Scripturarum
3141 1026 3371 1078 auxilio.
3433 1026 3619 1079 Vultu
3687 1033 3768 1079 ta—

2056 1128 2187 1165 men
2235 1128 2540 1182 suppresso
2593 1113 2695 1166 sub
2754 1113 2990 1166 arbitrio
3051 1113 3370 1166 intellectus
3429 1113 3770 1166 verecunde

2055 1201 2393 1269 cedendum,
2425 1217 2538 1270 quo
2573 1201 2719 1254 forte
2745 1201 2828 1254 illi
2863 1201 2962 1271 qui
3009 1201 3237 1254 istiusce
3281 1202 3650 1255 ordinationi
3679 1217 3772 1253 as-

2057 1289 2330 1352 sentiunt,
2367 1289 2471 1342 hoc
2497 1288 2742 1358 intelligi
2774 1289 2970 1357 velint,
3021 1289 3157 1360 quia
3204 1289 3304 1359 qui
3351 1289 3768 1343 benedictione

2057 1376 2371 1446 pontiﬁcali
2434 1377 2816 1446 pel-fungitur,
2877 1378 3225 1448 reliquarum
3287 1379 3766 1432 benedictionem

2062 1467 2277 1520 honore
2311 1466 2629 1531 decoretur,
2667 1467 2782 1517 sive
2811 1465 2940 1534 quia
2963 1466 3020 1518 in
3047 1466 3468 1519 consecratione
3501 1466 3770 1535 corporis

2056 1553 2268 1610 Christi
2301 1560 2358 1608 et
2390 1553 2686 1625 sanguinis
2723 1553 2976 1608 ofﬁcium
3010 1554 3270 1623 praesulis
3323 1571 3388 1608 ac
3433 1554 3768 1624 presbyteri

2058 1643 2293 1712 mystice
2335 1643 2584 1696 uniatur.
2620 1642 2775 1696 Sicut
2834 1641 2988 1696 enim
3047 1642 3107 1695 in
3155 1649 3440 1696 terrarum
3497 1658 3642 1712 rege
3677 1643 3766 1696 di-

2060 1747 2230 1784 versae
2281 1730 2585 1801 dignitates
2642 1729 3042 1784 ascribuntur:
3093 1746 3225 1783 nam
3277 1730 3664 1800 imperatores
3703 1747 3768 1784 ex

2054 1817 2385 1871 consulibus
2411 1817 2607 1883 creati,
2639 1821 2872 1886 propter
2902 1817 3092 1886 regale
3124 1818 3536 1871 commercium
3567 1834 3761 1888 quon-

2054 1904 2186 1960 dam
2247 1921 2360 1958 non
2437 1905 2798 1970 omittebant,
2881 1921 2980 1959 nec
3030 1905 3331 1959 mutabant
3387 1906 3648 1960 consulis
3709 1911 3764 1958 et

2053 1994 2280 2064 patricii
2333 2007 2583 2048 nomen:
2648 1994 2724 2046 ita
2800 1993 2957 2047 credi
3015 1999 3198 2064 potest
3257 1994 3408 2065 quod
3466 1995 3525 2048 in
3581 1994 3764 2047 subli-

2054 2083 2252 2137 mitate
2307 2083 2541 2152 majoris
2612 2081 2898 2152 pontiﬁcis
2973 2082 3246 2135 consistat
3316 2083 3490 2136 etiam
3563 2083 3760 2136 honor

2055 2171 2293 2225 minoris
2362 2171 2688 2224 sacerdotis.
2757 2171 3014 2224 Forsitan
3093 2175 3287 2224 autem
3365 2170 3450 2225 illi
3523 2171 3630 2242 qui
3689 2171 3760 2224 de

2055 2259 2294 2314 diacono
2350 2260 2619 2313 ordinant
2671 2259 3022 2328 episcopum,
3073 2259 3454 2330 praetermissa
3513 2259 3758 2313 benedi-

2055 2348 2242 2402 ctione
2275 2348 2669 2418 presbyterali,
2705 2348 3008 2402 assertioni
3059 2349 3118 2400 Β.
3156 2347 3488 2418 Hieronymi
3535 2348 3592 2400 in
3641 2347 3760 2416 epi-

2056 2437 2198 2490 stola
2230 2437 2517 2507 loquentis
2547 2437 2615 2490 ad
2644 2437 2832 2490 Titum
2862 2453 2925 2488 ex
2973 2442 3132 2505 parte
3165 2438 3509 2490 concredere
3553 2437 3752 2490 viden-

2058 2531 2169 2591 tur,
2198 2526 2297 2595 qui
2339 2525 2593 2579 ofﬁcium
2647 2525 2962 2594 presbyteri
3024 2525 3082 2577 in
3139 2524 3332 2593 aliquo
3389 2522 3756 2594 compartici-

2055 2615 2182 2685 pari
2213 2615 2462 2668 afﬁrmat
2492 2613 2812 2667 ministerio
2863 2613 3192 2682 episcopali.
3227 2613 3338 2667 Sed
3381 2629 3452 2666 ne
3485 2613 3627 2666 forte
3659 2611 3755 2663 ali-

2056 2703 2334 2773 quantula
2371 2703 2428 2755 in
2468 2703 2633 2756 nobis
2686 2703 2963 2755 excitetur
3021 2702 3196 2755 motio
3247 2703 3533 2770 majorum
3563 2698 3754 2754 domi-

2057 2809 2284 2850 norum,
2315 2795 2566 2844 nostram
2617 2790 2948 2843 omittentes
2997 2789 3056 2842 in
3105 2789 3275 2857 hujus
3327 2789 3547 2859 negotii
3579 2804 3755 2858 quan-

2055 2881 2214 2933 titate
2259 2879 2675 2942 deﬁnitionem,
2735 2877 2912 2946 ipsius
2970 2877 3148 2929 sancti
3201 2877 3534 2946 Hieronymi
3581 2875 3751 2929 verba

1989 2977 2028 3030 ρ
2057 2968 2179 3021 sine
2215 2973 2542 3020 nostrorum
2571 2965 2992 3019 intermistione
3031 2965 3336 3018 verborum
3367 2965 3620 3019 ﬁdeliter
3648 2982 3750 3034 po-

2059 3073 2262 3110 namus
2295 3055 2368 3125 (S.
2404 3057 2799 3124 Hieronymus,
2844 3053 2943 3108 lib.
2979 3071 2992 3106 l
3029 3057 3084 3106 in
3125 3055 3303 3122 Epist.
3352 3055 3427 3108 ad
3459 3057 3588 3116 Tit,
3627 3071 3746 3122 cap.

2061 3161 2098 3206 1.
2131 3143 2202 3212 Ei).
2243 3142 2388 3198 Sunt
2442 3143 2592 3196 enim
2651 3142 2788 3195 talia
2835 3143 2895 3195 in
2943 3143 3267 3212 supradicta
3325 3144 3590 3212 epistola,
3659 3141 3748 3194 ubi

2059 3232 2206 3285 hanc
2235 3232 2528 3301 eleganter
2556 3231 2795 3300 exponit
2815 3232 3158 3284 sententiam
3191 3247 3202 3284 :
3243 3234 3306 3284 Et
3329 3237 3632 3286 constituas
3655 3247 3748 3300 per

2060 3320 2302 3372 civitates
2329 3319 2692 3388 presbyteros,
2737 3323 2876 3372 sicut
2907 3336 3000 3386 ego
3055 3321 3152 3372 tibi
3198 3321 3464 3388 diSposui.
3507 3319 3750 3374 Audiant

2061 3408 2316 3478 episcopi
2359 3409 2458 3478 qui
2525 3408 2741 3461 habent
2807 3408 3192 3460 constituendi
3240 3408 3606 3478 presbyteros
3655 3421 3748 3477 per

2058 3498 2231 3552 urbes
2252 3497 2506 3566 singulas
2542 3501 2905 3565 potestatem,
2955 3497 3058 3549 sub
3094 3497 3250 3566 quali
3305 3496 3430 3566 lege
3489 3497 3747 3550 ecclesia-

2060 3585 2214 3638 stica:
2251 3585 2676 3639 constitutionis
2726 3585 2864 3638 ordo
2909 3591 3191 3650 teneatur,
3239 3601 3342 3637 nec
3373 3589 3574 3654 putent
3607 3588 3748 3653 Apo-

2062 3674 2385 3727 stoliverba
2432 3691 2573 3742 esse,
2626 3673 2717 3727 sed
2766 3673 2970 3727 Christi
3019 3674 3118 3742 qui
3173 3673 3240 3726 ad
3296 3673 3608 3743 discipulos
3642 3673 3748 3724 ait:

2061 3763 2164 3827 Qui
2188 3779 2280 3816 eos
2319 3768 2550 3832 spernit,
2613 3779 2696 3816 me
2744 3767 2972 3830 spernit.
3027 3762 3131 3827 Qui
3180 3767 3362 3815 autem
3416 3778 3496 3816 me
3547 3763 3750 3831 Spernit

2059 3853 2269 3918 spernit
2299 3867 2418 3904 eum.
2445 3856 2540 3916 qui
2569 3867 2650 3905 me
2673 3853 2840 3904 misit.
2875 3853 2962 3905 Sic
2989 3855 3040 3903 et
3078 3855 3174 3916 qui
3216 3867 3308 3904 eos
3334 3851 3514 3918 audit,
3545 3867 3629 3904 me
3657 3865 3748 3902 au-

2062 3939 2163 3991 dit.
2215 3937 2320 4002 Qui
2357 3943 2538 3991 autem
2575 3954 2658 3992 me
2705 3939 2883 4004 audit,
2941 3939 3100 3991 audit
3164 3953 3282 3991 eum
3327 3941 3422 4002 qui
3472 3953 3554 3991 me
3609 3937 3750 3990 misit

2064 4029 2216 4097 (Luc.
2269 4026 2346 4096 x).
2401 4029 2472 4079 Ex
2525 4043 2637 4098 quo
2685 4027 3049 4081 manifestum
3097 4031 3182 4079 est
3231 4043 3326 4079 eos
3367 4026 3466 4096 qui
3499 4022 3746 4094 Apostoli

2061 4115 2186 4184 lege
2208 4119 2554 4184 contempta,
2605 4115 3042 4169 ecclesiasticum
3103 4115 3344 4185 gradum
3391 4131 3502 4166 non
3551 4113 3748 4166 merito

2061 4202 2346 4255 voluerint
2376 4203 2542 4255 alicui
2575 4203 2816 4270 deferre,
2865 4204 2959 4256 sed
3007 4204 3192 4273 gratia
3240 4209 3442 4256 contra
3471 4201 3746 4254 Christum

260 4295 307 4346 si
337 4309 455 4346 non
487 4299 636 4360 ante,
673 4295 756 4348 vel
789 4311 942 4348 nunc
971 4295 1186 4349 discere
1213 4297 1445 4366 poterit,
1478 4296 1785 4349 instantius
1832 4300 1950 4348 stu-
1993 4278 2034 4332 D
2062 4291 2268 4357 facere,
2303 4293 2404 4362 qui
2434 4292 2619 4361 qualis
2669 4292 2726 4344 in
2775 4291 3016 4344 Ecclesia
3064 4294 3362 4362 presbyter
3404 4290 3746 4344 constituen-

259 4382 539 4452 peudum,
575 4398 676 4435 cur
706 4384 1059 4454 neophytum
1087 4385 1374 4453 extemplo
1406 4384 1609 4437 uxoria
1633 4385 1838 4453 copula
1869 4401 1956 4437 so-

259 4470 446 4524 lutum
477 4470 597 4524 sine
631 4472 823 4542 aliquo
853 4471 1150 4526 intervallo
1177 4479 1230 4526 et
1251 4472 1588 4543 probatione
1629 4475 1952 4542 temporum

261 4557 320 4610 in
372 4559 564 4612 sedem
606 4559 746 4614 falso
795 4561 1050 4614 damnati
1099 4561 1306 4630 lgnatii
1349 4559 1762 4630 subrogaverit.
1795 4560 1895 4613 Vix
1923 4577 1955 4613 a

263 4646 530 4701 muliebri
563 4649 828 4718 amplexu
857 4649 1106 4715 avulsus,
1140 4655 1195 4702 et
1245 4666 1276 4702 a
1309 4649 1628 4719 pollutione
1680 4664 1958 4718 corporea

261 4735 508 4789 necdum
534 4737 783 4804 perfecte
833 4737 1159 4806 mundatus,
1207 4739 1384 4793 etiam
1413 4737 1472 4791 in
1507 4737 1834 4806 pontiﬁcem
1877 4741 1957 4791 to-

261 4821 373 4875 tius
410 4824 709 4879 munditiaa
741 4825 986 4896 erigitur
1032 4831 1086 4880 et
1124 4833 1429 4881 veneratur
1459 4825 1816 4880 sublimatus.
1861 4827 1958 4880 His

263 4917 320 4964 et
349 4911 475 4964 aliis
531 4917 938 4983 tempestatum
1005 4915 1268 4986 procellis
1306 4920 1502 4968 sancta
1564 4915 1959 4986 centupliciter

263 5014 534 5054 concussa
567 5002 806 5056 Ecclesia
833 5003 1030 5056 horret
1077 5007 1194 5056 tam
1240 5003 1670 5070 nefandissima,
1719 5019 1836 5056 non
1867 5021 1956 5058 so-

260 5087 381 5141 lum
413 5105 586 5158 opere
617 5091 882 5161 perfecta,
919 5109 1115 5146 verum
1143 5093 1314 5146 etiam
1337 5096 1485 5146 'voto
1516 5093 1829 5163 peragendi
1859 5107 1955 5145 co-

261 5175 446 5244 gitatu
495 5185 787 5248 concepta.
839 5182 966 5235 Haec
1019 5181 1088 5236 de
1144 5181 1440 5252 privilegio
1499 5181 1795 5253 apostolici
1841 5181 1956 5252 pri-

263 5269 450 5317 matus
481 5265 728 5320 breviter
756 5269 1057 5338 perslricta
1082 5269 1386 5324 sufﬁciant.
1421 5291 1448 5320 ››

954 5413 1084 5467 CAP.
1125 5411 1286 5474 ΩΟΧῇ

337 5527 412 5582 De
440 5525 550 5580 hoc
575 5531 766 5582 autem
812 5531 966 5601 quod
1015 5531 1294 5601 quaeritur
1323 5547 1500 5601 quare
1534 5531 1686 5601 apud
1719 5532 1958 5586 Romam

2064 4380 2171 4433 dus
2202 4381 2273 4433 sit
2301 4395 2404 4449 per
2425 4381 2748 4448 apostolum
2779 4395 2948 4432 suum
2977 4379 3032 4432 in
3063 4381 3433 4449 sequentibus
3457 4385 3746 4433 exsecutus

2064 4473 2162 4520 est.
2201 4469 2414 4538 Moyses
2467 4468 2684 4520 amicus
2719 4467 2835 4532 Dei,
2891 4467 2980 4522 cui
3039 4467 3180 4521 facie
3234 4469 3302 4522 ad
3359 4471 3563 4523 faciem
3613 4471 3747 4524 Dens

2063 4557 2288 4611 locutus
2346 4563 2449 4624 est,
2509 4557 2698 4626 potuit
2750 4556 2950 4626 utique
3007 4565 3358 4610 sucCessores
3405 4557 3744 4627 principatus

2063 4647 2211 4701 ﬁlios
2242 4664 2375 4701 suos
2424 4647 2629 4714 facere,
2680 4651 2737 4701 et
2789 4647 3031 4717 posteris
3089 4649 3382 4717 propriam
3437 4649 3744 4719 relinquere

2065 4736 2441 4806 dignitatem;
2472 4736 2566 4789 sed
2609 4741 2912 4789 extraneus
2957 4736 3027 4789 de
3076 4737 3188 4790 alia
3233 4737 3384 4789 tribu
3407 4737 3638 4805 eligitur
3663 4737 3746 4790 Je—

2066 4842 2180 4889 sus,
2216 4829 2278 4879 ut
2325 4824 2600 4878 sciremus
2648 4824 3038 4893 principatum
3089 4825 3148 4878 in
3195 4825 3440 4894 populos
3473 4841 3584 4878 non
3631 4839 3745 4876 san-

2065 4913 2228 4984 guini
2257 4912 2628 4966 deferendum
2681 4929 2822 4980 esse,
2877 4913 2972 4965 sed
3004 4913 3155 4966 vitae.
3187 4917 3259 4966 At
3288 4929 3445 4965 nunc
3475 4913 3747 4966 cernimus

2065 5001 2345 5071 plurimos
2390 5001 2668 5054 honorem
2732 5001 3074 5054 beneﬁcium
3131 5001 3333 5068 facere,
3377 5006 3584 5054 utnon
3616 5013 3745 5070 qua:-

2064 5093 2194 5143 rant
2224 5106 2322 5142 eos
2351 5089 2449 5158 qui
2475 5094 2716 5159 possunt
2748 5090 3006 5142 Ecclesiae
3030 5089 3156 5159 plus
3188 5091 3458 5158 prodesse
3491 5095 3546 5142 et
3577 5089 3746 5142 Eccle-

2066 5179 2165 5230 siae
2199 5177 2420 5247 erigere
2473 5178 2808 5244 columnas;
2853 5177 2950 5231 sed
2994 5195 3137 5248 quos
3171 5178 3254 5230 vel
3287 5177 3398 5248 ipsi
3432 5183 3644 5245 amant,
3675 5173 3740 5228 vel

2067 5281 2311 5337 quorum
2348 5270 2480 5319 sunt
2515 5266 2807 5337 obsequiis
2839 5267 3080 5333 deliniti,
3115 5268 3201 5320 vel
3225 5283 3326 5336 pro
3357 5266 3568 5335 quibus
3593 5265 3743 5334 majo-

2067 5371 2196 5407 rum
2229 5354 2517 5424 quispiam
2548 5357 2860 5424 rogaverit,
2901 5361 2956 5409 et
2985 5360 3047 5408 ut
3075 5355 3358 5409 deteriora
3387 5360 3628 5423 taceam,
3659 5351 3740 5424 qui

2066 5447 2130 5496 ut
2159 5443 2346 5496 clerici
2377 5443 2598 5508 ﬁerent,
2633 5443 2966 5497 muneribus
2999 5445 3401 5513 impetrarunt.
3453 5445 3742 5514 Diligenter

2069 5531 2318 5601 Apostoli
2361 5532 2722 5586 attendamus
2789 5533 2958 5586 verba
3007 5533 3284 5586 dicentis:
3343 5535 3410 5588 Ut
3463 5539 3738 5588 constituas
