3846 6244
43 332 109 377 τίει
811 324 1194 379 HERARDUS
1231 321 1480 378 TURON.
1523 323 1848 377 AllClllEP.
1883 353 1950 360 -—
1976 321 2255 377 NOTITIA
2301 321 2692 377 HISTORICA.

3395 320 3498 371 762

43 473 116 524 per
167 460 408 507 civitates
451 457 816 523 presbyteros,
850 460 988 508 sicut
1023 471 1116 521 ego
1149 455 1245 507 tibi
1277 455 1522 523 disposui
1560 456 1690 523 (Tit.
1733 460 1774 510 A
1805 469 2032 517 vocans,
2083 458 2275 522 postea
2334 453 2563 505 eosdem
2631 453 2925 522 episcopos
2977 451 3198 505 dixerit.
3253 451 3312 505 Si
3371 450 3498 520 quis

47 563 72 601 l,
100 548 156 606 3).
184 542 288 605 Qui
334 545 519 612 qualis
575 544 871 612 presbyter
920 541 1124 596 debeat
1156 542 1429 606 ordinari,
1465 543 1521 596 in
1551 560 1692 596 con-

45 632 377 700 sequentibus
416 631 720 696 disserens,
775 631 878 684 hoc
909 638 992 683 est
1026 647 1038 684 :
1073 632 1131 686 Si
1164 635 1285 696 quis
1337 636 1414 684 est
1443 636 1565 685 sine
1595 637 1696 685 cri-

47 726 168 780 mine,
208 723 374 771 unius
414 723 598 772 luroris
661 725 762 780 vir,
800 726 902 772 etc.
956 721 1155 773 Postea
1179 719 1372 772 intulit
1405 735 1418 772 :
1475 719 1696 786 Oportet

43 826 147 858 man
169 812 473 875 episcopum
503 813 616 860 sine
649 813 870 860 crimine
901 825 1032 873 esse,
1056 814 1316 873 tanquam
1348 812 1444 861 Dei
1475 809 1693 877 dispen-

43 904 230 949 morem
290 897 479 963 (Ιὸὶίι.,
534 900 605 963 6).
658 898 808 950 Idem
861 903 943 950 est
1003 913 1140 965 ergo
1227 897 1522 966 presbyter
1597 895 1696 966 qui

45 987 318 1052 episc0pus,
363 991 418 1036 et
454 990 761 1054 antequam
807 984 1020 1037 diaboli
1078 984 1351 1037 instinctu
1405 985 1592 1037 studia
1640 985 1694 1036 in

46 1072 276 1139 religione
311 1072 531 1137 ﬁerent,
587 1077 642 1126 et
694 1073 979 1126 diceretur
1027 1072 1086 1126 in
1129 1073 1356 1142 populis
1391 1090 1402 1126 :
1435 1075 1546 1140 Ego
1577 1089 1695 1126 sum.

47 1162 186 1216 Ριειιιέ.
252 1178 347 1226 ego
391 1162 607 1228 Apollo,
667 1178 761 1227 ego
811 1166 990 1214 autem
1047 1161 1236 1230 Cepha:
1297 1162 1347 1227 (I
1402 1163 1518 1215 Cor.
1571 1163 1693 1229 xu),

49 1248 299 1302 communi
348 1249 814 1318 presbyterorum
847 1250 1086 1303 consilio
1125 1250 1378 1303 Ecclesiae
1408 1250 1695 1318 guberna-

49 1340 238 1391 bantur.
272 1337 574 1405 Postquam
616 1354 750 1390 vero
783 1339 1179 1409 unusquisque
1211 1356 1305 1392 eos
1335 1355 1477 1408 quos
1509 1339 1699 1407 bapti-

51 1431 230 1477 zaverat
259 1425 491 1491 putabat
542 1441 694 1486 suos,
733 1442 844 1478 non
902 1426 1128 1488 Christi,
1164 1427 1218 1478 in
1279 1432 1396 1479 toto
1432 1427 1566 1479 orbe
1599 1427 1696 1479 de-

49 1519 223 1564 eretum
260 1518 363 1572 est,
398 1519 459 1561 ut
493 1529 640 1564 unus
672 1513 741 1565 de
785 1514 1131 1582 presbyteris
1167 1515 1381 1567 electus
1414 1531 1691 1584 superpo-

51 1608 242 1654 neretur
272 1599 506 1664 caeteris,
537 1601 625 1652 'ad
669 1617 842 1671 quem
875 1603 1062 1655 omnis
1106 1619 1241 1656 cura
1276 1604 1531 1656 Ecclesiae
1565 1619 1698 1673 per-

53 1690 236 1750 timeret,
288 1695 342 1739 et
399 1687 769 1743 schismatom
835 1691 1057 1744 semina
1120 1692 1474 1745 tollerentur.
1537 1693 1700 1744 Putat

55 1778 224 1846 aliquis
258 1792 366 1828 non
408 1777 851 1847 Scripturarnm,
892 1780 989 1834 sed
1021 1785 1275 1833 nostram
1308 1797 1426 1839 esse
1469 1787 1699 1833 senten-

53 1868 183 1928 tiam,
212 1865 538 1934 episcopum
563 1871 618 1919 et
649 1867 1046 1937 presbyterum
1086 1884 1261 1921 unum
1287 1885 1433 1935 esse,
1463 1873 1518 1920 et
1545 1868 1702 1922 aliud

57 1955 222 2018 etatis,
257 1953 404 2005 aliud
437 1969 558 2007 esse
593 1969 804 2006 nomen
837 1955 1050 2008 ofﬁcii?
1082 1956 1319 2026 Relegat
1349 1956 1601 2025 Apostoli
1632 1957 1699 2009 ad

57 2042 406 2108 Pliilippenses
459 2043 633 2095 verba
668 2043 956 2097 dicentis:
1019 2047 1225 2098 Paulus
1273 2049 1322 2097 et
1379 2045 1702 2100 Timotluvus

56 2130 166 2179 servi
188 2129 379 2181 Christi
405 2132 561 2194 Jesu,
594 2131 842 2184 omnibus
875 2135 1078 2185 sanctis
1110 2135 1166 2186 in
1195 2133 1415 2186 Christo
1443 2135 1580 2186 Jesu
1605 2136 1703 2201 qui

57 2221 152 2264 sunt
170 2214 416 2282 Philippis
437 2231 552 2268 cum
582 2221 844 2284 episcopis
871 2224 920 2270 et
937 2221 1179 2273 diaconis
1206 2226 1255 2274 ct
1276 2225 1458 2287 gratia
1485 2222 1634 2275 vobis
1651 2226 1702 2274 ct

58 2318 144 2368 par
169 2311 218 2354 et
247 2304 458 2372 reliqua
490 2303 726 2373 (Philip.
763 2323 798 2367 ι,
838 2307 906 2373 l).
958 2308 1207 2378 Philippi
1254 2326 1370 2362 una
1417 2317 1504 2363 est
1563 2310 1700 2363 urbs

58 2389 365 2455 Macedoniae,
397 2398 450 2444 et
471 2397 620 2446 certe
654 2393 713 2446 in
746 2410 856 2446 una
881 2395 1106 2450 civitate
1141 2397 1350 2467 plures,
1387 2403 1449 2450 ut
1476 2414 1696 2451 nuncu-

59 2487 224 2544 pantur
251 2480 494 2550 episcopi
527 2497 649 2534 esse
682 2497 800 2534 non
835 2488 1120 2552 poterant.
1155 2485 1263 2539 Sed
1295 2485 1434 2555 quia
1467 2487 1695 2538 eosdem

59 2566 298 2636 episcopos
328 2569 424 2621 illo
481 2569 537 2622 in
574 2575 828 2639 tempore
860 2587 1005 2641 quos
1037 2573 1397 2643 presbyteros
1436 2576 1693 2644 appella-

59 2653 178 2719 bant,
220 2663 513 2726 propterea
566 2659 961 2714 indifferenter
1017 2661 1086 2716 de
1163 2663 1442 2734 episcopis
1535 2665 1694 2734 quasi

59 2744 346 2812 presbyteris
377 2754 460 2800 est
509 2749 754 2802 locutus.
809 2751 1011 2804 Adhuc
1058 2751 1228 2803 alicui
1287 2752 1394 2804 hoc
1443 2751 1696 2804 videatur

57 2832 355 2898 ambiguum,
391 2835 497 2888 nisi
545 2837 727 2889 altero
768 2837 1098 2892 testimonio
1151 2839 1576 2908 comprobetur.
1633 2841 1693 2892 In

60 2922 239 2972 Artibus
267 2925 652 2991 apostolorum
684 2926 958 2995 scriptum
991 2931 1078 2978 est
1112 2931 1262 2996 (Act.
1295 2945 1382 2992 xx,
1407 2929 1506 2997 l7),
1543 2930 1691 2998 quod

61 3024 157 3059 cum
182 3010 408 3062 venisset
427 3013 715 3080 apostolus
748 3014 953 3067 Paulus
975 3015 1250 3082 Miletum,
1274 3016 1494 3069 miserit
1523 3017 1696 3086 Ephe-

61 3111 173 3159 sum,
216 3104 264 3150 et
331 3101 610 3154 vocaverit
655 3102 1021 3172 presbyteros
1091 3104 1347 3173 ejusdem
1418 3107 1698 3173 Ecclesiae,

63 3182 225 3248 quibus
269 3195 460 3252 postea
516 3188 669 3242 inter
724 3195 930 3242 caetera
962 3191 1034 3244 sit
1092 3193 1363 3247 locutus:
1420 3195 1702 3248 Attendite

63 3270 192 3336 vobis,
218 3279 264 3325 et
290 3278 430 3326 omni
451 3280 626 3343 gregi,
675 3280 730 3330 in
783 3293 887 3345 quo
935 3295 1026 3332 vos
1051 3281 1298 3348 Spiritus
1341 3289 1560 3335 sanctus
1598 3299 1699 3351 po-

62 3362 144 3407 suit
165 3363 410 3429 episcopos
438 3380 658 3431 pascere
699 3369 997 3421 Ecclesium
1051 3369 1170 3435 Dei,
1214 3385 1377 3436 quam
1408 3373 1700 3438 acquisivit

63 3452 274 3511 sanguine
320 3466 411 3504 suo
465 3453 661 3521 (Ibid.,
727 3454 840 3523 28).
911 3458 974 3510 Et
1049 3456 1142 3510 hic
1193 3458 1525 3528 diligentius
1596 3460 1696 3513 ob-

65 3543 254 3598 servate,
283 3541 564 3607 quomodo
592 3542 763 3596 unius
795 3543 1038 3598 civitatis
1077 3546 1295 3616 ipresi
1339 3547 1697 3618 presbyteros

68 3688 1354 3712 Μ

81 3705 3002 3732 qm:

1806 543 1927 594 vult
1966 542 2219 610 recipere
2268 541 2590 609 epistolam,
2641 557 2769 610 quas
2815 540 2918 592 sub
2964 539 3195 592 nomine
3239 539 3398 593 Pauli
3431 538 3500 592 ad

1808 631 2074 684 Hebraeos
2125 630 2333 699 scripta
2387 637 2489 694 est,
2524 637 2579 681 et
2635 630 2714 682 ibi
2763 628 3060 698 aequaliter
3107 630 3257 681 inter
3304 629 3499 698 plures

1805 719 2068 771 Ecclesia)
2101 735 2233 770 cura
2259 717 2548 771 dividitur.
2576 717 2871 787 Siquidem
2905 717 2973 769 ad
3006 717 3228 787 plebem
3260 717 3492 769 scribit:

1806 810 1992 862 Parete
2025 807 2371 876 principibus
2420 809 2612 860 vestris
2641 812 2689 859 et
2719 806 2948 872 subjecti
2979 810 3139 858 estote
3173 822 3186 857 :
3221 807 3331 873 ipsi
3358 807 3499 857 enim

1804 899 1930 949 sunt
1983 898 2081 964 qui
2139 896 2374 963 vigilant
2430 910 2529 963 pro
2601 895 2887 948 animabus
2949 896 3162 956 vestris,
3235 895 3499 945 rationem

1804 984 2106 1048 reddentes,
2156 990 2205 1038 et
2235 1000 2298 1036 ne
2317 986 2654 1052 suspirantcs
2683 985 2775 1036 hoc
2821 985 3034 1046 faciunt
3071 995 3081 1033 :
3116 980 3381 1048 siquidem
3408 982 3500 1032 hoc

1806 1073 1934 1124 utile
1980 1072 2130 1125 vobis
2169 1077 2246 1125 est
2292 1072 2470 1142 (Hebr.
2498 1088 2618 1140 xm,
2667 1070 2768 1138 l7).
2807 1071 2874 1124 Et
2908 1071 3106 1122 Petrus
3138 1068 3236 1138 qui
3269 1083 3335 1120 ex
3366 1067 3501 1121 ﬁdei

1806 1159 2074 1211 ﬁrmitate
2129 1162 2344 1230 accepit
2393 1176 2627 1225 nomen,
2676 1160 2732 1212 in
2789 1157 3027 1228 epistola
3081 1172 3183 1208 sua
3234 1155 3502 1224 {loquitur

1809 1248 2000 1301 dit-ens
2033 1266 2048 1300 :
2084 1249 2424 1314 Presbyteros
2453 1265 2579 1314 ergo
2611 1250 2667 1300 in
2694 1249 2842 1300 vobis
2881 1248 3112 1309 obsecro,
3166 1244 3499 1312 compresby—

1807 1341 1904 1400 ter,
1941 1342 1989 1389 et
2030 1339 2177 1389 testis
2205 1338 2409 1391 Christi
2427 1339 2762 1404 passionum,
2796 1338 2892 1402 qui
2921 1340 2970 1388 ct
3000 1334 3116 1402 ejus
3147 1334 3353 1400 gloriae,
3387 1347 3506 1400 qua:

1807 1425 1864 1476 in
1906 1426 2158 1488 futurum
2204 1425 2492 1476 rerclunda
2532 1429 2629 1488 cst,
2679 1426 2853 1477 socius
2913 1439 3071 1476 sum:
3122 1423 3331 1489 pascite
3381 1436 3500 1474 cum

1809 1515 1905 1580 qui
1943 1516 1999 1565 in
2039 1515 2182 1566 vobis
2215 1519 2291 1566 est
2328 1530 2540 1578 gregem
2580 1514 2806 1574 Domini,
2837 1528 2938 1564 non
2984 1514 3144 1578 quasi
3175 1527 3292 1562 cum
3324 1525 3502 1562 neces-

1806 1603 1986 1666 sitate,
2023 1601 2118 1652 sed
2142 1603 2446 1653 voluntarie
2466 1603 2514 1670 (Ι
2537 1603 2676 1654 Petr.
2732 1618 2781 1666 v,
2821 1599 2888 1668 l).
2924 1601 3051 1652 Hau:
3083 1602 3408 1667 propterea,
3443 1602 3503 1650 nt

1812 1690 2247 1742 ostenderemus
2283 1690 2433 1758 apud
2477 1695 2693 1742 veteres
2736 1689 2962 1740 eus-dem
3002 1687 3170 1739 fuisse
3211 1686 3502 1754 presbyte-

1814 1793 1904 1829 ros
1936 1795 2078 1847 quos
2117 1779 2450 1848 episcopos;
2498 1777 2776 1846 paulatim
2807 1793 2934 1828 vero
2968 1782 3029 1828 ut
3081 1773 3505 1827 dissensionum

1815 1867 2095 1936 plantaria
2128 1869 2528 1931 evelli-rentur,
2571 1867 2636 1918 ad
2675 1882 2852 1918 unum
2883 1879 3112 1916 omnem
3168 1862 3504 1916 sollicitudi-

1815 1971 1944 2007 nem
1969 1971 2089 2007 essc
2121 1956 2386 2008 delatam.
2423 1956 2577 2008 Sicut
2607 1971 2746 2023 ergo
2782 1952 3099 2024 presbyteri
3131 1951 3319 2003 sciunt
3361 1966 3418 2002 se
3439 1966 3507 2002 ex

1813 2043 2070 2096 Ecclesiae
2130 2043 2541 2096 consuetudine
2588 2043 2640 2096 ei
2671 2043 2770 2111 qui
2802 2041 2909 2094 sibi
2960 2039 3294 2110 pra’posilus
3338 2037 3510 2091 fuerit

1809 2148 1929 2186 esse
1962 2132 2273 2201 subjectos;
2311 2132 2384 2183 ita
2436 2131 2685 2198 episcopi
2737 2129 3002 2182 novvrint
3033 2145 3090 2178 se.
3138 2127 3320 2195 magis
3369 2143 3506 2178 con-

1811 2221 2113 2274 suetudine
2173 2236 2345 2288 quam
2406 2217 2802 2287 dispositionis
2887 2216 3195 2269 Dominicze.
3269 2214 3507 2267 veritate

1810 2309 2155 2379 presbyteris
2195 2325 2315 2361 esse
2377 2310 2642 2375 majores,
2695 2312 2753 2360 et
2819 2307 2874 2358 in
2931 2321 3236 2357 commune
3297 2303 3504 2355 debere

1811 2398 2115 2451 Ecclesiam
2142 2414 2359 2468 regere,
2394 2397 2688 2450 imitantes
2732 2396 2978 2465 Moysen,
3019 2393 3117 2463 qui
3166 2408 3296 2446 cum
3332 2391 3506 2444 babe—

1807 2487 1975 2538 retin
2004 2492 2281 2555 potestate
2304 2487 2458 2537 solus
2487 2500 2728 2553 prtPesse
2765 2483 2972 2553 populo
3026 2482 3218 2546 Israel,
3271 2485 3506 2549 septua-

1805 2576 1965 2646 ginta
1995 2575 2167 2643 elegit
2193 2591 2321 2627 cum
2345 2574 2554 2644 quibus
2579 2571 3176 2643 populumjndicaret.
3197 2569 3505 2623 Videamus

1805 2664 1982 2731 igitur
2013 2664 2197 2734 qualis
2228 2664 2519 2733 presbyter
2563 2663 2679 2715 sive
2708 2662 3004 2731 episcopus
3033 2659 3384 2712 ordinandus
3411 2659 3502 2710 sit.

1803 2753 1864 2806 Si
1903 2755 2026 2820 quis
2058 2759 2136 2806 est
2183 2756 2298 2806 sine
2340 2755 2582 2816 crimine,
2638 2754 2800 2804 unius
2839 2753 3028 2803 ultoris
3066 2751 3173 2812 vir,
3220 2749 3359 2815 ﬁlios
3400 2747 3505 2799 ha-

1804 2843 1928 2895 bens
1970 2843 2182 2909 fideles;
2233 2857 2339 2894 non
2411 2843 2467 2893 in
2513 2841 2856 2892 accusatione
2905 2837 3166 2898 luxuriat,
3246 2841 3348 2890 aut
3398 2850 3505 2887 non

1801 2931 2068 2984 subditos.
2116 2933 2333 2998 Oportet
2382 2932 2522 2982 enim
2565 2931 2874 2996 episcopum
2947 2930 3062 2980 sine
3109 2927 3332 2978 crimine
3371 2938 3501 2986 esse,

1738 3054 1777 3107 Ο
1811 3023 2073 3085 tanquam
2101 3020 2192 3071 Dei
2223 3018 2670 3085 dispensatorem,
2705 3019 2762 3068 et
2790 3016 3013 3084 reliqua
3045 3015 3175 3078 (Tit.
3213 3029 3248 3078 ι,
3284 3012 3359 3079 6).

1881 3107 1938 3160 Si
1965 3113 2152 3159 autem
2202 3105 2604 3158 controversiae
2647 3105 2872 3157 fortuna
2927 3103 3034 3156 iste
3081 3101 3250 3155 alicui
3299 3099 3502 3168 displi-

1813 3196 2057 3259 cuerint,
2091 3211 2205 3248 non
2250 3194 2620 3265 supercilium
2672 3191 2914 3244 tumoris
2945 3191 3152 3244 Christi
3183 3192 3505 3258 imputetur

1808 3283 2150 3344 vernaculis,
2203 3283 2339 3353 quia
2371 3299 2481 3334 non
2522 3281 2840 3334 evidentior
2879 3281 2935 3332 in
2971 3280 3208 3348 praelata
3241 3275 3500 3347 proposi-

1809 3370 1964 3424 tione
1994 3373 2182 3440 potuit
2217 3371 2460 3424 inveniri
2496 3369 2788 3439 responsio
2831 3367 3145 3432 rationalis,
3179 3383 3307 3435 quin
3340 3364 3500 3418 vide-

1806 3460 1937 3514 licet
1963 3460 2328 3530 praestantior
2353 3466 2502 3512 esset
2531 3459 2868 3511 auctoritate
2901 3456 3176 3510 docentis.

1359 3868 1528 3911 ANNO
1576 3868 1802 3911 DOMINI
1852 3868 2144 3912 DCCLXXI.

1056 4032 2450 4172 HERPLRDUS

480 4277 1517 4384 TURONENSIS
1620 4279 3030 4384 ARCHIEPISCOPUS.

794 4597 1181 4670 NOTITIA
1253 4598 1766 4712 HISTOBICA
1826 4600 1948 4671 EX
2007 4600 2276 4673 GALL.
2337 4599 2706 4672 CHRIST.

98 4928 358 5011 "tisaieocs
411 4937 753 5011 designatur
799 4939 1263 5011 archiepiscopus
1345 4941 1451 4994 sub

74 4997 158 5062 853$,
186 5004 252 5080 uti
297 4997 570 5080 asseritur
595 5009 658 5061 in
687 4997 1010 5080 Abreviario'
1043 4997 1428 5079 capitulorum
1477 5029 1603 5080 quia!
1636 5013 1692 5064 in

73 5075 233 5150 εξιιιιιιυ
275 5077 337 5128 ab
367 5081 637 5131 omnibus
681 5078 861 5148 ipsius
894 5075 1158 5150 paraaciaa
1213 5075 1598 5136 sacerdotibus
1640 5090 1697 5136 et

74 5138 232 5223 clericis
249 5153 489 5223 tenenda
519 5138 828 5223 ordinavit.
865 5138 940 5205 D'e
973 5153 1060 5204 bis
1105 5154 1319 5206 mentio
1361 5154 1606 5206 habetur
1637 5155 1693 5207 in

73 5208 288 5294 éhfenicis
336 5219 734 5294 Vindocinensi
785 5227 840 5294 et
890 5223 1260 5287 Malleacensi,
1317 5225 1470 5292 quod
1499 5225 1696 5289 iscrius

75 5281 418 5362 Prdinationem
452 5291 691 5344 Herardi
725 5292 976 5362 assignat
1007 5294 1110 5346 sub
1154 5281 1259 5346 an:
1300 5281 1424 5348 838.
1470 5281 1694 5348 Consti-

73 5352 443 5441 Eltttltr‘concilio
465 5362 620 5441 apud
669 5352 1217 5441 Saponariasjtide§_
1242 5365 1526 5441 iu__libello
1559 5383 1692 5435 pro-

74 5419 361 5482 clamationis
408 5419 593 5484 Caroli
648 5419 799 5502 regis
854 5419 1125 5488 adversus
1175 5436 1529 5501 Venilonem,
1559 5419 1692 5490 ’διθ-

75 5502 882 5577 Ponenseinarchiepiscopum,
931 5521 1023 5577 an.
1059 5508 1193 5577 859;
1234 5507 1325 5558 cui
1373 5507 1694 5559 commoni-

74 5565 228 5620 torium
251 5571 452 5641 dirigit,
487 5565 964 5645 subscriptusque
995 5565 1241 5630 habetur
1278 5577 1338 5630 in
1366 5577 1694 5630 Tuciacensi

1538 4958 1689 4993 anno
1735 4944 1774 4996 D
1805 4958 1896 4995 an.
1932 4945 2055 5004 862,
2088 4947 2143 4993 et
2172 4937 2569 4994 Suessionensi
2602 4955 2679 5003 ιιι,
2717 4955 2806 4990 an.
2849 4942 2970 4991 866.
2996 4938 3118 5000 Quo
3147 4937 3266 4990 loco
3297 4938 3355 4991 in
3389 4939 3500 5008 epi-

1804 5015 1945 5065 stola
1997 5012 2264 5079 synodica
2305 5009 2708 5076 episcoporum
2766 5010 2831 5061 ad
2885 5009 3174 5061 Nicolaum
3209 5024 3500 5062 summum

1806 5083 2127 5153 pontiﬁcem
2162 5084 2569 5153 memorantur
2594 5079 2915 5153 Brittonum
2965 5079 3032 5153 in
3065 5079 3360 5148 provincia
3389 5080 3500 5132 Tu-

1804 5149 1997 5206 ronica
2027 5153 2386 5203 excursiones
2420 5165 2432 5202 :
2465 5168 2490 5198 ει
2531 5149 2807 5211 Vestram,
2850 5150 3132 5219 siquidem
3165 5166 3278 5202 non
3329 5156 3501 5203 latere

1803 5222 2172 5276 beatitudinis
2203 5220 2595 5273 exeellentiam
2646 5221 2932 5284 novimus,
2979 5221 3269 5274 dimcesim
3315 5222 3503 5274 Turo-

1805 5293 1988 5346 nicam
2012 5292 2342 5344 austeritate
2373 5290 2713 5356 Brittonum,
2750 5292 2976 5344 diutino
2999 5309 3032 5343 θ.
3064 5308 3164 5345 sua
3197 5293 3501 5356 metropoli

1805 5309 1988 5346 meam
2012 5309 2342 5344 austel‘ltale
2373 5309 2713 5356 uriuonum,
2750 5309 2976 5344 uiuuno
2999 5309 3032 5343 a
3064 5309 3164 5345 sua
3197 5309 3380 5346 metro
3427 5309 3501 5346 υιι

1801 5364 2079 5415 divulsam
2122 5363 2468 5431 penitusque
2520 5361 2813 5415 discissam
2851 5379 2862 5416 :
2901 5364 2976 5415 ita
3021 5370 3098 5420 ut.
3150 5364 3303 5432 {sicut
3353 5309 3502 5418 itfem

1800 5435 2112 5486 Turonicns
2146 5432 2624 5504 metropolitaIiUs
2648 5435 2948 5499 Herardus,
2979 5437 3307 5504 pariterque
3334 5435 3503 5488 Nam-

1803 5504 2021 5557 neticus
2062 5503 2334 5556 Actardns
2389 5503 2679 5572 frequenti
2737 5506 3025 5572 indagine,
3067 5503 3288 5558 necnon
3331 5507 3504 5559 etiam

1803 5578 1860 5630 in
1907 5577 2201 5646 prauuissa
2225 5575 2588 5630 Suessiomca
2616 5575 2832 5648 synodo
2862 5576 3112 5630 evidenti
3143 5582 3316 5646 atque
3358 5579 3505 5631 mul-
