3846 6244
317 245 419 296 763

1577 239 1895 294 IIERABDI
1936 239 2191 296 TURON.
2232 240 2553 294 ARCHIEP.
3723 241 3804 292 Tﬁi

319 371 503 440 tiplici
544 372 708 440 stylo,
761 370 977 440 pariter
1035 374 1089 422 et
1132 384 1396 441 sermone
1441 369 1605 421 nobis
1648 369 2008 435 intimavere,
2051 373 2091 425 A
2123 386 2227 440 per
2260 371 2523 424 Carolum
2572 370 2894 440 piissimum
2936 387 3153 441 regem,
3196 372 3267 425 de
3295 371 3431 425 villa
3482 369 3714 435 Lirado,
3753 372 3807 424 ad

312 442 434 511 jam
490 441 719 493 vicenus
783 445 839 494 et
911 456 979 494 eo
1016 441 1146 493 licet
1180 440 1414 510 paulum
1451 441 1597 492 adsit
1637 457 1838 506 annus,
1898 457 2011 510 quo

319 513 618 581 tyrannica
677 512 901 565 feritate
968 518 1284 580 resumpta,
1334 527 1438 564 nec
1508 512 2012 578 comprovincialia

318 598 448 635 cum
482 583 764 636 'I‘uronico
796 583 1244 653 metropolitano
1285 583 1576 635 celebrent
1616 583 1875 649 concilia,
1911 599 2013 635 nec

317 654 378 705 in
411 653 813 722 episcoporum
847 653 1394 718 consecrationibus,
1429 669 1490 704 ac
1523 655 1786 706 eumdem
1845 653 2010 722 quid-

318 740 490 794 quam
529 724 858 792 respiciant,
894 725 976 776 illi
1008 740 1238 793 quoque
1268 723 1390 776 sedi
1423 724 1580 775 nullo
1608 732 1772 792 pacto
1807 741 1862 775 se
1886 725 2013 774 sub-

318 793 474 846 dant.
513 795 774 847 Interfuit
810 795 1143 846 'I‘recassino
1182 795 1426 847 concilio
1458 811 1548 846 an.
1602 798 1724 859 867,
1770 801 1825 847 et
1877 811 2012 846 con-

315 864 514 917 ventui
575 867 883 932 praesulum
948 865 1283 919 Hhemensis
1350 866 1655 932 provincia).
1713 866 2011 918 Hincmaro

317 936 784 1004 metropolitano,
822 951 924 1004 pro
945 938 1204 988 examine
1237 936 1553 997 Vuiliberti,
1586 936 1851 988 Turonici
1879 937 2010 1004 pagi

315 1006 624 1076 indigenze,
661 1007 965 1060 ordinandi
999 1006 1251 1076 episcopi
1284 1008 1712 1060 Catalaunensis
1747 1023 1758 1058 :
1791 1008 1856 1058 ad
1879 1023 2012 1059 eum

315 1093 449 1129 vero
475 1076 744 1144 dirigitur
774 1076 1014 1144 epistola
1056 1076 1267 1130 Nicolai
1298 1093 1481 1147 papa‘,
1518 1083 1573 1129 et
1601 1093 1723 1142 cap.
1785 1079 1861 1142 10,
1906 1079 2011 1131 Νο-

319 1153 431 1200 tum
461 1151 554 1210 sit,
589 1153 788 1216 quaest.
818 1151 865 1200 1.
905 1149 1110 1200 Littera
1137 1149 1420 1200 Hincmari
1443 1148 1592 1209 apud
1628 1148 2012 1201 Flodoardum

317 1218 415 1270 lib.
449 1231 530 1279 III,
557 1234 681 1286 cap.
726 1221 817 1282 20,
861 1225 918 1270 et
949 1221 1113 1286 epist.
1154 1221 1252 1271 118
1306 1219 1443 1285 Lupi
1473 1219 1868 1270 Ferrariensis.
1905 1220 2011 1271 No-

318 1289 572 1340 minatnr
603 1297 658 1340 et
687 1291 740 1340 in
789 1288 994 1341 tabulis
1048 1289 1401 1341 t'undationis
1429 1289 1671 1342 abbatim
1706 1291 1760 1344 S.
1821 1290 2016 1342 Salva-

317 1358 456 1411 toris
479 1360 546 1412 de
576 1359 876 1428 Villalupe;
907 1372 1205 1428 ratamque
1228 1360 1398 1412 habet
1417 1361 1784 1412 donationem
1803 1361 2012 1414 factam

317 1445 406 1482 an.
449 1431 552 1482 862
623 1430 895 1501 fratriqus
950 1431 1203 1483 ecclesiae
1254 1430 1308 1484 S.
1366 1432 1589 1484 Martini
1638 1431 2008 1497 Turonensis,

1116 1676 2016 1787 CAPFTULA

2125 457 2298 510 quam
2348 441 2747 494 declinationis
2803 443 3133 512 confugium
3185 445 3455 507 facerent,
3508 442 3558 494 si
3620 457 3810 496 eorum

2124 513 2539 565 fraternitatem
2573 529 2928 582 paganorum
2986 517 3248 566 incursus
3296 515 3702 582 pervaderent,
3762 525 3813 564 ut

2124 583 2297 636 habet
2317 583 2664 636 tabularium
2683 585 2736 637 S.
2764 584 3009 638 Martini.
3037 585 3270 638 Interim
3293 600 3420 636 cum
3445 583 3809 645 Nomenuius,

2125 657 2235 706 dux
2276 655 2699 716 Britannorum,
2733 655 2831 724 qui
2864 671 2894 706 e
2921 662 3170 724 quatuor
3221 656 3656 725 episcopatibus
3711 655 3811 707 Bri-

2123 726 2334 776 tannize
2365 731 2579 792 septem
2611 725 2760 788 fecit,
2794 726 2976 778 tribus
3013 727 3170 777 novis
3193 727 3537 788 constitutis,
3585 726 3646 777 in
3682 741 3812 793 pra--

2117 795 2397 863 judicium
2430 797 2780 849 Turonensis
2809 797 3248 864 archiepiscopi,
3280 797 3474 848 sedem
3514 797 3674 850 Dolis
3704 811 3811 847 esse

2119 866 2379 935 jussisset
2405 907 2420 930 ,
2467 871 2523 919 et
2551 867 2800 936 episcopi
2825 867 3131 936 provinciae
3177 869 3546 933 Aremoricae,
3585 884 3621 918 a
3649 867 3811 919 Turo-

2126 937 2317 990 nensis
2351 938 2780 1006 metropolitani
2811 938 2896 990 sui
2949 937 3351 1006 jurisdictione
3411 955 3469 988 se
3516 937 3813 990 subduxis-

2125 1014 2268 1071 sent,
2336 1008 2604 1060 obstitere
2665 1009 2861 1061 Franci
2933 1024 2996 1060 ac
3047 1009 3358 1078 pontiﬁces,
3435 1009 3708 1060 Nicotaus
3765 1009 3814 1060 in

2118 1079 2336 1148 primis,
2397 1078 2494 1147 qui
2557 1079 2624 1130 ad
2677 1079 3042 1133 Salomonem
3100 1095 3294 1147 regem
3351 1079 3616 1131 scribens
3676 1079 3814 1130 circa

2119 1165 2212 1201 an.
2268 1151 2390 1212 866,
2420 1165 2511 1218 ep.
2554 1151 2640 1215 56,
2696 1151 2909 1201 nullam
2943 1151 3010 1202 ad
3068 1150 3184 1202 haec
3209 1156 3474 1217 tempora
3531 1151 3810 1202 exstitisse

2121 1220 2455 1272 memoriam
2491 1220 2772 1283 observat,
2813 1221 3089 1274 Brittones
3143 1221 3199 1272 in
3234 1237 3337 1272 sua
3366 1221 3611 1288 regione
3642 1221 3809 1271 ullam

2118 1290 2383 1343 habuisse
2429 1291 2831 1359 metropolim;
2875 1292 2971 1344 sed
3019 1292 3319 1344 discidium
3363 1292 3470 1343 sub
3537 1293 3808 1344 Innocen-

2116 1362 2180 1412 tii
2213 1362 2286 1414 III
2325 1361 2663 1429 pontiﬁcatu
2709 1361 3017 1419 dirimitur.
3055 1367 3118 1413 ut
3155 1361 3418 1415 observat
3463 1361 3809 1415 Sirmundus

2117 1432 2268 1484 notis
2299 1431 2369 1484 ad
2401 1432 2590 1486 Caroli
2621 1432 2774 1486 Calvi
2795 1433 3077 1502 Capitula.

2161 1679 3012 1813 HERARDI,

1578 1886 2052 1930 ARCHIEPISCOPI
2101 1887 2490 1931 TUBONENSIS
2510 1917 2525 1945 ,

1278 2005 1545 2067 Collecta
1588 2026 1666 2067 ex
1705 2007 2160 2087 Capz'tularz'bus
2207 2028 2416 2087 regum
2454 2006 2851 2068 Francorum.

1478 2138 1650 2201 (Apud
1686 2138 1974 2197 Baluzium,
2011 2139 2237 2202 Capitul.
2268 2144 2306 2188 t.
2339 2141 2378 2197 I,
2411 2155 2460 2203 p.
2501 2140 2660 2202 1283.)

390 2374 684 2452 Capitula
713 2379 1007 2453 excerpta
1033 2393 1106 2433 ex
1141 2393 1407 2453 corpore
1439 2379 1808 2434 sanctorum
1841 2375 2176 2436 Canonum
2219 2377 2702 2454 pernecessaria
2733 2378 2814 2437 ab
2858 2377 3168 2442 Herardo,
3205 2381 3444 2437 sanctas
3475 2377 3806 2437 Turonicee

310 2463 485 2522 sedis
517 2463 995 2541 archiepiscopo
1042 2469 1199 2524 nutu
1247 2464 1485 2531 divino,
1521 2465 1583 2522 in
1623 2470 1847 2524 sancta
1893 2464 2098 2542 ipsius
2132 2466 2378 2543 synodo
2429 2467 2706 2525 tenenda
2753 2465 3124 2525 memoriter
3151 2466 3232 2525 ab
3275 2465 3574 2525 omnibus
3608 2465 3803 2543 ipsius

309 2549 606 2627 parcecias
638 2551 1082 2610 sacerdotibus
1114 2556 1178 2610 et
1208 2551 1477 2622 clericis,
1510 2551 1939 2628 omnibusque
1967 2553 2351 2613 volentibus.

392 2717 456 2769 In
511 2716 742 2769 nomine
791 2717 888 2771 Dei
938 2715 1130 2770 solius.
1196 2718 1332 2786 Ego,
1367 2718 1670 2782 Herardus,
1713 2717 2004 2771 immerito
2045 2720 2085 2772 Β
2117 2719 2323 2787 turpia,
2382 2724 2553 2788 atque
2614 2723 2882 2781 mercata,
2933 2734 3235 2772 causarum
3287 2719 3615 2786 audientiae,
3675 2735 3797 2772 con-

306 2804 724 2857 Turoncnsium
757 2804 1035 2874 pontifex,
1069 2821 1219 2858 anno
1248 2806 1660 2859 incarnationis
1693 2806 2003 2859 Dominicas

305 2895 429 2960 858,
472 2893 848 2946 ordinationis
885 2910 1117 2964 quoque
1177 2901 1381 2947 nostrae
1435 2911 1512 2961 ιιι,
1572 2894 1878 2948 indictione
1929 2912 2001 2961 γι,

307 2997 546 3034 cernens
595 2981 898 3034 Ecclesiam
951 2981 1088 3035 mihi
1135 2983 1498 3035 commissam
1549 2984 1753 3052 partim
1821 2984 2001 3052 negli-

307 3069 523 3140 gentia,
577 3075 809 3139 torpore
867 3071 955 3123 vel
1005 3071 1244 3137 desidia,
1309 3073 1517 3140 partim
1571 3072 2002 3142 praesidentium

315 3157 378 3230 [f.
405 3158 872 3229 praecedentium]
916 3159 1139 3211 incuria
1175 3161 1527 3213 sacerdotum
1569 3177 1716 3229 aque
1753 3161 1999 3226 ignavia,

308 3247 480 3300 variis
511 3252 568 3300 et
613 3247 932 3300 innumeris
989 3247 1245 3301 cladibus
1292 3249 1462 3313 afﬁci,
1495 3249 1726 3301 excidiis
1756 3249 1999 3313 concuti,

309 3337 384 3399 et,
447 3335 603 3406 quod
657 3335 811 3388 dictu
847 3339 1092 3406 actuque
1137 3337 1368 3407 gravius
1418 3337 1540 3390 fore
1593 3337 2000 3405 comperimus,

310 3423 551 3476 diversis
581 3423 908 3477 animarum
952 3424 1170 3494 laqueis
1217 3441 1282 3478 ac
1330 3425 1680 3495 quotidianis
1711 3425 2004 3478 erroribus

308 3512 590 3582 deperire,
643 3512 942 3575 instinctu,
995 3519 1057 3566 ut
1103 3513 1412 3580 credimus,
1481 3513 1862 3566 miserationis
1910 3530 2006 3565 su-

308 3617 520 3671 pernae,
551 3601 899 3671 perpaucula
931 3617 1110 3671 eaque
1128 3602 1440 3656 admodum
1474 3603 1789 3656 necessaria
1819 3618 2003 3655 sacra-

309 3705 436 3743 rum
495 3690 960 3744 admonitionum
1006 3691 1240 3745 collecta
1296 3692 1568 3761 capitula,
1643 3691 2001 3744 sacerdotum

307 3779 480 3833 totius
511 3779 672 3832 nobis
703 3779 934 3833 creditae.
985 3780 1246 3848 parceciaa
1276 3781 1531 3850 generali
1583 3779 1643 3832 in
1673 3780 1815 3833 urbe
1852 3778 2003 3832 sedis

307 3872 522 3922 nostrae
558 3868 875 3922 coadunata
905 3885 1015 3921 xvn
1044 3869 1288 3924 Kalend.
1324 3868 1478 3922 Junii
1507 3870 1745 3939 synodo.
1779 3867 2003 3937 publica

307 3955 563 4022 recitari;
598 3962 654 4010 et
713 3961 776 4010 ut
805 3957 878 4010 ad
909 3957 1168 4011 omnium
1217 3958 1590 4027 praesentium
1644 3956 1906 4010 notitiam
1949 3961 2004 4008 et

307 4043 752 4114 intelligentiam
781 4045 1078 4114 pervenire
1109 4047 1386 4110 valerent,
1411 4061 1602 4099 coram
1629 4045 1848 4098 cunctis
1878 4061 2003 4114 per-

308 4132 424 4202 legi
454 4133 693 4186 fecimus
715 4137 770 4185 et
812 4133 1045 4186 revolvi.
1086 4135 1150 4186 Et
1174 4134 1452 4203 quoniam
1511 4135 1814 4187 auctoritas
1845 4150 2003 4185 sacra

310 4237 594 4274 canonum
625 4221 769 4274 nulli
799 4222 1156 4275 sacerdotum
1188 4237 1434 4274 canones
1465 4222 1731 4292 ignorare
1762 4222 2002 4292 permit-

309 4308 399 4373 tit,
459 4324 530 4360 ne
578 4323 925 4378 quemquam
974 4308 1035 4362 in
1079 4308 1301 4379 reliquo
1350 4309 1515 4362 nobis
1565 4311 2003 4364 commissorum

311 4398 485 4467 hujus
513 4396 734 4449 ordinis
775 4401 1070 4466 eXpertem
1109 4397 1436 4450 noverimus
1467 4413 1773 4460 canonum,
1807 4399 2003 4452 decre-

311 4485 498 4538 vimus
553 4485 883 4556 pariterque
952 4485 1304 4555 injunximus
1356 4491 1619 4557 excerpta
1675 4503 1776 4557 per
1821 4487 2006 4541 nostri

310 4574 520 4628 laboris
553 4574 808 4627 studium
855 4575 975 4628 haec
1029 4575 1255 4627 modica
1311 4575 1707 4646 succinctaque
1758 4576 2008 4646 capitula

311 4678 788 4733 unumquemque
818 4663 1028 4716 habere
1059 4664 1118 4715 in
1148 4667 1462 4733 posterum.

382 4760 408 4784 ⁸
437 4751 565 4806 CAP.
600 4753 640 4805 Ι.
676 4753 966 4822 (Capitul.,
998 4753 1093 4806 lib.
1131 4769 1220 4816 vu,
1257 4768 1376 4820 cap.
1408 4750 1557 4821 264.)
1593 4752 1661 4806 Ut
1691 4751 1752 4804 in
1783 4753 2004 4822 synodo

309 4839 471 4909 prius
503 4841 799 4909 generales
829 4857 1035 4906 causae,
1071 4858 1198 4911 quas
1229 4841 1299 4894 ad
1323 4857 1584 4894 normam
1605 4841 1783 4894 totius
1814 4843 2009 4896 Eccle-

311 4929 410 4982 sia;
465 4930 775 4998 pertinent,
839 4929 1136 4995 ﬁniantur,
1205 4935 1402 5000 postea
1470 4929 1746 5000 speciales
1821 4931 2010 4984 venti-

313 5017 525 5071 lentur.

370 5097 452 5159 II.
485 5107 550 5176 (I,
611 5109 695 5172 15,
724 5111 814 5173 75,
862 5109 990 5174 139;
1018 5123 1071 5175 ν,
1109 5110 1237 5176 153;
1288 5124 1362 5173 v1,
1425 5110 1544 5174 189,
1577 5109 1699 5174 205,
1737 5110 1871 5174 318;
1905 5124 2005 5174 vn,

313 5196 463 5262 2'76.)
506 5195 583 5248 De
615 5196 706 5249 die
742 5196 1058 5263 Dominica,
1106 5202 1173 5250 ut
1202 5213 1236 5249 ει
1276 5213 1514 5267 vespera
1551 5213 1734 5267 usque
1766 5197 1832 5250 ad
1865 5198 2008 5265 ,‘ves-

312 5297 512 5350 peram
550 5283 904 5350 celebretur;
954 5289 1012 5338 et
1059 5290 1122 5338 ut
1169 5285 1397 5338 servilia
1446 5301 1642 5355 opera,
1701 5290 1759 5338 et
1811 5285 2005 5352 verba,

2114 2813 2431 2878 ventusque
2465 2808 2702 2878 publici,
2746 2809 2961 2878 absque
3017 2808 3406 2862 ecclesiasticis
3464 2808 3795 2877 prohibean-

2113 2901 2225 2950 tur.

2184 2986 2275 3039 III.
2316 2985 2379 3054 (I,
2415 2988 2500 3051 16,
2533 2985 2624 3050 21,
2675 2986 2771 3052 62;
2821 3002 2872 3050 v,
2906 2988 3016 3050 69;
3065 3000 3138 3049 vr,
3193 2988 3276 3045 66.
3330 2988 3463 3048 215;
3507 2985 3702 3046 Addit,
3756 3004 3788 3040 ιι

2111 3075 2198 3126 21.
2231 3072 2365 3126 Vide
2412 3075 2624 3139 Regin.,
2670 3075 2765 3127 lib.
2815 3091 2871 3134 Il,
2905 3090 3026 3141 cap.
3062 3075 3209 3143 364-.)
3256 3074 3332 3127 De
3381 3074 3594 3144 ignotis
3637 3090 3793 3143 ange-

2113 3163 2299 3214 lorum
2331 3161 2695 3232 aliorumque
2747 3169 3072 3215 sanctorum
3103 3163 3455 3228 nominibus,
3490 3169 3550 3216 ut
3577 3179 3690 3216 non
3723 3179 3792 3214 re-

2113 3251 2380 3304 citentur.
2439 3253 2504 3305 Et
2545 3251 2614 3305 de
2677 3252 2964 3313 maleﬁcis,
3035 3252 3514 3315 incantatoribus,
3574 3251 3788 3312 divinis,

2113 3339 2417 3409 sortilegis,
2442 3339 2786 3402 somniariis,
2820 3339 3265 3406 tempestuariis,
3301 3344 3359 3391 et
3387 3339 3656 3392 brevibus
3704 3354 3792 3407 pro

2112 3427 2443 3497 frigoribus,
2475 3432 2532 3480 et
2555 3427 2623 3479 de
2648 3427 2984 3479 mulieribus
3021 3427 3304 3488 veneﬁcis,
3331 3432 3386 3479 et
3416 3443 3543 3496 quae
3584 3428 3790 3478 diversa

2113 3517 2341 3585 ﬁngunt
2375 3519 2660 3585 portenta,
2710 3521 2774 3568 ut
2813 3514 3229 3585 prohibeantur
3260 3520 3320 3567 et
3347 3515 3574 3583 publica
3621 3510 3782 3583 paeni-

2109 3604 2288 3658 tentia
2315 3605 2652 3657 multentur.

2184 3693 2274 3748 IV.
2323 3698 2382 3759 (ι,
2439 3695 2492 3755 2,
2553 3694 2650 3756 82,
2711 3694 2841 3756 136;
2874 3707 2929 3756 v,
2959 3692 3060 3756 40;
3093 3708 3145 3746 v1
3200 3693 3352 3760 217.)
3379 3691 3448 3745 Ut
3477 3689 3667 3744 clerici
3705 3702 3791 3758 per

2113 3785 2376 3850 tempora
2411 3780 2718 3833 constituta
2767 3780 2837 3832 ad
2890 3779 3317 3833 ordinationem
3378 3778 3661 3848 gradatim
3706 3792 3784 3827 ve-

2115 3869 2298 3932 niant,
2333 3873 2390 3921 et
2418 3885 2534 3921 non
2557 3867 2827 3934 confuse;
2879 3872 2936 3919 et
2968 3872 3029 3920 ut
3058 3867 3196 3921 ﬁdes
3247 3871 3305 3919 et
3333 3867 3449 3918 vita
3496 3881 3711 3932 eorum,
3741 3864 3790 3915 Ii-

2113 3957 2300 4011 bertas
2331 3962 2388 4010 et
2415 3961 2680 4027 tempora
2708 3955 3096 4025 inquirantur.

2045 4040 2084 4095 C
2185 4046 2245 4098 V.
2283 4048 2337 4114 (ι,
2372 4048 2434 4111 5;
2465 4063 2547 4114 ιιι,
2586 4046 2682 4110 9ος
2721 4061 2772 4108 v,
2812 4046 2851 4098 3i

2186 4046 2245 4098 V.
2283 4048 2337 4114 (ι,
2372 4048 2434 4111 5;
2465 4063 2547 4114 ιιι,
2586 4046 2682 4110 9ος
2721 4061 2772 4108 v,
2812 4046 3008 4110 38;v1,
3044 4046 3174 4110 378;
3207 4059 3304 4110 vn,
3339 4044 3453 4111 53.)
3502 4043 3576 4097 De
3628 4039 3790 4094 usuris

2116 4133 2380 4187 omnibus
2415 4132 2681 4186 ﬁdelibus
2736 4129 3128 4201 prohibendis,
3175 4128 3395 4181 clericis
3425 4144 3490 4181 ac
3532 4128 3707 4180 laicis.
3740 4126 3794 4176 Et

2115 4222 2184 4275 de
2226 4221 2511 4275 mensuris
2541 4225 2600 4274 et
2633 4219 3006 4289 ponderibus,
3041 4223 3103 4271 ut
3125 4218 3298 4286 justze
3329 4222 3387 4271 et
3417 4217 3671 4287 a’quales
3706 4215 3792 4267 ha-

2115 4310 2378 4364 beantur.

2186 4400 2271 4453 VI.
2301 4399 2354 4470 (ι,
2382 4402 2495 4464 22.)
2534 4399 2601 4452 Ut
2631 4413 2733 4450 nec
2772 4395 2966 4449 clerici
2999 4411 3105 4448 nec
3146 4395 3415 4448 monachi
3465 4395 3531 4448 ad
3565 4391 3777 4447 saecula-

2117 4485 2204 4540 ria
2231 4487 2462 4556 negotia
2491 4487 2802 4539 transeant.

2190 4576 2299 4630 VII.
2349 4581 2410 4643 (ι,
2462 4577 2551 4639 28,
2587 4577 2684 4636 38;
2732 4589 2788 4638 v,
2820 4571 2934 4640 70.)
2969 4572 3040 4626 Ut
3086 4570 3131 4622 si
3166 4569 3356 4624 clerici
3386 4576 3487 4623 aut
3545 4564 3788 4622 monachi

2117 4663 2266 4716 inter
2310 4679 2367 4716 se
2408 4663 2618 4716 habent
2657 4660 2901 4731 negotia,
2944 4659 3095 4728 apud
3119 4658 3454 4728 episcopum
3515 4658 3788 4721 ﬁniantur,

2117 4755 2313 4804 etnon
2344 4751 2494 4820 apud
2523 4751 2844 4804 saeculares.
2872 4748 2974 4802 Sin
3007 4747 3166 4812 alias,
3216 4747 3782 4807 excommunicentur,

2187 4840 2327 4893 VIII.
2373 4839 2489 4908 (vn,
2536 4841 2688 4905 220.)
2748 4839 2819 4892 Ut
2881 4836 3070 4890 nullus
3119 4835 3398 4888 laicorum
3451 4846 3781 4904 quemquam

2117 4928 2453 4980 clericorum
2505 4927 2715 4996 absque
2754 4926 3036 4996 permissu
3080 4924 3332 4995 episcopi
3379 4924 3684 4994 compellat
3730 4917 3784 4971 ad

2117 5033 2313 5071 causas
2361 5015 2444 5067 ire
2476 5015 2544 5068 ad
2587 5015 2901 5086 publicum.
2936 5016 2996 5067 Et
3031 5015 3128 5085 qui
3171 5013 3388 5076 fecerit,
3422 5013 3606 5066 donec
3645 5007 3790 5065 corri-

2116 5111 2229 5176 gat,
2257 5106 2327 5158 ab
2361 5103 2619 5158 Ecclesiae
2650 5103 2920 5157 societate
2942 5103 3205 5172 pellatur.

2186 5194 2277 5248 IX.
2315 5194 2373 5262 (ι,
2407 5195 2494 5256 32,
2535 5195 2634 5256 ’76;
2669 5208 2719 5255 v,
2750 5195 2840 5256 72,
2884 5194 2985 5244 316
3021 5197 3075 5242 et
3115 5194 3257 5260 seq.)
3308 5191 3376 5245 Ut
3413 5189 3560 5244 ﬁdes
3608 5185 3785 5260 praedi-

2117 5289 2276 5338 cetur
2325 5281 2595 5335 omnibus
2639 5279 2905 5334 ﬁdelibus
2953 5296 2985 5332 a
3054 5279 3424 5363 presbyteris,
3469 5277 3784 5336 incarnatio,

383 5445 408 5469 ι
433 5435 572 5512 Vide
603 5436 752 5489 inter
787 5437 968 5491 Caroli
1008 5438 1196 5508 Magni
1239 5454 1432 5512 opera,
1474 5439 1817 5512 Patrologiaa
1860 5443 1999 5494 tom.
2041 5437 2248 5508 XCVII,
2308 5434 2598 5490 Benedicti
2654 5433 2878 5489 diaconi
2934 5432 3335 5489 Collectionem
3375 5432 3784 5507 Capitularium,

313 5522 376 5564 ex
408 5523 523 5580 qua
542 5507 665 5560 hinc
695 5512 922 5578 sumpta
949 5515 1085 5562 sunt
1107 5507 1346 5582 passim.
1379 5510 1536 5566 Eni'r.
