3846 6244
89 262 192 312 763

1681 257 2041 312 CAPITULA.
3502 252 3603 304 766

87 388 303 458 passio,
340 388 715 452 resurrectio,
762 394 816 442 et
863 388 1139 455 ascensio,
1193 387 1434 458 Spiritus
1481 387 1659 440 sancti
1691 387 1790 440 da-
1830 393 1873 444 Α
1904 388 2154 440 viventes
2183 385 2503 456 accipiant,_
2530 391 2586 439 et
2616 383 3015 439 benedictione
3066 383 3270 436 sacrati
3315 382 3427 436 olei
3489 397 3600 434 non

85 478 185 539 tio,
226 483 721 549 peccatorumque
772 478 1048 539 remissio,
1084 494 1212 548 qua;
1245 479 1304 530 ﬁt
1337 477 1394 531 in
1435 478 1637 532 eodem
1674 476 1798 547 Spi-

85 565 198 615 ritu
231 570 290 616 et
323 565 385 616 in
417 581 572 635 aqua
608 565 961 635 baptismatis
993 567 1051 618 in
1091 566 1309 634 gremio
1364 569 1568 618 sauctzp
1602 563 1800 617 matris

89 652 374 705 Ecclesiae.
413 654 477 706 Et
520 653 681 718 vitia,
726 655 1088 724 maximeque
1131 654 1472 719 criminalia,
1515 659 1795 714 vetentur,

84 740 445 810 virtutesque
479 741 815 795 doceantur.

151 833 319 903 X.(i,
376 837 478 902 <57;
541 854 595 902 v,
666 840 1069 905 151ςγι,106ι.
1135 839 1211 891 De
1265 838 1502 908 jejuuiis
1555 842 1802 908 quatuor

81 921 443 992 Temporum
477 931 535 978 et
586 928 713 980 aliis
748 944 850 996 pro
896 927 1134 980 diversis
1179 927 1612 980 necessitatibus
1661 942 1800 978 con-

81 1010 324 1072 stitutis,
360 1018 422 1065 ut
457 1029 575 1066 non
612 1015 928 1076 solvantur,
971 1015 1079 1066 nisi
1133 1015 1300 1067 certis
1352 1014 1797 1067 inﬁrmantibus.

153 1109 573 1177 Χ1.(ι,ι18;γ,
632 1115 729 1176 8'2;
786 1115 872 1178 49,
926 1115 1066 1179 113.)
1119 1113 1195 1166 De
1265 1111 1350 1164 his
1401 1111 1496 1180 qui
1568 1110 1800 1163 irratio-

83 1197 366 1250 nabiliter
398 1205 661 1268 peccant,
695 1207 795 1254 aut
826 1216 956 1253 cum
1011 1199 1474 1265 consanguineis,
1515 1204 1577 1250 ut
1617 1198 1801 1250 acrius

77 1285 438 1355 judicentur,
475 1293 760 1356 quatenus
787 1288 1114 1357 hujusmodi
1146 1287 1277 1339 vitia
1307 1287 1690 1339 abscidantur.

156 1382 276 1434 XII.
307 1390 372 1445 (ι,
408 1386 624 1448 61;!11,
665 1386 758 1448 10;
806 1400 856 1446 v,
896 1387 1014 1448 196,
1057 1400 1151 1447 vn,
1205 1386 1343 1447 101.)
1387 1383 1460 1434 De
1513 1381 1798 1451 perjuriis,

87 1471 406 1540 sacrilegiis
437 1479 497 1524 et
529 1473 904 1525 ebrietatibus
951 1471 1341 1540 prohibendis.
1395 1472 1458 1523 Et
1515 1477 1576 1522 ut
1632 1477 1802 1522 testes

82 1558 270 1626 jejuni
307 1560 530 1628 jurent,
581 1576 648 1613 ac
695 1561 859 1630 prius
901 1560 970 1613 de
1025 1560 1278 1630 perjurio
1320 1563 1678 1612 moneantur.
1737 1559 1805 1611 Ut

1908 480 2155 529 careant.

1979 571 2134 625 XXII.
2205 573 2320 640 (vn,
2395 572 2642 635 39km,
2699 574 2798 635 2‘33;
2856 587 2906 633 v,
2968 571 3086 632 104,
3157 569 3298 631 145.)
3363 566 3431 620 Ut
3486 581 3592 634 pro

1909 661 2213 712 chrismate
2271 657 2436 710 anuis
2489 659 2728 727 singulis
2776 659 2842 709 de.
2897 658 3054 710 omni
3117 653 3436 710 ministerio
3486 653 3598 706 duo

1909 748 2228 819 presbyteri
2258 750 2509 809 veniant,
2548 755 2607 799 ut
2633 747 2676 798 si
2713 763 2858 798 unus
2904 747 3246 809 inﬁrmatur,
3293 745 3436 797 alter
3481 743 3598 796 suf-

1909 839 2076 893 ﬁciat.
2115 839 2180 890 Et
2217 841 2278 889 ut
2307 835 2524 905 pariter
2561 851 2719 886 sacra
2771 834 2957 886 ofﬁcia
3002 833 3258 905 ejusdem
3316 831 3427 884 diei
3474 846 3601 899 per-

1910 928 2144 980 solvant.
2183 926 2246 979 Et
2278 930 2336 978 ut
2363 923 2610 978 chrisma
2642 939 2742 992 pro
2793 921 3184 975 subvertendis
3227 919 3455 988 judiciis
3501 935 3598 970 ne-

1911 1014 2052 1068 mini
2082 1014 2267 1077 detur,
2300 1018 2356 1065 et
2381 1013 2484 1065 sub
2513 1012 2699 1081 sigillo
2725 1011 3064 1063 custodiant.

1981 1111 2159 1164 XXIII.
2197 1115 2252 1174 (ι,
2289 1111 2383 1172 96;
2427 1125 2478 1171 v,
2533 1111 2656 1161 222.
2709 1107 2857 1161 Arld.
2912 1123 2970 1168 ιι,
3027 1109 3108 1158 13.
3157 1103 3302 1158 Αάιί.
3355 1119 3434 1167 ιιι,
3484 1103 3598 1166 83.)

1914 1200 1981 1254 Ut
2011 1199 2168 1253 nulla
2196 1198 2406 1251 femina
2440 1197 2662 1250 veletur
2687 1195 2807 1249 sine
2854 1195 3084 1248 licentia
3122 1191 3392 1262 episcopi.
3447 1192 3511 1244 Et
3542 1194 3604 1240 ut

1909 1298 2042 1340 ante
2095 1288 2328 1356 triginta
2381 1286 2500 1339 dies
2535 1302 2646 1338 non
2680 1286 2917 1346 veletur,
2944 1282 3134 1336 ethoc
3173 1297 3302 1334 cum
3355 1277 3596 1333 consilio

1911 1382 2214 1446 parentum
2244 1392 2306 1427 ac
2334 1374 2672 1426 vicinorum.

1981 1474 2153 1526 XXIV.
2188 1473 2253 1538 (ι,
2291 1476 2381 1535 17;
2419 1487 2513 1534 vn,
2547 1472 2666 1533 190,
2719 1470 2844 1532 262,
2891 1468 3015 1519 376.
3066 1464 3210 1520 Add.
3264 1481 3324 1527 ιι,
3368 1461 3474 1530 18.)
3524 1463 3601 1514 De

1911 1561 2248 1615 mulieribus
2279 1577 2343 1612 ac
2389 1559 2562 1624 laicis,
2596 1563 2659 1612 ut
2689 1557 2756 1611 ad
2811 1556 3009 1608 altaria
3057 1571 3170 1607 non
3211 1553 3501 1616 accedant,
3545 1554 3603 1604 et

87 1648 282 1699 nullus
312 1648 467 1701 infra
505 1664 688 1701 annos
739 1648 1172 1718 quatuordecim
1226 1647 1382 1702 testis
1431 1646 1794 1716 suscipiatur.
1841 1687 1880 1740 Β
1913 1656 1974 1702 ut
2021 1654 2375 1703 sacramenta
2421 1655 2476 1700 et
2506 1662 2682 1716 panes
2713 1649 3060 1708 sanctorum,
3089 1641 3338 1710 exceptis
3368 1654 3498 1710 quas
3522 1637 3604 1691 of-

89 1736 152 1787 Et
183 1736 340 1805 quod
382 1738 560 1790 semel
595 1737 875 1807 perjnrati
915 1737 986 1790 ad
1031 1736 1428 1790 testimonium
1475 1752 1592 1788 non
1653 1735 1796 1788 reci-

87 1824 342 1892 piantur.

154 1921 290 1974 XIII.
320 1923 383 1991 (ι,
431 1922 546 1991 65.)
598 1923 676 1976 De
729 1922 944 1976 honore
1001 1927 1058 1976 et
1114 1922 1397 1992 adjutorio
1454 1922 1794 1992 parentibus

89 2009 442 2062 exhibendo.

154 2107 292 2160 XIV.
341 2108 404 2175 (ι,
442 2112 572 2173 111;
607 2123 660 2171 v,
713 2111 832 2172 163,
872 2110 1000 2172 307i;
1045 2125 1118 2175 v1,
1183 2111 1302 2174 106,
1347 2109 1480 2175 409;
1529 2124 1623 2176 vn,
1677 2110 1798 2170 132,

123 2199 210 2259 77,
245 2197 398 2259 435.)
455 2197 524 2249 [It
576 2196 792 2250 incesta
839 2197 1052 2263 omnia,
1093 2197 1255 2266 juxta
1310 2197 1542 2250 modum
1597 2197 1799 2265 culpae,

90 2283 301 2352 absque
343 2284 684 2354 exceptione
733 2301 1014 2354 personae,
1064 2303 1096 2338 a
1147 2285 1496 2356 presbyteris
1538 2285 1806 2354 judicen-

92 2376 200 2424 tur.
250 2373 318 2424 Et
367 2377 432 2425 ut
483 2379 745 2442 tempore
798 2379 1124 2442 opportuno
1168 2373 1397 2442 publica
1449 2373 1690 2425 crimina
1731 2371 1800 2425 ad

96 2460 357 2512 notitiam
425 2460 681 2531 episcopi
730 2461 1114 2526 deducantur;
1186 2463 1548 2531 maximeque
1593 2462 1650 2512 in
1710 2460 1801 2512 die

95 2562 301 2615 magno
333 2548 529 2601 C(BntB
563 2549 989 2612 reconciliandi,
1046 2550 1131 2602 vel
1170 2549 1354 2602 adhuc
1393 2547 1800 2618 suspendendi,

96 2650 192 2703 per
225 2636 534 2704 proprium
568 2636 991 2706 presbyterum,
1027 2639 1109 2690 vel
1151 2653 1252 2706 per
1290 2638 1541 2706 legatum
1601 2637 1799 2704 ipsius,

96 2725 359 2776 eumdem
393 2727 801 2795 presbyterum
831 2725 922 2778 cui
956 2741 1126 2778 causa
1152 2727 1333 2795 ipsius
1363 2725 1618 2778 criminis
1658 2724 1802 2778 bene

96 2812 374 2864 habeatur
414 2815 672 2881 cognita,
702 2815 772 2867 ad
821 2814 1192 2882 praesentiam
1235 2813 1488 2884 episcopi
1540 2813 1798 2866 deferan-

97 2904 210 2963 tur;
244 2917 315 2952 ne
346 2902 545 2954 anima
591 2902 799 2967 fratris,
851 2904 1203 2972 negligentia
1252 2903 1337 2956 vel
1379 2904 1494 2956 otio
1539 2901 1800 2956 sacerdo-

101 2989 180 3048 tis,
215 2990 438 3058 absque
471 2990 938 3044 reconciliatione
966 2991 1088 3060 ejus
1120 2991 1372 3061 periculo
1408 2996 1618 3060 pereat.

164 3087 264 3139 XV.
302 3088 369 3154 (ι,
412 3089 512 3150 67;
555 3104 629 3152 γι,
665 3088 811 3157 377.)
855 3089 922 3142 Ut
976 3089 1304 3158 vaniloquia
1353 3088 1656 3158 omnisque
1708 3091 1797 3139 tu-

106 3175 310 3228 multus
345 3175 407 3228 in
442 3175 694 3229 Ecclesia
731 3182 1056 3231 caveantur.
1093 3178 1160 3230 Et
1181 3183 1312 3230 ante
1364 3177 1591 3230 missam
1641 3192 1800 3228 com-

102 3266 304 3331 pletam
338 3281 459 3316 non
510 3270 738 3331 exeant,
768 3271 823 3318 et
869 3266 1106 3319 verbum
1163 3267 1261 3319 Dei
1294 3267 1509 3319 intente
1548 3265 1799 3318 audiant.

168 3361 291 3413 XVI.
344 3364 413 3425 (ν,
456 3363 578 3425 161,
635 3363 752 3424 170,
785 3363 920 3425 260;
959 3379 1033 3427 γι,
1075 3365 1194 3429 165,
1229 3363 1360 3427 290;
1397 3379 1433 3426 ι,
1468 3365 1566 3426 66;
1596 3378 1647 3423 v,
1696 3363 1797 3423 86;

106 3463 174 3514 vi,
213 3452 324 3511 173,
360 3451 489 3512 205,
518 3450 670 3517 376.)
703 3451 781 3502 De
813 3450 1080 3505 Oratione
1102 3450 1397 3505 Dominica
1429 3455 1484 3504 et
1508 3450 1798 3519 Symbolo,

108 3544 163 3587 ut
209 3538 546 3590 memoriter
594 3554 798 3590 omnes
847 3545 1108 3602 teneant;
1157 3544 1213 3592 et
1263 3541 1455 3593 Gloria
1503 3540 1678 3600 Patri,
1741 3553 1802 3590 ac

107 3625 350 3681 Sanctus.
384 3631 559 3695 atque
601 3625 918 3680 Credulitas
949 3633 1006 3680 et
1056 3629 1224 3693 Kyrie
1271 3628 1465 3680 eleison
1503 3643 1536 3678 a
1581 3625 1801 3678 cunctis

108 3720 422 3766 reverenter
452 3720 760 3767 canantur.
798 3715 1004 3767 Psalmi
1036 3715 1300 3768 similiter
1329 3716 1592 3768 distincte
1620 3719 1665 3776 la
1695 3715 1800 3766 cle-

108 3801 243 3853 ricis.
301 3803 363 3855 Et
405 3808 468 3854 ut
517 3808 737 3855 secreta
787 3803 1099 3873 presbyteri
1159 3820 1275 3856 non
1330 3804 1602 3856 inchoent
1649 3809 1804 3855 ante-

110 3905 266 3958 quam
326 3892 563 3945 Sanctus
624 3891 881 3957 ﬁniatur,
953 3891 1050 3944 sed
1119 3907 1251 3946 cum
1306 3893 1520 3961 populo
1567 3893 1802 3945 Sanctus

109 3982 342 4030 cantent.

172 4075 318 4129 XVII.
355 4078 416 4142 (ι,
457 4078 576 4143 68.)
611 4077 681 4130 Ut
710 4077 931 4130 scholas
981 4079 1302 4148 presbyteri
1341 4093 1444 4148 pro
1496 4093 1657 4147 posse
1701 4077 1802 4130 ha-

111 4160 266 4215 beant
298 4171 352 4218 et
375 4165 551 4217 libros
583 4166 938 4218 emendatos.

173 4260 343 4313 XVIII.
378 4263 437 4329 (i,
473 4265 657 4325 70;v,
706 4265 834 4329 182;
869 4279 941 4324 v1,
991 4266 1107 4316 106.
1165 4264 1361 4317 Addit.
1412 4280 1488 4328 ιιι,
1541 4265 1630 4328 78,
1688 4260 1801 4332 98.)

116 4347 176 4397 [Tt
202 4347 648 4417 hospitalitatem
684 4355 813 4402 ante
840 4352 1036 4403 omnia
1078 4351 1350 4422 diligant;
1386 4356 1440 4402 et
1491 4356 1552 4402 ut
1599 4350 1802 4402 vidua-

115 4451 246 4494 rum,
276 4439 748 4505 peregrinorum,
782 4440 1195 4508 orphanorum,
1236 4445 1408 4510 atque
1439 4439 1801 4492 inﬁrmorum

111 4538 287 4578 curam
313 4532 369 4579 et
389 4526 845 4580 sollicitudinem
879 4529 1146 4583 habeant.

172 4623 287 4678 XIX.
349 4627 472 4688 (vn,
527 4626 680 4691 376.)
745 4626 813 4679 Ut
893 4627 1392 4680 conversationem
1453 4626 1802 4681 feminarum

112 4725 403 4783 earumque
459 4729 755 4766 accessum
804 4720 860 4766 et
912 4715 1466 4771 administrationem
1519 4716 1804 4768 deti-sten-

113 4805 208 4852 tur.
237 4801 329 4854 Sin
364 4801 532 4865 alias,
587 4802 746 4854 velut
791 4809 1214 4874 contemptores
1264 4820 1546 4857 canonum
1599 4804 1668 4856 ab
1716 4820 1803 4856 or-

110 4887 223 4940 dine
270 4889 666 4959 deponantur.
723 4891 785 4942 Et
830 4892 1040 4960 quibus
1093 4893 1418 4946 ministrare
1478 4893 1802 4945 necessaria

111 4975 414 5042 decernunt,
470 4979 648 5038 longe
689 4977 771 5030 eis
818 4979 1023 5031 domos
1080 4981 1450 5050 praevideant,
1484 4980 1540 5032 in
1592 4980 1802 5050 quibus

111 5075 210 5113 non
244 5079 339 5131 per
374 5081 456 5126 se,
517 5066 617 5116 sed
685 5078 789 5132 per
837 5065 1148 5128 ministros,
1181 5066 1430 5118 subsidia
1486 5067 1798 5136 porrigant.

169 5150 259 5203 XX.
311 5159 365 5218 (ι,
416 5155 518 5216 88;
570 5167 626 5218 v,
677 5153 814 5217 216;
862 5168 961 5218 vn,
1020 5153 1170 5222 261.)
1213 5154 1289 5207 De
1345 5155 1491 5206 vasis
1543 5159 1599 5208 et
1627 5153 1802 5207 vesti-

112 5239 295 5291 mentis
335 5239 744 5294 ecclesiasticis
773 5256 879 5309 pro
923 5241 1265 5312 pignoribus
1313 5241 1526 5312 absque
1573 5241 1802 5295 licentia

112 5325 339 5397 episcopi
369 5344 486 5382 non
524 5327 758 5393 dandis,
784 5331 837 5381 et
862 5328 1006 5381 datis
1039 5345 1157 5382 non
1181 5330 1540 5398 recipiendis.

172 5414 284 5469 XXI.
317 5419 370 5484 (ι,
403 5419 502 5483 34;
535 5434 590 5482 v,
644 5418 747 5481 73;
779 5433 853 5485 v1,
903 5417 1048 5485 106.)
1100 5419 1169 5472 Ut
1218 5417 1277 5470 in
1327 5417 1660 5470 inﬁrmitate
1706 5432 1801 5485 po-

115 5501 194 5558 siti
243 5506 451 5583 absque
511 5505 806 5562 dilatione
872 5506 1331 5572 reconcilientur,
1410 5513 1468 5560 et
1530 5506 1800 5560 viaticum

1908 1739 2122 1803 ferunt,
2156 1755 2271 1791 non
2301 1742 2557 1805 tangant.

1976 1836 2122 1888 XXV.
2153 1834 2214 1904 (ι,
2252 1837 2383 1897 136;
2434 1834 2610 1896 ν.40;
2651 1848 2722 1895 vr,
2776 1834 2900 1892 217,
2944 1828 3092 1895 233.)
3139 1828 3216 1880 Ne
3262 1826 3459 1879 leviter
3505 1827 3607 1876 aut

1906 1923 2117 1993 passim
2141 1923 2443 1993 quisquam
2476 1919 3025 1974 excommunicetnr.
3080 1918 3143 1970 Et
3192 1915 3384 1968 nullus
3434 1916 3602 1982 cogat

1905 2011 2102 2065 bibere
2135 2012 2220 2064 vel
2254 2011 2559 2063 inebriare.

1978 2109 2150 2164 XXVI.
2198 2111 2256 2173 (ι,
2310 2111 2438 2172 151;
2471 2123 2523 2171 v,
2562 2106 2676 2172 53.)
2735 2106 2804 2160 Ut
2847 2104 3040 2156 nullus
3089 2100 3462 2171 poeuiteutem
3510 2111 3606 2149 co-

1909 2203 2005 2268 gat
2036 2198 2380 2250 manducare
2417 2197 2502 2248 vel
2535 2195 2753 2261 bibere,
2799 2193 2906 2246 nisi
2959 2189 3278 2259 redemptio
3326 2187 3606 2257 permissa

1908 2287 1998 2352 sit,
2031 2286 2108 2340 ita
2157 2291 2349 2339 tamen
2381 2289 2444 2338 ut
2482 2284 2640 2355 prius
2669 2299 2773 2353 pro
2805 2297 2872 2336 eo
2904 2281 3083 2334 donet
3115 2293 3309 2332 coram
3360 2276 3482 2345 ipso
3512 2291 3601 2327 reo

1911 2373 2323 2444 demptionem.

1979 2472 2172 2526 XXVII.
2225 2471 2305 2539 (ιι,
2345 2471 2443 2534 4-6;
2487 2486 2537 2533 v,
2579 2468 2691 2538 96.)
2736 2469 2804 2522 Ut
2854 2471 3040 2536 patres
3083 2469 3140 2518 et
3187 2461 3399 2533 patrini
3452 2459 3603 2514 ﬁlios

1909 2562 1994 2614 vel
2028 2560 2231 2613 ﬁliolos
2261 2560 2526 2612 erudiant
2563 2564 2619 2611 et
2649 2557 2969 2621 euutriant;
3005 2555 3111 2620 illi,
3145 2553 3283 2625 quia
3335 2555 3471 2604 sunt
3498 2565 3600 2620 pa-

1909 2653 2059 2714 tres;
2090 2653 2145 2701 et
2176 2648 2289 2712 isti,
2325 2648 2459 2718 quia
2481 2647 2866 2717 ﬁdejussores.

1981 2747 2198 2800 XXVIII.
2231 2745 2396 2813 (Ibid.
2431 2749 2547 2798 159.
2580 2744 2729 2798 Add.
2766 2760 2823 2803 ιι,
2860 2744 2939 2808 9.)
2986 2742 3063 2795 Ne
3101 2738 3398 2809 presbyter
3451 2735 3607 2788 solus

1912 2833 2144 2886 missam
2177 2839 2376 2885 canat:
2415 2849 2526 2884 non
2560 2832 2713 2884 enim
2751 2835 2940 2900 potest
2969 2829 3177 2890 dicere,
3215 2826 3473 2881 Dominus
3504 2838 3592 2900 vo-

1913 2925 2136 2988 biscum,
2170 2923 2394 2977 Sursum
2417 2921 2602 2985 corda,
2642 2925 2696 2973 et
2725 2925 2947 2972 caetera.

1978 3019 2146 3073 XXIX.
2183 3018 2242 3087 (ι,
2277 3019 2376 3072 147
2411 3035 2424 3072 :
2457 3034 2509 3081 ν,
2534 3018 2648 3084 49.)
2689 3018 2757 3070 Ut
2796 3016 2986 3068 nullus
3025 3013 3319 3084 presbyter
3373 3005 3605 3061 alterius

1909 3108 2338 3176 parocliianum,
2373 3106 2481 3158 nisi
2512 3105 2570 3158 in
2606 3105 2809 3157 itinere
2841 3103 3029 3169 fuerit,
3079 3101 3166 3154 vel
3213 3098 3490 3170 placitum
3521 3093 3601 3148 ibi

1911 3194 2197 3256 habuerit,
2231 3195 2443 3264 absque
2492 3193 2723 3247 licentia
2753 3193 2840 3245 sui
2890 3188 3208 3262 presbyteri
3257 3187 3323 3240 ad
3379 3185 3608 3238 missam

1911 3284 2148 3354 recipiat
2177 3285 2260 3335 vel
2298 3281 2602 3336 sollicitare
2638 3285 2968 3352 praesumat.

1981 3383 2120 3435 XXX.
2171 3380 2282 3450 (vn,
2339 3379 2446 3446 16.)
2501 3380 2569 3433 Ut
2615 3379 2731 3431 suis
2784 3377 3042 3430 terminis
3090 3377 3394 3428 contentus
3436 3385 3610 3424 unus-

1912 3470 2154 3540 quisque
2177 3469 2400 3534 existat,
2434 3483 2536 3520 nec
2568 3483 2634 3519 ex
2667 3467 2867 3520 alienis
2901 3465 3216 3535 quidquam
3251 3464 3497 3531 expetat.

1981 3567 2148 3620 XXXI.
2181 3569 2257 3632 (γ,
2294 3568 2424 3628 172;
2461 3582 2533 3628 γι,
2575 3567 2694 3630 181,
2752 3565 2871 3624 183,
2929 3562 3076 3628 188.)
3128 3561 3196 3613 Ut
3233 3559 3426 3610 nullus
3473 3569 3610 3625 pre-

1910 3654 2052 3708 tium
2086 3671 2190 3724 pro
2225 3653 2507 3722 baptismo
2539 3651 2798 3721 accipiat.
2839 3652 2901 3704 Et
2935 3655 2998 3702 ut
3037 3647 3206 3702 certis
3247 3643 3610 3715 temporibus

1912 3744 2139 3797 Paschaa
2170 3747 2225 3795 et
2275 3744 2633 3795 Pentecostes
2684 3739 3030 3808 baptismata
3087 3737 3248 3799 ﬁant,
3292 3739 3348 3787 et
3392 3733 3504 3787 hoc
3550 3731 3609 3784 in

1913 3831 2067 3897 vicis,
2101 3835 2331 3899 excepta
2361 3845 2530 3882 causa
2561 3826 2937 3881 inﬁrmitatis.

1982 3921 2174 3974 XXXII.
2204 3926 2278 3986 (ιι,
2327 3920 2413 3979 36,
2448 3920 2544 3984 i7;
2601 3933 2654 3984 v,
2709 3915 2824 3983 97.)
2870 3916 2940 3968 Ut
2975 3912 3238 3967 Ecclesia!
3292 3907 3610 3979 antiquitus

1912 4009 2234 4062 constituta:
2262 4024 2362 4061 nec
2392 4005 2626 4061 decimis
2681 4022 2785 4059 nee
2817 4005 2932 4057 ulla
2982 4000 3342 4074 possessione
3386 3999 3611 4068 priven-

1911 4102 2026 4163 tur,
2048 4097 2160 4150 nisi
2189 4113 2411 4149 summa
2434 4099 2702 4163 exposcat
2733 4093 2970 4146 utilitas.

1983 4187 2202 4240 xxxm.
2258 4187 2317 4249 (ι.
2377 4187 2508 4250 Hs;
2557 4200 2608 4249 ν,
2659 4185 2746 4249 In,
2798 4185 2947 4247 267;
2995 4197 3092 4246 vn,
3137 4181 3263 4242 eeo,
3301 4180 3424 4244 391,
3461 4174 3609 4243 421.)

1845 4285 1886 4338 [)
1920 4276 1994 4328 De
2031 4273 2286 4328 Ecclesiis
2321 4273 2402 4326 vel
2441 4272 2714 4326 altaribus
2746 4269 3054 4339 ambiguis,
3105 4267 3371 4320 similiter
3425 4266 3493 4319 de
3524 4264 3610 4316 in-

1911 4362 2184 4429 fantibus,
2217 4367 2283 4415 ut
2301 4368 2710 4415 consecrentur
2737 4367 2791 4413 et
2837 4359 3229 4430 baptizentur;
3273 4355 3410 4425 quia
3458 4351 3610 4423 quod

1911 4467 2027 4504 non
2067 4455 2308 4514 constat,
2341 4450 2579 4515 factum,
2610 4451 2768 4502 nulla
2811 4450 3034 4500 ratione
3066 4447 3286 4499 videtur
3315 4444 3606 4495 iteratum.

1982 4539 2196 4594 XXXIV.
2246 4537 2342 4608 (γι,
2373 4540 2505 4602 208;
2550 4554 2644 4601 vn,
2680 4539 2799 4591 396.
2849 4535 3000 4587 Add.
3032 4551 3093 4596 ιι,
3152 4533 3259 4596 12.)
3298 4533 3367 4585 Ut
3411 4531 3468 4582 in
3503 4530 3611 4582 do-

1914 4626 2100 4679 mibus
2155 4625 2225 4678 ab
2276 4624 2546 4694 episcopo
2617 4639 2730 4675 non
2793 4619 3136 4671 consecratis
3170 4635 3338 4670 nemo
3382 4617 3610 4670 missam

1912 4729 2256 4783 quacunque
2316 4711 2647 4765 necessitate
2682 4707 2941 4761 celebret.
3009 4708 3083 4759 Ex
3131 4706 3278 4757 vasis
3337 4711 3393 4759 et
3441 4703 3608 4757 vesti-

1912 4803 2119 4855 mentis
2142 4801 2405 4854 similiter
2436 4814 2606 4850 ncnio
2638 4797 2865 4849 missam
2901 4798 3108 4845 cantet.

1981 4889 2175 4944 XXXV.
2223 4888 2284 4953 (ι,
2344 4888 2473 4950 143;
2524 4901 2573 4948 v,
2619 4885 2709 4944 45,
2748 4884 2865 4944 151,
2908 4884 3026 4943 173,
3070 4881 3187 4943 194,
3220 4881 3325 4932 374
3364 4884 3420 4932 et
3454 4895 3610 4948 seq.;

1911 4993 1984 5041 VI,
2010 4976 2156 5043 407.)
2193 4976 2258 5028 Ut
2299 4973 2530 5026 decimae
2567 4976 2621 5022 et
2668 4970 2912 5022 ﬁdeliter
2941 4985 2974 5020 a
3025 4965 3251 5036 populis
3281 4966 3513 5032 dentur,
3557 4968 3612 5019 et

1910 5064 2178 5117 canonice
2210 5078 2242 5114 a
2264 5057 2612 5132 presbyteris
2643 5058 3066 5126 dispensentur,
3102 5060 3159 5105 et
3206 5053 3376 5106 annis
3408 5055 3611 5123 singu-

1911 5153 1978 5205 lis
2010 5151 2288 5204 rationem
2319 5165 2436 5200 sum.
2469 5143 2906 5213 dispensationis
2932 5143 3198 5210 episcopo
3232 5141 3318 5192 vel
3356 5143 3476 5195 suis
3505 5141 3611 5196 mi-

1909 5238 2100 5291 nistris
2131 5237 2406 5295 reddant;
2451 5247 2519 5285 ne
2553 5231 2697 5283 forte
2739 5231 2949 5283 damna
2979 5229 3263 5281 fraudium
3321 5231 3612 5301 subigent,

1910 5331 2009 5378 aut
2057 5328 2350 5377 necatores
2395 5333 2732 5392 pauperum,
2778 5315 3168 5370 subtrahendo
3215 5313 3407 5384 utilia,
3459 5318 3612 5394 quod

1909 5414 2076 5476 absit,
2110 5411 2375 5466 existant.

1978 5503 2194 5562 XXXVI.
2225 5499 2423 5569 (Ibid.,
2461 5493 2609 5561 209).
2646 5494 2726 5546 Ne
2757 5493 2818 5547 in
2864 5493 3062 5565 quinta
3092 5491 3180 5544 vel
3231 5496 3402 5546 sexta
3449 5513 3620 5569 gone,
