3846 6244
282 291 383 341 707

1542 287 1800 342 ΗΕΒΑΒΙ

2091 291 2148 343 Ν.
2194 291 2522 346 ARCHIEP.
3694 300 3781 349 708

280 419 501 473 ratione
532 421 828 490 copuletur
870 419 1160 490 conjugio,
1215 428 1272 474 et
1315 437 1498 491 usque
1547 422 1614 474 ad
1670 423 1974 492 septimam
2014 427 2058 477 A
2090 424 2260 479 fuerit
2308 428 2840 482 excommunicatus
2886 430 3174 499 episcopo,
3240 437 3296 483 et
3355 447 3422 484 ex
3474 432 3784 485 ministerio

279 509 711 578 generationem
740 509 1046 578 progenies
1075 510 1428 563 observetur.

352 597 592 650 XXXVII.
643 613 717 666 (ν,
784 599 902 651 180.
963 597 1118 650 Add.
1168 615 1225 663 ιι,
1262 599 1371 668 17.)
1431 599 1593 662 Quod
1646 616 1760 652 non
1814 601 1979 653 liceat

280 683 510 736 mulieri
556 685 744 737 velum
803 690 902 738 aut
951 691 1151 755 sponte
1199 692 1299 739 aut
1347 692 1534 740 coacte
1581 687 1752 739 semel
1797 701 1978 740 susce-

280 777 439 844 ptum
489 789 830 844 quacunque
867 775 1087 828 ratione
1124 774 1381 845 rejicere,
1440 776 1570 828 licet
1605 776 1661 828 in
1710 775 1979 828 domibus

279 861 526 930 propriis
557 867 740 915 vestes
769 864 1022 916 mutarit.

351 951 611 1003 XXXVIII.
669 950 742 1021 (ν,
814 952 952 1019 167.)
999 954 1066 1006 Ut
1107 953 1296 1005 nullus
1345 953 1527 1006 tilium
1586 952 1669 1005 vel
1720 952 1899 1005 tiliam
1949 968 1981 1004 a

280 1037 438 1091 fonte
471 1039 763 1108 suscipiat,
801 1057 901 1093 nec
945 1057 1072 1094 eam
1119 1040 1289 1094 ducat
1337 1041 1497 1111 cujus
1543 1042 1728 1094 lilium
1775 1040 1976 1094 tenuit.

280 1126 439 1190 Quod
475 1127 520 1179 si
553 1127 766 1180 inventi
798 1136 949 1193 sunt,
984 1134 1339 1197 separentur.

350 1216 564 1269 XXXIX.
596 1224 669 1279 (ν,
712 1219 837 1281 315,
875 1219 1010 1282 322;
1053 1233 1122 1281 Vl,
1182 1219 1271 1283 99,
1305 1219 1440 1283 402;
1502 1233 1594 1282 νιι,
1647 1220 1768 1271 331.
1822 1218 1976 1271 Add.

284 1318 359 1367 IV,
402 1303 477 1372 8.)
522 1305 590 1356 Ut
639 1305 952 1357 doceantur
991 1304 1185 1374 plebes
1235 1306 1391 1358 nulla
1439 1312 1640 1358 contra
1687 1305 1981 1375 episcopos

183 1449 186 1456 ,
282 1391 532 1460 graviter
562 1392 643 1444 vel
676 1393 870 1444 leviter
916 1408 1106 1462 agere,
1162 1409 1263 1446 nec
1312 1393 1453 1462 ipsis
1503 1394 1825 1458 detrahere,
1883 1395 1980 1448 sed

283 1477 579 1532 humiliter
610 1496 672 1532 ac
699 1487 1022 1534 reverenter
1053 1480 1112 1533 in
1172 1481 1388 1534 cunctis
1419 1481 1680 1546 obedire;
1735 1487 1792 1533 et
1824 1480 1977 1550 quod

281 1582 481 1621 eorum
520 1567 732 1636 injuria
769 1569 1051 1622 referatur
1076 1569 1147 1622 ad
1189 1570 1388 1636 Deum,
1428 1570 1589 1639 cujus
1629 1584 1852 1621 summa
1895 1569 1976 1620 le-

283 1655 511 1726 gatione
533 1655 874 1727 funguntur.
902 1659 965 1711 Et
989 1663 1053 1712 ut
1073 1674 1235 1727 reges
1263 1659 1350 1712 vel
1381 1657 1689 1728 principes,
1725 1673 1826 1727 pro
1852 1656 1979 1727 qui-

283 1745 388 1798 bus
419 1760 585 1797 orare
624 1745 948 1816 quibusque
995 1752 1232 1816 propter
1284 1748 1464 1800 Deum
1504 1745 1668 1799 subdi
1718 1744 1981 1815 prazcipi-

281 1848 433 1894 mur,
466 1833 658 1886 nullus
685 1834 1023 1887 maledicere
1049 1835 1135 1887 vel
1181 1834 1480 1888 detrahere
1509 1837 1836 1903 praesumat.

353 1921 455 1976 XL.
492 1921 552 1992 (ι,
599 1924 692 1987 85;
740 1937 792 1988 v,
851 1925 986 1988 214;
1035 1939 1128 1988 vn,
1177 1926 1304 1987 292,
1346 1925 1468 1976 468.
1519 1922 1668 1977 Add.
1733 1940 1804 1987 ιν,
1867 1920 1980 1990 56.)

286 2010 364 2064 De
394 2025 595 2063 manso
630 2010 850 2080 integro
902 2011 1208 2082 unicuique
1260 2011 1517 2064 Ecclesiae
1549 2011 1764 2080 absque
1809 2027 1979 2064 censu

283 2097 370 2151 vel
404 2099 706 2167 temporali
745 2098 973 2151 servitio
1008 2099 1213 2152 dando.
1265 2100 1331 2152 Et
1372 2099 1524 2169 quod
1572 2113 1773 2151 omnes
1820 2099 1983 2152 dotes

283 2186 650 2241 ecclesiarum
681 2188 753 2241 ad
774 2188 906 2258 jura
940 2188 1261 2256 pertineant
1276 2187 1551 2258 episcopi.

351 2275 488 2329 XLI.
526 2276 620 2345 (IV,
659 2279 751 2344 l7;
787 2293 836 2345 ν,
879 2279 996 2341 106,
1029 2276 1177 2346 233.)
1223 2276 1560 2346 Quicunque
1607 2275 1839 2329 viduam
1890 2275 1979 2328 in-

281 2365 368 2419 fra
393 2364 628 2434 triginta
661 2365 780 2419 dies
822 2365 1115 2419 viduitatis
1163 2365 1397 2418 invitam
1427 2366 1510 2417 vel
1555 2365 1839 2418 volentem
1886 2381 1978 2418 ac-

282 2454 517 2522 ceperit,
563 2455 712 2508 ultra
742 2471 867 2508 eam
900 2471 1013 2508 non
1059 2455 1320 2525 attingat,
1370 2459 1426 2506 et
1470 2453 1738 2507 adulterii
1787 2469 1982 2524 pugnas

283 2542 421 2596 luat.

353 2631 510 2686 XLII.
550 2630 628 2700 (ιι.
665 2634 834 2700 39;v,
884 2632 1033 2698 274.)
1081 2633 1147 2685 Ut
1178 2631 1506 2698 incestuosi,
1560 2637 1614 2684 et
1669 2631 1768 2702 qui
1826 2630 1981 2684 deci-

282 2721 734 2788 mas,nondaut,
776 2737 890 2774 non
939 2722 1412 2790 constringantur
1465 2736 1568 2788 per
1618 2720 1838 2790 gladios
1897 2719 1980 2772 vel

284 2813 658 2872 sacramenta,
696 2809 793 2862 sed
815 2808 1189 2862 ecclesiastica
1217 2809 1603 2879 corrigantur.

354 2904 537 2958 XLIII.
573 2905 769 2974 (Ibid.,
804 2905 952 2970 325.)
992 2906 1059 2959 Ut
1089 2904 1404 2975 presbyteri
1439 2920 1540 2971 per
1588 2909 1833 2957 mercata
1865 2920 1980 2958 non

285 2991 630 3058 discurrant,
666 3009 770 3045 nec
800 2992 1102 3046 indiscrete
1146 2992 1348 3044 domos
1383 2992 1755 3056 circumeant,
1791 2999 1848 3045 et
1887 3010 1982 3046 co-

285 3081 726 3133 messationibns
756 3086 811 3133 et
837 3080 1210 3134 ebrietatibus
1247 3097 1361 3134 non
1412 3080 1744 3146 inserviant,
1781 3097 1847 3134 ne
1891 3084 1981 3136 fa-

285 3183 438 3221 mam
457 3170 620 3222 malae
637 3169 928 3238 opinionis
949 3170 1265 3222 incurrant.

357 3264 530 3317 XLIV.
563 3267 622 3333 (ι,
667 3266 796 3328 150;
828 3280 880 3328 ν,
933 3266 1080 3330 327.)
1129 3264 1196 3316 Ut
1225 3279 1315 3316 res
1363 3279 1503 3332 quas
1559 3263 1615 3315 in
1668 3264 1838 3316 sacris
1887 3279 1980 3317 or-

285 3352 515 3407 dinibus
545 3353 937 3423 acquisierint,
971 3352 1221 3422 propriis
1252 3352 1504 3405 ecclesiis
1548 3352 1982 3422 derelinquant;

285 3441 678 3496 haereditarias
701 3458 833 3495 vero
852 3443 1016 3512 juxta
1041 3440 1345 3495 arbitrium
1380 3440 1624 3512 propriae
1676 3441 1983 3494 voluntatis

287 3530 647 3584 distribuant.

356 3620 505 3674 XLV.
565 3620 754 3688 (Ibid.,
815 3621 964 3690 372.)
1011 3620 1078 3674 Ut
1133 3619 1449 3690 presbyteri
1498 3635 1708 3690 aquam
1741 3619 1980 3672 benedi-

286 3712 435 3762 ctam
464 3724 591 3762 cum
621 3709 735 3761 suis
778 3709 1004 3780 populis
1045 3708 1104 3762 in
1133 3708 1376 3762 circuitu
1415 3707 1780 3761 ecclesiarum
1824 3709 1981 3782 defe-

286 3802 436 3863 rant,
471 3803 526 3850 et
555 3803 617 3851 ut
645 3799 920 3852 scrutinia
953 3797 1012 3851 in
1046 3797 1184 3852 locis
1215 3802 1271 3851 et
1312 3797 1667 3868 temporibus
1701 3799 1982 3851 constitu-

285 3887 357 3941 tis
379 3903 493 3940 non
525 3887 839 3957 negligant.

355 3976 530 4031 XLVI.
566 3976 750 4044 (Ibid.,
784 3979 905 4030 382.
945 3976 1094 4030 Add.
1125 3993 1210 4046 ιιι,
1247 3979 1358 4036 72.)
1392 3976 1470 4029 De
1507 3975 1981 4030 aediﬁcationibus

288 4063 674 4127 ecclesiarum,
733 4070 798 4117 ut
855 4064 1048 4118 nullus
1095 4069 1262 4118 antea
1316 4063 1748 4117 fundamentum
1808 4064 1982 4134 jaciat

289 4152 471 4206 donec
500 4153 797 4222 episcopus
824 4151 1031 4215 veniat,
1068 4153 1208 4206 etin
1247 4152 1435 4206 medio
1475 4168 1700 4205 crucem
1734 4153 1899 4222 ligat;
1925 4155 1981 4204 et

287 4240 367 4293 sic
397 4246 626 4308 acet-ipta
647 4240 797 4304 dote,
831 4241 1197 4294 construendi
1220 4241 1510 4294 licentiam
1533 4241 1764 4294 tribuat.

2090 530 2248 567 sacro
2278 515 2595 586 quidquam
2629 518 2959 587 contigerit,
3002 520 3334 572 nullatenus
3361 536 3527 588 spem
3563 524 3782 574 restitu-

2091 603 2263 656 tionis
2285 603 2554 658 inveniat.

2162 692 2272 746 Lll.
2307 691 2408 762 (γι,
2441 695 2567 760 77.)
2603 695 2669 748 Ut
2713 695 2812 764 qui
2861 711 3070 765 aquam
3119 702 3516 750 consecratam
3553 701 3673 751 vult
3708 715 3784 751 ac-

2089 778 2277 848 cipere
2306 779 2367 833 in
2405 779 2648 834 Sabbato
2695 786 2886 834 sancto
2937 784 3020 835 vel
3072 783 3427 848 Pentecoste,
3463 791 3596 837 ante
3644 785 3783 837 infu-

2089 867 2309 922 sionem
2331 867 2655 922 chrismatis
2677 876 2883 923 sumat.
2924 871 3062 924 Nam
3101 872 3198 924 illa
3219 872 3548 926 chrismatis
3591 873 3778 927 mistio

2089 957 2156 1010 ad
2191 958 2615 1026 regenerandos
2644 959 2912 1028 pertinet.

2164 1047 2296 1101 LIII.
2333 1046 2414 1116 (ιι,
2448 1048 2544 1112 40;
2597 1065 2667 1112 γι,
2731 1051 2848 1113 170,
2892 1051 3019 1115 191,
3068 1065 3164 1114 vu,
3214 1050 3364 1118 472.)
3421 1051 3488 1103 L‘t
3540 1051 3782 1120 populus

2092 1135 2434 1206 praedicetur
2465 1141 2528 1189 ut
2570 1136 2886 1190 oblationes
2921 1138 3036 1190 Deo
3087 1137 3344 1200 offerant,
3400 1145 3456 1191 et
3507 1146 3568 1191 ut
3619 1145 3783 1190 tertia

2093 1224 2387 1278 Dominica
2419 1226 2502 1278 vel
2549 1231 2752 1295 quarta
2794 1226 3242 1292 communicent,
3277 1227 3629 1279 abstinentes
3674 1245 3728 1279 se
3759 1245 3786 1277 a

2089 1311 2314 1365 luxuria
2361 1313 2722 1382 propriisque
2788 1313 3076 1380 uxoribus,
3135 1320 3190 1366 et
3253 1315 3493 1385 reliquis
3555 1314 3782 1378 illicitis,

2091 1400 2198 1454 nisi
2222 1401 2366 1455 forte
2401 1401 2794 1455 criminalibus
2826 1402 3008 1472 culpis
3037 1402 3153 1456 sint
3184 1403 3467 1472 impliciti.

2166 1490 2295 1543 LIV.
2331 1493 2426 1559 (vi,
2467 1492 2586 1555 169,
2648 1491 2792 1558 171.)
2847 1491 2913 1545 Ut
2947 1491 3108 1561 signa
3155 1491 3454 1561 pulsentur
3501 1491 3660 1545 horis
3704 1509 3778 1545 ca-

2092 1578 2330 1632 nonicis.
2367 1581 2431 1633 Et
2453 1584 2514 1632 ut
2545 1580 2736 1633 nullus
2758 1595 2815 1633 se
2867 1596 2970 1650 per
3021 1579 3398 1634 ambitionem
3435 1581 3601 1634 alteri
3655 1598 3783 1650 pras—

2093 1667 2256 1735 ferat,
2315 1667 2411 1721 sed
2467 1683 2666 1721 omnes
2722 1673 3035 1738 agnoscant
3085 1672 3310 1739 tempus
3375 1685 3493 1722 suae
3555 1669 3780 1722 ordina-

2091 1756 2284 1809 tionis.

2166 1844 2264 1896 LV.
2301 1844 2498 1913 (Ibid.,
2535 1847 2653 1909 I75,
2692 1844 2834 1915 193.)
2887 1844 2955 1898 Ut
2984 1859 3155 1898 nemo
3201 1861 3232 1897 a
3275 1861 3435 1898 sacro
3473 1845 3630 1898 fonte
3679 1844 3781 1897 ali-

2093 1947 2265 2002 quem
2297 1933 2585 2002 suscipiat,
2619 1932 2728 1986 nisi
2758 1932 3086 1986 Orationem
3117 1932 3466 1987 dominicam
3519 1938 3578 1986 et
3625 1933 3779 2002 Sym-

2093 2020 2290 2073 bolum
2333 2021 2500 2091 juxta
2547 2021 2803 2090 linguam
2850 2038 3012 2075 suam
3070 2026 3126 2074 et
3173 2021 3531 2076 intellectum
3571 2026 3774 2074 teneat.

2094 2109 2158 2162 Et
2182 2126 2380 2162 omnes
2409 2109 2734 2178 intelligant
2763 2114 2991 2180 pactum
3017 2110 3170 2180 quod
3193 2126 3321 2163 cum
3362 2112 3478 2164 Deo
3506 2111 3776 2164 fecerunt.

2163 2197 2291 2251 LVI.
2330 2199 2524 2267 (Ibid.,
2586 2202 2728 2264 I78.)
2787 2200 2854 2252 Ut
2901 2199 3214 2269 presbyteri
3263 2199 3534 2265 chrisma,
3569 2199 3776 2260 oleum,

2091 2291 2148 2340 et
2189 2287 2601 2340 Eucharistiam
2662 2304 2887 2357 semper
2938 2288 3205 2354 habeant,
3269 2293 3333 2342 ut
3389 2290 3575 2358 parati
3640 2288 3780 2341 inve-

2092 2375 2223 2428 nian
2234 2381 2343 2442 tur,

2167 2465 2319 2518 LVII.
2358 2466 2544 2532 (Ibid.,
2575 2468 2662 2530 29,
2704 2465 2846 2535 195.)
2901 2466 2968 2519 Ut
3005 2481 3206 2518 omnes
3247 2465 3516 2534 primitiae
3545 2466 3770 2534 frugum

2091 2553 2508 2608 benedictionis
2541 2555 2724 2624 gratia
2754 2555 2822 2608 ad
2854 2555 3150 2608 ecclesiam
3183 2554 3535 2608 deferantur.

2162 2642 2346 2695 LVIII.
2385 2643 2583 2711 (Ibid,
2616 2646 2705 2695 197
2741 2648 2796 2695 et
2824 2644 2964 2712 seq.)
2998 2643 3064 2695 Ut
3093 2643 3379 2712 exsequias
3424 2647 3773 2695 mortuorum

2091 2746 2220 2784 cum
2271 2731 2426 2785 luctu
2465 2738 2678 2784 secreto
2729 2737 2785 2784 et
2835 2731 3018 2784 cordis
3055 2731 3269 2800 gemitu
3316 2731 3475 2784 tiaut.
3525 2731 3590 2783 Et
3637 2730 3770 2799 psal-

2095 2836 2217 2874 mos
2260 2819 2609 2889 ignorantes,
2660 2822 2824 2888 Kyrt’e
2868 2822 3067 2874 elcison
3103 2819 3182 2872 ibi
3214 2825 3451 2884 canant;
3502 2824 3648 2872 etut
3690 2818 3775 2870 tri-

2092 2910 2251 2979 ginta
2277 2909 2477 2963 diebus
2505 2909 2673 2962 amici
2706 2915 2760 2961 et
2788 2913 3048 2979 parentes
3070 2925 3173 2978 pro
3201 2909 3283 2961 eis
3316 2915 3503 2977 agant.

2023 3021 2062 3074 ρ
2166 2999 2293 3052 LIX.
2328 2998 2476 3064 (Ibid
2501 2999 2650 3062 206.)
2695 2999 2760 3051 Ut
2798 2998 3114 3068 presbyteri
3171 2997 3239 3051 de
3285 2997 3520 3050 occultis
3573 2997 3771 3065 jussio-

2088 3103 2160 3141 ne
2191 3087 2443 3156 episcopi
2491 3086 2835 3156 praenitentes
2882 3085 3278 3150 reconcilient;
3336 3090 3393 3138 et
3435 3086 3579 3138 sicut
3616 3100 3770 3153 supra

2091 3175 2503 3246 prmmisimus,
2569 3175 2926 3228 intirmantes
2990 3174 3288 3228 absolvunt
3346 3178 3403 3226 et
3465 3172 3769 3227 communi-

2090 3269 2239 3318 cent.

2164 3354 2263 3407 LX.
2301 3352 2490 3420 (Ibid.,
2522 3351 2888 3421 207.)Mulier
2922 3358 3052 3419 post
3081 3356 3312 3420 partum
3353 3351 3546 3403 statim
3576 3356 3636 3403 ut
3685 3366 3769 3401 vo-

2090 3440 2282 3506 luerit,
2345 3439 2456 3493 nisi
2487 3440 2632 3493 forte
2685 3440 2756 3492 sit
2813 3439 3094 3506 adultera,
3143 3438 3313 3491 intret
3355 3437 3668 3500 ecclesiam,
3715 3452 3769 3488 ac

2090 3530 2205 3582 Deo
2236 3529 2448 3582 referat
2472 3529 2706 3598 gratias.

2163 3618 2291 3671 LXI.
2326 3617 2389 3684 (ι,
2454 3619 2594 3682 158;
2651 3633 2708 3679 ιι,
2764 3619 2861 3681 35;
2920 3632 2991 3682 νι,
3049 3615 3190 3683 189.)
3247 3615 3326 3668 De
3381 3613 3769 3668 festivitatibus

2091 3705 2227 3758 anni
2249 3721 2377 3776 quae
2410 3705 2601 3758 feriari
2635 3705 2900 3769 debeant,
2951 3705 3004 3756 id
3037 3711 3121 3757 est
3154 3704 3338 3757 Natali
3372 3703 3620 3764 Domini,
3653 3717 3767 3754 san-

2088 3794 2165 3848 cti
2225 3794 2521 3864 Stephani,
2567 3793 2749 3846 sancti
2788 3792 3038 3856 Joannis,
3071 3798 3126 3846 et
3173 3792 3598 3857 Innocentium,
3642 3797 3771 3844 octa-

2087 3899 2184 3937 vas
2219 3883 2469 3950 Domini,
2516 3882 2853 3953 Epiphania,
2885 3887 2939 3934 et
2976 3880 3376 3934 Puriiicatione
3421 3885 3630 3934 sanctae
3675 3880 3768 3933 Ma-

2086 3972 2210 4036 rias,
2245 3978 2302 4026 et
2329 3972 2756 4042 Assumptione,
2782 3977 2837 4024 et
2861 3970 3220 4034 Ascensione,
3275 3970 3522 4035 Domini,
3558 3975 3613 4023 et
3642 3970 3770 4023 Pen-

2087 4065 2316 4122 tecoste,
2369 4061 2531 4116 Missa
2573 4061 2750 4114 sancti
2780 4060 3017 4114 Joannis
3059 4059 3349 4128 Baptistze,
3393 4059 3765 4128 apostolorum

2086 4150 2237 4204 Petri
2260 4155 2315 4203 et
2339 4149 2518 4214 Pauli,
2561 4148 2741 4202 sancti
2771 4149 3076 4213 Michaelis,
3124 4152 3296 4218 atque
3336 4147 3558 4200 omnim
3606 4148 3764 4201 Sanc-

2083 4245 2330 4304 ctorum,
2372 4239 2552 4292 sancti
2592 4238 2834 4305 Martini,
2867 4244 2923 4290 et
2947 4238 3126 4290 sancti
3170 4238 3436 4304 Δηὼ-(ξω,
3479 4243 3534 4289 et
3582 4251 3766 4289 eorum

359 4328 556 4382 XLVII.
597 4328 658 4398 (ι,
723 4328 1092 4394 131;ν,ζ266,
1144 4328 1290 4382 Add.
1335 4345 1414 4392 ιιι,
1474 4331 1582 4390 83.)
1637 4329 1705 4382 Ut
1763 4345 1800 4399 ej

2091 4343 2337 4398 quorum
2368 4343 2606 4398 corpora
2635 4343 2700 4380 ac
2731 4327 2938 4381 debita:
2963 4325 3364 4380 venerationes
3405 4326 3465 4378 in
3497 4324 3631 4379 locis
3667 4323 3767 4376 siu-

287 4432 416 4486 pus,
449 4421 549 4469 aut
572 4416 887 4486 presbyter,
923 4416 991 4468 de
1044 4416 1164 4469 loco
1187 4416 1426 4486 ignobili
1477 4417 1546 4470 ad
1578 4417 1833 4470 nobilem
1876 4432 1983 4486 per

288 4505 662 4559 ambitionem
710 4521 826 4558 non
870 4511 1140 4571 transeat,
1192 4520 1294 4557 nec
1341 4505 1646 4576 quisquam
1695 4505 1982 4559 inferioris

287 4593 504 4648 ordinis
521 4593 774 4648 clericus.

356 4684 584 4738 XLVIII.
638 4686 732 4751 (vr,
789 4685 921 4748 200;
972 4697 1068 4751 vn,
1102 4682 1251 4752 245.)
1290 4681 1347 4736 Si
1395 4681 1690 4752 presbyter
1727 4687 1827 4737 aut
1869 4683 1985 4737 dia-

289 4787 464 4826 conus
497 4771 708 4826 deserit
735 4770 1029 4825 ecclesiam
1083 4787 1268 4836 suam,
1328 4771 1669 4840 deponatur,
1721 4771 1829 4825 nisi
1877 4788 1980 4842 pe-

288 4859 494 4913 titione
524 4861 744 4931 populi,
805 4861 1150 4931 licentiaque
1199 4859 1471 4930 episcopi,
1507 4859 1827 4914 etutilitate
1860 4877 1980 4915 ma-

282 4965 417 5018 λοι-ι.

359 5039 531 5094 XLIX.
561 5038 656 5109 (νι,
697 5041 785 5102 73,
835 5043 920 5092 75.
959 5039 1108 5092 Add.
1152 5055 1210 5102 ιι,
1260 5037 1367 5107 10.)
1397 5039 1466 5092 Ut
1519 5037 1816 5109 presbyter
1863 5054 1982 5092 non

291 5127 536 5197 amplius
582 5143 755 5198 quam
805 5143 976 5181 unam
1024 5127 1320 5182 ecclesiam
1360 5127 1586 5196 habeat,
1621 5127 1763 5182 sicut
1803 5133 1860 5181 et
1897 5128 1984 5182 vir

291 5229 464 5267 unam
491 5231 723 5268 uxorem
735 5257 745 5266 .

366 5303 424 5354 L.
461 5301 558 5370 (γι,
601 5303 714 5370 61.)
768 5303 836 5356 Ut
879 5303 1199 5373 presbyteri
1245 5310 1302 5357 et
1345 5303 1591 5368 diaconi,
1635 5304 1682 5358 si
1735 5304 1795 5358 in
1834 5305 1984 5358 bella

292 5404 422 5442 cum
455 5389 628 5441 armis
653 5391 1051 5459 processerint,
1086 5391 1166 5445 ita
1221 5392 1586 5460 deponantur
1634 5399 1694 5446 ut
1740 5409 1841 5447 nec
1879 5393 1980 5446 lai-

293 5492 416 5530 cam
440 5477 900 5531 communionem
931 5479 1198 5534 habeant.

369 5563 648 5634 Ll.(Add.
674 5583 746 5632 iv,
789 5567 898 5636 54.)
923 5567 980 5621 Si
1021 5567 1147 5638 quis
1197 5584 1232 5621 a
1273 5570 1490 5636 synodo
1540 5571 1627 5624 vel
1667 5588 1696 5624 a
1751 5571 1984 5642 proprio

2089 4418 2238 4490 gulis
2261 4422 2628 4487 peraguntur.

2163 4508 2316 4561 LXII.
2351 4506 2538 4576 (Ibid.,
2577 4509 2696 4574 187,
2731 4507 2850 4560 330.
2875 4505 3028 4559 Αάἀ.
3065 4521 3124 4570 ιι,
3158 4505 3273 4572 23.)
3300 4505 3369 4559 Ut
3394 4503 3594 4557 diebus
3626 4500 3770 4556 festis

2085 4595 2441 4667 jejuniorum
2471 4595 2861 4665 aconjugibus
2907 4611 2966 4648 se
3010 4594 3366 4659 abstineant;
3401 4598 3457 4646 et
3497 4593 3628 4665 quia
3674 4605 3767 4644 non

2091 4689 2175 4738 est
2204 4700 2468 4738 concessa
2503 4700 2643 4736 uxor
2681 4700 2848 4736 causa
2884 4683 3151 4742 libidinis,
3195 4684 3290 4736 sed
3336 4681 3608 4748 ﬁliorum;
3664 4695 3768 4734 om-

2091 4773 2188 4827 nia
2219 4773 2634 4842 prohibeantur
2668 4772 2886 4837 illicita,
2912 4778 3292 4840 parcaturque
3322 4788 3351 4823 a
3381 4771 3572 4823 licitis.

2163 4863 2347 4918 LXIII.
2384 4862 2474 4931 (v1,
2506 4865 2625 4926 103,
2673 4864 2790 4927 112,
2825 4862 2949 4927 394,
3003 4861 3128 4926 404,
3178 4861 3331 4926 407.)
3368 4860 3438 4913 Ut
3488 4859 3769 4931 privilegia

2090 4951 2343 5006 ecclesiis
2375 4966 2635 5004 concessa
2677 4953 2947 5003 maneant
2994 4949 3354 5018 incorrupta;
3402 4954 3459 5001 et
3521 4949 3618 5018 qui
3667 4961 3770 5000 cor-

2087 5040 2330 5110 ruperit.
2363 5056 2561 5108 posnas
2595 5041 2712 5092 luat
2743 5037 3045 5109 sacrilegii.

2163 5129 2338 5184 LXIV.
2396 5128 2469 5196 (ν,
2505 5127 2747 5198 4031;“,
2801 5130 2937 5195 393;
2987 5142 3081 5186 vn,
3145 5125 3288 5195 199.)
3338 5125 3540 5187 Laicis,
3585 5139 3764 5197 quam-

2090 5218 2172 5272 vis
2202 5216 2502 5288 religiosis,
2537 5216 2607 5271 de
2637 5215 2888 5270 ecclesia:
2919 5215 3168 5285 negotiis
3198 5215 3574 5284 disponendis
3631 5211 3765 5268 nulla

2089 5307 2376 5360 tribuatur
2413 5305 2670 5372 facultas,
2719 5306 2856 5376 quia
2915 5305 2981 5359 ad
3039 5304 3299 5374 ipsorum
3359 5303 3761 5358 damnationem

2091 5395 2362 5465 pertinet.
2669 5463 2678 5468 _

2165 5485 2311 5537 va.
2346 5483 2444 5552 (Vl,
2479 5485 2607 5550 -ιοιι,
2638 5485 2764 5550 405,
2791 5484 2914 5537 407.
2948 5480 3098 5537 Add.
3134 5497 3207 5546 IV,
3242 5480 3354 5563 si.)
3407 5481 3614 5536 Omnia
3657 5493 3762 5549 quae

2093 5573 2208 5626 Deo
2240 5571 2581 5638 offeruntur,
2611 5576 2944 5626 consecrata
2972 5571 3279 5638 habentur,
3311 5571 3375 5624 in
3431 5571 3628 5635 vineis,
3666 5573 3759 5622 ter-
