3846 6244
81 305 177 350 Tetti

1648 302 2013 359 CAPITULA.

3485 309 3584 357 770

79 435 172 495 ris,
226 433 424 502 sylvis,
479 433 845 501 utensilibus,
916 433 1287 499 vestimentis,
1349 434 1671 504 pecoribus,
1727 438 1782 487 et
1822 439 1864 489 A
1894 433 1959 487 ad
1988 433 2172 486 noctis
2204 432 2433 486 initium
2462 449 2576 486 non
2601 433 2886 504 jejunant,
2911 435 3502 504 excommunicentur,
3532 438 3588 488 et

80 523 316 590 reliquis
359 523 853 591 possessionibus;
894 527 960 576 ut
1010 538 1138 592 quae
1176 523 1434 576 Ecclesiae
1464 528 1614 590 sunt,
1662 523 1784 575 sine

82 610 253 662 dubio
283 611 520 676 Christi,
555 612 652 681 qui
684 627 923 680 sponsus
957 613 1080 681 ejus
1112 617 1212 676 est,
1241 612 1370 665 sint.

154 707 330 760 LXVI.
387 708 665 775 071,124.)
715 707 875 771 Quod
934 708 1264 777 conjunctio
1314 709 1586 778 spiritalis
1627 726 1784 762 com-

84 797 279 848 matris
325 796 578 849 maxime
626 797 696 848 sit
744 801 1063 864 peccatum,
1114 803 1172 849 et
1210 797 1336 850 ideo
1380 798 1784 867 separandum,

85 890 136 937 et
164 884 356 953 capite
389 885 479 936 vel
511 884 708 937 exsilio
737 885 1151 938 damnandum.

155 982 362 1034 LXVII.
416 981 604 1050 (Ibid.,
658 983 781 1047 230,
823 977 955 1046 240,
1004 982 1127 1035 432.
1183 982 1332 1035 Add.
1368 999 1427 1049 ιῐ,
1460 984 1576 1048 23.)
1624 982 1785 1046 Quod

87 1069 334 1123 debeant
366 1069 472 1122 viri
505 1085 712 1123 uxores
761 1085 889 1122 suas
921 1069 1183 1139 diligere,
1217 1071 1412 1140 eisque
1446 1077 1508 1124 ut
1544 1072 1661 1124 vasi
1692 1071 1784 1124 in-

89 1157 280 1211 feriori
308 1158 630 1212 custodiam
667 1163 723 1211 et
753 1158 948 1212 omnia
973 1160 1292 1212 necessaria
1322 1160 1640 1229 providere.

162 1255 396 1310 LXVIII.
453 1255 531 1324 (v,
578 1257 668 1317 23,
722 1258 818 1322 59;
875 1272 970 1321 vn,
1021 1257 1075 1321 ι,
1135 1260 1220 1323 78,
1459 1260 1578 1324 163,
1639 1257 1787 1327 275.)

92 1344 251 1408 Quod
283 1346 478 1398 omnis
515 1345 655 1398 ordo
689 1344 1024 1398 clericorum
1067 1345 1337 1415 episcopo
1368 1362 1470 1399 suo
1501 1346 1788 1416 subjectus

95 1438 338 1500 maneat,
373 1438 427 1487 et
471 1433 541 1487 ad
576 1434 697 1503 ejus
740 1433 959 1502 judicia
1005 1440 1327 1499 concurrat,
1360 1434 1619 1505 nihilque
1668 1434 1789 1488 sine

95 1539 154 1574 eo
185 1527 519 1590 praesumat.
552 1522 710 1586 Quod
745 1523 843 1592 qui
878 1522 1092 1583 fecerit,
1131 1523 1494 1592 degradetur.

161 1620 335 1673 LXIX.
373 1621 448 1687 (ιν,
483 1621 573 1684 25,
620 1621 708 1685 26,
745 1622 850 1686 62;
901 1636 996 1683 vn,
1032 1620 1119 1684 10,
1162 1619 1310 1688 474.)
1361 1621 1424 1673 Ut
1457 1635 1790 1673 excommu-

97 1707 293 1760 nicatis
344 1724 515 1761 nemo
556 1709 962 1776 communicet,
999 1725 1102 1762 nec
1152 1709 1648 1780 perturbatoribus
1695 1726 1792 1762 ec-

100 1797 395 1850 clesiarum
423 1814 481 1850 se
515 1797 771 1850 misceat.

165 1894 310 1949 LXX.
375 1894 470 1963 (vi,
530 1896 674 1960 364;
724 1911 814 1956 vn,
865 1896 952 1957 85,
1015 1896 1158 1960 100.)
1211 1895 1278 1949 Ut
1325 1894 1667 1948 criminosus
1709 1894 1790 1947 lo-

102 1999 220 2035 cum
252 1983 559 2036 accusandi
589 1999 700 2036 non
732 1983 963 2049 habeat;
1001 1987 1054 2036 et
1085 1982 1184 2053 qui
1219 1999 1396 2036 unum
1431 1983 1647 2036 crimen
1681 1998 1793 2036 non

103 2073 396 2142 approbat,
428 2072 498 2125 ad
527 2071 684 2125 aliud
716 2089 830 2125 non
866 2072 1223 2126 admittatur.

169 2168 346 2221 LXXI.
399 2171 496 2238 (vi,
556 2171 689 2238 381;
744 2186 838 2232 VII,
890 2171 1004 2222 116.
1053 2169 1208 2222 Add.
1242 2185 1315 2233 Iv,
1371 2172 1449 2240 3.)
1507 2170 1574 2223 Ut
1603 2169 1796 2222 nullus

105 2256 514 2309 accusationem
564 2257 829 2327 suscipiat
877 2258 1214 2328 priusquam
1258 2259 1428 2311 rebus
1477 2258 1593 2311 suis
1627 2256 1793 2310 resti-

107 2350 309 2397 tuatur.

170 2443 361 2496 LXXII.
425 2445 502 2510 (v,
569 2443 696 2507 147;
747 2457 841 2508 vn,
898 2443 1041 2512 166.)
1101 2443 1279 2495 Nemo
1328 2441 1570 2512 accipiat
1624 2442 1795 2495 eccle-

107 2531 234 2582 siam
267 2531 391 2583 sine
423 2531 656 2583 datione
689 2537 744 2585 et
774 2546 1052 2583 consensu
1082 2531 1299 2600 proprii
1333 2530 1600 2600 episcopi.

170 2627 387 2690 LXXIII,
440 2629 514 2696 (ν,
548 2629 620 2690 2;
673 2643 767 2694 vn,
827 2628 943 2694 130,
1003 2626 1155 2694 231.)
1208 2627 1278 2680 Ut
1307 2626 1564 2680 discendi
1615 2627 1796 2695 gratia

109 2717 166 2767 ad
217 2719 504 2769 civitatem
554 2716 640 2768 vel
691 2717 761 2769 ad
812 2717 935 2768 loca
981 2715 1289 2768 constituta
1336 2716 1652 2786 presbyteri
1701 2732 1795 2768 ve-

111 2806 261 2856 niant
293 2804 781 2874 quadragesimali
815 2810 1088 2875 tempore.

174 2900 385 2954 LXXIV.
439 2901 558 2966 (vu,
600 2902 717 2964 106,
750 2901 884 2967 433,
929 2915 1020 2966 vn,
1057 2901 1178 2964 132,
1215 2902 1336 2953 336.
1375 2900 1523 2954 Add.
1569 2916 1628 2964 ιι,
1676 2899 1793 2968 23.)

116 2990 173 3042 Ut
223 2990 284 3042 de
334 2988 586 3054 incestis,
639 2988 904 3055 inﬁrmis,
954 2987 1390 3058 paenitentibus,
1443 2994 1500 3042 et
1557 2989 1796 3041 mortuis

115 3093 331 3130 omnem
380 3077 828 3130 sollicitudinem
858 3081 913 3129 et
939 3092 1136 3130 curam
1177 3075 1426 3130 habeant
1453 3077 1793 3147 presbyteri,

117 3173 165 3219 et
191 3167 536 3218 concubinas
564 3166 800 3218 omnino
834 3165 1201 3235 prohibeant.

180 3264 366 3319 LXXV.
413 3262 606 3330 (Ibid.,
657 3266 706 3316 6.
743 3265 1002 3317 Gratian.
1038 3263 1168 3317 dist.
1223 3265 1290 3316 50
1331 3263 1400 3317 de
1431 3264 1584 3318 Cons.
1620 3266 1671 3318 6.
1731 3265 1798 3318 Ut

115 3352 328 3420 jejuni.)
379 3353 448 3405 Ut
490 3351 678 3421 jejuni
729 3351 800 3405 ad
850 3352 1350 3405 conﬁrmationem
1394 3352 1624 3406 veniant
1662 3369 1797 3423 per-

122 3443 261 3494 fectae
295 3440 515 3506 aetatis;
551 3445 608 3494 et
658 3445 1006 3495 moneantur
1031 3440 1417 3494 confessiones
1448 3441 1580 3495 dare
1613 3442 1793 3511 prius,

122 3535 179 3581 ut
202 3530 388 3582 mundi
417 3530 636 3583 donum
668 3531 844 3582 sancti
877 3529 1120 3600 Spiritus
1146 3531 1372 3584 valeant
1399 3530 1674 3599 accipere.

183 3618 387 3673 LXXVI.
450 3618 571 3687 (vn,
632 3621 752 3684 I29,
805 3620 926 3687 130,
983 3620 1103 3684 147,
1158 3620 1278 3680 148,
1331 3617 1484 3688 465.)
1536 3619 1601 3672 Ut
1640 3617 1799 3672 omni

122 3721 254 3758 anno
281 3708 582 3776 parochias
607 3706 866 3778 episcopi
904 3711 1141 3778 gyrent;
1175 3710 1230 3759 et
1261 3711 1323 3760 ut
1353 3705 1673 3777 presbyteri
1707 3722 1796 3759 ra-

121 3795 316 3848 tionem
365 3795 454 3849 sui
504 3795 811 3848 ministerii
860 3811 924 3848 ac
974 3796 1327 3850 creditorum
1383 3796 1646 3848 omnium
1689 3794 1799 3866 ipsi

122 3883 357 3939 reddant.

181 3970 404 4025 LXXVII.
452 3972 726 4042 (Capitul.
779 3972 960 4027 Caroli
1005 3972 1177 4038 Calvi,
1224 3973 1309 4026 tit.
1368 3986 1466 4039 vn,
1509 3985 1632 4040 cap.
1676 3971 1797 4041 ’72.)

127 4059 189 4112 De
216 4061 633 4114 venditionibus
665 4062 1083 4130 sepulcrorum,
1115 4061 1185 4113 de
1217 4061 1305 4113 his
1346 4059 1444 4130 qui
1470 4076 1576 4129 pro
1605 4060 1800 4130 sepul-

127 4149 248 4200 turis
277 4166 516 4202 munera
563 4149 824 4218 exigunt,
859 4156 924 4203 ut
952 4149 1228 4203 severiter
1269 4148 1590 4219 puniantur
1632 4155 1688 4202 et
1711 4149 1796 4203 di-

129 4236 476 4306 stringantur.

1894 538 1926 575 a
1958 521 2209 592 paschali
2240 523 2649 574 communione
2679 527 3068 575 scccruantur.

1971 611 2228 665 LXXXIV.
2278 610 2472 678 (Ibid.,
2522 613 2642 663 357.
2688 611 2833 664 Add.
2871 627 2940 677 Iv,
2983 611 3086 680 14.)
3127 611 3284 674 Quod
3329 611 3388 664 in
3423 611 3585 665 omni

1896 716 2065 753 causa
2115 701 2346 770 capitali
2396 716 2494 752 seu
2543 704 2740 765 status,
2792 716 2904 752 non
2940 716 3040 769 per
3088 701 3448 767 advocatum,
3485 702 3582 756 sed

1897 805 1999 858 per
2023 805 2346 858 personam,
2381 788 2454 840 sit
2489 788 2793 857 agendum.

1970 879 2197 931 LXXXV.
2249 878 2366 948 (vn,
2415 877 2561 947 378.)
2613 878 2680 930 Ut
2713 877 3027 947 presbyteri
3075 878 3145 930 ab
3185 878 3455 932 omnibus
3502 879 3586 932 vi-

1894 966 1990 1019 tiis
2022 982 2080 1018 se
2129 971 2381 1031 caveant,
2428 971 2485 1019 et
2531 965 2800 1035 subjectis
2848 966 3115 1019 ducatum
3166 967 3407 1020 caelestis
3453 968 3583 1022 vitae.

1899 1054 2210 1124 praebeant.

1971 1143 2237 1198 LXXXVI.
2293 1143 2362 1196 Ut
2409 1141 2729 1212 presbyteri
2773 1143 2973 1197 domos
3006 1142 3300 1211 religiosas
3340 1142 3590 1198 habeant

1897 1238 1951 1284 et
1984 1231 2166 1284 nitida
2198 1231 2557 1284 vestimenta.

1971 1320 2261 1374 LXXXVII.
2299 1327 2369 1383 (ν,
2427 1322 2559 1386 138;
2592 1336 2684 1384 vn,
2735 1318 2880 1387 379.)
2917 1320 2986 1372 Ut
3032 1319 3376 1389 regulariter
3413 1319 3594 1390 paeni-

1898 1408 2105 1462 tentias
2138 1409 2294 1474 dent,
2345 1413 2402 1462 et
2430 1408 2488 1461 in
2513 1408 2828 1477 judicando
2862 1407 3193 1478 zequitalem
3233 1408 3502 1476 habeant,
3539 1413 3595 1462 et

1900 1512 2138 1550 munera
2167 1496 2299 1549 inde
2334 1511 2449 1548 non
2481 1495 2732 1565 exigant.
3461 1505 3469 1513 ‘

1974 1585 2287 1638 LXXXVIII.
2353 1585 2537 1650 (Ibid,
2627 1583 2773 1653 382.)
2840 1584 3038 1637 Mulier
3105 1600 3234 1654 qua:
3303 1585 3595 1639 dormiens

1901 1672 2082 1726 ﬁlium
2127 1688 2292 1725 suum
2331 1672 2629 1741 opprimit,
2663 1689 2757 1724 sex
2807 1672 2970 1726 annis
3014 1674 3306 1741 paeniteat.
3353 1674 3448 1726 Vir
3473 1674 3595 1744 ejus

1902 1762 1948 1814 si
1987 1761 2043 1814 in
2077 1762 2248 1814 domo
2277 1761 2467 1827 fuerit,
2515 1765 2778 1831 quatuor.
2816 1761 2870 1814 Si
2901 1761 2960 1813 in
3011 1778 3124 1813 uno
3161 1762 3388 1827 lectulo,
3421 1762 3594 1815 simili

1905 1850 2098 1914 modo,
2131 1850 2277 1904 duos
2321 1850 2379 1902 in
2412 1866 2559 1920 pane
2604 1856 2662 1903 et
2691 1865 2856 1919 aqua,
2906 1849 3158 1920 reliquos
3194 1850 3262 1903 ad
3296 1850 3595 1904 arbitrium

1903 1940 2233 2006 sacerdotis,
2278 1939 2441 2008 juxta
2489 1939 2825 2009 qualitatem
2859 1953 3119 2008 persona:
3151 1945 3204 1993 et
3236 1941 3432 1992 ﬂetum
3476 1955 3596 2009 pos-

1904 2028 2159 2082 nitentis.

1977 2117 2234 2170 LXXXIX.
2287 2115 2475 2185 (Ibid.,
2525 2116 2670 2183 463.)
2724 2115 2795 2169 Ut
2842 2129 3080 2184 sponsus
3112 2117 3166 2167 et
3217 2130 3424 2184 sponsa
3467 2131 3597 2170 cum

1903 2205 2170 2275 precibus
2216 2210 2274 2258 et
2321 2203 2708 2257 oblationibus
2752 2221 2786 2256 a
2832 2204 3124 2256 sacerdote
3167 2203 3596 2273 benedicentur,

1903 2300 1960 2348 et
2007 2294 2227 2362 legibus
2276 2297 2581 2362 sponsetur
2627 2309 2688 2344 ac
2735 2292 2984 2354 dotetur,
3018 2296 3073 2343 et
3109 2308 3138 2343 a
3184 2294 3597 2362 paranyniphis

1902 2381 2279 2447 custodiatur,
2349 2385 2406 2433 et
2471 2380 2698 2450 publice
2765 2379 3206 2449 solemniterque
3262 2380 3593 2449 accipiatur.

1905 2471 2083 2524 Biduo
2113 2486 2176 2522 ac
2225 2469 2415 2522 triduo
2444 2468 2790 2534 abstineant,
2833 2473 2890 2520 et
2922 2468 3192 2520 doceatur
3233 2469 3314 2522 eis
3348 2475 3406 2521 ut
3435 2469 3599 2522 casti-

1903 2565 2080 2613 tatem
2115 2559 2268 2611 inter
2317 2573 2374 2610 se
2410 2557 2752 2622 custodiant,
2785 2557 3066 2626 certisque
3109 2557 3468 2627 temporibus
3498 2573 3599 2611 nu-

1903 2650 2063 2713 bant,
2117 2653 2178 2699 ut
2211 2646 2378 2711 lilios,
2440 2663 2554 2700 non
2601 2647 2845 2716 spurios,
2907 2648 3002 2698 sed
3054 2645 3448 2699 haereditarios
3483 2647 3596 2700 Deo

1905 2742 1962 2790 et
1993 2735 2199 2789 saeculo
2233 2738 2529 2801 genere-nt.

1976 2825 2076 2877 XC.
2117 2827 2168 2892 (ι,
2223 2825 2293 2888 6;
2354 2840 2428 2890 v1,
2480 2821 2622 2892 120.)
2667 2823 2744 2875 De
2791 2822 2880 2876 his
2914 2813 3012 2893 qui
3045 2823 3244 2876 missas
3297 2827 3506 2877 canunt
3543 2829 3600 2878 et

1906 2927 2020 2964 non
2073 2909 2520 2976 communicant,
2554 2911 2840 2980 quomodo
2887 2915 3124 2980 possunt
3157 2911 3342 2966 dicere
3389 2912 3599 2966 Sacra-

1904 3005 2177 3054 cramcnta
2209 3015 2328 3067 quae
2355 2999 2721 3068 sumpsimus?
2755 3004 2810 3052 et
2837 3005 3061 3054 caatera.

1977 3089 2104 3142 XCI.
2147 3088 2206 3158 (ι,
2245 3090 2326 3154 13,
2378 3089 2524 3157 127.)
2560 3089 2630 3142 Ut
2659 3087 2746 3140 his
2770 3088 2830 3140 in
2861 3104 3011 3141 anno
3043 3087 3285 3141 concilia
3313 3087 3600 3142 celebren-

1909 3184 2020 3242 tur,
2056 3183 2113 3230 et
2157 3192 2327 3230 nemo
2372 3178 2503 3247 plus
2549 3177 2610 3230 in
2641 3192 2994 3248 unoquoque
3039 3192 3214 3248 quam
3268 3176 3600 3247 quindecim

1907 3265 2104 3320 diebus
2125 3270 2464 3319 remoretur.

1975 3353 2136 3408 XCII.
2171 3353 2285 3422 (vu,
2316 3341 2424 3421 40,
2462 3352 2608 3421 122.)
2653 3353 2732 3406 De
2783 3352 3118 3415 interdictis,
3176 3353 3330 3423 quod
3363 3353 3461 3423 qui
3511 3352 3603 3406 in-

1906 3441 2144 3496 terdicta
2192 3441 2463 3496 canonica
2507 3457 2736 3495 servare
2783 3440 3212 3510 contempserit,
3263 3442 3471 3510 gradus
3515 3440 3604 3494 sui

1906 3531 2164 3601 periculo
2202 3528 2535 3599 subjacebit.
2572 3530 2710 3582 Item
2745 3529 2788 3581 si
2822 3529 2949 3598 quis
2981 3528 3338 3581 sacerdotum
3370 3528 3458 3581 vel
3490 3529 3603 3581 cle-

1910 3618 2158 3672 ricorum
2211 3622 2409 3671 contra
2462 3616 2764 3670 interdicta
2812 3631 3099 3669 canonum
3147 3615 3364 3682 fecerit,
3416 3633 3450 3669 a
3500 3631 3603 3668 suo

1908 3713 1991 3762 est
2015 3706 2202 3760 ofﬁcio
2229 3704 2675 3759 submovendus.

1977 3795 2158 3849 XCIII.
2193 3795 2267 3847 De
2297 3793 2510 3846 Pascha
2539 3791 2832 3857 annotina,
2864 3796 2928 3845 ut
2950 3795 3387 3844 rememoretur.

1976 3884 2148 3939 XCIV.
2199 3882 2297 3953 (γι,
2351 3881 2457 3951 74.)
2513 3882 2591 3935 De
2641 3879 2840 3934 litania
2889 3880 3148 3933 Romana
3195 3895 3268 3933 vn
3318 3878 3603 3932 Kalendas

1907 3972 2058 4040 Maii,
2089 3977 2154 4026 ut
2182 3975 2619 4025 rentemoretur.

1979 4061 2130 4116 XCV.
2169 4060 2244 4130 (ν,
2285 4061 2404 4124 150,
2454 4058 2608 4112 Add.
2645 4074 2725 4123 ιιι,
2775 4056 2919 4126 122.)
2952 4057 3031 4110 De
3081 4055 3282 4110 diebus
3330 4055 3604 4125 Rogatio-

1911 4165 2074 4216 num,
2109 4153 2169 4202 ut
2204 4151 2532 4202 reverenter
2562 4163 2625 4200 ac
2651 4146 2902 4200 studiose
2929 4145 3143 4216 absque
3173 4145 3436 4215 turpibus
3459 4144 3606 4215 jocis

1911 4244 1966 4292 et
1989 4237 2173 4291 verbis
2194 4237 2575 4302 celebrentur,
2598 4240 2662 4289 ut
2687 4236 2877 4289 nullus
2909 4235 2967 4288 in
2997 4234 3080 4288 eis
3112 4235 3370 4305 prandia,
3394 4249 3609 4287 comes-

189 4325 440 4379 LXXVIII.
479 4326 598 4394 (vn,
649 4327 774 4378 225.
809 4324 963 4378 Add.
996 4340 1067 4391 Iv,
1100 4328 1214 4391 71.)
1253 4325 1331 4379 Ne
1363 4324 1665 4395 presbyter
1695 4324 1799 4379 be-
1838 4332 1882 4386 D
1911 4326 2180 4393 sationes,
2212 4326 2580 4396 diversasque
2601 4323 2866 4395 potiones
2893 4339 2996 4394 per
3023 4324 3246 4379 diversa
3273 4325 3394 4378 loca
3425 4323 3607 4380 facere

130 4414 486 4468 nedictionem
533 4414 769 4484 publice
815 4415 1055 4468 fundere
1107 4430 1280 4484 super
1329 4415 1608 4484 populum
1657 4430 1803 4485 pre-

129 4510 310 4555 sumat.
1107 4523 1116 4526 ι

188 4591 387 4645 LXXIX.
440 4596 559 4661 (vn,
612 4593 764 4658 248.)
816 4591 922 4656 Qui
952 4591 1249 4645 ecclesiam
1305 4591 1630 4646 tricennarii
1674 4592 1804 4662 jure

129 4681 433 4760 posse-terit,
464 4681 611 4733 nulli
647 4681 914 4750 deinceps
946 4681 1280 4733 subtrahere
1315 4681 1494 4734 liceat.

187 4768 365 4822 LXXX.
415 4768 600 4836 (Ibid,
633 4770 780 4828 253.)
831 4768 989 4831 Quod
1025 4769 1286 4822 eamdem
1341 4784 1568 4838 poenam
1597 4785 1803 4839 passu-

131 4870 208 4907 sus
251 4859 318 4909 sit
363 4863 680 4921 accusator,
733 4857 778 4909 si
822 4856 1154 4909 convincere
1201 4873 1314 4909 non
1368 4853 1584 4926 potest,
1626 4873 1801 4928 quam

131 4959 254 5008 reus,
279 4946 321 4996 si
348 4946 528 4998 victus
562 4945 762 4998 fuerit.

189 5033 382 5087 LXXXI.
444 5033 646 5102 (ιδιά,
706 5035 828 5086 261.
893 5033 1001 5098 Qui
1047 5050 1137 5086 res
1186 5033 1437 5088 ecclesia)
1495 5033 1797 5102 invadunt,

133 5125 340 5186 vastant,
376 5127 460 5176 vel
508 5123 812 5191 diripiunt,
860 5123 905 5175 si
955 5127 1224 5176 monente
1256 5123 1524 5193 episcopo
1576 5139 1692 5177 non
1743 5139 1800 5176 se

129 5213 462 5277 correXerint,
500 5210 1097 5264 excommunicentur.

185 5297 399 5353 LXXXII.
436 5302 536 5368 (vr,
593 5301 690 5352 371
721 5315 736 5364 ;
781 5314 878 5363 vu,
911 5299 1063 5368 279.)
1115 5299 1183 5353 Ut
1215 5299 1344 5352 laici
1395 5299 1543 5352 infra
1571 5297 1800 5352 cancel-

131 5381 196 5435 los
221 5401 324 5439 non
354 5392 522 5454 stent,
559 5393 615 5439 et
663 5391 728 5438 ut
759 5385 969 5438 oblatio
1006 5386 1222 5456 populo
1273 5384 1410 5438 foris
1441 5390 1602 5455 septa
1650 5383 1802 5438 reci—

134 5471 312 5539 piatur.

193 5561 443 5619 LXXXIII.
487 5561 692 5628 (Ibid.,
736 5563 887 5628 280.)
933 5561 1039 5626 Qui
1080 5561 1315 5616 sabbato
1349 5559 1802 5632 Paschaa'usque

1911 4420 2242 4486 praesumat.

1985 4505 2158 4557 XCVI.
2209 4504 2436 4572 (Concil.
2493 4505 2834 4571 Aquisgran.
2884 4501 2951 4564 II,
2989 4504 3074 4555 tit.
3127 4517 3185 4564 II,
3241 4515 3360 4568 cap.
3399 4500 3471 4567 9.)
3530 4501 3606 4553 De

1911 4591 2250 4647 lectionibus
2281 4591 2492 4660 vigiliae
2517 4590 2743 4644 Paschaa
2776 4593 2834 4641 et
2865 4589 3244 4640 Pentecostes.

1980 4680 2190 4735 XCVII.
2240 4678 2321 4747 (II,
2376 4677 2488 4748 35.)
2521 4679 2597 4731 De
2646 4681 2774 4728 octo
2823 4673 3022 4727 diebus
3056 4673 3301 4739 Paschae,
3360 4671 3609 4742 qualiter

1909 4771 2105 4824 feriari
2133 4769 2396 4831 debeant,
2430 4771 2485 4820 et
2514 4766 2584 4818 de
2612 4766 2960 4818 Pentecoste.
3406 4815 3414 4828 η

1982 4858 2208 4912 XCVIII.
2243 4857 2362 4923 (vu,
2409 4855 2517 4921 42.)
2554 4854 2629 4906 De
2655 4849 2927 4904 dilatione
2972 4852 3298 4916 temporum
3331 4863 3468 4916 erga
3499 4863 3606 4902 nos

1911 4947 2010 5017 qui
2057 4946 2125 5000 ad
2171 4959 2356 4996 sacros
2409 4941 2638 4994 ordines
2684 4936 3098 5007 provehantur.
3155 4935 3263 5000 Qui
3308 4952 3366 4989 se
3398 4935 3606 4989 divinae

1912 5034 2129 5088 militiae
2175 5029 2487 5099 mancipari
2519 5027 2824 5088 desiderat,
2859 5025 2974 5078 sive
3013 5025 3163 5078 inter
3194 5026 3456 5089 lectores,
3489 5025 3606 5079 sive

1908 5124 2059 5177 inter
2101 5119 2402 5174 exorcistas
2433 5113 2835 5186 quinquennio
2885 5119 3168 5167 teneatur.
3218 5112 3433 5167 Exinde
3467 5130 3608 5167 aco-

1910 5211 2100 5279 lythus
2134 5207 2216 5260 vel
2253 5205 2634 5258 subdiaconus
2677 5206 2927 5272 quatuor
2956 5201 3122 5256 annis
3169 5207 3315 5267 stet;
3351 5207 3408 5255 et
3435 5202 3514 5256 sic
3548 5202 3610 5256 in

1908 5293 2305 5347 benedictione
2337 5293 2691 5359 diaconatus,
2727 5291 2773 5344 si
2795 5298 3072 5359 meretur,
3096 5291 3327 5346 accedat
3358 5306 3370 5345 ε
3410 5291 3469 5345 in
3491 5307 3608 5362 quo

1909 5382 2110 5436 ordine
2141 5375 2395 5452 quinque
2421 5381 2607 5446 annis,
2633 5380 2681 5433 si
2701 5379 2992 5451 inculpata
3013 5397 3071 5433 se
3103 5380 3362 5451 gesserit,
3387 5380 3610 5434 haerere

1909 5470 2178 5536 debebit;
2209 5473 2264 5522 et
2286 5475 2486 5540 postea
2518 5470 2814 5539 probatus,
2848 5471 3114 5524 sacerdos
3145 5469 3450 5524 efﬁcietur.

1978 5560 2149 5615 XCIX.
2201 5563 2270 5626 (ν,
2320 5561 2427 5625 37;
2483 5575 2576 5624 vu,
2614 5559 2728 5630 43.)
2769 5561 2847 5614 De
2901 5558 3258 5614 confessione
3309 5559 3608 5613 scelerum.
