3846 6244
230 326 322 375 771
1486 316 1804 372 HERARDI
1843 316 2092 371 TURON.
2133 315 2465 372 ARCIIIEP.

3645 319 3752 369 772

231 453 586 508 Manifestum
618 457 702 505 est
743 467 876 505 eum
907 448 1169 504 conﬁteri
1214 450 1432 502 crimen
1479 449 1579 518 qui
1609 448 1830 501 indulto
1872 450 1926 500 et
1964 448 2012 499 A
2039 447 2124 499 vel
2156 448 2453 512 seducunt,
2490 449 2618 503 licet
2665 448 2802 519 ipsis
2833 453 2890 502 et
2918 448 3251 520 parentibus
3278 448 3620 515 conveniat,
3656 462 3751 500 eas

232 543 493 612 delegato
524 541 629 594 sibi
654 541 872 611 judicio
906 539 1192 610 purgandi
1224 556 1281 591 se
1313 540 1534 591 ratione
1566 553 1680 590 non
1711 538 1920 590 utitur:

231 630 376 683 nihil
400 630 553 683 enim
577 630 819 682 interest
845 635 1040 681 utrum
1068 627 1126 679 in
1148 627 1417 696 prmsenti
1449 626 1704 678 examine
1731 625 1926 678 omnia

232 735 360 788 qua:
392 719 461 772 de
489 735 556 771 eo
585 718 736 771 dicta
769 722 923 782 sunt,
957 715 1426 786 comprobentur,
1463 714 1616 784 quod
1645 713 1769 783 ipsa
1803 715 1924 783 ejus

231 807 488 860 absentia
520 823 623 876 pro
655 805 1010 858 confessione
1042 803 1330 857 consistat.

301 895 360 949 C.
397 897 509 964 (vn,
551 897 662 960 62.)
713 893 874 957 Quod
918 891 1218 962 poenitenti
1239 891 1408 943 nulla
1456 891 1614 943 lucra
1661 891 1922 960 negotia.

230 983 402 1036 tionis
428 996 690 1036 exercere
720 981 1041 1034 conveniat.
1074 980 1141 1032 Et
1165 984 1224 1032 ut
1254 979 1465 1048 injusta
1496 978 1699 1048 populi
1724 979 1924 1049 petitio

231 1072 433 1125 effectu
458 1077 665 1124 careat.

301 1161 383 1214 CI.
418 1160 604 1230 (Ibid,
639 1158 782 1228 107.)
814 1161 1182 1211 Accusatores
1208 1156 1590 1210 calumniosos
1619 1157 1706 1210 vel
1740 1157 1922 1227 suspi-

231 1249 412 1302 ciosos
442 1263 613 1301 nemo
641 1248 928 1315 suscipiat,
961 1261 1130 1298 nemo
1164 1243 1378 1298 audiat.

301 1337 411 1391 CII.
447 1337 638 1407 (Ibid.,
674 1335 816 1400 307.)
851 1338 1218 1387 Accusatores
1250 1338 1308 1386 et
1351 1332 1738 1387 accusationes
1782 1347 1924 1402 quas

230 1425 420 1479 seculi
453 1427 605 1495 leges
627 1440 741 1477 non
769 1423 1099 1488 admittunt,
1130 1437 1416 1476 canonum
1447 1438 1677 1493 quoque
1697 1422 1924 1476 decreta

228 1519 545 1569 removent.

300 1601 437 1656 CIII.
480 1608 575 1670 (vi,
628 1603 750 1667 359,
784 1602 922 1664 362;
954 1615 1048 1663 vn,
1096 1599 1239 1668 112.)
1289 1599 1544 1662 Quorum
1575 1599 1734 1665 ﬁdes,
1783 1598 1918 1661 vita,

228 1697 285 1745 et
313 1692 544 1745 libertas
577 1689 847 1754 nescitur,
882 1705 998 1741 non
1031 1689 1249 1758 possint
1269 1687 1590 1740 sacerdotes
1620 1700 1912 1755 accusare;

226 1797 330 1834 nec
359 1780 498 1832 viles
528 1794 810 1848 personas,
847 1777 956 1831 nisi
991 1777 1049 1829 in
1079 1777 1328 1846 propriis
1359 1777 1562 1829 causis.

299 1870 430 1923 CIV.
493 1868 750 1936 (Capitul.
811 1882 906 1933 vn,
965 1867 1088 1919 436.
1149 1866 1300 1918 Λεία.
1377 1881 1448 1932 iv,
1512 1863 1620 1932 27.)
1674 1864 1732 1917 Si
1792 1864 1919 1934 quis

225 1957 464 2012 clericus
495 1957 554 2010 in
605 1955 890 2008 criminali
921 1955 1006 2008 vel
1055 1953 1253 2006 leviori
1302 1970 1470 2006 causa
1499 1954 1778 2022 pulsatur,
1833 1953 1920 2006 vel

225 2047 287 2100 in
318 2045 622 2100 discrimen
655 2043 856 2112 capitis
905 2042 1232 2105 accersitur,
1267 2058 1381 2094 non
1429 2043 1622 2094 statim
1650 2058 1778 2094 reus
1811 2058 1917 2094 aes-

224 2136 465 2189 timatur
512 2133 610 2204 qui
639 2132 893 2185 accusari
921 2132 1127 2201 potuit,
1162 2147 1263 2184 nec
1297 2131 1607 2200 subjectam
1641 2131 1918 2184 innoeen-

223 2224 362 2277 tiam
391 2223 649 2276 facimus.
680 2221 787 2274 Sed
824 2220 1084 2290 quisquis
1110 2220 1204 2271 ille
1236 2224 1319 2271 est
1350 2219 1450 2289 qui
1484 2219 1702 2273 crimen
1731 2220 1918 2272 inten-

223 2313 326 2380 dit,
360 2313 428 2366 ad
467 2311 751 2382 judicium
784 2310 1104 2380 episcopale
1134 2309 1350 2376 veniat,
1400 2325 1611 2362 nomen
1642 2309 1723 2362 rei
1769 2308 1918 2362 indi-

223 2407 331 2468 cet,
382 2401 794 2469 vinculumque
849 2397 1240 2467 inscriptionis
1288 2397 1544 2467 arripiat.
1599 2398 1919 2466 Cognoscat

223 2485 599 2540 similitudine
654 2487 847 2540 habita
893 2487 1052 2556 prius
1101 2485 1400 2556 dignitatis
1437 2488 1914 2553 mstimationem;

223 2588 328 2626 nec
353 2573 461 2627 sibi
494 2575 612 2627 fore
657 2575 947 2628 licentiam
980 2574 1060 2627 rei
1103 2575 1440 2628 mentiendi.
1491 2575 1918 2629 Calumniantes

222 2662 292 2716 ad
323 2662 570 2716 similem
601 2663 773 2716 vitam
809 2667 998 2732 poscat
1030 2662 1348 2730 similitudo
1381 2664 1664 2733 supplicii.

296 2749 401 2805 CV.
447 2754 507 2816 (ι,
561 2755 630 2816 9;
686 2767 737 2818 v,
786 2753 908 2818 323,
961 2753 1100 2820 371;
1155 2767 1229 2816 vi,
1284 2751 1402 2815 194,
1449 2752 1591 2816 369;
1642 2767 1738 2819 vn,
1791 2753 1914 2816 225,

219 2839 348 2903 260,
379 2838 503 2904 423,
539 2837 688 2907 424.)
742 2840 812 2891 Ut
841 2839 1156 2909 presbyteri
1202 2839 1438 2893 modum
1487 2839 1784 2909 proprium
1824 2856 1914 2893 re-

219 2932 596 2996 cognoscant,
629 2926 688 2980 id
721 2932 805 2978 est
852 2943 980 2997 quae
1013 2929 1246 2981 alterius
1282 2933 1414 2981 sunt
1456 2945 1572 2982 non
1605 2934 1914 2999 appetant;

2037 551 2242 589 uxores
2273 553 2389 590 non
2423 537 2688 591 habeant.

2107 624 2233 678 CXI.
2279 626 2393 696 (vn,
2445 629 2567 685 382,
2611 625 2760 695 406.)
2795 627 2874 679 Ne
2919 627 3068 680 ullus
3115 627 3394 680 laicorum
3425 628 3752 696 plusquam

2035 712 2175 766 duas
2209 730 2411 767 uxores
2442 715 2667 768 habeat.
2721 715 2883 778 Quod
2918 731 3051 768 vero
3098 720 3258 768 extra
3307 720 3414 779 est,
3467 717 3536 767 ad
3579 713 3754 766 adul-

2033 800 2244 855 terium
2275 803 2542 872 pertinet.
2579 803 2854 856 Similiter
2881 809 2937 856 et
2967 803 3192 857 mulier.

2106 891 2257 945 CXII.
2318 892 2384 945 Ut
2436 892 2496 944 in
2537 892 2987 945 Christianorum
3045 908 3162 944 non
3195 892 3433 944 saltetur
3494 889 3753 959 nuptiis,

2034 983 2092 1032 et
2120 995 2153 1032 a
2183 980 2675 1051 Quinquagesima
2707 997 2888 1050 usque
2921 985 3149 1034 octavas
3179 980 3408 1034 Pascha:
3444 995 3568 1032 non
3605 979 3759 1031 ﬁant

2033 1068 2270 1138 nuptiae.

2100 1157 2283 1210 CXIII.
2339 1156 2454 1226 (vn,
2485 1160 2611 1224 217,
2668 1160 2790 1212 398.
2843 1157 2993 1212 Add.
3028 1173 3107 1218 ιιι,
3163 1156 3271 1227 17.)
3308 1157 3376 1211 Ut
3421 1155 3655 1218 clerici,
3693 1155 3755 1207 in

2033 1261 2376 1316 quacunque
2421 1247 2702 1300 seditione
2735 1262 2896 1301 arma
2941 1247 3276 1313 detulerint,
3329 1251 3460 1314 post
3504 1245 3746 1316 deposi-

2032 1334 2250 1386 tionem
2307 1334 2465 1404 gravi
2526 1335 2882 1405 paenitentiae
2942 1335 3001 1387 in
3053 1350 3278 1387 carcere
3332 1333 3749 1387 retrudantur.

2031 1420 2211 1474 Aliter
2260 1422 2308 1475 si
2337 1421 2534 1489 armis,
2588 1422 2757 1493 sagis,
2808 1422 2896 1475 vel
2927 1422 3113 1476 sabeis
3144 1421 3233 1474 usi
3265 1421 3502 1487 fuerint,
3549 1421 3750 1490 depo-

2032 1516 2266 1565 nantur.

2104 1599 2277 1652 CXIV.
2312 1599 2404 1669 (v1,
2445 1603 2579 1666 106;
2630 1617 2725 1662 vn,
2774 1599 2923 1670 205.)
2953 1599 3192 1663 Quando
3233 1599 3483 1668 populus
3528 1598 3607 1651 ad
3647 1613 3747 1649 ec-

2032 1686 2231 1740 clesias
2279 1689 2498 1742 venerit
2529 1706 2632 1759 per
2675 1689 2795 1742 dies
2847 1689 3148 1754 solemnes,
3206 1695 3305 1740 aut
3344 1688 3751 1740 communiter

1956 1747 2195 1843 BKyrie
2241 1779 2436 1830 εἰσίεοη
2493 1782 2744 1843 cantent,
2808 1783 2906 1829 aut
2969 1775 3340 1843 singulariter
3404 1776 3745 1829 orationem

2030 1864 2240 1931 dicant,
2276 1871 2331 1918 et
2363 1866 2420 1918 in
2454 1867 2688 1918 ecclesia
2717 1882 2847 1919 cum
2893 1865 3120 1918 silentio
3148 1871 3320 1928 stent,
3366 1869 3424 1917 et
3451 1879 3561 1933 pro
3592 1879 3657 1916 se
3691 1867 3746 1915 et

2029 1968 2134 2021 pro
2169 1953 2326 2006 omni
2359 1954 2572 2024 populo
2605 1954 2706 2007 Dei
2737 1958 2918 2018 orent,
2951 1953 3122 2006 eorda
3166 1968 3393 2022 semper
3417 1953 3488 2004 ad
3520 1953 3745 2004 caelum

2029 2040 2304 2094 habentes
2335 2047 2523 2095 erecta
2549 2058 2562 2108 ;
2596 2047 2652 2094 et
2678 2047 3024 2094 moneantur
3053 2047 3115 2093 ut
3167 2039 3491 2105 luminaria,
3525 2041 3742 2092 incen—

2030 2145 2180 2197 sum,
2222 2135 2276 2182 et
2335 2129 2635 2197 buccellas,
2672 2135 2726 2183 et
2776 2131 3064 2184 fructuum
3114 2129 3396 2199 primitias
3460 2128 3738 2192 atferant,

2029 2217 2176 2270 sicut
2225 2219 2500 2286 scriptum
2548 2224 2630 2272 est
2673 2235 2685 2271 :
2727 2221 2945 2272 Honora
2992 2217 3283 2271 Dominum
3332 2218 3396 2269 de
3453 2222 3550 2270 tua
3601 2217 3736 2270 sub-

2026 2308 2232 2360 stantia
2292 2306 2480 2377 (Prov.
2531 2323 2612 2373 III,
2661 2307 2734 2376 9).
2772 2307 2838 2359 Et
2884 2307 2946 2360 in
2996 2307 3210 2360 eisdem
3243 2305 3452 2358 sanctis
3500 2305 3735 2369 diebus,

2025 2409 2132 2446 nec
2183 2394 2241 2447 in
2275 2395 2498 2464 plateis,
2562 2412 2665 2448 nec
2694 2395 2752 2448 in
2788 2395 3076 2460 domibus,
3137 2395 3356 2448 cantica
3399 2394 3598 2464 turpia
3647 2395 3735 2447 vel

2029 2482 2334 2549 luxuriosa,
2368 2484 2714 2551 saltationes,
2749 2485 2836 2538 vel
2864 2486 2988 2538 lusa
3016 2484 3226 2537 faciant
3272 2483 3558 2538 diabolica
3584 2504 3601 2549 ;
3633 2483 3735 2536 sed

2026 2571 2278 2642 aliquem
2325 2573 2644 2643 sapientem
2679 2573 2980 2639 etlbonum
3026 2574 3318 2628 hominem
3355 2573 3732 2636 conveniant,

2025 2666 2082 2712 et
2112 2660 2185 2714 ibi
2222 2662 2385 2714 bonis
2416 2661 2774 2727 lectionibus,
2808 2677 2935 2732 quae
2977 2661 3046 2714 ad
3078 2662 3286 2714 anima:
3319 2661 3566 2714 salutem
3600 2677 3732 2730 per-

2025 2748 2232 2814 tinent,
2286 2750 2605 2805 intendant.
2665 2751 3031 2803 Revertentes
3063 2749 3133 2803 de
3180 2749 3413 2802 ecclesia
3459 2749 3735 2801 similiter

2024 2842 2272 2902 cantent,
2315 2843 2370 2891 et
2399 2855 2600 2891 eorum
2647 2843 2899 2909 pastores
2948 2844 3218 2892 exeuntes
3268 2838 3357 2891 vel
3416 2837 3730 2890 redeuntes

2025 2927 2096 2980 ad
2128 2943 2380 2996 campos,
2417 2933 2479 2979 ut
2524 2943 2656 2980 vera
2694 2928 3080 2980 christianitas
3128 2927 3185 2979 in
3219 2926 3300 2979 eis
3345 2912 3725 2994 agnoscatur.

219 3031 326 3068 nec
355 3015 557 3068 altaria
596 3015 992 3081 submoveant,
1025 3017 1114 3070 vel
1155 3022 1360 3070 castera
1400 3017 1689 3086 prohibita
1720 3025 1911 3088 agant.
1956 3046 1996 3099 C
2097 3015 2238 3069 CXV.
2306 3015 2493 3084 (Ibid.,
2546 3015 2693 3086 347.)
2742 3017 3083 3069 Moneantur
3129 3031 3329 3068 omnes
3389 3015 3590 3066 tiilcles
3660 3015 3724 3066 de

225 3106 292 3158 Et
319 3108 385 3158 ut
416 3103 668 3158 ecclesias
718 3103 1030 3157 luminibus
1076 3106 1408 3174 caeterisque
1450 3105 1791 3159 decorentur
1821 3122 1912 3158 or-

218 3193 471 3247 natibus.
507 3194 574 3246 Et
607 3197 665 3246 ut
695 3191 1015 3262 presbyteri
1058 3193 1259 3246 missas
1291 3209 1423 3246 cum
1456 3193 1724 3247 sandaliis
1768 3196 1912 3248 cele-

221 3280 406 3333 brent.

291 3367 423 3421 CVI.
480 3365 554 3436 (v,
606 3368 747 3433 396;
781 3382 855 3432 v1,
917 3367 1039 3431 206,
1099 3367 1220 3431 313,
1273 3369 1542 3436 381;vn,
1595 3368 1718 3434 379,
1768 3369 1910 3435 436;

218 3471 294 3523 vi,
345 3456 488 3524 402;
541 3471 639 3520 vn,
682 3456 832 3521 331.)
891 3456 957 3509 Ut
1005 3455 1329 3510 sacerdotes
1360 3455 1429 3509 de
1452 3455 1758 3525 incognitis
1806 3456 1913 3510 sibi

217 3544 387 3598 rebus
424 3545 571 3597 nihil
622 3543 882 3612 judicare
930 3551 1284 3613 prensum-ant
1328 3544 1662 3614 priusquam
1713 3551 1915 3598 cuncta

2023 3102 2297 3156 charitate
2346 3111 2400 3156 et
2449 3104 2858 3173 hospitalitate,
2891 3110 2956 3158 ut
2995 3103 3259 3156 noverint
3305 3107 3441 3172 quia
3471 3118 3612 3155 vera
3643 3107 3726 3155 est

2022 3191 2268 3244 charitas
2323 3194 2501 3246 Deum
2532 3192 2771 3261 diligere
2821 3194 3123 3262 plusquam
3159 3207 3238 3256 se,
3292 3199 3350 3244 et
3390 3191 3722 3261 proximum

2023 3284 2296 3350 tanquam
2345 3297 2424 3345 se,
2471 3287 2527 3334 et
2558 3281 2656 3350 qui
2693 3281 2834 3334 nihil
2869 3282 2989 3334 vult
3027 3282 3211 3334 facere
3253 3279 3381 3332 aliis
3426 3281 3585 3350 quod
3617 3279 3723 3332 sibi

2022 3383 2138 3420 non
2173 3368 2295 3420 vult
2339 3369 2481 3422 ﬁeri.
2519 3369 2624 3432 Qui
2676 3368 2828 3422 enim
2865 3368 2924 3422 in
2972 3368 3098 3421 cibo
3146 3374 3201 3422 et
3233 3375 3395 3439 potu,
3431 3369 3640 3422 dandis
3671 3374 3724 3421 et

2022 3455 2371 3526 accipiendis
2419 3457 2608 3523 rebus,
2663 3457 3000 3511 cbaritatem
3041 3462 3224 3527 putet,
3282 3462 3450 3521 errat,
3495 3457 3722 3510 dicente

2020 3545 2294 3614 Apostolo
2331 3547 2617 3612 :chnum
2686 3547 2788 3598 Dei
2823 3562 2929 3599 non
2980 3551 3056 3599 est
3099 3560 3218 3599 esca
3257 3552 3306 3598 et
3351 3548 3556 3614 potius,
3632 3546 3725 3600 sed

219 3649 348 3703 quin
381 3639 537 3702 gesta
565 3638 701 3686 sunt
734 3631 1008 3686 veraciter
1036 3633 1292 3700 audiant,
1326 3638 1382 3685 et
1415 3633 1708 3685 neminem
1742 3634 1916 3686 laede-
2014 3636 2241 3704 Justitia
2272 3639 2322 3688 et
2374 3651 2493 3703 pax:
2523 3634 2698 3704 (Rom.
2750 3650 2860 3700 XIV,
2905 3637 3006 3698 17).
3057 3634 3165 3687 Sed
3213 3638 3267 3686 et
3332 3634 3378 3685 si
3412 3633 3534 3703 ipsa
3591 3651 3723 3687 cum

217 3737 279 3776 re
305 3721 393 3776 vel
438 3721 776 3787 detrahere;
811 3737 916 3775 nec
957 3737 1308 3792 quemquam
1352 3728 1484 3775 ante
1510 3722 1731 3791 justum
1764 3722 1916 3791 judi-

217 3808 369 3864 cium
414 3811 708 3875 damnent,
760 3825 863 3862 nec
892 3810 1128 3880 proprio
1169 3809 1406 3864 arbitrio
1437 3809 1717 3879 judicent.
1752 3811 1915 3864 Prius

217 3898 480 3965 probent,
534 3902 591 3950 et
623 3896 702 3949 sic
735 3895 1029 3965 judicent;
1087 3912 1204 3949 non
1253 3896 1409 3949 enim
1455 3897 1553 3966 qui
1595 3902 1909 3963 accusatur,

218 3985 314 4039 sed
345 3985 445 4056 qui
492 3985 872 4050 convincitur,
933 4000 1067 4038 reus
1099 3991 1203 4038 est.
1250 3984 1315 4038 Et
1363 3985 1653 4039 neminem
1704 3986 1913 4040 laedere

216 4073 304 4125 vel
335 4073 634 4126 detrahere
667 4072 789 4125 sine
821 4087 990 4124 causa
1033 4072 1366 4138 concedant,
1402 4074 1666 4142 exemplo
1699 4074 1908 4138 Mariae,

220 4176 350 4232 qua:
379 4159 551 4229 Moysi
596 4165 836 4229 propter
882 4159 1289 4228 EthiOpissam
1334 4160 1602 4226 detrahit,
1636 4167 1693 4214 et
1742 4163 1911 4232 leprm

221 4246 592 4302 immunditia
641 4247 882 4300 multata
913 4252 1016 4300 est.
1058 4248 1122 4300 Et
1172 4247 1342 4301 David
1379 4248 1438 4300 in
1470 4247 1605 4302 Saul
1653 4256 1911 4319 unctum,

2023 3722 2210 3775 studio
2260 3722 2554 3776 charitatis
2602 3723 2760 3786 ﬁant,
2812 3723 2965 3776 bona
3009 3727 3162 3791 sunt,
3195 3727 3247 3775 et
3296 3721 3447 3775 inter
3483 3720 3725 3776 virtutes

2022 3811 2425 3880 computanda.
2459 3811 2660 3878 Aliter,
2694 3811 2886 3866 szeculi
2919 3816 3077 3864 actus
3103 3816 3254 3864 sunt.

2095 3898 2272 3952 CXVI.
2319 3903 2432 3968 (vn,
2496 3897 2649 3969 407.)
2711 3901 2786 3953 De
2832 3899 3191 3952 orationibus
3253 3902 3309 3951 et
3341 3897 3723 3968 eleemosynis

2021 3991 2077 4040 et
2111 3987 2414 4040 missarum
2465 3986 2949 4041 celebrationibus
2988 4003 3092 4057 pro
3121 3985 3391 4039 ﬁdelibus
3435 3987 3722 4041 defunctis

2021 4075 2287 4144 agendis,
2333 4076 2540 4146 quibus
2574 4076 2736 4148 impii
2781 4091 2973 4129 carere
3018 4075 3266 4141 debent;
3304 4076 3587 4145 quoniam
3623 4091 3722 4129 nec

2022 4178 2219 4216 eorum
2265 4165 2630 4234 eleemosyna
2658 4182 2690 4218 a
2740 4163 3126 4218 sacerdotibus
3168 4165 3255 4216 vel
3285 4163 3526 4234 reliquis
3579 4165 3717 4218 tide-

2021 4250 2170 4304 libus
2233 4252 2567 4322 accipienda
2623 4259 2728 4319 est,
2797 4270 2903 4308 nec
2967 4253 3260 4322 sepultura
3322 4252 3586 4306 ﬁdelium
3628 4253 3719 4306 tri.

219 4336 352 4389 licet
380 4338 574 4388 nosset
603 4350 636 4388 a
677 4334 794 4387 Deo
828 4332 1113 4403 abjectum
1143 4338 1200 4388 et
1229 4336 1623 4405 reprobatum,
1672 4355 1907 4393 manum
1946 4342 1990 4396 D
2019 4339 2265 4394 buenda.

219 4425 444 4478 mittere
488 4422 699 4477 timuit.
753 4421 1028 4476 Similiter
1059 4427 1114 4476 et
1163 4440 1267 4476 nos
1299 4423 1735 4494 vituperationis
1793 4445 1910 4481 ma-

219 4529 358 4568 num
391 4513 460 4566 ab
492 4512 759 4565 omnibus
817 4511 1079 4564 ﬁdelibus
1110 4512 1531 4568 subtrahamus.

289 4602 450 4657 CVII.
512 4604 625 4669 (vn,
677 4603 767 4666 63,
833 4601 973 4664 452.)
1028 4602 1096 4655 Ut
1158 4601 1470 4673 presbyteri
1515 4603 1660 4656 sicut
1713 4605 1912 4659 ordine

220 4691 549 4757 sanctiores,
604 4690 683 4743 ita
712 4689 906 4756 verbo,
939 4690 1185 4757 incessu,
1235 4697 1290 4745 et
1319 4697 1452 4744 actu
1496 4692 1609 4744 sint
1640 4708 1912 4746 reveren-

220 4782 415 4846 tiores,
476 4780 611 4850 quia
659 4779 934 4834 celsitudo
985 4780 1267 4850 graduum
1323 4781 1640 4851 graviorem
1698 4781 1915 4852 peccati

219 4867 355 4922 facit
383 4867 702 4921 cumulum.

291 4957 475 5012 CVIII.
524 4955 703 5025 (Add.
757 4972 837 5019 ιιι,
872 4957 932 5009 41
966 4971 980 5022 ;
1034 4956 1186 5011 Αάἁ.
1225 4972 1299 5023 iv,
1333 4959 1420 5022 90,
1459 4955 1603 5026 152.)
1642 4958 1711 5011 Ut
1757 4975 1914 5028 prcs-

218 5045 403 5116 byteri
437 5051 493 5097 et
521 5044 710 5096 clerici
744 5051 875 5097 ante
905 5060 964 5097 se
985 5044 1114 5113 joca
1144 5045 1334 5114 turpia
1370 5045 1493 5099 ﬁeri
1537 5062 1652 5099 non
1683 5047 1918 5117 permit—
1981 5053 1984 5056 ⁴

219 5139 378 5198 tant;
431 5133 528 5186 sed
563 5148 842 5202 pauperes
873 5137 928 5185 et
970 5132 1296 5202 indigentes
1328 5133 1399 5187 ad
1448 5150 1672 5189 mensas
1722 5152 1914 5190 secum

219 5222 486 5288 habeant,
521 5227 580 5274 et
609 5223 836 5290 legatur
866 5221 947 5275 eis
978 5222 1166 5276 lectio.

293 5310 420 5364 CIX.
471 5309 549 5378 (v,
580 5313 700 5364 156.
751 5311 902 5364 Add.
936 5328 1017 5374 in,
1066 5311 1173 5380 32.)
1204 5312 1264 5364 In
1297 5313 1550 5366 ecclesiis
1587 5314 1675 5367 vel
1706 5313 1762 5367 in
1816 5314 1916 5368 do-

221 5397 412 5450 mibus
467 5413 779 5467 earumque
836 5400 993 5452 atriis
1051 5401 1260 5470 placita
1321 5403 1616 5455 saecularia
1676 5403 1916 5456 minime

222 5485 386 5541 ﬁant.

291 5569 396 5626 CX.
450 5568 568 5639 (vn,
629 5571 775 5641 395.)
837 5571 944 5636 Qui
1007 5573 1241 5641 rapiunt
1302 5573 1563 5641 feminas,
1627 5577 1914 5644 furantur,

2094 4428 2290 4481 CXVII.
2345 4429 2528 4496 (Ibid,
2581 4431 2732 4493 346.)
2765 4429 2925 4492 Quod
2975 4445 3092 4482 non
3140 4427 3363 4482 valeant
3411 4427 3716 4499 Scripturze

2021 4522 2217 4570 contra
2246 4517 2472 4570 decreta
2502 4534 2784 4571 canonum
2816 4518 2903 4571 vel
2935 4517 3149 4570 sancite
3179 4516 3539 4585 pontiﬁcum.

2095 4605 2321 4658 CXVIII.
2372 4604 2475 4675 (γι,
2525 4608 2647 4672 342,
2692 4622 2787 4672 vn,
2847 4606 3111 4673 71,247.)
3178 4605 3245 4658 Ut
3298 4605 3424 4657 lites
3479 4610 3534 4656 et
3586 4621 3717 4658 con-

2023 4693 2324 4758 tentiones,
2376 4694 2511 4746 rixm
2566 4699 2622 4747 et
2661 4694 2856 4765 jurgia
2886 4734 2900 4759 ,
2942 4694 3086 4746 sicut
3133 4692 3430 4746 discordia:
3477 4699 3534 4745 et
3567 4693 3718 4758 odia,

2021 4782 2459 4851 prohibeantur,
2493 4787 2548 4835 et
2573 4799 2679 4853 pax
2709 4788 2764 4836 et
2789 4781 3091 4835 concordia
3123 4781 3485 4850 przedicetur.

2097 4871 2268 4924 CXIX.
2327 4875 2426 4938 (in,
2489 4873 2593 4937 31;
2651 4888 2702 4937 ν,
2755 4873 2893 4936 183;
2945 4886 3042 4932 vn,
3107 4872 3226 4931 163,
3276 4872 3401 4934 291,
3455 4868 3623 4938 450.)
3658 4869 3722 4923 Ut

2027 4957 2272 5012 diflinita
2302 4959 2541 5012 crimina
2571 4961 2764 5012 nullus
2799 4958 3065 5012 rel'ricare
3095 4958 3322 5011 audeat.

2096 5048 2237 5101 CXX.
2273 5052 2391 5112 (vn,
2437 5050 2565 5114 242,
2622 5047 2770 5118 243.)
2812 5047 2974 5111 Quod
3016 5047 3358 5117 poenitentes
3386 5063 3416 5098 a
3445 5046 3719 5099 conviviis

2025 5141 2081 5189 et
2113 5137 2466 5190 ornamentis
2521 5143 2692 5207 atque
2739 5137 2870 5190 alba
2912 5143 3063 5189 veste
3116 5135 3398 5188 abstinere
3432 5135 3714 5200 debeant;

2026 5230 2083 5278 et
2111 5225 2395 5278 discordes
2450 5227 2742 5296 pellantur
2788 5227 2861 5279 ab
2895 5224 3131 5279 ecclesia
3189 5223 3369 5277 donec
3403 5223 3473 5276 ad
3521 5240 3718 5294 pacem

2024 5315 2278 5367 redeant.

2099 5401 2278 5456 CXXI.
2335 5400 2398 5472 (ι,
2432 5407 2502 5468 7;
2553 5405 2607 5469 v‘,
2641 5404 2731 5468 25,
2767 5405 2837 5469 6;
2885 5419 3000 5469 vin,
3039 5404 3122 5469 10,
3171 5403 3296 5466 295,
3340 5401 3489 5469 474.)
3525 5402 3604 5454 De
3635 5400 3717 5454 his

2027 5506 2170 5560 quos
2201 5491 2498 5560 presbyter
2531 5491 3134 5560 excommunicaverit,
3185 5495 3246 5543 ut
3280 5489 3428 5542 alius
3456 5505 3555 5542 eos
3605 5505 3716 5542 nou

2027 5577 2284 5646 recipiat.
