3846 6244
14 329 88 339 -ο

27 335 131 368 ‘1‘

1203 327 1780 382 COMIIONITORIUM
1825 329 1917 382 AD
1956 329 2381 384 VENILONEM.

3435 337 3538 388 774

95 456 296 510 CXXII.
351 459 414 523 (ι,
461 458 568 521 62;
625 474 700 522 v1,
751 457 873 524 374,
922 456 1071 511 Add.
1119 472 1197 521 III,
1246 456 1364 527 94.)
1421 458 1490 510 Ut
1536 457 1728 512 Chris-—
1767 463 1808 513 A
1842 461 2054 513 nodum
2083 460 2549 530 imprzetermisso
2589 466 2919 530 occurrant;
2958 462 3042 515 sin
3071 464 3230 531 alias,
3264 464 3534 519 condem-

21 546 169 597 tiani
227 545 300 597 ab
348 547 535 598 otioso
581 562 848 599 sermone
883 552 940 599 et
974 546 1321 616 juramentis
1378 563 1434 599 se
1474 552 1728 611 caveant,

95 634 321 687 CXXIII.
348 634 446 702 (VI,
506 638 641 701 303;
696 653 784 700 vn,
832 637 951 700 149,
1001 636 1124 688 457.
1167 635 1320 688 Αάἀ.
1378 652 1447 700 ιν,
1494 637 1600 698 60.)
1625 636 1733 700 Qui

18 737 225 775 contra
272 730 490 776 statuta
519 724 795 777 canonica
828 724 1040 789 fecerit,
1081 724 1252 776 laicus
1306 725 1728 782 communione.

18 813 268 864 clericus
298 813 562 882 privetur
594 813 834 866 honore.

94 901 342 957 CXXIV.
381 903 554 971 (Add.
601 919 680 969 ιιι,
713 901 826 971 21.)
880 902 946 956 Ut
976 901 1176 956 fideles
1233 919 1291 955 se
1325 902 1646 956 abstineant
1702 920 1735 956 a

22 992 182 1042 cuitu
245 993 672 1061 prmgnantium
714 1008 978 1055 uxorum,
1013 999 1071 1043 et
1105 998 1398 1044 menstruo
1449 997 1730 1060 tempore.

94 1079 306 1132 CXXV.
343 1080 404 1148 (ι,
438 1081 528 1143 68,
563 1080 717 1133 Add.
753 1096 793 1145 ι,
825 1082 893 1146 5;
935 1095 1009 1146 v1,
1059 1083 1183 1132 259.
1218 1087 1234 1148 )
1295 1081 1364 1132 Ut
1415 1079 1734 1150 presbyteri

24 1173 373 1235 computum
407 1168 648 1222 discant.

98 1255 325 1309 CXXVI.
362 1257 482 1325 (vn,
506 1258 628 1320 203,
665 1258 831 1323 237.)
866 1257 936 1310 Ut
965 1256 1198 1326 superbi
1249 1255 1440 1309 clerici
1493 1260 1548 1308 et
1605 1254 1736 1308 laici

28 1346 628 1399 excommunicentur.
668 1346 727 1399 Et
758 1350 821 1398 ut
859 1345 1136 1414 patientia
1166 1351 1224 1398 et
1272 1345 1587 1411 humilitas,
1628 1360 1738 1396 cas-

30 1433 163 1486 titas
194 1439 256 1486 et
276 1434 608 1502 humanitas
639 1433 710 1486 ab
739 1433 1008 1487 omnibus
1044 1435 1404 1503 prmdicetur.

103 1522 354 1577 CXXVII.
405 1521 680 1590 (:tdd.1v,
732 1521 840 1592 53.)
874 1522 931 1576 Si
978 1523 1105 1592 quis
1147 1528 1448 1592 potentum
1487 1521 1737 1591 quemli-

35 1611 126 1662 bet
166 1610 578 1680 exspoliaverit
622 1613 706 1664 vel
745 1611 1114 1680 oppresserit,
1143 1627 1247 1682 per
1267 1610 1736 1680 praedicationem

35 1700 399 1752 sacerdotum
435 1700 689 1752 revocari
720 1699 907 1772 debet.

1844 555 2074 602 nentur.

1913 639 2178 692 CXXXIV.
2222 637 2395 706 (Add.
2443 653 2513 702 iv,
2548 640 2660 704 8t.)
2698 640 2772 690 De
2817 639 2923 704 liis,
2973 640 3072 710 qui
3124 640 3231 694 sibi
3283 656 3535 711 quacun-

1843 743 1952 796 que
1993 728 2343 798 negligentia
2394 735 2637 780 mortem
2669 728 2940 792 inferunt,
2988 735 3086 781 aut
3120 746 3220 798 pro
3254 731 3371 783 suis
3410 746 3531 782 scca

1843 817 2050 870 leribus
2084 817 2420 887 puniuntur,
2457 817 2608 868 nulla
2640 833 2743 885 pro
2775 817 2855 869 eis
2889 817 2986 870 ﬁat
3016 817 3251 879 oblatio.
3275 835 3379 871 nec
3399 833 3529 872 cum

1844 906 2077 975 psalmis
2100 907 2168 959 ad
2202 907 2523 976 sepulturas
2547 905 2846 958 ducantur.

1915 994 2160 1048 CXXXV.
2195 995 2256 1064 (ι,
2311 997 2443 1060 157;
2477 1009 2528 1057 v,
2579 995 2703 1045 276.
2753 993 2901 1047 Add.
2963 1009 3034 1060 xv,
3073 995 3194 1061 100,
3252 994 3392 1061 166.)
3455 995 3534 1048 De

1842 1084 1951 1147 liis,
1985 1083 2085 1152 qui
2107 1083 2354 1136 decimas
2396 1082 2733 1134 abstrahunt
2762 1081 3034 1145 ecclesiae,
3085 1083 3154 1135 ad
3190 1098 3360 1152 quam
3410 1098 3533 1152 per-

1843 1171 2050 1236 tinent,
2079 1176 2134 1222 et
2188 1177 2427 1239 propter
2457 1186 2694 1222 munera
2738 1171 2822 1222 vel
2871 1171 3123 1240 aliquam
3174 1171 3534 1224 occasionem

1846 1259 2010 1312 altari
2047 1259 2202 1324 dant,
2252 1259 2431 1312 donec
2480 1259 2800 1325 restituant,
2852 1259 2923 1311 ab
2973 1259 3224 1312 ecclesiae.
3266 1257 3537 1313 societate

1845 1345 2151 1417 pellantur.

1915 1435 2183 1491 CXXXVI.
2215 1435 2291 1502 (v,
2350 1436 2494 1503 H2.)
2546 1434 2741 1488 Laicus
2791 1451 2908 1488 non
2964 1436 3136 1490 debet
3194 1435 3255 1489 in
3297 1437 3535 1490 ecclesia

1845 1522 2071 1592 publice
2103 1523 2403 1575 lectionem
2437 1526 2693 1584 recitare,
2729 1539 2831 1576 nec
2861 1524 3111 1591 alleluia,
3155 1525 3254 1578 sed
3284 1526 3536 1594 psalmos

1847 1615 1903 1663 et
1939 1611 2314 1678 responsoria.

1919 1699 2212 1754 CXXXVII.
2283 1703 2400 1769 (vu,
2466 1701 2612 1766 383.)
2691 1701 2757 1752 Ut
2814 1700 2882 1754 ad
2939 1699 3405 1769 praedicationem
3481 1705 3539 1754 et

99 1787 375 1842 CXXVIII.
417 1795 471 1854 ξι,
501 1788 598 1852 24ς
642 1803 694 1852 v,
740 1791 840 1854 28;
886 1805 978 1848 νιι,
1049 1788 1151 1854 13.)
1208 1788 1276 1841 Ut
1335 1788 1731 1858 unusquisque
1773 1789 1814 1842 Β
1845 1787 2340 1840 confirmationem
2373 1789 2622 1858 episcopi
2665 1805 2863 1841 omnes
2917 1789 3116 1841 devote
3167 1789 3530 1852 conveniant,

31 1878 87 1928 in
119 1893 186 1928 eo
211 1877 363 1942 loco,
396 1878 454 1928 in
487 1894 600 1947 quo
624 1877 966 1930 constitutus
999 1882 1102 1942 est,
1136 1876 1216 1930 ibi
1246 1885 1492 1942 maneat,
1522 1893 1626 1929 nec
1658 1875 1733 1930 ad

31 1968 136 2017 alia
171 1971 446 2019 transeat.

31 2053 62 2123 ζ
99 2055 320 2109 CXXlX.
372 2055 449 2117 tv,
608 2055 757 2108 Add.
811 2071 890 2120 ιιι,
943 2055 1054 2125 30.)
1089 2055 1166 2108 De
1206 2053 1316 2108 reis
1361 2054 1428 2108 ad
1471 2054 1733 2107 ecclesias

35 2144 111 2196 vel
144 2144 218 2196 ad
241 2161 444 2198 earum
473 2145 618 2197 atria
666 2145 1151 2214 confugientibus,
1189 2149 1250 2197 ut
1281 2143 1416 2197 inde
1448 2159 1562 2196 non
1604 2143 1732 2196 abs-

35 2233 357 2286 trahantur.

100 2319 296 2374 CXXX.
329 2321 414 2388 Ι(ι,
457 2322 585 2386 10ος
639 2337 689 2388 ν,
737 2323 870 2386 226;
921 2337 998 2389 vi,
1054 2323 1185 2387 I33;
1242 2337 1334 2383 vn,
1395 2323 1514 2374 I79.
1579 2319 1727 2376 Add.

40 2424 104 2473 iv,
147 2411 244 2462 I88
272 2412 291 2473 }
315 2409 384 2462 Ut
409 2410 604 2463 nullus
643 2411 861 2464 occulte
894 2409 1123 2480 nuptias
1175 2409 1366 2478 faciat,
1411 2425 1516 2462 nec
1556 2408 1731 2477 virgi-

42 2513 160 2548 nem
192 2498 282 2549 vel
308 2496 544 2559 viduam
577 2503 857 2551 sacratam
889 2497 1078 2551 ducat.

102 2586 296 2640 CXXXI
388 2593 510 2653 (vn,
568 2590 667 2641 237
721 2587 870 2654 311.)
923 2585 1124 2641 Clerici
1169 2585 1318 2639 tardi
1349 2585 1420 2638 ad
1476 2582 1731 2637 ofﬁcium

41 2679 129 2724 aut
160 2675 532 2741 ﬂagellentur
561 2681 662 2728 aut
681 2675 1268 2728 excommunicentur.

103 2762 342 2817 CXXXII.
389 2767 483 2832 (γι,
535 2766 656 2817 192.
694 2763 849 2818 Add.
895 2779 968 2828 ιν,
1025 2763 1170 2833 155.)
1223 2762 1422 2817 Nullus
1468 2760 1733 2814 sacerdo-

43 2855 153 2901 tum
183 2851 436 2904 decimas
468 2867 605 2904 cum
634 2853 733 2904 lite
772 2857 830 2905 et
852 2851 1050 2922 jurgio
1099 2851 1391 2921 suscipiat,
1436 2850 1532 2904 sed
1584 2865 1734 2919 prae-

41 2938 310 2992 dicatione
341 2947 398 2992 et
419 2941 843 2994 admonitione.

104 3027 359 3083 CXXXIII.
417 3028 497 3098 (ν,
553 3031 656 3096 60;
715 3045 811 3096 vn,
847 3029 938 3098 34,
989 3028 1159 3100 460.)
1200 3028 1270 3082 Ut
1309 3027 1490 3082 vocati
1541 3026 1612 3080 ad
1640 3043 1731 3097 sy-

1842 1877 2009 1945 eique
2033 1876 2280 1929 ﬁdeliter
2312 1876 2637 1929 ministrent
2669 1883 2726 1929 et
2757 1876 3046 1929 obediaut.

1913 1965 2224 2019 CXXXVIII.
2286 1965 2472 2032 (Ibid.,
2519 1967 2662 2031 27L)
2705 1967 2780 2018 De
2827 1965 2915 2017 his
2965 1965 3065 2033 qui
3118 1965 3369 2018 ecclesiis
3420 1965 3535 2019 vim

1842 2053 2114 2119 inferunt,
2147 2058 2240 2107 aut
2272 2053 2506 2107 clericos
2544 2041 2820 2122 injuriare
2855 2061 3230 2124 prmsumunt,
3286 2059 3347 2106 ut
3395 2071 3532 2108 ana-

1841 2143 2299 2196 thematizentur.

1911 2232 2168 2286 CXXXIX.
2221 2231 2287 2284 Ut
2332 2230 2432 2301 qui
2490 2231 2668 2283 alium
2729 2231 2786 2283 in
2849 2229 3018 2300 culpa
3072 2247 3174 2284 sua
3227 2230 3534 2285 defendere

1839 2321 1927 2374 vel
1960 2336 2223 2373 excusare
2240 2321 2463 2388 nititur,
2489 2318 3032 2373 excommunicetur.

1912 2409 2058 2463 CXL.
2125 2409 2192 2462 Ut
2251 2409 2440 2461 nullus
2490 2407 2847 2460 sacerdotum
2907 2407 3134 2477 ignoret
3176 2407 3315 2478 quid
3358 2407 3430 2462 sit
3470 2406 3534 2460 in

1841 2498 2056 2567 synodo
2096 2497 2485 2563 constitutum,
2539 2496 2632 2549 sed
2686 2495 2954 2548 omnibus
2983 2495 3228 2564 cognitis
3272 2495 3532 2550 certatim

1841 2587 2262 2655 obtemperent.

1915 2675 2040 2727 Hazc
2085 2688 2216 2726 vero
2274 2671 2567 2726 brevitatis
2615 2671 2827 2735 studio,
2887 2675 2945 2723 ut
3011 2670 3454 2740 prmlibavimus,
3501 2688 3535 2725 a

1843 2762 2003 2815 nobis
2030 2762 2263 2815 collecta
2311 2761 2578 2814 omnibus
2625 2761 2826 2813 nostris
2872 2759 3259 2814 sacerdotibus
3316 2759 3533 2813 haben-

1840 2853 1911 2906 da
1941 2849 2567 2919 statuimus;quoniam
2603 2848 2738 2919 ipsis
2771 2855 2827 2902 et
2856 2848 3125 2919 subjectis
3165 2849 3363 2902 ovibus
3411 2849 3533 2901 haec

1842 2939 2042 2992 eadem
2082 2937 2227 2991 bene
2259 2937 2452 2990 habita
2479 2944 2534 2990 et
2558 2937 2842 2990 intellecta
2873 2936 3142 2990 omnibus
3193 2935 3375 2989 modis
3407 2951 3536 3006 pro-

1843 3026 2036 3080 futura
2053 3025 2468 3096 cognoscimus.

549 3299 2098 3411 COMMONITORIUM
2229 3296 3030 3405 HERARDI

1338 3506 1807 3553 ARCHIEPISCOPI
1853 3505 2247 3550 TURONENSIS

1009 3634 1102 3688 AD
1142 3634 1541 3688 VENILONEM
1581 3632 1908 3688 SENONUM
1945 3628 2565 3685 ARCHIEPISCOPUM.

1266 3762 1437 3826 (Apud
1465 3761 1645 3822 Labb.,
1677 3760 1836 3809 Conc.
1863 3764 1900 3809 t.
1927 3759 2061 3818 VIII,
2095 3772 2151 3820 p.
2181 3757 2312 3819 694.)

1633 3898 1940 3911 —

107 4010 420 4064 Venerabili
464 4008 751 4074 Veniloni,
782 4009 1074 4062 Senonum
1124 4007 1572 4077 archiepiscopo,
1624 4007 1730 4060 ΗΕ·
1769 4017 1807 4060 t.
1839 4003 2180 4058 industriam
2211 4002 2282 4056 ad
2320 4018 2419 4055 vos
2447 4000 2678 4072 exsequi
2709 4001 3061 4072 procurabit.
3096 4002 3162 4056 Et
3194 4002 3302 4056 hoc
3347 4002 3536 4074 ipsum

50 4113 240 4150 amnes
274 4099 456 4168 gratia
487 4097 698 4150 divina:
731 4096 960 4166 pietatis
987 4095 1335 4150 Turonensis
1373 4094 1726 4164 metropolis,

49 4186 319 4240 immerito
367 4187 522 4253 licet,
579 4185 902 4256 episcopus,
950 4185 1193 4238 salutem
1242 4184 1299 4237 in
1364 4184 1625 4250 Domino,
1676 4193 1733 4236 et

51 4287 371 4343 perpetuam
405 4289 632 4344 pacem.

110 4362 334 4415 Certum
381 4363 594 4416 habeat
640 4365 841 4415 vestrae
886 4359 1211 4430 sagacitatis
1273 4358 1525 4426 dilectio,
1561 4359 1730 4429 ilega-

53 4450 250 4503 tionem
294 4452 468 4504 totius
504 4449 729 4520 synodi,
764 4465 894 4519 qute
945 4450 998 4501 in
1042 4449 1247 4501 vicinia
1285 4448 1557 4501 conﬂuxit
1597 4448 1732 4500 Tul-

56 4540 303 4604 lensium,
331 4545 559 4593 nosmet
602 4543 669 4592 ad
699 4545 946 4592 vestram
985 4538 1391 4608 patet-nitatem
1437 4536 1733 4589 communi

57 4628 265 4681 decreto
295 4629 630 4697 suscepisse.
684 4630 923 4682 Litteras
976 4629 1146 4680 etiam
1202 4642 1264 4678 ex
1315 4624 1584 4694 synodica
1628 4641 1732 4677 vo-

56 4717 255 4770 catione
285 4719 442 4770 vobis
479 4717 853 4786 perferendas
901 4732 1056 4769 more
1089 4714 1464 4768 ecclesiastico
1519 4712 1589 4766 ab
1639 4730 1732 4767 ea-

58 4805 168 4858 dem
193 4807 402 4876 synodo
435 4823 542 4858 nos
580 4805 920 4875 percepisse.
974 4805 1252 4872 Deinceps
1305 4819 1435 4856 vero
1479 4807 1733 4855 nostram

57 4896 370 4962 parvitatem
422 4895 586 4965 gravi
641 4895 840 4947 scitote
892 4899 1186 4962 gravatam
1235 4891 1618 4945 incommodo.
1667 4891 1735 4946 Et

58 4986 305 5051 quoniam
358 4985 615 5054 praefatae
648 4983 852 5052 synodi
901 4981 1176 5035 institutis
1214 4997 1318 5051 pro
1352 4986 1482 5032 voto
1531 4995 1733 5049 parere

57 5088 150 5125 non
180 5091 337 5142 posse
369 5089 524 5126 nunc
556 5077 810 5125 nostram
842 5076 1062 5124 constat
1087 5070 1372 5135 inertiam,
1408 5070 1643 5122 fratrem
1678 5073 1736 5122 et

59 5163 493 5215 consacerdotem
536 5165 820 5224 nostrum,
873 5165 1082 5212 nostra:
1130 5157 1251 5214 sedi
1297 5157 1469 5211 officii
1517 5157 1733 5211 honore

59 5249 336 5318 atliguum.
416 5251 784 5311 Rotbertum,
851 5248 1306 5301 Cenomanorum
1373 5245 1730 5316 episcopum,

61 5344 224 5391 nostra
253 5339 371 5391 vice
403 5355 582 5408 super
622 5338 882 5407 injuncta
934 5335 1098 5389 nobis
1147 5335 1432 5404 legatione
1479 5334 1732 5387 fraterno

62 5440 194 5480 more
227 5427 696 5480 remandavimus
737 5425 952 5495 pariter
983 5429 1040 5477 et
1091 5423 1502 5493 postulavimus
1529 5425 1600 5477 ad
1635 5439 1736 5476 vos

64 5528 314 5583 pergere:
368 5515 467 5585 qui
502 5513 704 5567 omnia
748 5512 913 5566 nobis
956 5518 1150 5565 sancta
1207 5513 1424 5582 synodo
1465 5527 1735 5565 reveren-

67 5603 134 5648 ter
165 5597 421 5669 injuncta
469 5598 759 5668 intrepide
785 5597 945 5667 juxta
993 5597 1269 5652 divinitus
1319 5598 1428 5652 sibi
1472 5598 1737 5651 collatam

1839 4094 1991 4163 apud
2013 4089 2643 4145 memoratam'obtinui
2673 4091 2978 4161 synodum,
3007 4097 3070 4144 ut
3088 4091 3136 4144 si
3167 4091 3448 4162 quolibet,
3476 4097 3541 4145 ut

1841 4198 1899 4234 se
1926 4181 2179 4234 humana
2217 4178 2494 4248 fragilitas
2538 4178 2730 4247 habet,
2767 4179 3061 4248 languore,
3091 4180 3236 4233 sicut
3283 4186 3339 4232 et
3387 4179 3536 4232 acci-

1841 4270 1944 4336 dit,
1978 4269 2286 4337 detinerer,
2313 4268 2579 4321 eumdem
2631 4273 2826 4321 nostra
2864 4269 3002 4335 vice,
3050 4273 3280 4340 accepta
3324 4269 3407 4340 ab,
3439 4285 3538 4322 ea-

1839 4359 1969 4414 dem
2003 4358 2218 4428 synodo
2247 4357 2585 4412 auctoritate
2636 4357 2899 4411 omnium
2947 4363 3002 4412 et
3043 4358 3324 4428 jussione,
3378 4357 3537 4412 vobis

1842 4449 2173 4518 dirigerem.
2213 4448 2500 4516 Rogamus
2526 4463 2684 4517 ergo,
2713 4454 2769 4501 et
2800 4452 2862 4500 ut
2881 4454 3105 4517 patrem
3136 4447 3537 4500 charissimum

1841 4538 2191 4606 fratremque
2221 4535 2733 4589 familiarissimum
2765 4552 2995 4589 monere
3018 4535 3444 4603 praesumimus,
3477 4540 3541 4589 ut

1842 4625 2108 4694 diligenti
2139 4630 2417 4696 cautaque
2469 4624 2872 4680 sollicitudine,
2913 4623 3132 4674 cunctis
3162 4638 3290 4691 quae
3320 4623 3388 4676 ad
3438 4639 3538 4675 vos

1843 4713 2180 4766 deferuntur
2211 4712 2538 4783 perspectis,
2587 4711 2744 4764 vobis
2792 4709 2899 4779 ipsi
2939 4712 3235 4762 consulere
3285 4725 3401 4762 non
3449 4709 3539 4764 de-

1841 4802 2112 4855 trectetis.
2161 4803 2309 4856 Sano
2356 4815 2586 4871 quoque
2617 4803 2675 4853 et
2721 4797 2963 4868 sapienti
2988 4797 3226 4850 consilio
3272 4813 3540 4866 procure-

1842 4890 1935 4955 tis,
1971 4905 2040 4942 ne
2070 4889 2249 4954 vobis,
2275 4893 2332 4942 et
2360 4888 2515 4941 omni
2548 4893 2738 4940 nostro
2769 4885 2978 4951 ordini,
3029 4885 3287 4938 infantiae.
3338 4893 3534 4941 notam

1841 4977 2225 5047 prmtendatis.
2272 4977 2336 5028 Et
2359 4975 2406 5028 si
2437 4975 2573 5045 quid
2605 4975 2663 5026 in
2695 4973 2782 5026 his
2810 4990 2938 5043 quae
2969 4973 3129 5026 vobis
3161 4973 3534 5042 objiciuntur,

1842 5065 2185 5120 conscientia
2215 5069 2356 5116 teste
2384 5062 2855 5132 reprehensibile,
2888 5067 2988 5115 aut
3025 5061 3167 5115 forte
3211 5062 3536 5117 damnabile

1838 5155 2145 5226 judicatur,
2178 5153 2500 5222 praevenire
2549 5153 2730 5206 modis
2777 5153 3066 5218 omnibus,
3099 5158 3155 5206 et
3213 5158 3538 5223 opportune

1843 5245 2137 5311 detergere
2167 5242 2463 5296 studeatis.
2500 5242 2564 5295 Et
2604 5241 2878 5312 quoniam
2925 5243 3114 5296 omnis
3144 5241 3352 5312 gradus
3401 5259 3540 5313 pon-

1840 5330 2063 5386 tiﬁcalis
2093 5329 2332 5399 ordinis,
2372 5329 2547 5384 totius
2588 5346 2762 5400 quam
2791 5331 3178 5400 praemisimus
3209 5331 3428 5401 synodi,
3471 5348 3540 5386 ex

1844 5420 2088 5489 impacta
2134 5417 2293 5470 vobis
2347 5417 2680 5489 hujusmodi
2737 5420 3025 5474 calumnia
3102 5419 3538 5488 scandalizatur,

1845 5508 2211 5578 compatitur,
2271 5507 2547 5574 tristatur,
2602 5514 2659 5562 et
2712 5510 3087 5580 congemiscit
3129 5527 3142 5564 :
3193 5525 3315 5577 vos,
3367 5526 3539 5581 quem

1845 5612 2076 5652 causam
2106 5596 2342 5668 hujusce
2383 5597 2636 5653 lassionis
2661 5614 2784 5653 esse
2833 5600 3237 5670 comperimus,
3268 5603 3325 5652 et
3369 5613 3542 5669 quem
