3846 6244
325 290 424 340 77Ξί

1602 281 1640 333 ιι
1655 280 1780 334 ΕΒΑ
1793 278 1908 332 RD!
1951 277 2203 333 TURON.
2247 277 2557 332 ARCHIEP.

2286 277 2557 332 .RCHIEP.
3727 281 3805 330 776

323 425 672 492 oportuerat,
721 419 1032 472 secundum
1071 417 1430 486 Apostolum,
1479 415 1870 468 testimonium
1909 414 2009 466 ha-
2051 415 2096 468 A
2128 413 2356 482 quirere
2384 411 2700 482 procuratis
2731 411 2938 466 obnixe
2969 411 3313 482 ﬂagitamus,
3365 417 3424 466 et
3455 413 3516 466 in
3545 413 3808 466 cliaritate.

321 512 455 565 bere
491 509 671 564 abhis
699 508 868 562 etiam
909 506 1008 577 qui
1060 506 1197 560 foris
1261 512 1408 564 sunt,
1455 505 1772 568 hortamur,
1825 503 2012 556 tideli-

322 603 521 668 terque
551 597 930 667 suggerimus,
959 601 1020 648 ut
1043 600 1136 646 aut
1171 595 1268 647 uni
1298 594 1562 664 episcopo
1586 609 1688 662 pro
1723 593 2008 656 omnibus,

321 691 419 739 aut
451 685 712 756 pluribus
746 701 844 754 pro
869 683 1106 748 cunctis,
1139 681 1460 736 satisfacere
1485 697 1588 750 pro
1621 686 1877 749 tempore
1903 695 2014 732 non

319 773 638 845 gravemini
695 772 897 826 vestris
957 771 1213 840 apicibus
1269 770 1440 823 sacris
1496 787 1508 823 :
1557 769 1845 838 simulque
1900 784 2014 837 quo

319 861 540 932 regiam
582 860 976 930 dignationem
1005 857 1163 911 vobis
1195 856 1622 926 acceptabilem,
1667 855 1812 908 sicut
1859 857 2014 906 vobis

319 954 374 1003 et
393 949 550 1002 omni
581 954 767 1002 vestro
799 947 1026 1016 expedit
1073 947 1255 1016 gregi,
1304 945 1725 1010 satisfaciendo,
1781 944 2012 996 humili-

319 1043 521 1109 terque
553 1037 728 1108 ipsius
759 1035 1065 1090 hilaritatis
1092 1034 1455 1088 clementiam
1509 1031 1873 1102 impetrando
1924 1047 2014 1084 ac-

2125 502 2346 554 sincera
2379 502 2781 571 conipatiendo
2809 517 3128 572 precamur.
3181 503 3378 556 Valere
3421 507 3674 556 vestram
3723 518 3812 570 pa-

2122 590 2450 642 ternitatem
2485 590 2624 643 votis
2651 590 2915 644 omnibus
2947 591 3323 660 postulamus,
3359 595 3416 644 et
3462 597 3524 644 ut
3571 596 3814 644 nostram

2124 679 2460 748 petitionem
2494 679 2797 732 efﬁcaciter
2841 679 3160 750 suscipiatis
3199 695 3461 746 oramus;
3505 683 3690 749 utque
3725 695 3814 731 no-

2124 773 2298 821 stram
2339 767 2782 822 unanimitatem
2835 783 2902 820 ex
2947 767 3119 820 vestri
3153 784 3323 820 causa
3379 767 3448 820 ad
3496 768 3814 838 aliquantu-

2123 855 2236 908 lam
2295 855 2436 926 quin
2497 856 2688 926 potius
2749 855 2817 909 ad
2886 855 3194 926 integram,
3253 855 3574 925 perducere
3649 859 3812 907 certe-

2123 944 2194 998 tis
2227 945 2506 1012 laetitiam,
2560 945 2804 1015 supplici
2849 944 3234 1014 postulatione
3289 960 3622 1008 monemus,
3673 949 3818 1012 pater

2127 1032 2471 1087 beatissime.

1152 1357 1188 1396 ³
1245 1299 2254 1470 ANNUNTIATIO
2347 1359 2992 1468 HERARDI

1618 1566 2088 1610 ARCHIEPISCOPI
2136 1566 2528 1610 TURONENSIS

1021 1690 1199 1768 [tegis
1231 1687 1473 1760 (Caroli
1503 1686 1701 1764 Calvi)
1731 1706 1802 1746 ac
1830 1686 2051 1765 synodi
2071 1685 2534 1760 (Suessioncnszs
2565 1687 2681 1762 In),
2700 1686 2884 1764 jussu
2911 1685 3104 1764 facta,

403 1825 495 1885 Nc
528 1825 760 1884 mirum
792 1824 875 1883 sit
904 1823 1074 1899 quod
1110 1841 1304 1882 causa.
1328 1824 1464 1898 jam
1498 1827 1641 1880 ante
1673 1820 1934 1880 definita
1979 1821 2206 1880 iterum
2239 1820 2300 1880 in
2335 1821 2451 1880 hac
2484 1821 2730 1900 synodo
2763 1825 3142 1881 retractetur
3175 1840 3187 1880 :
3225 1827 3284 1880 et
3317 1841 3432 1883 cur
3460 1822 3752 1898 reginam

800 1921 1062 1963 uxorem
1095 1920 1278 1962 suam
1311 1921 1416 1960 rex
1451 1909 1578 1960 tam
1611 1920 1752 1960 sero
1785 1920 1951 1960 nunc
1985 1901 2242 1960 tandem
2274 1901 2353 1960 ab
2385 1901 2705 1978 episcopis
2735 1901 3026 1961 benedici
3055 1903 3358 1980 postulet.

390 2153 708 2206 Auctoritas
741 2167 916 2218 sacra,
966 2157 1020 2202 et
1075 2151 1306 2219 specula
1347 2149 1670 2213 ministerii,
1722 2150 1874 2202 unde
1921 2165 2012 2201 νο·
2049 2149 2088 2202 C
2119 2165 2281 2218 super
2313 2155 2514 2204 terram
2539 2150 2605 2204 de
2653 2153 2800 2204 omni
2839 2167 2916 2218 re,
2947 2154 3038 2220 ﬁet
3093 2152 3201 2205 illis
3255 2153 3476 2220 (Matth.
3528 2154 3720 2214 xvnll.
3769 2153 3820 2204 Et

319 2241 404 2294 bis
424 2246 664 2294 vestram
699 2241 940 2292 salutem
975 2239 1259 2292 muntiare
1303 2239 1601 2304 debemus,
1637 2239 1856 2300 fratres,
1911 2255 2015 2290 nos

318 2333 706 2390 commonent,
745 2333 802 2380 ut
829 2343 1057 2396 semper
1104 2327 1283 2379 simus
1331 2328 1516 2395 parati
1566 2327 1633 2379 ad
1677 2327 2012 2380 satisfactio-

318 2437 448 2474 nem
495 2420 654 2472 omni
701 2418 956 2489 poscenti
995 2435 1101 2470 nos
1151 2417 1433 2470 rationem
1466 2417 1534 2469 de
1565 2433 1629 2469 ea
1661 2433 1789 2487 qua}
1823 2419 1879 2470 in
1913 2433 2013 2470 no-

317 2509 405 2563 bis
449 2513 530 2562 est
562 2524 659 2577 spe
693 2511 749 2560 et
779 2508 958 2570 tide(l
995 2509 1138 2559 Petr.
1167 2509 1274 2572 ιιι),
1331 2511 1393 2559 ut
1433 2506 1530 2558 illa
1573 2523 1702 2574 quas
1763 2507 2011 2576 agimus,

319 2613 433 2668 qua
491 2595 810 2649 intentione
865 2611 926 2647 ac
955 2595 1066 2647 tide
1106 2611 1364 2664 agamus,
1399 2599 1455 2646 ct
1499 2611 1614 2662 qua
1665 2611 1761 2663 spe
1795 2595 2014 2647 nobisa

321 2687 431 2739 Deo
461 2684 814 2737 remunerari
855 2684 1154 2736 credamus
1198 2699 1265 2735 ea
1319 2699 1446 2751 quas
1493 2689 1642 2735 recta
1695 2681 2012 2736 intentione

319 2773 559 2844 agimUs,
589 2771 907 2825 ministerio
935 2778 1128 2824 nostro
1181 2770 1520 2836 commissis,
1569 2772 1687 2824 sive
1737 2771 2010 2840 simplici-

317 2866 424 2928 ter,
461 2862 574 2914 sive
597 2877 711 2914 non
749 2859 1086 2928 simpliciter
1116 2858 1524 2928 quaarentibus,
1556 2858 1644 2910 vel
1697 2873 1812 2910 non
1851 2875 2009 2928 quae-

318 2949 575 3003 rentibus
625 2948 983 3011 intimemus,
1043 2963 1114 3000 ne
1176 2953 1276 3000 aut
1321 2947 1608 3016 simplices
1683 2945 2010 3015 suspicione

319 3038 548 3091 sinistra
577 3037 638 3090 in
664 3037 884 3090 actibus
929 3035 1138 3089 nostris
1167 3036 1482 3100 oti‘endant,
1534 3039 1632 3088 aut
1669 3035 1884 3104 impuri
1933 3036 2011 3088 lo-

319 3143 448 3180 cum
508 3125 847 3179 detrahendi
903 3141 1006 3178 nos
1059 3125 1416 3176 invenientes
1465 3123 1823 3193 delinquant.
1893 3125 2010 3178 Hoc

318 3217 470 3268 enim
519 3215 942 3285 speculatorum
985 3213 1239 3266 ofﬁcium
1280 3218 1386 3276 est,
1449 3228 1562 3282 quo
1623 3213 1852 3266 nomine
1906 3229 2008 3265 nos

317 3303 568 3374 episc0pi
599 3318 714 3356 non
765 3301 970 3354 merito
1019 3300 1112 3354 sed
1164 3299 1346 3370 gratia
1395 3299 1764 3354 nominamur
1819 3317 1850 3354 a
1896 3302 2008 3354 Do-

317 3393 498 3457 mino,
557 3397 621 3446 ut
681 3391 1044 3444 imminentia
1102 3389 1522 3459 prospicientes
1575 3389 1850 3457 pericula,
1921 3389 2008 3442 his

318 3497 567 3552 quorum
647 3481 891 3533 salutem
950 3494 1250 3547 suscepere
1307 3478 1577 3532 tuendam
1641 3477 2004 3531 annuntient.

318 3571 697 3639 Quapropter,
777 3568 1000 3632 fratres,
1072 3566 1458 3637 quorumdam
1539 3565 2007 3636 cogitationibus,

316 3657 700 3727 quorumdam
725 3671 861 3709 vero
895 3655 1083 3708 verbis
1113 3655 1438 3708 satisfacere
1471 3656 1686 3708 bonum
1718 3655 2007 3722 duximus,

315 3745 416 3815 qui
445 3745 695 3814 cogitant
733 3745 900 3810 forte,
937 3760 1000 3797 ac
1029 3743 1248 3808 dicunt,
1287 3744 1562 3813 quoniam
1612 3748 1778 3796 antea
1813 3744 1870 3796 in
1905 3743 2010 3795 hoc

315 3833 518 3887 eodem
549 3835 669 3886 loco
693 3838 824 3886 ante
874 3833 1097 3902 aliquot
1137 3848 1318 3884 annos
1363 3831 1596 3901 quidam
1633 3837 1912 3894 nostrum,
1955 3837 2010 3884 et

311 3922 694 3993 quorumdam
721 3925 1048 3974 nostrorum
1091 3920 1436 3985 deccssores,
1495 3919 1776 3988 synodum
1823 3919 2007 3972 tenui-

315 4025 463 4076 mus,
497 4015 554 4063 et
591 4009 852 4063 eamdem
905 4024 1154 4074 causam,
1201 4024 1374 4078 quam
1433 4014 1566 4062 tunc
1610 4007 2007 4072 dit‘tinivimus,

311 4114 466 4151 nunc
517 4113 768 4166 quoque,
809 4097 972 4167 quasi
1001 4113 1118 4149 non
1161 4097 1334 4149 fuerit
1375 4096 1518 4149 bene
1561 4096 1826 4156 diftinita,
1877 4111 2010 4148 cum

314 4186 486 4240 etiam
517 4191 572 4238 et
595 4201 628 4237 a
651 4183 794 4238 Sede
827 4183 1134 4254 apostolica
1155 4185 1226 4238 sit
1270 4184 1596 4252 terminata,
1641 4185 2006 4250 mutavimus,

313 4279 371 4328 et
399 4277 473 4328 ob
507 4273 564 4327 id
609 4278 798 4326 nostra
849 4273 1137 4326 sententia
1177 4273 1304 4326 vilis
1350 4273 1529 4343 possit
1576 4272 1793 4336 haberi,
1843 4273 2008 4342 quasi

312 4364 384 4418 ab
431 4360 808 4416 mobilitatem
843 4360 1113 4414 humanae
1166 4360 1365 4430 gratia:
1409 4365 1630 4413 nostras
1693 4361 2007 4414 sententias

311 4453 708 4518 immutemus,
739 4450 844 4512 vel,
883 4453 944 4502 ut
961 4449 1216 4502 dicamus
1255 4449 1534 4518 apertius,
1568 4450 2002 4504 venumdemus.

313 4543 438 4596 Non
469 4541 548 4594 ita
581 4543 683 4604 est,
727 4538 952 4604 fratres,
1001 4536 1278 4608 quoniam
1309 4537 1368 4589 in
1401 4537 1710 4606 episcopali
1743 4537 2006 4590 ministe—

313 4632 398 4683 rio
429 4645 545 4684 non
570 4633 654 4681 est
685 4629 776 4681 Est
809 4633 865 4680 et
895 4627 1044 4693 Non,
1095 4625 1192 4678 sed
1239 4639 1466 4694 semper
1505 4626 1616 4692 Est,
1673 4624 1730 4678 id
1771 4631 1854 4678 est
1891 4631 2004 4678 sta—

2123 2239 2258 2307 quia
2313 2240 2458 2291 Deus
2507 2255 2658 2308 saepe
2705 2255 2865 2292 suam
2925 2245 3104 2293 mutet
3149 2241 3515 2304 sententiam,
3565 2257 3820 2294 necessa-

2125 2327 2273 2379 rium
2309 2327 2552 2380 vidimus
2586 2333 2647 2381 ut
2673 2327 2742 2380 de
2777 2328 2972 2381 multis
3025 2343 3204 2382 unum
3263 2329 3664 2382 testimonium
3719 2345 3820 2382 nu—

2121 2414 2209 2468 bis
2235 2415 2503 2468 omnibns
2537 2416 3004 2486 amplectendum
3051 2417 3328 2482 dicamus,
3365 2417 3444 2470 ait
3491 2416 3818 2470 Dominus:

2121 2505 2182 2558 Si
2209 2505 2400 2558 dimero
2437 2507 2606 2573 impio
2641 2521 2652 2558 :
2689 2507 2858 2559 Morte
2906 2508 3172 2572 morieris,
3215 2510 3266 2558 et
3311 2505 3403 2558 ille
3449 2508 3662 2574 impius
3711 2521 3820 2558 con-

2117 2608 2304 2645 versus
2324 2595 2494 2658 fuerit
2531 2609 2566 2646 α
2608 2596 2702 2646 via
2729 2608 2828 2646 sua
2875 2610 3073 2663 prava,
3123 2600 3174 2647 et
3215 2596 3404 2655 fecerit
3447 2595 3730 2661 judicium
3775 2599 3818 2645 rt

2107 2679 2410 2749 justitiam,
2441 2685 2556 2735 vita
2583 2685 2724 2736 vivet
2754 2687 2930 2736 etnon
2957 2685 3255 2750 morietur;
3287 2697 3466 2736 omnes
3497 2685 3816 2750 iniquitates

2117 2768 2233 2838 ejus
2264 2785 2400 2838 quas
2450 2772 2580 2837 fecit
2635 2773 2694 2824 in
2725 2771 2989 2824 oblivione
3037 2776 3195 2825 erunt
3239 2785 3420 2825 coram
3467 2787 3550 2824 me
3599 2771 3814 2826 {Est-urit.

2117 2865 2291 2916 xan)
2325 2859 2466 2914 Nam
2499 2865 2556 2912 et
2607 2867 2738 2928 post
2789 2859 2928 2929 legis
2967 2859 3240 2914 duritiam
3287 2875 3461 2930 quam
3507 2861 3674 2914 dedit
3725 2875 3818 2928 per

2116 2949 2348 3014 angelos
2375 2947 2434 3000 in
2463 2963 2636 3000 manu
2673 2949 2866 3017 Moysi,
2921 2947 3079 3000 dedit
3123 2949 3410 3016 Evangelii
3439 2949 3692 3016 gratiam
3723 2963 3816 3016 per

2117 3037 2400 3104 apostolos
2440 3041 2496 3089 et
2543 3052 2744 3089 eorum
2794 3051 3142 3089 successores
3185 3037 3450 3090 omnibus
3498 3036 3815 3104 praedican-

2115 3123 2434 3186 dam.Quia
2483 3128 2542 3176 ut
2573 3129 2800 3178 sanctus
2831 3126 2961 3188 Leo,
3007 3125 3334 3193 apostolicm
3383 3125 3532 3178 sedis
3575 3141 3812 3195 magnus

2117 3217 2370 3276 ornatus,
2423 3211 2560 3264 dicit
2605 3212 2815 3280 (Epist.
2868 3212 2941 3264 ad
2997 3213 3281 3266 Rusticum
3333 3212 3752 3267 Narbonensem}
3795 3229 3806 3264 :

2118 3317 2145 3348 ii
2191 3299 2347 3351 Sicut
2401 3305 2536 3352 sunt
2578 3299 2840 3370 quaedam
2899 3315 3028 3370 quia
3078 3301 3236 3354 nulla
3293 3307 3530 3370 possunt
3589 3302 3808 3354 ratione

2117 3387 2389 3452 converti,
2423 3387 2503 3440 ita
2530 3389 2708 3440 multa
2737 3394 2892 3454 sunt,
2925 3405 3049 3458 quae
3075 3393 3172 3442 aut
3217 3405 3321 3458 pro
3355 3389 3810 3442 consideratione

2119 3481 2373 3542 rotatum,
2407 3481 2504 3530 aut
2533 3493 2636 3546 pro
2670 3477 3004 3530 necessitate
3038 3493 3230 3530 rerum
3263 3481 3542 3548 "oporteat
3593 3485 3808 3546 tempe-

2117 3565 2230 3618 rari
2257 3575 2273 3618 ξ
2301 3565 2380 3617 sic
2410 3571 2622 3631 tamen,
2649 3569 2708 3618 ut
2737 3565 2892 3636 quod
2912 3566 3271 3636 sequendum
3291 3567 3460 3620 fuerit
3489 3567 3810 3632 inventum,

2119 3671 2222 3708 nec
2247 3656 2545 3726 praeceptis
2576 3657 2914 3726 evangelicis
2973 3657 3344 3722 contrarium,
3403 3673 3508 3710 nec
3575 3658 3816 3712 decretis

2119 3748 2448 3796 sanctorum
2498 3743 2824 3796 inveniatur
2853 3745 3175 3798 adversum.
3203 3764 3230 3795 ν
3277 3745 3436 3808 Quod
3481 3752 3538 3798 et
3599 3747 3662 3798 in
3723 3747 3818 3798 hac

2117 3847 2288 3885 causa
2319 3847 2516 3885 sumus
2544 3832 2743 3898 secuti,
2799 3833 2946 3886 sicut
2995 3833 3052 3886 in
3109 3833 3320 3886 sanctis
3377 3835 3818 3887 auctoritatibus

2117 3919 2462 3987 invenimus,
2497 3921 2596 3990 qui
2643 3921 2701 3973 in
2735 3921 2954 3990 psalmo
2995 3921 3252 3974 canimus
3293 3937 3304 3974 :
3341 3923 3732 3976 Misericordia
3775 3927 3818 3974 et

2115 4011 2317 4062 veritas
2348 4009 2703 4062 obviaverunt
2743 4009 2870 4066 sibi,
2904 4011 3132 4077 justitia
3168 4015 3218 4064 et
3251 4025 3366 4080 pas:
3397 4011 3660 4065 osculata?
3697 4017 3818 4065 sunt

2118 4096 2284 4166 (Psal.
2315 4099 2555 4166 Lxxmv),
2588 4103 2888 4168 etsemper
2913 4114 3086 4168 super
3105 4099 3618 4167 exaltetjudicium
3669 4101 3820 4152 mise-

2117 4186 2386 4250 ricordia,
2447 4187 2670 4240 dicente
2745 4188 3014 4256 Apostolo
3077 4203 3090 4240 :
3149 4186 3346 4240 Adhuc
3395 4189 3818 4242 excellentior-cm

2115 4275 2264 4326 viam
2298 4274 2445 4328 vobis
2493 4274 2866 4329 demonstrabo
2910 4275 2958 4345 (I
3001 4275 3120 4330 Cor.
3177 4275 3296 4342 xu),
3343 4275 3398 4328 id
3439 4281 3525 4328 est
3571 4277 3818 4330 charita-

2115 4367 2254 4428 tem,
2317 4378 2443 4432 qua:
2491 4363 2759 4417 omnibus
2813 4363 3102 4418 desiderat
3147 4363 3430 4428 misereri,
3484 4371 3542 4418 et
3601 4367 3820 4418 cunctis

2117 4453 2236 4503 vult
2265 4451 2322 4503 in
2355 4467 2660 4505 commune
2701 4453 2999 4521 proiicere.
3049 4452 3302 4506 Perfecta
3351 4453 3508 4506 enim
3555 4461 3698 4508 sunt
3759 4470 3820 4506 ea

2115 4555 2244 4609 quae
2275 4539 2343 4592 ad
2374 4540 2790 4594 correctionem
2821 4541 3124 4594 hominum
3155 4545 3210 4594 et
3253 4540 3324 4592 ad
3355 4557 3664 4595 censuram
3727 4543 3818 4595 de-

2112 4627 2247 4680 bitas
2295 4628 2609 4681 severitatis
2661 4628 2970 4698 episcopali
3027 4629 3310 4682 sententia
3381 4629 3813 4698 proferuntur:

314 4720 504 4773 bilitas
529 4717 586 4772 in
619 4717 718 4771 illo
739 4721 822 4771 est
857 4732 870 4770 :
901 4716 1037 4786 quia
1063 4715 1122 4768 in
1151 4715 1372 4768 Christo
1419 4714 1524 4766 hoc
1571 4729 1794 4766 sacrum
1829 4713 2001 4767 mini-
2047 4732 2088 4785 υ
2115 4717 2210 4770 sed
2237 4717 2640 4770 excellentiora
2683 4722 2816 4770 sunt
2845 4717 3056 4786 quibus
3087 4715 3408 4770 dilectionis
3453 4717 3812 4788 benignitate

311 4808 554 4862 sterium
581 4807 894 4860 radicatam
929 4809 1034 4872 est,
1066 4805 1166 4874 qui
1213 4819 1507 4873 nunquam
1551 4801 1876 4868 consilium,
1911 4803 2008 4855 sed

312 4912 465 4968 saepe
501 4901 684 4949 mutat
721 4893 1088 4961 sententiam,
1135 4897 1252 4946 tam
1296 4907 1400 4961 per
1442 4891 1716 4961 seipsnm,
1755 4906 1930 4960 quam
1957 4895 2012 4944 et

313 5003 415 5058 per
439 5001 572 5038 suos
600 4983 815 5048 ﬁdeles,
857 4983 927 5036 de
967 4997 1215 5052 quorum
1261 4996 1501 5034 numero
1549 4997 1649 5032 sua
1706 4979 2012 5034 clementia

314 5091 420 5128 nos
470 5077 894 5144 computamur,
941 5069 1149 5140 quibus
1199 5069 1447 5122 veridica
1495 5083 1630 5121 voce
1675 5067 1934 5137 promisit
1991 5083 2004 5121 :

317 5164 420 5216 Ubi
465 5166 592 5214 sunt
629 5161 734 5214 duo
781 5161 870 5214 vel
907 5163 1012 5212 tres
1057 5160 1370 5225 congregati
1415 5159 1474 5209 in
1511 5159 1724 5210 nomine
1773 5172 1886 5210 meo
1931 5157 2010 5209 ibi

315 5265 434 5302 sum
463 5253 522 5302 in
549 5249 722 5302 medio
747 5263 956 5313 eorum;
989 5253 1045 5301 et
1073 5263 1086 5300 :
1125 5249 1185 5302 Si
1225 5245 1332 5299 duo
1362 5261 1430 5300 ea:
1467 5246 1616 5299 vobis
1647 5247 2008 5298 consenserint

327 5399 338 5404 ‘
387 5403 408 5432 ε
436 5389 800 5442 Annuntiatio
843 5387 1094 5442 Herardi.
1141 5387 1302 5441 Prior
1331 5403 1462 5456 pars
1505 5385 1676 5456 hujus
1728 5385 2005 5440 orationis

317 5459 387 5513 ad
419 5456 664 5511 Wulfadi
696 5460 1094 5528 sociorumque
1133 5473 1360 5511 causam
1397 5463 1628 5526 spectat,
1675 5459 1836 5528 cujus
1875 5473 2004 5526 gra-

319 5529 398 5583 tia
429 5529 676 5597 synodus
709 5530 893 5581 fuerat
920 5527 1284 5597 congregata,
1315 5529 1598 5597 posterior
1628 5527 1695 5580 ad
1737 5527 2004 5580 Hermin-

2118 4803 2478 4858 subditorum
2508 4805 2696 4864 saluti.
2731 4811 2789 4858 et
2827 4805 3120 4858 communi
3167 4805 3546 4859 Ecclesiarum
3581 4809 3816 4862 utilitati

2117 4909 2181 4946 ac
2223 4892 2507 4946 consultui
2539 4893 2926 4964 providemus.
2979 4893 3134 4947 Unde
3169 4895 3535 4948 manentibus
3591 4899 3818 4950 statutis

2117 4981 2423 5050 prioribus,
2496 4997 2624 5050 qua:
2683 4981 2998 5034 secundum
3049 4983 3450 5036 auctoritatem
3510 4987 3818 5038 constituta

2115 5074 2252 5121 sunt
2293 5085 2395 5138 per
2443 5069 2680 5138 justitiaa
2707 5069 3090 5134 severitatem,
3141 5069 3364 5124 licitum
3395 5075 3479 5124 est
3519 5073 3690 5125 nobis
3723 5087 3818 5141 per

2114 5156 2340 5210 easdem
2363 5157 2857 5226 supereminentes
2877 5159 3263 5224 auctoritates,
3299 5175 3430 5228 qua:
3469 5160 3818 5230 impendunt

2113 5245 2589 5311 misericordiam,
2641 5247 2949 5300 immutare
3002 5245 3262 5300 duriores
3315 5249 3634 5302 sententias
3689 5265 3815 5302 cor-

2111 5387 2296 5511 }rudié
2329 5387 2988 5458 reginzecoronationem
3018 5389 3075 5442 in
3097 5389 3298 5442 eadem
3333 5392 3554 5460 synodo
3587 5393 3810 5446 factam.

2144 5474 2223 5511 ac.
2262 5497 2276 5510 .
2302 5473 2414 5510 nm.

2144 5474 2223 5511 ac.
2262 5473 2414 5511 bIRI.
