3846 6244
316 319 421 374 779

1507 317 1731 373 lSONlS
1769 315 2292 373 SANGALLENSIS
2330 313 2634 371 MONACHI
3720 320 3804 372 780

1665 594 1831 637 ANNO
1880 592 2106 637 DOMINI
2155 593 2426 637 DCCLXXI
2439 624 2450 637 .

809 767 1055 908 1S0
1175 767 2318 910 SANGALLENSIS
2411 767 3311 911 MONACHUS.

1329 1109 1921 1215 NOTITIA
1998 1108 2794 1214 HISTORICA.

1176 1301 1342 1365 (Apud
1383 1303 1697 1358 Fabricium,
1736 1303 2057 1352 Bibliotheca
2091 1302 2278 1351 media:
2313 1307 2364 1351 et
2397 1301 2593 1350 inﬁmae
2628 1300 2968 1363 Latinitatis.)

396 1565 481 1617 lso
513 1564 798 1632 magister,
855 1563 1170 1616 monachus
1201 1561 1257 1615 S.
1309 1562 1473 1627 Galli,
1508 1567 1562 1614 et
1601 1562 1797 1615 doctor
1827 1561 2016 1615 nomi-
2053 1567 2098 1616 Α
2131 1560 2440 1621 Benedicti.
2511 1565 2671 1629 parte
2723 1575 2782 1624 ιι,
2827 1575 2959 1632 pag.
3021 1562 3167 1632 1622.7
3201 1561 3463 1614 Formulz
3510 1559 3809 1612 chartarum

324 1635 674 1699 natissimus,
707 1634 1005 1688 defunctus
1039 1650 1132 1686 an.
1185 1636 1308 1688 871.
1343 1632 1527 1700 pridie
1581 1632 1654 1686 ld.
1695 1633 1840 1698 Maii,
1877 1638 2017 1686 teste

324 1707 648 1759 Hermanno
719 1704 1017 1758 Contracto
1075 1705 1134 1756 in
1174 1707 1411 1768 Chron.,
1454 1708 1511 1755 et
1573 1703 1907 1772 Hepidanno
1956 1705 2015 1756 in

322 1777 636 1829 Annalibus
671 1777 819 1844 apud
855 1777 1186 1828 Goldastum
1222 1783 1358 1826 tom.
1399 1776 1416 1827 1
1453 1775 1662 1827 Rerum
1689 1776 2017 1827 Alernanui-

323 1863 541 1911 carum,
606 1847 664 1898 in
715 1863 830 1916 quo
872 1847 1163 1899 volumine
1214 1845 1430 1916 obvius,
1461 1845 1631 1898 etiam
1698 1846 2016 1916 Radbertus

325 1920 674 1981 monachus;
722 1915 779 1968 in
811 1918 973 1985 cujus
1005 1917 1149 1968 libro
1181 1917 1248 1969 de
1281 1915 1514 1984 Origine
1545 1925 1600 1969 et
1631 1915 1868 1970 Casibus
1899 1933 2017 1969 mo-

327 1988 562 2040 nasterii
611 1987 663 2040 S.
715 1987 884 2052 Galli,
933 1990 1107 2040 multa
1146 1988 1201 2038 in
1257 1987 1483 2039 laudem
1517 1988 1693 2039 lsonis
1745 1989 2017 2055 leguntur

323 2073 454 2126 pag.
490 2061 574 2121 12,
616 2064 788 2127 atque
820 2059 1104 2125 imprimis
1138 2073 1264 2126 pag.
1299 2061 1387 2123 2'2,
1421 2074 1539 2127 seq.
1576 2066 1632 2110 et
1659 2063 1746 2118 77,
1773 2058 1872 2110 ubi
1901 2059 2016 2109 lau-

326 2132 537 2180 dantur
576 2143 643 2180 ex
676 2129 798 2196 ejus
844 2129 1158 2197 discipulis,
1192 2129 1508 2188 Marcellus.
1564 2129 1844 2181 Notkerus
1888 2129 2014 2181 Bal-

320 2199 503 2264 bulus,
539 2199 816 2252 Notkerus
867 2205 1138 2268 magister
1169 2201 1307 2250 artis
1354 2199 1649 2264 tlieoricue,
1683 2200 2010 2263 Hatbertus,

318 2269 523 2332 Tutilo,
581 2270 986 2333 Hartmannus,
1021 2275 1125 2321 etc.
1162 2269 1422 2337 Ejusdem
1454 2270 1633 2323 [sonis
1667 2271 1792 2322 libri
1817 2271 1928 2322 duo
1951 2271 2016 2322 de

318 2341 601 2394 Miraculis
646 2343 705 2394 S.
777 2341 1026 2394 Otiimari
1075 2339 1291 2392 abbatis
1355 2340 1409 2392 S.
1477 2341 1620 2394 Galli
1669 2346 1889 2394 exstant
1953 2341 2014 2393 in

319 2413 517 2464 eodem
571 2417 730 2463 tomo
781 2411 970 2480 primo
1027 2411 1238 2481 Rerum
1290 2410 1812 2476 Alcmannicarum,
1879 2427 2010 2481 pag.

324 2484 597 2546 180-189,
657 2486 711 2534 et
761 2481 914 2550 apud
971 2480 1365 2535 Mabillouium
1436 2482 1573 2535 Saec.
1643 2498 1697 2534 ul
1763 2480 1894 2536 ord.
1956 2481 2010 2535 S.

391 2657 472 2724 (α)
503 2655 998 2725 Supervacaneum
1023 2658 1167 2710 foret
1194 2657 1320 2710 illas
1343 2657 1524 2710 Isonis
1550 2658 1604 2710 in
1638 2657 2011 2711 Prudentium

320 2727 536 2798 Glossas
580 2727 871 2792 recndere,
923 2733 1049 2797 post
1107 2735 1356 2781 nostram
1411 2729 1800 2782 doctissimam
1853 2730 2016 2798 juxta

317 2797 543 2851 Arevali
596 2798 905 2852 editionem
950 2799 1243 2853 Prudentii
1276 2807 1624 2869 poematum.
1679 2802 1734 2854 ln
1774 2801 1820 2852 is
1848 2797 2013 2853 scho-

2128 1634 2186 1684 iu
2217 1633 2474 1684 centuria
2522 1633 2670 1700 apud
2722 1631 2989 1684 eumdem
3034 1631 3388 1691 Goldastum,
3439 1641 3578 1683 tom.
3618 1632 3662 1684 11
3697 1634 3808 1684 Ale-

2127 1703 2403 1764 mannic.,
2453 1718 2582 1770 pag.
2627 1704 2714 1768 28,
2768 1705 2854 1765 30,
2907 1704 2992 1765 33,
3038 1703 3125 1764 36,
3162 1703 3250 1766 48,
3299 1709 3352 1754 et
3385 1703 3471 1766 5i,
3526 1717 3671 1771 seq.,
3707 1703 3809 1753 Gri-

2128 1774 2320 1825 maldo
2357 1772 2579 1834 abbate,
2615 1777 2872 1842 adeoque
2901 1782 3030 1824 ante
3059 1789 3151 1824 an.
3183 1775 3307 1836 87'2,
3338 1789 3452 1824 non
3479 1789 3573 1824 an.
3604 1774 3726 1834 9l3,
3756 1780 3806 1822 ut

2125 1845 2428 1897 Goldastns
2455 1859 2586 1912 pag.
2624 1845 2673 1896 5.
2710 1845 2782 1912 (a)
2816 1844 3042 1896 Glossar
3094 1845 3152 1895 in
3185 1844 3542 1896 Prudentium
3573 1850 3805 1912 poetam,

2125 1931 2188 1968 ex
2243 1914 2458 1983 duplici
2502 1914 2694 1966 codice
2735 1915 2921 1968 Garuli
2973 1914 3299 1966 Widmanni
3341 1920 3396 1966 et
3451 1913 3644 1966 Jacobi
3680 1916 3806 1966 Bou-

2123 1985 2297 2054 garsii
2366 1986 2618 2053 vulgavit
2677 1985 2745 2036 ad
2798 1986 3009 2037 calcem
3072 1985 3373 2037 Prudentii
3421 1985 3508 2037 sui
3575 1987 3808 2037 Joannes

2127 2056 2411 2122 Weitzius,
2482 2071 2610 2124 pag.
2655 2056 2908 2120 Tit-90’s,
2961 2056 3177 2108 Hanov.
3232 2057 3387 2118 1613,
3440 2055 3496 2107 in
3542 2054 3622 2108 8°.
3659 2057 3802 2108 Lari-

2124 2142 2217 2179 con
2265 2128 2521 2179 Latinum
2575 2142 2638 2177 ex
2690 2129 2959 2178 omnibus
3025 2132 3280 2178 veterum
3345 2127 3640 2193 glossariis
3699 2131 3804 2177 col-

2126 2199 2331 2250 lectum
2364 2197 2470 2250 sul)
2501 2198 2732 2250 nomine
2764 2197 3086 2250 Salomonis
3117 2197 3386 2266 episcopi,
3430 2197 3584 2266 quod
3618 2197 3676 2248 in
3707 2213 3808 2248 mo-

2122 2269 2371 2320 nasterio
2430 2267 2483 2320 S.
2521 2269 2663 2322 Galli
2728 2274 2783 2320 ct
2829 2267 3174 2322 Constantia:
3243 2268 3299 2319 in
3335 2268 3449 2321 bib.
3505 2267 3805 2321 cathedrali

2125 2339 2402 2391 asservari
2433 2338 2749 2405 Goldastus,
2795 2355 2926 2408 pag.
2962 2339 3080 2402 144,
3118 2344 3382 2405 testatur,
3431 2353 3604 2390 nemo
3638 2340 3807 2391 adhuc

2124 2410 2181 2461 in
2209 2411 2391 2462 lucem
2441 2411 2700 2478 protulit.
2741 2410 2941 2462 Fertur
2970 2416 3025 2462 et
3055 2410 3309 2461 carmina
3356 2411 3624 2479 quasdam
3657 2426 3808 2462 com-

2122 2480 2400 2550 posuisse,
2434 2480 2605 2533 etiam
2639 2481 2761 2549 ipsa
2792 2480 3032 2534 necdum
3063 2480 3290 2549 publice
3322 2482 3460 2532 visa.

2123 2659 2217 2712 liis
2257 2659 2333 2712 nil
2362 2659 2514 2712 aliud
2583 2658 2856 2728 reperiret
2930 2660 3126 2722 lector,
3198 2657 3306 2710 nisi
3371 2658 3526 2728 quod
3593 2656 3799 2712 Arei-ali

2123 2730 2550 2783 commentariis
2601 2731 2784 2783 fusius
2843 2729 3123 2783 abundat.
3192 2730 3476 2784 Caeterum
3545 2729 3615 2782 ad
3681 2729 3800 2798 quid

2125 2801 2468 2871 proﬁcerent
2523 2803 2736 2855 Glossaa
2797 2801 2916 2854 sine
2971 2807 3127 2854 textu
3175 2801 3610 2853 commentata?
3672 2799 3797 2852 Eon.

1837 3073 2309 3156 ISONIS

878 3233 1065 3334 DE
1148 3230 1924 3335 MIBAGULIS
2014 3230 2512 3334 SANCTI
2592 3231 3258 3336 OTHMARI

1740 3411 2043 3491 LIBRI
2127 3411 2382 3490 DUO.

1089 3643 1263 3707 (Apud
1289 3643 1675 3700 Mabillonium.
1703 3645 1832 3694 Acta
1861 3643 2176 3694 Sanctorum
2201 3645 2405 3696 ordinis
2434 3645 2487 3696 S.
2519 3647 2730 3704 Bened.,
2766 3651 2894 3696 tom.
2925 3647 3035 3708 111.)

1459 3865 2030 3938 PR/EFATIO
2110 3866 2677 3940 AUGTORIS.

385 4052 690 4123 llucusque
754 4052 992 4104 virtutes
1059 4057 1114 4106 et
1178 4052 1451 4106 miracula
1517 4052 1589 4106 ob
1649 4055 2008 4108 sanctitatem
2049 4061 2089 4113 Β
2117 4055 2442 4125 gnovimus,
2474 4055 2667 4126 aliqua
2697 4071 2762 4108 ex
2794 4054 2884 4109 his
2915 4055 2986 4109 ad
3009 4054 3238 4109 laudem
3268 4061 3327 4109 et
3355 4056 3600 4126 gloriam
3633 4054 3790 4108 omni-

313 4141 463 4194 beati
495 4140 752 4194 Othmari
797 4139 1016 4194 abbatis
1060 4141 1282 4194 caelitus
1333 4141 1612 4194 declarata
1661 4143 2004 4198 Walafridus

314 4228 488 4282 abbas
517 4227 603 4286 vir
634 4229 830 4282 doctus
868 4235 925 4282 et
953 4229 1200 4299 sapiens,
1233 4229 1332 4299 qui
1364 4230 1420 4283 in
1465 4229 1784 4284 litterarum
1816 4233 2005 4288 scien-

313 4316 394 4370 tia
443 4315 594 4387 apud
653 4323 935 4370 nostrates
984 4317 1219 4370 illustris
1277 4323 1405 4370 ante
1472 4317 1615 4371 alios
1666 4318 2000 4387 habebatur,

311 4405 602 4459 seniorum
655 4404 714 4458 in
761 4404 1022 4458 coenobio
1062 4408 1116 4460 S.
1159 4405 1303 4460 Galli
1351 4407 1809 4461 conversantium
1859 4410 2001 4462 rela-

308 4494 562 4547 tionibus
606 4511 703 4547 seu
737 4494 909 4548 etiam
959 4495 1184 4564 scriptis
1215 4495 1466 4549 veritatis
1511 4496 1735 4549 ratione
1783 4496 2004 4567 plenis-

307 4582 469 4636 simis
519 4583 693 4637 tidem
729 4585 1192 4649 accommodans,
1235 4585 1522 4638 lucuiento
1563 4586 1696 4637 satis
1736 4601 2001 4640 sermone

306 4678 363 4725 et
397 4673 585 4725 veraci
611 4673 926 4726 assertione
950 4675 1302 4744 conscripsit.
1338 4675 1445 4728 Sed
1475 4675 1609 4745 quia
1646 4692 1746 4728 nos
1775 4675 1999 4742 fratres,

305 4760 364 4814 in
395 4761 596 4815 eodem
624 4761 881 4816 ccenobio
913 4764 1026 4816 Deo
1060 4764 1388 4829 militantes,
1418 4769 1548 4833 post
1573 4763 1776 4817 harum
1799 4763 2001 4817 descri-

303 4847 562 4916 ptionem
592 4848 868 4902 virtutum
901 4849 1083 4902 multa
1133 4848 1539 4903 miraculorum
1571 4849 1822 4920 insignia
1851 4849 2002 4903 circa

302 4952 507 5007 corpus
555 4937 810 5006 ejusdem
857 4937 963 4992 viri
1018 4937 1289 4993 divinitus
1329 4937 1690 4993 manifestata
1744 4955 1865 4993 esse
1904 4955 1999 4994 co-

2116 4141 2364 4211 potentis
2401 4142 2499 4196 Dei
2529 4141 2660 4212 styli
2688 4142 2877 4196 ofﬁcio
2901 4143 3191 4197 memoriae
3223 4144 3624 4198 commendare
3652 4159 3792 4196 cura-

2117 4231 2300 4284 vimus
2335 4247 2352 4303 ε,
2380 4236 2662 4301 quatenus
2711 4231 2842 4285 hinc
2899 4231 3120 4302 liquido
3167 4231 3236 4285 ab
3287 4233 3555 4286 omnibus
3604 4247 3788 4285 sanum

2113 4319 2470 4390 sapientibus
2526 4305 2863 4390 colligatur;
2916 4336 3087 4390 quam
3141 4321 3310 4390 digne
3373 4320 3444 4374 ab
3482 4320 3790 4374 hominibus

2114 4407 2525 4462 honoriﬁcetur
2567 4408 2625 4462 in
2657 4409 2843 4473 terris,
2875 4409 2975 4480 qui
3019 4414 3134 4462 tam
3172 4409 3471 4462 manifesta
3507 4409 3786 4480 signorum

2113 4497 2473 4552 attestatione
2499 4497 2757 4568 quotidie
2791 4497 3142 4567 gloriﬁcatur
3166 4499 3223 4551 in
3253 4498 3427 4552 caelis.
3465 4498 3588 4551 Non
3616 4503 3789 4551 tamen

2113 4587 2236 4657 ejus
2265 4603 2463 4640 amore
2527 4586 2682 4640 ducti
2735 4586 2929 4657 aliqua
2985 4587 3044 4640 in
3103 4586 3342 4640 dubium
3391 4587 3682 4640 venientia
3718 4587 3788 4638 vel

2113 4678 2284 4730 etiam
2319 4675 2553 4729 falsitati
2595 4675 2879 4741 obnoxia;
2927 4676 3021 4729 sed
3063 4693 3128 4728 ea
3159 4681 3383 4728 tantum
3433 4676 3635 4728 litteris
3665 4677 3787 4728 titu-

2112 4765 2230 4819 lare
2262 4764 2674 4834 disposuimus,
2723 4781 2853 4835 quas
2885 4771 2941 4818 et
2973 4765 3094 4818 luce
3125 4764 3333 4817 clarius
3375 4771 3639 4818 constant
3665 4764 3787 4817 acti-

2111 4855 2245 4917 tata,
2281 4855 2338 4904 et
2365 4851 2681 4904 multorum
2730 4850 3157 4904 narrationibus
3187 4849 3466 4903 veraciter
3496 4857 3788 4904 noscuntur

2111 4954 2233 4994 esse
2264 4937 2522 5009 probata.
