  <div class='ocr_page' id='page_1' title='image "/cluster/home/n/w/nwhite01/storage/ocr_20150623/121/uva.x000827051/402.png"; bbox 0 0 3846 6244; ppageno 0'>
   <div class='ocr_carea' id='block_1_1' title="bbox 67 332 3528 407">
    <p class='ocr_par' dir='ltr' id='par_1_1' title="bbox 67 332 3528 407">
     <span class='ocr_line' id='line_1_1' title="bbox 67 332 3528 407; baseline 0.008 -28"><span class='ocrx_word' id='word_1_1' title='bbox 67 332 114 380; x_wconf 80' lang='lat' dir='ltr'>Sl</span> <span class='ocrx_word' id='word_1_2' title='bbox 1111 336 1202 391; x_wconf 86' lang='lat' dir='ltr'>DE</span> <span class='ocrx_word' id='word_1_3' title='bbox 1245 333 1618 395; x_wconf 71' lang='lat' dir='ltr'>MIRACULIS</span> <span class='ocrx_word' id='word_1_4' title='bbox 1656 340 1712 394; x_wconf 89' lang='lat' dir='ltr'>S.</span> <span class='ocrx_word' id='word_1_5' title='bbox 1753 340 2086 397; x_wconf 81' lang='lat' dir='ltr'>OTHMARI.</span> <span class='ocrx_word' id='word_1_6' title='bbox 2115 374 2183 379; x_wconf 92' lang='lat'><strong>—</strong></span> <span class='ocrx_word' id='word_1_7' title='bbox 2211 341 2339 397; x_wconf 87' lang='lat' dir='ltr'>LIB.</span> <span class='ocrx_word' id='word_1_8' title='bbox 2385 344 2431 400; x_wconf 89' lang='grc' dir='ltr'><strong>Ι.</strong></span> <span class='ocrx_word' id='word_1_9' title='bbox 3425 355 3528 407; x_wconf 75' lang='lat'>782</span> 
     </span>
    </p>
   </div>
   <div class='ocr_carea' id='block_1_2' title="bbox 47 466 1633 489">
    <p class='ocr_par' dir='ltr' id='par_1_2' title="bbox 47 466 1633 489">
     <span class='ocr_line' id='line_1_2' title="bbox 47 466 1633 489; baseline 0.003 -15"><span class='ocrx_word' id='word_1_10' title='bbox 47 466 1633 489; x_wconf 79' lang='lat'>.____.____—_______________</span> 
     </span>
    </p>
   </div>
   <div class='ocr_carea' id='block_1_3' title="bbox 1361 563 2174 640">
    <p class='ocr_par' dir='ltr' id='par_1_3' title="bbox 1361 563 2174 640">
     <span class='ocr_line' id='line_1_3' title="bbox 1361 563 2174 640; baseline 0.009 -7"><span class='ocrx_word' id='word_1_11' title='bbox 1361 563 1680 637; x_wconf 80' lang='lat' dir='ltr'>LIBER</span> <span class='ocrx_word' id='word_1_12' title='bbox 1765 567 2174 640; x_wconf 83' lang='lat' dir='ltr'>PRIMUS</span> 
     </span>
    </p>
   </div>
   <div class='ocr_carea' id='block_1_4' title="bbox 1629 723 1929 736">
    <p class='ocr_par' dir='ltr' id='par_1_4' title="bbox 1629 723 1929 736">
     <span class='ocr_line' id='line_1_4' title="bbox 1629 723 1929 736; baseline 0.007 -2"><span class='ocrx_word' id='word_1_13' title='bbox 1629 723 1929 736; x_wconf 39' lang='grc' dir='ltr'><strong>ἡ</strong></span> 
     </span>
    </p>
   </div>
   <div class='ocr_carea' id='block_1_5' title="bbox 600 821 2119 910">
    <p class='ocr_par' dir='ltr' id='par_1_5' title="bbox 600 821 2119 903">
     <span class='ocr_line' id='line_1_5' title="bbox 600 821 2119 903; baseline 0.008 -28"><span class='ocrx_word' id='word_1_14' title='bbox 600 821 828 876; x_wconf 84' lang='lat' dir='ltr'><strong>CAPUT</strong></span> <span class='ocrx_word' id='word_1_15' title='bbox 869 823 1156 877; x_wconf 75' lang='lat' dir='ltr'>PRIMUM.</span> <span class='ocrx_word' id='word_1_16' title='bbox 1763 834 1810 885; x_wconf 85' lang='grc' dir='ltr'><strong>Λ</strong></span> <span class='ocrx_word' id='word_1_17' title='bbox 1834 840 2119 903; x_wconf 72' lang='lat' dir='ltr'>cmperunt</span> 
     </span>
    </p>
   </div>
   <div class='ocr_carea' id='block_1_6' title="bbox 2003 821 3522 910">
    <p class='ocr_par' dir='ltr' id='par_1_6' title="bbox 2003 837 3522 910">
     <span class='ocr_line' id='line_1_6' title="bbox 2003 837 3522 910; baseline 0.013 -24"><span class='ocrx_word' id='word_1_18' title='bbox 2003 840 2145 900; x_wconf 85' lang='lat' dir='ltr'>runt,</span> <span class='ocrx_word' id='word_1_19' title='bbox 2176 840 2238 888; x_wconf 92' lang='lat' dir='ltr'>ut</span> <span class='ocrx_word' id='word_1_20' title='bbox 2266 837 2444 892; x_wconf 82' lang='lat' dir='ltr'>sancti</span> <span class='ocrx_word' id='word_1_21' title='bbox 2487 838 2592 892; x_wconf 86' lang='lat' dir='ltr'>viri</span> <span class='ocrx_word' id='word_1_22' title='bbox 2639 844 3040 910; x_wconf 87' lang='lat' dir='ltr'>corpusculum</span> <span class='ocrx_word' id='word_1_23' title='bbox 3089 847 3161 900; x_wconf 89' lang='lat' dir='ltr'>ad</span> <span class='ocrx_word' id='word_1_24' title='bbox 3211 848 3362 901; x_wconf 83' lang='lat' dir='ltr'><strong>beati</strong></span> <span class='ocrx_word' id='word_1_25' title='bbox 3395 850 3522 904; x_wconf 86' lang='lat' dir='ltr'>Gal-</span> 
     </span>
    </p>
   </div>
   <div class='ocr_carea' id='block_1_7' title="bbox 37 921 1556 1001">
    <p class='ocr_par' dir='ltr' id='par_1_7' title="bbox 37 927 1556 1001">
     <span class='ocr_line' id='line_1_7' title="bbox 37 927 1556 1001; baseline 0.005 -25"><span class='ocrx_word' id='word_1_26' title='bbox 37 927 213 990; x_wconf 81' lang='lat' dir='ltr'>Quibus</span> <span class='ocrx_word' id='word_1_27' title='bbox 272 928 574 980; x_wconf 75' lang='lat' dir='ltr'>miraculis</span> <span class='ocrx_word' id='word_1_28' title='bbox 605 929 696 1001; x_wconf 75' lang='lat' dir='ltr'>_B.</span> <span class='ocrx_word' id='word_1_29' title='bbox 748 928 998 982; x_wconf 73' lang='lat' dir='ltr'>Othruarz&#39;</span> <span class='ocrx_word' id='word_1_30' title='bbox 1053 935 1316 986; x_wconf 78' lang='lat' dir='ltr'>sanctitas</span> <span class='ocrx_word' id='word_1_31' title='bbox 1373 935 1429 986; x_wconf 81' lang='lat' dir='ltr'>in</span> <span class='ocrx_word' id='word_1_32' title='bbox 1485 935 1556 988; x_wconf 42' lang='lat' dir='ltr'>ba.</span> 
     </span>
    </p>
   </div>
   <div class='ocr_carea' id='block_1_8' title="bbox 2004 921 3523 1001">
    <p class='ocr_par' dir='ltr' id='par_1_8' title="bbox 2004 923 3523 1001">
     <span class='ocr_line' id='line_1_8' title="bbox 2004 923 3523 1001; baseline 0.011 -26"><span class='ocrx_word' id='word_1_33' title='bbox 2004 923 2279 986; x_wconf 85' lang='lat' dir='ltr'>cclesiam,</span> <span class='ocrx_word' id='word_1_34' title='bbox 2333 942 2461 996; x_wconf 63' lang='lat' dir='ltr'>quae</span> <span class='ocrx_word' id='word_1_35' title='bbox 2497 929 2636 996; x_wconf 85' lang='lat' dir='ltr'>jam,</span> <span class='ocrx_word' id='word_1_36' title='bbox 2693 930 2808 983; x_wconf 92' lang='lat' dir='ltr'>Deo</span> <span class='ocrx_word' id='word_1_37' title='bbox 2860 931 3196 1001; x_wconf 81' lang='lat' dir='ltr'>opitulante,</span> <span class='ocrx_word' id='word_1_38' title='bbox 3257 936 3523 992; x_wconf 80' lang='lat' dir='ltr'>decenter</span> 
     </span>
    </p>
   </div>
   <div class='ocr_carea' id='block_1_9' title="bbox 589 999 3520 1078">
    <p class='ocr_par' dir='ltr' id='par_1_9' title="bbox 589 999 3520 1078">
     <span class='ocr_line' id='line_1_9' title="bbox 589 999 3520 1078; baseline 0.009 -25"><span class='ocrx_word' id='word_1_39' title='bbox 589 999 646 1053; x_wconf 88' lang='lat' dir='ltr'>S.</span> <span class='ocrx_word' id='word_1_40' title='bbox 689 1001 837 1052; x_wconf 75' lang='lat' dir='ltr'>Petri</span> <span class='ocrx_word' id='word_1_41' title='bbox 869 1002 1145 1054; x_wconf 76' lang='lat' dir='ltr'>claruerit.</span> <span class='ocrx_word' id='word_1_42' title='bbox 1825 1010 2100 1064; x_wconf 87' lang='lat' dir='ltr'>adornata</span> <span class='ocrx_word' id='word_1_43' title='bbox 2129 1013 2373 1078; x_wconf 80' lang='lat' dir='ltr'>refulsit,</span> <span class='ocrx_word' id='word_1_44' title='bbox 2420 1015 2624 1069; x_wconf 88' lang='lat' dir='ltr'>iterato</span> <span class='ocrx_word' id='word_1_45' title='bbox 2673 999 3059 1073; x_wconf 79' lang='lat' dir='ltr'>reduceretur.</span> <span class='ocrx_word' id='word_1_46' title='bbox 3113 1021 3366 1077; x_wconf 88' lang='lat' dir='ltr'>Dictante</span> <span class='ocrx_word' id='word_1_47' title='bbox 3412 1041 3520 1078; x_wconf 88' lang='lat' dir='ltr'>au-</span> 
     </span>
    </p>
   </div>
   <div class='ocr_carea' id='block_1_10' title="bbox 91 1102 3519 1199">
    <p class='ocr_par' dir='ltr' id='par_1_10' title="bbox 91 1102 3519 1199">
     <span class='ocr_line' id='line_1_10' title="bbox 91 1102 3519 1199; baseline 0.006 -53"><span class='ocrx_word' id='word_1_48' title='bbox 91 1123 215 1175; x_wconf 74' lang='lat' dir='ltr'>Cum</span> <span class='ocrx_word' id='word_1_49' title='bbox 246 1120 405 1174; x_wconf 56' lang='lat' dir='ltr'><strong>beati</strong></span> <span class='ocrx_word' id='word_1_50' title='bbox 442 1121 553 1174; x_wconf 54' lang='lat' dir='ltr'>viri</span> <span class='ocrx_word' id='word_1_51' title='bbox 580 1125 1000 1192; x_wconf 55' lang='lat' dir='ltr'>corpusculum,</span> <span class='ocrx_word' id='word_1_52' title='bbox 1047 1125 1116 1178; x_wconf 72' lang='lat' dir='ltr'>ab</span> <span class='ocrx_word' id='word_1_53' title='bbox 1163 1142 1390 1180; x_wconf 64' lang='lat' dir='ltr'>accessu</span> <span class='ocrx_word' id='word_1_54' title='bbox 1422 1131 1713 1199; x_wconf 56' lang='lat' dir='ltr'>popularis</span> <span class='ocrx_word' id='word_1_55' title='bbox 1825 1104 1938 1199; x_wconf 64' lang='lat' dir='ltr'>tem</span> <span class='ocrx_word' id='word_1_56' title='bbox 1965 1102 2252 1168; x_wconf 73' lang='lat' dir='ltr'>aequitatis</span> <span class='ocrx_word' id='word_1_57' title='bbox 2281 1107 2519 1169; x_wconf 83' lang='lat' dir='ltr'>ratione,</span> <span class='ocrx_word' id='word_1_58' title='bbox 2554 1121 2685 1157; x_wconf 90' lang='lat' dir='ltr'>cum</span> <span class='ocrx_word' id='word_1_59' title='bbox 2723 1106 2827 1159; x_wconf 90' lang='lat' dir='ltr'>hoc</span> <span class='ocrx_word' id='word_1_60' title='bbox 2861 1125 2961 1159; x_wconf 88' lang='lat' dir='ltr'>suo</span> <span class='ocrx_word' id='word_1_61' title='bbox 3000 1114 3225 1162; x_wconf 87' lang='lat' dir='ltr'>tantum</span> <span class='ocrx_word' id='word_1_62' title='bbox 3280 1115 3519 1167; x_wconf 88' lang='lat' dir='ltr'>consilio</span> 
     </span>
    </p>
   </div>
   <div class='ocr_carea' id='block_1_11' title="bbox 35 1186 3521 1288">
    <p class='ocr_par' dir='ltr' id='par_1_11' title="bbox 35 1186 3521 1288">
     <span class='ocr_line' id='line_1_11' title="bbox 35 1186 3521 1288; baseline 0.007 -25"><span class='ocrx_word' id='word_1_63' title='bbox 35 1212 186 1263; x_wconf 73' lang='lat' dir='ltr'>turbae</span> <span class='ocrx_word' id='word_1_64' title='bbox 217 1216 540 1274; x_wconf 85' lang='lat' dir='ltr'>remotum,</span> <span class='ocrx_word' id='word_1_65' title='bbox 603 1211 664 1264; x_wconf 90' lang='lat' dir='ltr'>in</span> <span class='ocrx_word' id='word_1_66' title='bbox 713 1214 966 1266; x_wconf 89' lang='lat' dir='ltr'>oratorio</span> <span class='ocrx_word' id='word_1_67' title='bbox 998 1215 1274 1286; x_wconf 85' lang='lat' dir='ltr'>principis</span> <span class='ocrx_word' id='word_1_68' title='bbox 1318 1219 1708 1286; x_wconf 78' lang='lat' dir='ltr'>apostolorum</span> <span class='ocrx_word' id='word_1_69' title='bbox 1824 1186 2005 1288; x_wconf 31' lang='lat' dir='ltr'>facere</span> <span class='ocrx_word' id='word_1_70' title='bbox 2057 1204 2169 1240; x_wconf 66' lang='lat' dir='ltr'>non</span> <span class='ocrx_word' id='word_1_71' title='bbox 2202 1198 2705 1288; x_wconf 37' lang='lat' dir='ltr'>c,pr?sum9rent’</span> <span class='ocrx_word' id='word_1_72' title='bbox 2752 1196 2879 1248; x_wconf 51' lang='lat' dir='ltr'>vum</span> <span class='ocrx_word' id='word_1_73' title='bbox 2941 1197 3369 1288; x_wconf 43' lang='lat' dir='ltr'>ejufc‘imeuum</span> <span class='ocrx_word' id='word_1_74' title='bbox 3418 1203 3521 1272; x_wconf 69' lang='lat' dir='ltr'>qui</span> 
     </span>
    </p>
   </div>
   <div class='ocr_carea' id='block_1_12' title="bbox 35 1277 3519 1379">
    <p class='ocr_par' dir='ltr' id='par_1_12' title="bbox 35 1277 3519 1374">
     <span class='ocr_line' id='line_1_12' title="bbox 35 1277 3519 1374; baseline 0.006 -53"><span class='ocrx_word' id='word_1_75' title='bbox 35 1317 115 1370; x_wconf 37' lang='lat' dir='ltr'>per</span> <span class='ocrx_word' id='word_1_76' title='bbox 142 1299 316 1352; x_wconf 58' lang='lat' dir='ltr'>malm</span> <span class='ocrx_word' id='word_1_77' title='bbox 369 1315 665 1352; x_wconf 66' lang='lat' dir='ltr'>annorum</span> <span class='ocrx_word' id='word_1_78' title='bbox 699 1301 887 1369; x_wconf 62' lang='lat' dir='ltr'>spatia</span> <span class='ocrx_word' id='word_1_79' title='bbox 936 1277 1274 1372; x_wconf 54' lang='lat' dir='ltr'>qu&#39;iescer’et’</span> <span class='ocrx_word' id='word_1_80' title='bbox 1330 1277 1591 1374; x_wconf 63' lang='lat' dir='ltr'>p‘lurimis</span> <span class='ocrx_word' id='word_1_81' title='bbox 1633 1309 1708 1359; x_wconf 47' lang='grc' dir='ltr'>εἰ-</span> <span class='ocrx_word' id='word_1_82' title='bbox 1824 1281 2153 1329; x_wconf 89' lang='lat' dir='ltr'>nostrorum</span> <span class='ocrx_word' id='word_1_83' title='bbox 2185 1277 2412 1332; x_wconf 74' lang='lat' dir='ltr'>solertia</span> <span class='ocrx_word' id='word_1_84' title='bbox 2459 1287 2887 1336; x_wconf 88' lang='lat' dir='ltr'>antecessorum</span> <span class='ocrx_word' id='word_1_85' title='bbox 2935 1286 3241 1356; x_wconf 83' lang='lat' dir='ltr'>multiplici</span> <span class='ocrx_word' id='word_1_86' title='bbox 3288 1290 3519 1343; x_wconf 79' lang='lat' dir='ltr'>testium</span> 
     </span>
    </p>
   </div>
   <div class='ocr_carea' id='block_1_13' title="bbox 33 1365 3518 1468">
    <p class='ocr_par' dir='ltr' id='par_1_13' title="bbox 33 1365 3518 1468">
     <span class='ocr_line' id='line_1_13' title="bbox 33 1365 3518 1468; baseline 0.004 -28"><span class='ocrx_word' id='word_1_87' title='bbox 33 1403 244 1456; x_wconf 77' lang='lat' dir='ltr'>gnorum</span> <span class='ocrx_word' id='word_1_88' title='bbox 290 1388 726 1441; x_wconf 86' lang='lat' dir='ltr'>ostensiouibus</span> <span class='ocrx_word' id='word_1_89' title='bbox 774 1390 1077 1444; x_wconf 85' lang='lat' dir='ltr'>manifesta</span> <span class='ocrx_word' id='word_1_90' title='bbox 1111 1393 1424 1446; x_wconf 78' lang='lat' dir='ltr'>sanctitatis</span> <span class='ocrx_word' id='word_1_91' title='bbox 1454 1395 1574 1463; x_wconf 82' lang='lat' dir='ltr'>ejus</span> <span class='ocrx_word' id='word_1_92' title='bbox 1623 1395 1710 1448; x_wconf 87' lang='lat' dir='ltr'>in-</span> <span class='ocrx_word' id='word_1_93' title='bbox 1822 1365 2190 1468; x_wconf 42' lang='lat' dir='ltr'>adnom‘tlﬁne</span> <span class='ocrx_word' id='word_1_94' title='bbox 2244 1368 2377 1464; x_wconf 56' lang='lat'>91”&quot;</span> <span class='ocrx_word' id='word_1_95' title='bbox 2441 1370 2820 1468; x_wconf 43' lang='grc' dir='ltr'>θῖηῗθτίρῃξδ,</span> <span class='ocrx_word' id='word_1_96' title='bbox 2856 1376 2925 1425; x_wconf 72' lang='lat' dir='ltr'>ad</span> <span class='ocrx_word' id='word_1_97' title='bbox 2985 1389 3086 1468; x_wconf 54' lang='grc' dir='ltr'>Ῑξθδ</span> <span class='ocrx_word' id='word_1_98' title='bbox 3157 1382 3518 1445; x_wconf 55' lang='lat' dir='ltr'>pervenerat,</span> 
     </span>
    </p>
   </div>
   <div class='ocr_carea' id='block_1_14' title="bbox 37 1455 3518 1552">
    <p class='ocr_par' dir='ltr' id='par_1_14' title="bbox 37 1455 3518 1552">
     <span class='ocr_line' id='line_1_14' title="bbox 37 1455 3518 1552; baseline 0.009 -64"><span class='ocrx_word' id='word_1_99' title='bbox 37 1455 153 1530; x_wconf 52' lang='lat' dir='ltr'>diem</span> <span class='ocrx_word' id='word_1_100' title='bbox 176 1476 321 1530; x_wconf 57' lang='lat' dir='ltr'><strong>circa</strong></span> <span class='ocrx_word' id='word_1_101' title='bbox 359 1478 492 1545; x_wconf 50' lang='lat' dir='ltr'>eius</span> <span class='ocrx_word' id='word_1_102' title='bbox 552 1477 839 1530; x_wconf 57' lang='lat' dir='ltr'>tumulum</span> <span class='ocrx_word' id='word_1_103' title='bbox 887 1478 1216 1550; x_wconf 61' lang='lat' dir='ltr'>frequenter</span> <span class='ocrx_word' id='word_1_104' title='bbox 1263 1455 1501 1535; x_wconf 64' lang='lat' dir='ltr'>ostensa‘</span> <span class='ocrx_word' id='word_1_105' title='bbox 1532 1500 1708 1552; x_wconf 64' lang='lat' dir='ltr'>appa_</span> <span class='ocrx_word' id='word_1_106' title='bbox 1821 1455 2131 1510; x_wconf 86' lang='lat' dir='ltr'>venerabili</span> <span class='ocrx_word' id='word_1_107' title='bbox 2156 1456 2768 1552; x_wconf 35' lang='lat' dir='ltr'>episcopoh-Salomoni</span> <span class='ocrx_word' id='word_1_108' title='bbox 2807 1461 3118 1529; x_wconf 79' lang='lat' dir='ltr'>legendum</span> <span class='ocrx_word' id='word_1_109' title='bbox 3151 1467 3518 1533; x_wconf 89' lang='lat' dir='ltr'>contradunt,</span> 
     </span>
    </p>
   </div>
   <div class='ocr_carea' id='block_1_15' title="bbox 37 1545 3518 1641">
    <p class='ocr_par' dir='ltr' id='par_1_15' title="bbox 37 1545 3518 1641">
     <span class='ocr_line' id='line_1_15' title="bbox 37 1545 3518 1641; baseline 0.004 -21"><span class='ocrx_word' id='word_1_110' title='bbox 37 1573 260 1620; x_wconf 66' lang='lat' dir='ltr'>rut-runt.</span> <span class='ocrx_word' id='word_1_111' title='bbox 301 1567 449 1620; x_wconf 84' lang='lat' dir='ltr'>Nam</span> <span class='ocrx_word' id='word_1_112' title='bbox 505 1568 670 1620; x_wconf 86' lang='lat' dir='ltr'>multi</span> <span class='ocrx_word' id='word_1_113' title='bbox 701 1584 764 1620; x_wconf 78' lang='lat' dir='ltr'>ex</span> <span class='ocrx_word' id='word_1_114' title='bbox 811 1574 1023 1622; x_wconf 73' lang='lat' dir='ltr'>nostrae</span> <span class='ocrx_word' id='word_1_115' title='bbox 1065 1572 1528 1641; x_wconf 79' lang='lat' dir='ltr'>congregationis</span> <span class='ocrx_word' id='word_1_116' title='bbox 1590 1575 1707 1628; x_wconf 88' lang='lat' dir='ltr'>fra-</span> <span class='ocrx_word' id='word_1_117' title='bbox 1820 1559 2051 1613; x_wconf 51' lang='lat' dir='ltr'>meque</span> <span class='ocrx_word' id='word_1_118' title='bbox 2083 1545 2696 1641; x_wconf 49' lang='lat' dir='ltr'>v_91u{1tatlb:aHBCtllnlf</span> <span class='ocrx_word' id='word_1_119' title='bbox 2731 1565 2844 1618; x_wconf 71' lang='lat' dir='ltr'>quo</span> <span class='ocrx_word' id='word_1_120' title='bbox 2889 1552 3076 1641; x_wconf 49' lang='lat' dir='ltr'>9m”</span> <span class='ocrx_word' id='word_1_121' title='bbox 3109 1553 3366 1622; x_wconf 67' lang='lat' dir='ltr'>erSdem</span> <span class='ocrx_word' id='word_1_122' title='bbox 3407 1555 3518 1608; x_wconf 71' lang='lat' dir='ltr'>l°°i</span> 
     </span>
    </p>
   </div>
   <div class='ocr_carea' id='block_1_16' title="bbox 1819 1635 3518 1711">
    <p class='ocr_par' dir='ltr' id='par_1_16' title="bbox 1819 1635 3518 1711">
     <span class='ocr_line' id='line_1_16' title="bbox 1819 1635 3518 1711; baseline 0.007 -27"><span class='ocrx_word' id='word_1_123' title='bbox 1819 1636 2186 1702; x_wconf 74' lang='lat' dir='ltr'>congregatio</span> <span class='ocrx_word' id='word_1_124' title='bbox 2221 1635 2492 1697; x_wconf 85' lang='lat' dir='ltr'>fervebat,</span> <span class='ocrx_word' id='word_1_125' title='bbox 2539 1637 2823 1703; x_wconf 87' lang='lat' dir='ltr'>aperiunt,</span> <span class='ocrx_word' id='word_1_126' title='bbox 2868 1638 2990 1706; x_wconf 83' lang='lat' dir='ltr'>ejus</span> <span class='ocrx_word' id='word_1_127' title='bbox 3042 1656 3143 1708; x_wconf 91' lang='lat' dir='ltr'>per</span> <span class='ocrx_word' id='word_1_128' title='bbox 3190 1644 3386 1694; x_wconf 88' lang='lat' dir='ltr'>omnia</span> <span class='ocrx_word' id='word_1_129' title='bbox 3415 1643 3518 1711; x_wconf 89' lang='lat' dir='ltr'>ju—</span> 
     </span>
    </p>
   </div>
   <div class='ocr_carea' id='block_1_17' title="bbox 1821 1720 3516 1791">
    <p class='ocr_par' dir='ltr' id='par_1_17' title="bbox 1821 1720 3516 1791">
     <span class='ocr_line' id='line_1_17' title="bbox 1821 1720 3516 1791; baseline 0.006 -19"><span class='ocrx_word' id='word_1_130' title='bbox 1821 1720 1982 1773; x_wconf 88' lang='lat' dir='ltr'>diciis</span> <span class='ocrx_word' id='word_1_131' title='bbox 2033 1722 2268 1790; x_wconf 89' lang='lat' dir='ltr'>ejusque</span> <span class='ocrx_word' id='word_1_132' title='bbox 2327 1722 2560 1775; x_wconf 86' lang='lat' dir='ltr'>obedire</span> <span class='ocrx_word' id='word_1_133' title='bbox 2627 1725 2812 1791; x_wconf 88' lang='lat' dir='ltr'>parati</span> <span class='ocrx_word' id='word_1_134' title='bbox 2885 1727 3155 1779; x_wconf 76' lang='lat' dir='ltr'>consiliis.</span> <span class='ocrx_word' id='word_1_135' title='bbox 3215 1730 3516 1783; x_wconf 82' lang='lat' dir='ltr'>Benivolus</span> 
     </span>
    </p>
   </div>
   <div class='ocr_carea' id='block_1_18' title="bbox 1820 1809 3512 1885">
    <p class='ocr_par' dir='ltr' id='par_1_18' title="bbox 1820 1809 3512 1885">
     <span class='ocr_line' id='line_1_18' title="bbox 1820 1809 3512 1885; baseline 0.005 -24"><span class='ocrx_word' id='word_1_136' title='bbox 1820 1814 2011 1862; x_wconf 87' lang='lat' dir='ltr'>autem</span> <span class='ocrx_word' id='word_1_137' title='bbox 2047 1809 2321 1877; x_wconf 83' lang='lat' dir='ltr'>pontifex,</span> <span class='ocrx_word' id='word_1_138' title='bbox 2358 1812 2665 1879; x_wconf 83' lang='lat' dir='ltr'>perspectis</span> <span class='ocrx_word' id='word_1_139' title='bbox 2696 1812 2825 1865; x_wconf 82' lang='lat' dir='ltr'>vitae</span> <span class='ocrx_word' id='word_1_140' title='bbox 2857 1814 2978 1881; x_wconf 82' lang='lat' dir='ltr'>ejus</span> <span class='ocrx_word' id='word_1_141' title='bbox 3001 1817 3293 1885; x_wconf 74' lang='lat' dir='ltr'>exemplis,</span> <span class='ocrx_word' id='word_1_142' title='bbox 3321 1817 3512 1870; x_wconf 89' lang='lat' dir='ltr'>multi-</span> 
     </span>
    </p>
   </div>
   <div class='ocr_carea' id='block_1_19' title="bbox 1818 1898 3512 1966">
    <p class='ocr_par' dir='ltr' id='par_1_19' title="bbox 1818 1898 3512 1966">
     <span class='ocr_line' id='line_1_19' title="bbox 1818 1898 3512 1966; baseline 0.005 -16"><span class='ocrx_word' id='word_1_143' title='bbox 1818 1898 2019 1950; x_wconf 89' lang='lat' dir='ltr'>modas</span> <span class='ocrx_word' id='word_1_144' title='bbox 2053 1899 2368 1966; x_wconf 79' lang='lat' dir='ltr'>gratiarum</span> <span class='ocrx_word' id='word_1_145' title='bbox 2401 1899 2652 1952; x_wconf 86' lang='lat' dir='ltr'>actiones</span> <span class='ocrx_word' id='word_1_146' title='bbox 2683 1899 2968 1954; x_wconf 88' lang='lat' dir='ltr'>bonorum</span> <span class='ocrx_word' id='word_1_147' title='bbox 3003 1904 3263 1957; x_wconf 90' lang='lat' dir='ltr'>omnium</span> <span class='ocrx_word' id='word_1_148' title='bbox 3296 1906 3512 1959; x_wconf 85' lang='lat' dir='ltr'>auctori</span> 
     </span>
    </p>
   </div>
   <div class='ocr_carea' id='block_1_20' title="bbox 1820 1986 3513 2064">
    <p class='ocr_par' dir='ltr' id='par_1_20' title="bbox 1820 1986 3513 2064">
     <span class='ocr_line' id='line_1_20' title="bbox 1820 1986 3513 2064; baseline 0.006 -26"><span class='ocrx_word' id='word_1_149' title='bbox 1820 1988 2110 2056; x_wconf 83' lang='lat' dir='ltr'>persolvit,</span> <span class='ocrx_word' id='word_1_150' title='bbox 2159 1987 2310 2056; x_wconf 90' lang='lat' dir='ltr'>quod</span> <span class='ocrx_word' id='word_1_151' title='bbox 2340 1986 2678 2040; x_wconf 88' lang='lat' dir='ltr'>bellatorem</span> <span class='ocrx_word' id='word_1_152' title='bbox 2736 2006 2902 2042; x_wconf 91' lang='lat' dir='ltr'>suum</span> <span class='ocrx_word' id='word_1_153' title='bbox 2952 2007 3056 2060; x_wconf 88' lang='lat' dir='ltr'>pro</span> <span class='ocrx_word' id='word_1_154' title='bbox 3104 1993 3224 2046; x_wconf 88' lang='lat' dir='ltr'>zelo</span> <span class='ocrx_word' id='word_1_155' title='bbox 3274 1995 3513 2064; x_wconf 65' lang='lat' dir='ltr'>justitiaa</span> 
     </span>
    </p>
   </div>
   <div class='ocr_carea' id='block_1_21' title="bbox 1819 2075 3515 2147">
    <p class='ocr_par' dir='ltr' id='par_1_21' title="bbox 1819 2075 3515 2147">
     <span class='ocr_line' id='line_1_21' title="bbox 1819 2075 3515 2147; baseline 0.007 -22"><span class='ocrx_word' id='word_1_156' title='bbox 1819 2075 2042 2128; x_wconf 86' lang='lat' dir='ltr'>fortiter</span> <span class='ocrx_word' id='word_1_157' title='bbox 2069 2075 2435 2128; x_wconf 87' lang='lat' dir='ltr'>dimicantem</span> <span class='ocrx_word' id='word_1_158' title='bbox 2469 2082 2583 2129; x_wconf 91' lang='lat' dir='ltr'>tam</span> <span class='ocrx_word' id='word_1_159' title='bbox 2614 2078 2827 2147; x_wconf 88' lang='lat' dir='ltr'>apertis</span> <span class='ocrx_word' id='word_1_160' title='bbox 2859 2079 3267 2134; x_wconf 86' lang='lat' dir='ltr'>miraculorum</span> <span class='ocrx_word' id='word_1_161' title='bbox 3316 2089 3515 2136; x_wconf 85' lang='lat' dir='ltr'>osten-</span> 
     </span>
    </p>
   </div>
   <div class='ocr_carea' id='block_1_22' title="bbox 1817 2163 3514 2225">
    <p class='ocr_par' dir='ltr' id='par_1_22' title="bbox 1817 2163 3514 2225">
     <span class='ocr_line' id='line_1_22' title="bbox 1817 2163 3514 2225; baseline 0.006 -10"><span class='ocrx_word' id='word_1_162' title='bbox 1817 2165 2076 2216; x_wconf 89' lang='lat' dir='ltr'>sionibus</span> <span class='ocrx_word' id='word_1_163' title='bbox 2119 2163 2444 2218; x_wconf 85' lang='lat' dir='ltr'>declaravit.</span> <span class='ocrx_word' id='word_1_164' title='bbox 2489 2165 2729 2218; x_wconf 76' lang='lat' dir='ltr'>Remoto</span> <span class='ocrx_word' id='word_1_165' title='bbox 2779 2167 2949 2220; x_wconf 90' lang='lat' dir='ltr'>etiam</span> <span class='ocrx_word' id='word_1_166' title='bbox 2994 2168 3298 2222; x_wconf 85' lang='lat' dir='ltr'>dubietatis</span> <span class='ocrx_word' id='word_1_167' title='bbox 3351 2187 3514 2225; x_wconf 90' lang='lat' dir='ltr'>scru-</span> 
     </span>
    </p>
   </div>
   <div class='ocr_carea' id='block_1_23' title="bbox 1813 2252 3510 2325">
    <p class='ocr_par' dir='ltr' id='par_1_23' title="bbox 1813 2252 3510 2325">
     <span class='ocr_line' id='line_1_23' title="bbox 1813 2252 3510 2325; baseline 0.006 -22"><span class='ocrx_word' id='word_1_168' title='bbox 1813 2253 1970 2321; x_wconf 89' lang='lat' dir='ltr'>pulo,</span> <span class='ocrx_word' id='word_1_169' title='bbox 1998 2252 2066 2304; x_wconf 92' lang='lat' dir='ltr'>de</span> <span class='ocrx_word' id='word_1_170' title='bbox 2098 2253 2390 2306; x_wconf 86' lang='lat' dir='ltr'>sanctitate</span> <span class='ocrx_word' id='word_1_171' title='bbox 2431 2253 2608 2318; x_wconf 84' lang='lat' dir='ltr'>illius,</span> <span class='ocrx_word' id='word_1_172' title='bbox 2662 2255 2924 2324; x_wconf 86' lang='lat' dir='ltr'>quamvis</span> <span class='ocrx_word' id='word_1_173' title='bbox 2978 2263 3166 2309; x_wconf 87' lang='lat' dir='ltr'>certus</span> <span class='ocrx_word' id='word_1_174' title='bbox 3211 2259 3510 2325; x_wconf 83' lang='lat' dir='ltr'>exstiterit,</span> 
     </span>
    </p>
   </div>
   <div class='ocr_carea' id='block_1_24' title="bbox 1813 2340 3512 2414">
    <p class='ocr_par' dir='ltr' id='par_1_24' title="bbox 1813 2340 3512 2414">
     <span class='ocr_line' id='line_1_24' title="bbox 1813 2340 3512 2414; baseline 0.005 -22"><span class='ocrx_word' id='word_1_175' title='bbox 1813 2341 1958 2393; x_wconf 81' lang='lat' dir='ltr'>nihil</span> <span class='ocrx_word' id='word_1_176' title='bbox 2002 2345 2194 2393; x_wconf 88' lang='lat' dir='ltr'>tamen</span> <span class='ocrx_word' id='word_1_177' title='bbox 2241 2346 2456 2393; x_wconf 88' lang='lat' dir='ltr'>temere</span> <span class='ocrx_word' id='word_1_178' title='bbox 2498 2340 2758 2410; x_wconf 82' lang='lat' dir='ltr'>nihilque</span> <span class='ocrx_word' id='word_1_179' title='bbox 2815 2343 2882 2396; x_wconf 90' lang='lat' dir='ltr'>de</span> <span class='ocrx_word' id='word_1_180' title='bbox 2943 2344 3128 2414; x_wconf 91' lang='lat' dir='ltr'>seipso</span> <span class='ocrx_word' id='word_1_181' title='bbox 3187 2345 3512 2401; x_wconf 86' lang='lat' dir='ltr'>inordinate</span> 
     </span>
    </p>
   </div>
   <div class='ocr_carea' id='block_1_25' title="bbox 1814 2430 3510 2490">
    <p class='ocr_par' dir='ltr' id='par_1_25' title="bbox 1814 2430 3510 2490">
     <span class='ocr_line' id='line_1_25' title="bbox 1814 2430 3510 2490; baseline 0.005 -8"><span class='ocrx_word' id='word_1_182' title='bbox 1814 2446 1918 2482; x_wconf 91' lang='lat' dir='ltr'>sua</span> <span class='ocrx_word' id='word_1_183' title='bbox 1976 2431 2096 2483; x_wconf 89' lang='lat' dir='ltr'>sola</span> <span class='ocrx_word' id='word_1_184' title='bbox 2125 2430 2456 2483; x_wconf 86' lang='lat' dir='ltr'>auctoritate</span> <span class='ocrx_word' id='word_1_185' title='bbox 2492 2431 2668 2483; x_wconf 88' lang='lat' dir='ltr'>voluit</span> <span class='ocrx_word' id='word_1_186' title='bbox 2707 2431 2953 2485; x_wconf 82' lang='lat' dir='ltr'>diffinire</span> <span class='ocrx_word' id='word_1_187' title='bbox 2989 2449 3001 2484; x_wconf 93' lang='lat'>:</span> <span class='ocrx_word' id='word_1_188' title='bbox 3051 2434 3147 2487; x_wconf 81' lang='lat' dir='ltr'>sed</span> <span class='ocrx_word' id='word_1_189' title='bbox 3202 2451 3358 2488; x_wconf 90' lang='lat' dir='ltr'>more</span> <span class='ocrx_word' id='word_1_190' title='bbox 3407 2453 3510 2490; x_wconf 91' lang='lat' dir='ltr'>suo</span> 
     </span>
    </p>
   </div>
   <div class='ocr_carea' id='block_1_26' title="bbox 1813 2519 3510 2588">
    <p class='ocr_par' dir='ltr' id='par_1_26' title="bbox 1813 2519 3510 2588">
     <span class='ocr_line' id='line_1_26' title="bbox 1813 2519 3510 2588; baseline 0.004 -19"><span class='ocrx_word' id='word_1_191' title='bbox 1813 2520 2078 2588; x_wconf 83' lang='lat' dir='ltr'>prudenti</span> <span class='ocrx_word' id='word_1_192' title='bbox 2131 2535 2264 2571; x_wconf 83' lang='lat' dir='ltr'>usus</span> <span class='ocrx_word' id='word_1_193' title='bbox 2311 2519 2573 2585; x_wconf 91' lang='lat' dir='ltr'>consilio,</span> <span class='ocrx_word' id='word_1_194' title='bbox 2621 2536 2788 2572; x_wconf 85' lang='lat' dir='ltr'>causa</span> <span class='ocrx_word' id='word_1_195' title='bbox 2839 2522 3354 2578; x_wconf 86' lang='lat' dir='ltr'>ecclesiasticorum</span> <span class='ocrx_word' id='word_1_196' title='bbox 3406 2525 3510 2578; x_wconf 89' lang='lat' dir='ltr'>do-</span> 
     </span>
    </p>
   </div>
   <div class='ocr_carea' id='block_1_27' title="bbox 1812 2607 3510 2677">
    <p class='ocr_par' dir='ltr' id='par_1_27' title="bbox 1812 2607 3510 2677">
     <span class='ocr_line' id='line_1_27' title="bbox 1812 2607 3510 2677; baseline 0.004 -17"><span class='ocrx_word' id='word_1_197' title='bbox 1812 2613 2072 2677; x_wconf 87' lang='lat' dir='ltr'>gmatum</span> <span class='ocrx_word' id='word_1_198' title='bbox 2131 2607 2440 2659; x_wconf 89' lang='lat' dir='ltr'>annnalem</span> <span class='ocrx_word' id='word_1_199' title='bbox 2489 2607 2766 2677; x_wconf 84' lang='lat' dir='ltr'>synodum</span> <span class='ocrx_word' id='word_1_200' title='bbox 2813 2608 3152 2663; x_wconf 90' lang='lat' dir='ltr'>solemniter</span> <span class='ocrx_word' id='word_1_201' title='bbox 3191 2612 3412 2677; x_wconf 91' lang='lat' dir='ltr'>indicit,</span> <span class='ocrx_word' id='word_1_202' title='bbox 3458 2618 3510 2666; x_wconf 91' lang='lat' dir='ltr'>et</span> 
     </span>
    </p>
   </div>
   <div class='ocr_carea' id='block_1_28' title="bbox 1813 2694 3511 2766">
    <p class='ocr_par' dir='ltr' id='par_1_28' title="bbox 1813 2694 3511 2766">
     <span class='ocr_line' id='line_1_28' title="bbox 1813 2694 3511 2766; baseline 0.004 -18"><span class='ocrx_word' id='word_1_203' title='bbox 1813 2695 2177 2766; x_wconf 86' lang='lat' dir='ltr'>presbyteros</span> <span class='ocrx_word' id='word_1_204' title='bbox 2220 2711 2283 2747; x_wconf 91' lang='lat' dir='ltr'>ac</span> <span class='ocrx_word' id='word_1_205' title='bbox 2333 2694 2602 2747; x_wconf 86' lang='lat' dir='ltr'>diaconos</span> <span class='ocrx_word' id='word_1_206' title='bbox 2640 2695 2964 2766; x_wconf 86' lang='lat' dir='ltr'>diversique</span> <span class='ocrx_word' id='word_1_207' title='bbox 3006 2698 3222 2752; x_wconf 86' lang='lat' dir='ltr'>ordinis</span> <span class='ocrx_word' id='word_1_208' title='bbox 3275 2700 3511 2754; x_wconf 86' lang='lat' dir='ltr'>clericos</span> 
     </span>
    </p>
   </div>
   <div class='ocr_carea' id='block_1_29' title="bbox 1815 2783 3507 2859">
    <p class='ocr_par' dir='ltr' id='par_1_29' title="bbox 1815 2783 3507 2859">
     <span class='ocr_line' id='line_1_29' title="bbox 1815 2783 3507 2859; baseline 0.002 -21"><span class='ocrx_word' id='word_1_209' title='bbox 1815 2785 1968 2854; x_wconf 89' lang='lat' dir='ltr'>apud</span> <span class='ocrx_word' id='word_1_210' title='bbox 2032 2783 2464 2836; x_wconf 87' lang='lat' dir='ltr'>Constantiense</span> <span class='ocrx_word' id='word_1_211' title='bbox 2521 2783 2799 2853; x_wconf 85' lang='lat' dir='ltr'>oppidum</span> <span class='ocrx_word' id='word_1_212' title='bbox 2864 2787 3168 2840; x_wconf 90' lang='lat' dir='ltr'>convenire</span> <span class='ocrx_word' id='word_1_213' title='bbox 3231 2789 3507 2859; x_wconf 68' lang='lat' dir='ltr'>praecipit.</span> 
     </span>
    </p>
   </div>
   <div class='ocr_carea' id='block_1_30' title="bbox 1815 2871 3511 2944">
    <p class='ocr_par' dir='ltr' id='par_1_30' title="bbox 1815 2871 3511 2944">
     <span class='ocr_line' id='line_1_30' title="bbox 1815 2871 3511 2944; baseline 0.003 -19"><span class='ocrx_word' id='word_1_214' title='bbox 1815 2872 2030 2936; x_wconf 84' lang='lat' dir='ltr'>Quibus</span> <span class='ocrx_word' id='word_1_215' title='bbox 2062 2873 2123 2925; x_wconf 91' lang='lat' dir='ltr'>in</span> <span class='ocrx_word' id='word_1_216' title='bbox 2171 2888 2347 2924; x_wconf 93' lang='lat' dir='ltr'>unum</span> <span class='ocrx_word' id='word_1_217' title='bbox 2392 2871 2662 2937; x_wconf 87' lang='lat' dir='ltr'>collectis,</span> <span class='ocrx_word' id='word_1_218' title='bbox 2721 2875 3077 2928; x_wconf 84' lang='lat' dir='ltr'>venerandus</span> <span class='ocrx_word' id='word_1_219' title='bbox 3138 2877 3391 2944; x_wconf 84' lang='lat' dir='ltr'>pontifex</span> <span class='ocrx_word' id='word_1_220' title='bbox 3451 2877 3511 2930; x_wconf 88' lang='lat' dir='ltr'>in</span> 
     </span>
    </p>
   </div>
   <div class='ocr_carea' id='block_1_31' title="bbox 1816 2959 3510 3033">
    <p class='ocr_par' dir='ltr' id='par_1_31' title="bbox 1816 2959 3510 3033">
     <span class='ocr_line' id='line_1_31' title="bbox 1816 2959 3510 3033; baseline 0.003 -20"><span class='ocrx_word' id='word_1_221' title='bbox 1816 2961 2070 3014; x_wconf 84' lang='lat' dir='ltr'>medium</span> <span class='ocrx_word' id='word_1_222' title='bbox 2101 2960 2304 3027; x_wconf 79' lang='lat' dir='ltr'>surgit,</span> <span class='ocrx_word' id='word_1_223' title='bbox 2346 2959 2612 3030; x_wconf 88' lang='lat' dir='ltr'>factoque</span> <span class='ocrx_word' id='word_1_224' title='bbox 2635 2961 2882 3026; x_wconf 90' lang='lat' dir='ltr'>silentio,</span> <span class='ocrx_word' id='word_1_225' title='bbox 2916 2962 3045 3016; x_wconf 69' lang='lat' dir='ltr'>vitae</span> <span class='ocrx_word' id='word_1_226' title='bbox 3088 2962 3266 3033; x_wconf 89' lang='lat' dir='ltr'>ipsius</span> <span class='ocrx_word' id='word_1_227' title='bbox 3309 2965 3510 3018; x_wconf 88' lang='lat' dir='ltr'>sancti-</span> 
     </span>
    </p>
   </div>
   <div class='ocr_carea' id='block_1_32' title="bbox 1815 3047 3508 3118">
    <p class='ocr_par' dir='ltr' id='par_1_32' title="bbox 1815 3047 3508 3118">
     <span class='ocr_line' id='line_1_32' title="bbox 1815 3047 3508 3118; baseline 0.002 -16"><span class='ocrx_word' id='word_1_228' title='bbox 1815 3049 2092 3114; x_wconf 85' lang='lat' dir='ltr'>moniam,</span> <span class='ocrx_word' id='word_1_229' title='bbox 2157 3064 2284 3118; x_wconf 71' lang='lat' dir='ltr'>quae</span> <span class='ocrx_word' id='word_1_230' title='bbox 2327 3047 2449 3116; x_wconf 90' lang='lat' dir='ltr'>jam</span> <span class='ocrx_word' id='word_1_231' title='bbox 2493 3049 2703 3101; x_wconf 90' lang='lat' dir='ltr'>multos</span> <span class='ocrx_word' id='word_1_232' title='bbox 2733 3049 2945 3102; x_wconf 87' lang='lat' dir='ltr'>ibidem</span> <span class='ocrx_word' id='word_1_233' title='bbox 2993 3051 3312 3105; x_wconf 87' lang='lat' dir='ltr'>residentes</span> <span class='ocrx_word' id='word_1_234' title='bbox 3357 3053 3508 3106; x_wconf 91' lang='lat' dir='ltr'>dulci</span> 
     </span>
    </p>
   </div>
   <div class='ocr_carea' id='block_1_33' title="bbox 1814 3137 3509 3210">
    <p class='ocr_par' dir='ltr' id='par_1_33' title="bbox 1814 3137 3509 3210">
     <span class='ocr_line' id='line_1_33' title="bbox 1814 3137 3509 3210; baseline 0.003 -20"><span class='ocrx_word' id='word_1_235' title='bbox 1814 3153 2045 3191; x_wconf 90' lang='lat' dir='ltr'>rumore</span> <span class='ocrx_word' id='word_1_236' title='bbox 2074 3138 2490 3207; x_wconf 88' lang='lat' dir='ltr'>aliquantulum</span> <span class='ocrx_word' id='word_1_237' title='bbox 2519 3137 2914 3206; x_wconf 86' lang='lat' dir='ltr'>permulserat,</span> <span class='ocrx_word' id='word_1_238' title='bbox 2950 3141 3190 3208; x_wconf 88' lang='lat' dir='ltr'>sparsim</span> <span class='ocrx_word' id='word_1_239' title='bbox 3225 3157 3328 3210; x_wconf 90' lang='lat' dir='ltr'>pro</span> <span class='ocrx_word' id='word_1_240' title='bbox 3356 3145 3509 3195; x_wconf 83' lang='lat' dir='ltr'>tem-</span> 
     </span>
    </p>
   </div>
   <div class='ocr_carea' id='block_1_34' title="bbox 1814 3225 3504 3298">
    <p class='ocr_par' dir='ltr' id='par_1_34' title="bbox 1814 3225 3504 3298">
     <span class='ocr_line' id='line_1_34' title="bbox 1814 3225 3504 3298; baseline 0.003 -20"><span class='ocrx_word' id='word_1_241' title='bbox 1814 3242 1953 3298; x_wconf 87' lang='lat' dir='ltr'>pore</span> <span class='ocrx_word' id='word_1_242' title='bbox 1983 3242 2176 3279; x_wconf 87' lang='lat' dir='ltr'>coram</span> <span class='ocrx_word' id='word_1_243' title='bbox 2208 3225 2475 3278; x_wconf 91' lang='lat' dir='ltr'>omnibus</span> <span class='ocrx_word' id='word_1_244' title='bbox 2521 3225 2800 3278; x_wconf 86' lang='lat' dir='ltr'>recitavit.</span> <span class='ocrx_word' id='word_1_245' title='bbox 2841 3226 2964 3289; x_wconf 88' lang='lat' dir='ltr'>Quo</span> <span class='ocrx_word' id='word_1_246' title='bbox 3013 3227 3158 3281; x_wconf 87' lang='lat' dir='ltr'>facto</span> <span class='ocrx_word' id='word_1_247' title='bbox 3207 3244 3336 3282; x_wconf 90' lang='lat' dir='ltr'>cum</span> <span class='ocrx_word' id='word_1_248' title='bbox 3383 3245 3504 3283; x_wconf 89' lang='lat' dir='ltr'>ma-</span> 
     </span>
    </p>
   </div>
   <div class='ocr_carea' id='block_1_35' title="bbox 685 3291 3509 3384">
    <p class='ocr_par' dir='ltr' id='par_1_35' title="bbox 685 3291 3509 3384">
     <span class='ocr_line' id='line_1_35' title="bbox 685 3291 3509 3384; baseline 0.005 -28"><span class='ocrx_word' id='word_1_249' title='bbox 685 3291 910 3345; x_wconf 68' lang='lat' dir='ltr'>CAPUT</span> <span class='ocrx_word' id='word_1_250' title='bbox 953 3291 1020 3343; x_wconf 83' lang='lat'>“-</span> <span class='ocrx_word' id='word_1_251' title='bbox 1815 3291 1971 3368; x_wconf 72' lang='lat' dir='ltr'>iiima</span> <span class='ocrx_word' id='word_1_252' title='bbox 2007 3315 2345 3368; x_wconf 83' lang='lat' dir='ltr'>clericorum</span> <span class='ocrx_word' id='word_1_253' title='bbox 2392 3314 2556 3384; x_wconf 88' lang='lat' dir='ltr'>copia</span> <span class='ocrx_word' id='word_1_254' title='bbox 2601 3315 2660 3368; x_wconf 93' lang='lat' dir='ltr'>in</span> <span class='ocrx_word' id='word_1_255' title='bbox 2707 3316 2814 3368; x_wconf 85' lang='lat' dir='ltr'>viri</span> <span class='ocrx_word' id='word_1_256' title='bbox 2870 3315 2966 3368; x_wconf 88' lang='lat' dir='ltr'>Dei</span> <span class='ocrx_word' id='word_1_257' title='bbox 3020 3316 3286 3368; x_wconf 88' lang='lat' dir='ltr'>laudibus</span> <span class='ocrx_word' id='word_1_258' title='bbox 3323 3318 3509 3369; x_wconf 90' lang='lat' dir='ltr'>accla-</span> 
     </span>
    </p>
   </div>
   <div class='ocr_carea' id='block_1_36' title="bbox 49 3390 3509 3472">
    <p class='ocr_par' dir='ltr' id='par_1_36' title="bbox 49 3390 3509 3472">
     <span class='ocr_line' id='line_1_36' title="bbox 49 3390 3509 3472; baseline 0.002 -23"><span class='ocrx_word' id='word_1_259' title='bbox 49 3397 271 3472; x_wconf 74' lang='lat' dir='ltr'>Quomodo</span> <span class='ocrx_word' id='word_1_260' title='bbox 349 3399 608 3454; x_wconf 84' lang='lat' dir='ltr'>Salomon</span> <span class='ocrx_word' id='word_1_261' title='bbox 664 3400 943 3472; x_wconf 77' lang='lat' dir='ltr'>episcopus</span> <span class='ocrx_word' id='word_1_262' title='bbox 1003 3397 1120 3466; x_wconf 83' lang='lat' dir='ltr'>ejus</span> <span class='ocrx_word' id='word_1_263' title='bbox 1173 3400 1589 3472; x_wconf 72' lang='lat' dir='ltr'>sanctimoniam</span> <span class='ocrx_word' id='word_1_264' title='bbox 1617 3400 1705 3472; x_wconf 73' lang='lat' dir='ltr'>_in</span> <span class='ocrx_word' id='word_1_265' title='bbox 1744 3390 1785 3444; x_wconf 85' lang='lat' dir='ltr'>C</span> <span class='ocrx_word' id='word_1_266' title='bbox 1814 3409 2018 3469; x_wconf 90' lang='lat' dir='ltr'>maret,</span> <span class='ocrx_word' id='word_1_267' title='bbox 2042 3404 2230 3472; x_wconf 89' lang='lat' dir='ltr'>primo</span> <span class='ocrx_word' id='word_1_268' title='bbox 2260 3403 2566 3472; x_wconf 88' lang='lat' dir='ltr'>Augiensis</span> <span class='ocrx_word' id='word_1_269' title='bbox 2596 3403 2844 3457; x_wconf 86' lang='lat' dir='ltr'>coenobii</span> <span class='ocrx_word' id='word_1_270' title='bbox 2875 3403 3162 3469; x_wconf 87' lang='lat' dir='ltr'>abbatem,</span> <span class='ocrx_word' id='word_1_271' title='bbox 3207 3403 3304 3472; x_wconf 89' lang='lat' dir='ltr'>qui</span> <span class='ocrx_word' id='word_1_272' title='bbox 3336 3404 3509 3457; x_wconf 90' lang='lat' dir='ltr'>etiam</span> 
     </span>
    </p>
   </div>
   <div class='ocr_carea' id='block_1_37' title="bbox 98 3468 1617 3560">
    <p class='ocr_par' dir='ltr' id='par_1_37' title="bbox 98 3468 1617 3538">
     <span class='ocr_line' id='line_1_37' title="bbox 98 3468 1617 3538; baseline 0.001 -18"><span class='ocrx_word' id='word_1_273' title='bbox 98 3470 273 3534; x_wconf 82' lang='lat' dir='ltr'>synodo</span> <span class='ocrx_word' id='word_1_274' title='bbox 340 3473 720 3538; x_wconf 79' lang='lat' dir='ltr'>perstringens</span> <span class='ocrx_word' id='word_1_275' title='bbox 794 3468 1114 3522; x_wconf 78' lang='lat' dir='ltr'>triduanum</span> <span class='ocrx_word' id='word_1_276' title='bbox 1180 3471 1457 3537; x_wconf 72' lang='lat' dir='ltr'>Jejum’um</span> <span class='ocrx_word' id='word_1_277' title='bbox 1530 3472 1617 3522; x_wconf 79' lang='lat' dir='ltr'>ina</span> 
     </span>
    </p>
   </div>
   <div class='ocr_carea' id='block_1_38' title="bbox 1987 3468 3506 3560">
    <p class='ocr_par' dir='ltr' id='par_1_38' title="bbox 1987 3468 3506 3560">
     <span class='ocr_line' id='line_1_38' title="bbox 1987 3468 3506 3560; baseline 0 -16"><span class='ocrx_word' id='word_1_278' title='bbox 1987 3468 2246 3560; x_wconf 67' lang='lat' dir='ltr'>,emporis</span> <span class='ocrx_word' id='word_1_279' title='bbox 2277 3468 2408 3543; x_wconf 68' lang='lat' dir='ltr'>cuin</span> <span class='ocrx_word' id='word_1_280' title='bbox 2449 3490 2791 3559; x_wconf 87' lang='lat' dir='ltr'>quibusdam</span> <span class='ocrx_word' id='word_1_281' title='bbox 2840 3490 3110 3542; x_wconf 84' lang='lat' dir='ltr'>fratribus</span> <span class='ocrx_word' id='word_1_282' title='bbox 3146 3468 3309 3543; x_wconf 83' lang='lat' dir='ltr'>nobis</span> <span class='ocrx_word' id='word_1_283' title='bbox 3347 3491 3506 3544; x_wconf 88' lang='lat' dir='ltr'>valde</span> 
     </span>
    </p>
   </div>
   <div class='ocr_carea' id='block_1_39' title="bbox 100 3546 3508 3643">
    <p class='ocr_par' dir='ltr' id='par_1_39' title="bbox 100 3546 3508 3643">
     <span class='ocr_line' id='line_1_39' title="bbox 100 3546 3508 3643; baseline 0.006 -32"><span class='ocrx_word' id='word_1_284' title='bbox 100 3546 241 3593; x_wconf 57' lang='grc' dir='ltr'><strong><em>πηί-</em></strong></span> <span class='ocrx_word' id='word_1_285' title='bbox 1812 3578 2160 3632; x_wconf 86' lang='lat' dir='ltr'>charissimis</span> <span class='ocrx_word' id='word_1_286' title='bbox 2182 3578 2278 3631; x_wconf 87' lang='lat' dir='ltr'>illo</span> <span class='ocrx_word' id='word_1_287' title='bbox 2310 3577 2681 3643; x_wconf 79' lang='lat' dir='ltr'>confluxerat,</span> <span class='ocrx_word' id='word_1_288' title='bbox 2715 3594 2779 3630; x_wconf 87' lang='lat' dir='ltr'>ac</span> <span class='ocrx_word' id='word_1_289' title='bbox 2825 3576 3030 3630; x_wconf 87' lang='lat' dir='ltr'>deinde</span> <span class='ocrx_word' id='word_1_290' title='bbox 3073 3593 3303 3630; x_wconf 91' lang='lat' dir='ltr'>omnem</span> <span class='ocrx_word' id='word_1_291' title='bbox 3353 3577 3508 3631; x_wconf 88' lang='lat' dir='ltr'>illius</span> 
     </span>
    </p>
   </div>
   <div class='ocr_carea' id='block_1_40' title="bbox 98 3662 3508 3735">
    <p class='ocr_par' dir='ltr' id='par_1_40' title="bbox 98 3662 3508 3735">
     <span class='ocr_line' id='line_1_40' title="bbox 98 3662 3508 3735; baseline 0 -16"><span class='ocrx_word' id='word_1_292' title='bbox 98 3663 296 3718; x_wconf 88' lang='lat' dir='ltr'>Talibus</span> <span class='ocrx_word' id='word_1_293' title='bbox 330 3665 514 3734; x_wconf 82' lang='lat' dir='ltr'>igitur</span> <span class='ocrx_word' id='word_1_294' title='bbox 544 3664 953 3718; x_wconf 85' lang='lat' dir='ltr'>miraculorum</span> <span class='ocrx_word' id='word_1_295' title='bbox 997 3663 1223 3716; x_wconf 87' lang='lat' dir='ltr'>indiciis</span> <span class='ocrx_word' id='word_1_296' title='bbox 1253 3662 1342 3716; x_wconf 79' lang='lat' dir='ltr'>Vir</span> <span class='ocrx_word' id='word_1_297' title='bbox 1398 3662 1496 3716; x_wconf 89' lang='lat' dir='ltr'>Dei</span> <span class='ocrx_word' id='word_1_298' title='bbox 1556 3663 1704 3718; x_wconf 84' lang='lat' dir='ltr'>Oth-</span> <span class='ocrx_word' id='word_1_299' title='bbox 1811 3668 2036 3722; x_wconf 87' lang='lat' dir='ltr'>consilii</span> <span class='ocrx_word' id='word_1_300' title='bbox 2095 3668 2311 3720; x_wconf 87' lang='lat' dir='ltr'>clerum</span> <span class='ocrx_word' id='word_1_301' title='bbox 2370 3665 2670 3735; x_wconf 89' lang='lat' dir='ltr'>episcopus</span> <span class='ocrx_word' id='word_1_302' title='bbox 2715 3666 3090 3732; x_wconf 88' lang='lat' dir='ltr'>commonuit,</span> <span class='ocrx_word' id='word_1_303' title='bbox 3146 3670 3204 3717; x_wconf 88' lang='lat' dir='ltr'>ut</span> <span class='ocrx_word' id='word_1_304' title='bbox 3257 3665 3508 3719; x_wconf 90' lang='lat' dir='ltr'>triduani</span> 
     </span>
    </p>
   </div>
   <div class='ocr_carea' id='block_1_41' title="bbox 49 3751 3505 3826">
    <p class='ocr_par' dir='ltr' id='par_1_41' title="bbox 49 3751 3505 3826">
     <span class='ocr_line' id='line_1_41' title="bbox 49 3751 3505 3826; baseline -0 -18"><span class='ocrx_word' id='word_1_305' title='bbox 49 3764 202 3804; x_wconf 67' lang='lat' dir='ltr'>matus</span> <span class='ocrx_word' id='word_1_306' title='bbox 221 3758 346 3822; x_wconf 86' lang='lat' dir='ltr'>post</span> <span class='ocrx_word' id='word_1_307' title='bbox 393 3753 667 3806; x_wconf 87' lang='lat' dir='ltr'>altarium</span> <span class='ocrx_word' id='word_1_308' title='bbox 714 3753 770 3806; x_wconf 89' lang='lat' dir='ltr'>S.</span> <span class='ocrx_word' id='word_1_309' title='bbox 832 3751 986 3805; x_wconf 84' lang='lat' dir='ltr'>Petri</span> <span class='ocrx_word' id='word_1_310' title='bbox 1047 3751 1361 3804; x_wconf 79' lang='lat' dir='ltr'>honorifice</span> <span class='ocrx_word' id='word_1_311' title='bbox 1423 3752 1699 3820; x_wconf 80' lang='lat' dir='ltr'>sepultuS,</span> <span class='ocrx_word' id='word_1_312' title='bbox 1805 3756 2010 3826; x_wconf 88' lang='lat' dir='ltr'>jejunii</span> <span class='ocrx_word' id='word_1_313' title='bbox 2041 3753 2443 3808; x_wconf 86' lang='lat' dir='ltr'>abstinentiam</span> <span class='ocrx_word' id='word_1_314' title='bbox 2474 3753 2762 3817; x_wconf 88' lang='lat' dir='ltr'>facientes,</span> <span class='ocrx_word' id='word_1_315' title='bbox 2793 3754 2968 3805; x_wconf 87' lang='lat' dir='ltr'>totius</span> <span class='ocrx_word' id='word_1_316' title='bbox 3010 3752 3148 3806; x_wconf 83' lang='lat' dir='ltr'>boni</span> <span class='ocrx_word' id='word_1_317' title='bbox 3193 3753 3413 3807; x_wconf 87' lang='lat' dir='ltr'>fontem</span> <span class='ocrx_word' id='word_1_318' title='bbox 3446 3753 3505 3807; x_wconf 91' lang='lat' dir='ltr'>in</span> 
     </span>
    </p>
   </div>
   <div class='ocr_carea' id='block_1_42' title="bbox 53 3839 3507 3912">
    <p class='ocr_par' dir='ltr' id='par_1_42' title="bbox 53 3839 3507 3912">
     <span class='ocr_line' id='line_1_42' title="bbox 53 3839 3507 3912; baseline 0.002 -23"><span class='ocrx_word' id='word_1_319' title='bbox 53 3840 178 3892; x_wconf 82' lang='lat' dir='ltr'>annis</span> <span class='ocrx_word' id='word_1_320' title='bbox 207 3842 431 3911; x_wconf 83' lang='lat' dir='ltr'>triginta</span> <span class='ocrx_word' id='word_1_321' title='bbox 463 3851 488 3875; x_wconf 75' lang='grc'><strong>⁸</strong></span> <span class='ocrx_word' id='word_1_322' title='bbox 520 3845 768 3912; x_wconf 86' lang='lat' dir='ltr'>quatuor</span> <span class='ocrx_word' id='word_1_323' title='bbox 811 3846 869 3894; x_wconf 88' lang='lat' dir='ltr'>et</span> <span class='ocrx_word' id='word_1_324' title='bbox 916 3844 1146 3894; x_wconf 89' lang='lat' dir='ltr'>centum</span> <span class='ocrx_word' id='word_1_325' title='bbox 1195 3839 1509 3909; x_wconf 80' lang='lat' dir='ltr'>nonaginta</span> <span class='ocrx_word' id='word_1_326' title='bbox 1557 3856 1703 3909; x_wconf 88' lang='lat' dir='ltr'>qua—</span> <span class='ocrx_word' id='word_1_327' title='bbox 1812 3860 2114 3898; x_wconf 85' lang='lat' dir='ltr'>commune</span> <span class='ocrx_word' id='word_1_328' title='bbox 2145 3847 2534 3912; x_wconf 88' lang='lat' dir='ltr'>precarentur,</span> <span class='ocrx_word' id='word_1_329' title='bbox 2581 3846 2863 3912; x_wconf 89' lang='lat' dir='ltr'>quatenus</span> <span class='ocrx_word' id='word_1_330' title='bbox 2913 3841 3141 3910; x_wconf 88' lang='lat' dir='ltr'>pietatis</span> <span class='ocrx_word' id='word_1_331' title='bbox 3191 3857 3309 3894; x_wconf 64' lang='lat' dir='ltr'>suae</span> <span class='ocrx_word' id='word_1_332' title='bbox 3359 3844 3507 3910; x_wconf 71' lang='lat' dir='ltr'>{mu-</span> 
     </span>
    </p>
   </div>
   <div class='ocr_carea' id='block_1_43' title="bbox 52 3928 3508 4000">
    <p class='ocr_par' dir='ltr' id='par_1_43' title="bbox 52 3928 3508 4000">
     <span class='ocr_line' id='line_1_43' title="bbox 52 3928 3508 4000; baseline 0.001 -19"><span class='ocrx_word' id='word_1_333' title='bbox 52 3930 151 3978; x_wconf 83' lang='lat' dir='ltr'>tuor</span> <span class='ocrx_word' id='word_1_334' title='bbox 175 3929 361 3984; x_wconf 88' lang='lat' dir='ltr'>diebus</span> <span class='ocrx_word' id='word_1_335' title='bbox 390 3931 452 3984; x_wconf 90' lang='lat' dir='ltr'>in</span> <span class='ocrx_word' id='word_1_336' title='bbox 485 3946 628 4000; x_wconf 86' lang='lat' dir='ltr'>pace</span> <span class='ocrx_word' id='word_1_337' title='bbox 661 3928 897 4000; x_wconf 85' lang='lat' dir='ltr'>quievit.</span> <span class='ocrx_word' id='word_1_338' title='bbox 952 3929 1060 3983; x_wconf 89' lang='lat' dir='ltr'>Sed</span> <span class='ocrx_word' id='word_1_339' title='bbox 1095 3945 1224 3982; x_wconf 92' lang='lat' dir='ltr'>cum</span> <span class='ocrx_word' id='word_1_340' title='bbox 1263 3930 1386 3998; x_wconf 89' lang='lat' dir='ltr'>jam</span> <span class='ocrx_word' id='word_1_341' title='bbox 1437 3929 1693 3998; x_wconf 87' lang='lat' dir='ltr'>omnipo-</span> <span class='ocrx_word' id='word_1_342' title='bbox 1811 3950 1947 3987; x_wconf 85' lang='lat' dir='ltr'>nere</span> <span class='ocrx_word' id='word_1_343' title='bbox 1978 3933 2066 3986; x_wconf 86' lang='lat' dir='ltr'>his</span> <span class='ocrx_word' id='word_1_344' title='bbox 2100 3933 2158 3984; x_wconf 90' lang='lat' dir='ltr'>in</span> <span class='ocrx_word' id='word_1_345' title='bbox 2207 3932 2375 3985; x_wconf 89' lang='lat' dir='ltr'>rebus</span> <span class='ocrx_word' id='word_1_346' title='bbox 2422 3946 2536 3983; x_wconf 66' lang='lat' dir='ltr'>suae</span> <span class='ocrx_word' id='word_1_347' title='bbox 2575 3929 2883 3982; x_wconf 88' lang='lat' dir='ltr'>voluntatis</span> <span class='ocrx_word' id='word_1_348' title='bbox 2931 3929 3370 3999; x_wconf 89' lang='lat' dir='ltr'>dispositionem</span> <span class='ocrx_word' id='word_1_349' title='bbox 3413 3929 3508 3984; x_wconf 92' lang='lat' dir='ltr'>di-</span> 
     </span>
    </p>
   </div>
   <div class='ocr_carea' id='block_1_44' title="bbox 55 4016 3508 4091">
    <p class='ocr_par' dir='ltr' id='par_1_44' title="bbox 55 4016 3508 4091">
     <span class='ocr_line' id='line_1_44' title="bbox 55 4016 3508 4091; baseline 0.002 -26"><span class='ocrx_word' id='word_1_350' title='bbox 55 4019 146 4068; x_wconf 85' lang='lat' dir='ltr'>tens</span> <span class='ocrx_word' id='word_1_351' title='bbox 180 4017 312 4072; x_wconf 89' lang='lat' dir='ltr'>Deus</span> <span class='ocrx_word' id='word_1_352' title='bbox 336 4019 635 4072; x_wconf 90' lang='lat' dir='ltr'>lucernam</span> <span class='ocrx_word' id='word_1_353' title='bbox 667 4017 809 4072; x_wconf 87' lang='lat' dir='ltr'>Incis</span> <span class='ocrx_word' id='word_1_354' title='bbox 853 4017 1123 4087; x_wconf 87' lang='lat' dir='ltr'>operibus</span> <span class='ocrx_word' id='word_1_355' title='bbox 1167 4033 1459 4070; x_wconf 87' lang='lat' dir='ltr'>assensam</span> <span class='ocrx_word' id='word_1_356' title='bbox 1512 4017 1704 4070; x_wconf 85' lang='lat' dir='ltr'>bomi-</span> <span class='ocrx_word' id='word_1_357' title='bbox 1811 4019 2396 4091; x_wconf 84' lang='lat' dir='ltr'>gnareturperﬁcere.</span> <span class='ocrx_word' id='word_1_358' title='bbox 2429 4018 2644 4082; x_wconf 87' lang='lat' dir='ltr'>Quibus</span> <span class='ocrx_word' id='word_1_359' title='bbox 2676 4016 2840 4069; x_wconf 90' lang='lat' dir='ltr'>dictis</span> <span class='ocrx_word' id='word_1_360' title='bbox 2872 4017 3125 4087; x_wconf 90' lang='lat' dir='ltr'>episcopi</span> <span class='ocrx_word' id='word_1_361' title='bbox 3153 4017 3508 4088; x_wconf 60' lang='lat' dir='ltr'>{sententiam</span> 
     </span>
    </p>
   </div>
   <div class='ocr_carea' id='block_1_45' title="bbox 56 4105 3508 4178">
    <p class='ocr_par' dir='ltr' id='par_1_45' title="bbox 56 4105 3508 4178">
     <span class='ocr_line' id='line_1_45' title="bbox 56 4105 3508 4178; baseline 0.002 -25"><span class='ocrx_word' id='word_1_362' title='bbox 56 4117 262 4174; x_wconf 82' lang='lat' dir='ltr'>namque</span> <span class='ocrx_word' id='word_1_363' title='bbox 291 4106 644 4177; x_wconf 82' lang='lat' dir='ltr'>negligentia</span> <span class='ocrx_word' id='word_1_364' title='bbox 672 4106 770 4158; x_wconf 91' lang='lat' dir='ltr'>diu</span> <span class='ocrx_word' id='word_1_365' title='bbox 796 4105 855 4158; x_wconf 92' lang='lat' dir='ltr'>in</span> <span class='ocrx_word' id='word_1_366' title='bbox 887 4105 1108 4158; x_wconf 89' lang='lat' dir='ltr'>occulto</span> <span class='ocrx_word' id='word_1_367' title='bbox 1139 4106 1386 4175; x_wconf 87' lang='lat' dir='ltr'>positam</span> <span class='ocrx_word' id='word_1_368' title='bbox 1408 4105 1474 4158; x_wconf 90' lang='lat' dir='ltr'>ad</span> <span class='ocrx_word' id='word_1_369' title='bbox 1507 4121 1704 4158; x_wconf 87' lang='lat' dir='ltr'>exem—</span> <span class='ocrx_word' id='word_1_370' title='bbox 1812 4107 2061 4178; x_wconf 83' lang='lat' dir='ltr'>synodus</span> <span class='ocrx_word' id='word_1_371' title='bbox 2084 4106 2390 4175; x_wconf 87' lang='lat' dir='ltr'>collaudat,</span> <span class='ocrx_word' id='word_1_372' title='bbox 2423 4121 2597 4175; x_wconf 89' lang='lat' dir='ltr'>seque</span> <span class='ocrx_word' id='word_1_373' title='bbox 2644 4105 2888 4159; x_wconf 90' lang='lat' dir='ltr'>libenter</span> <span class='ocrx_word' id='word_1_374' title='bbox 2937 4105 3014 4158; x_wconf 88' lang='lat' dir='ltr'>ita</span> <span class='ocrx_word' id='word_1_375' title='bbox 3061 4105 3342 4160; x_wconf 86' lang='lat' dir='ltr'>facturam</span> <span class='ocrx_word' id='word_1_376' title='bbox 3386 4123 3508 4160; x_wconf 90' lang='lat' dir='ltr'>esse</span> 
     </span>
    </p>
   </div>
   <div class='ocr_carea' id='block_1_46' title="bbox 57 4193 2147 4264">
    <p class='ocr_par' dir='ltr' id='par_1_46' title="bbox 57 4193 2147 4264">
     <span class='ocr_line' id='line_1_46' title="bbox 57 4193 2147 4264; baseline 0.004 -22"><span class='ocrx_word' id='word_1_377' title='bbox 57 4194 180 4259; x_wconf 87' lang='lat' dir='ltr'>plum</span> <span class='ocrx_word' id='word_1_378' title='bbox 213 4201 375 4264; x_wconf 86' lang='lat' dir='ltr'>atque</span> <span class='ocrx_word' id='word_1_379' title='bbox 425 4195 869 4248; x_wconf 89' lang='lat' dir='ltr'>illustrationem</span> <span class='ocrx_word' id='word_1_380' title='bbox 930 4195 1186 4248; x_wconf 79' lang='lat' dir='ltr'>ﬁdelium</span> <span class='ocrx_word' id='word_1_381' title='bbox 1236 4209 1407 4264; x_wconf 89' lang='lat' dir='ltr'>super</span> <span class='ocrx_word' id='word_1_382' title='bbox 1449 4193 1705 4247; x_wconf 88' lang='lat' dir='ltr'>candela-</span> <span class='ocrx_word' id='word_1_383' title='bbox 1813 4199 2147 4250; x_wconf 84' lang='lat' dir='ltr'>conclamat.</span> 
     </span>
    </p>
   </div>
   <div class='ocr_carea' id='block_1_47' title="bbox 58 4280 1705 4355">
    <p class='ocr_par' dir='ltr' id='par_1_47' title="bbox 58 4280 1705 4355">
     <span class='ocr_line' id='line_1_47' title="bbox 58 4280 1705 4355; baseline 0.003 -24"><span class='ocrx_word' id='word_1_384' title='bbox 58 4280 187 4336; x_wconf 88' lang='lat' dir='ltr'>brum</span> <span class='ocrx_word' id='word_1_385' title='bbox 221 4301 448 4354; x_wconf 89' lang='lat' dir='ltr'>ponere,</span> <span class='ocrx_word' id='word_1_386' title='bbox 474 4302 541 4338; x_wconf 91' lang='lat' dir='ltr'>ac</span> <span class='ocrx_word' id='word_1_387' title='bbox 568 4284 869 4355; x_wconf 84' lang='lat' dir='ltr'>splendore</span> <span class='ocrx_word' id='word_1_388' title='bbox 911 4283 1223 4337; x_wconf 87' lang='lat' dir='ltr'>sanctitatis</span> <span class='ocrx_word' id='word_1_389' title='bbox 1269 4285 1391 4353; x_wconf 82' lang='lat' dir='ltr'>ejus</span> <span class='ocrx_word' id='word_1_390' title='bbox 1439 4283 1705 4336; x_wconf 86' lang='lat' dir='ltr'>omnibus</span> 
     </span>
    </p>
   </div>
   <div class='ocr_carea' id='block_1_48' title="bbox 59 4335 2836 4442">
    <p class='ocr_par' dir='ltr' id='par_1_48' title="bbox 59 4335 2836 4442">
     <span class='ocr_line' id='line_1_48' title="bbox 59 4335 2836 4442; baseline -0.004 -22"><span class='ocrx_word' id='word_1_391' title='bbox 59 4369 103 4421; x_wconf 84' lang='lat' dir='ltr'>in</span> <span class='ocrx_word' id='word_1_392' title='bbox 121 4335 278 4426; x_wconf 48' lang='lat' dir='ltr'>iam;</span> <span class='ocrx_word' id='word_1_393' title='bbox 297 4335 790 4428; x_wconf 56' lang='lat' dir='ltr'>a‘.‘.;,;;.;.;a.;.</span> <span class='ocrx_word' id='word_1_394' title='bbox 814 4335 1064 4425; x_wconf 9' lang='lat' dir='ltr'>immitia;</span> <span class='ocrx_word' id='word_1_395' title='bbox 1084 4335 1214 4426; x_wconf 50' lang='lat' dir='ltr'>sui</span> <span class='ocrx_word' id='word_1_396' title='bbox 1241 4335 1706 4442; x_wconf 46' lang='lat' dir='ltr'>gr&#39;atiamvellet</span> <span class='ocrx_word' id='word_1_397' title='bbox 2159 4441 2166 4442; x_wconf 17' lang='grc' dir='ltr'>ί</span> <span class='ocrx_word' id='word_1_398' title='bbox 2479 4335 2703 4389; x_wconf 71' lang='lat' dir='ltr'>CAPUT</span> <span class='ocrx_word' id='word_1_399' title='bbox 2743 4335 2836 4388; x_wconf 77' lang='lat' dir='ltr'><strong>III-</strong></span> 
     </span>
    </p>
   </div>
   <div class='ocr_carea' id='block_1_49' title="bbox 60 4440 1579 4528">
    <p class='ocr_par' dir='ltr' id='par_1_49' title="bbox 60 4458 1579 4528">
     <span class='ocr_line' id='line_1_49' title="bbox 60 4458 1579 4528; baseline 0.003 -20"><span class='ocrx_word' id='word_1_400' title='bbox 60 4458 436 4528; x_wconf 87' lang='lat' dir='ltr'>administrare;</span> <span class='ocrx_word' id='word_1_401' title='bbox 490 4468 672 4516; x_wconf 73' lang='lat' dir='ltr'>coetus</span> <span class='ocrx_word' id='word_1_402' title='bbox 717 4462 960 4515; x_wconf 88' lang='lat' dir='ltr'>fratrum</span> <span class='ocrx_word' id='word_1_403' title='bbox 1010 4461 1071 4515; x_wconf 89' lang='lat' dir='ltr'>in</span> <span class='ocrx_word' id='word_1_404' title='bbox 1126 4461 1384 4515; x_wconf 62' lang='lat' dir='ltr'>coenobio</span> <span class='ocrx_word' id='word_1_405' title='bbox 1448 4460 1500 4513; x_wconf 87' lang='lat' dir='ltr'>S.</span> <span class='ocrx_word' id='word_1_406' title='bbox 1563 4462 1579 4512; x_wconf 87' lang='lat'><strong>(</strong></span> 
     </span>
    </p>
   </div>
   <div class='ocr_carea' id='block_1_50' title="bbox 1989 4440 3508 4528">
    <p class='ocr_par' dir='ltr' id='par_1_50' title="bbox 1989 4440 3508 4528">
     <span class='ocr_line' id='line_1_50' title="bbox 1989 4440 3508 4528; baseline -0.001 -32"><span class='ocrx_word' id='word_1_407' title='bbox 1989 4449 2056 4497; x_wconf 63' lang='lat' dir='ltr'>ter</span> <span class='ocrx_word' id='word_1_408' title='bbox 2112 4441 2272 4528; x_wconf 40' lang='lat' dir='ltr'>idem.</span> <span class='ocrx_word' id='word_1_409' title='bbox 2300 4442 2579 4528; x_wconf 59' lang='lat' dir='ltr'>episcopus</span> <span class='ocrx_word' id='word_1_410' title='bbox 2632 4445 2878 4528; x_wconf 64' lang='lat' dir='ltr'>sanciunt</span> <span class='ocrx_word' id='word_1_411' title='bbox 2925 4456 3118 4510; x_wconf 85' lang='lat' dir='ltr'>corpus</span> <span class='ocrx_word' id='word_1_412' title='bbox 3161 4440 3226 4494; x_wconf 87' lang='lat' dir='ltr'>de</span> <span class='ocrx_word' id='word_1_413' title='bbox 3261 4441 3508 4521; x_wconf 75' lang='lat' dir='ltr'>sepulcro</span> 
     </span>
    </p>
   </div>
   <div class='ocr_carea' id='block_1_51' title="bbox 61 4511 3310 4620">
    <p class='ocr_par' dir='ltr' id='par_1_51' title="bbox 61 4511 3310 4620">
     <span class='ocr_line' id='line_1_51' title="bbox 61 4511 3310 4620; baseline 0.003 -22"><span class='ocrx_word' id='word_1_414' title='bbox 61 4511 972 4620; x_wconf 38' lang='lat' dir='ltr'>subsua:ausaausa.</span> <span class='ocrx_word' id='word_1_415' title='bbox 1011 4511 1705 4609; x_wconf 55' lang='lat' dir='ltr'>5‘...;,;;.“f;m..1.m.1.a;</span> <span class='ocrx_word' id='word_1_416' title='bbox 2009 4514 2314 4578; x_wconf 61' lang='grc' dir='ltr'>εαειυιετίεν</span> <span class='ocrx_word' id='word_1_417' title='bbox 2356 4519 2407 4565; x_wconf 75' lang='grc' dir='ltr'>ει</span> <span class='ocrx_word' id='word_1_418' title='bbox 2435 4514 2644 4568; x_wconf 61' lang='lat' dir='ltr'>oblatas</span> <span class='ocrx_word' id='word_1_419' title='bbox 2679 4513 2756 4564; x_wconf 73' lang='grc' dir='ltr'>ίδε</span> <span class='ocrx_word' id='word_1_420' title='bbox 2788 4511 2991 4565; x_wconf 54' lang='lat' dir='ltr'>iussas</span> <span class='ocrx_word' id='word_1_421' title='bbox 3032 4513 3310 4580; x_wconf 73' lang='grc' dir='ltr'>νερενενίι-</span> 
     </span>
    </p>
   </div>
   <div class='ocr_carea' id='block_1_52' title="bbox 62 4632 3510 4710">
    <p class='ocr_par' dir='ltr' id='par_1_52' title="bbox 62 4632 3510 4710">
     <span class='ocr_line' id='line_1_52' title="bbox 62 4632 3510 4710; baseline 0 -23"><span class='ocrx_word' id='word_1_422' title='bbox 62 4637 266 4692; x_wconf 81' lang='lat' dir='ltr'>assiduas</span> <span class='ocrx_word' id='word_1_423' title='bbox 309 4641 733 4710; x_wconf 88' lang='lat' dir='ltr'>colloquiorum</span> <span class='ocrx_word' id='word_1_424' title='bbox 778 4638 1284 4692; x_wconf 89' lang='lat' dir='ltr'>sermocinationes</span> <span class='ocrx_word' id='word_1_425' title='bbox 1337 4636 1404 4690; x_wconf 92' lang='lat' dir='ltr'>de</span> <span class='ocrx_word' id='word_1_426' title='bbox 1465 4637 1704 4689; x_wconf 87' lang='lat' dir='ltr'>merito—</span> <span class='ocrx_word' id='word_1_427' title='bbox 1887 4639 2032 4693; x_wconf 88' lang='lat' dir='ltr'>Inito</span> <span class='ocrx_word' id='word_1_428' title='bbox 2064 4638 2259 4708; x_wconf 90' lang='lat' dir='ltr'>itaque</span> <span class='ocrx_word' id='word_1_429' title='bbox 2281 4637 2452 4706; x_wconf 87' lang='lat' dir='ltr'>hujus</span> <span class='ocrx_word' id='word_1_430' title='bbox 2479 4636 2683 4706; x_wconf 83' lang='lat' dir='ltr'>synodi</span> <span class='ocrx_word' id='word_1_431' title='bbox 2707 4634 2946 4688; x_wconf 90' lang='lat' dir='ltr'>consilio</span> <span class='ocrx_word' id='word_1_432' title='bbox 2976 4650 3040 4688; x_wconf 91' lang='lat' dir='ltr'>ac</span> <span class='ocrx_word' id='word_1_433' title='bbox 3068 4637 3298 4704; x_wconf 89' lang='lat' dir='ltr'>peracto</span> <span class='ocrx_word' id='word_1_434' title='bbox 3331 4632 3510 4687; x_wconf 91' lang='lat' dir='ltr'>trium</span> 
     </span>
    </p>
   </div>
   <div class='ocr_carea' id='block_1_53' title="bbox 62 4720 3510 4796">
    <p class='ocr_par' dir='ltr' id='par_1_53' title="bbox 62 4720 3510 4796">
     <span class='ocr_line' id='line_1_53' title="bbox 62 4720 3510 4796; baseline -0.004 -22"><span class='ocrx_word' id='word_1_435' title='bbox 62 4737 157 4777; x_wconf 84' lang='lat' dir='ltr'>rum</span> <span class='ocrx_word' id='word_1_436' title='bbox 185 4727 294 4796; x_wconf 87' lang='lat' dir='ltr'>ejus</span> <span class='ocrx_word' id='word_1_437' title='bbox 334 4727 671 4782; x_wconf 79' lang='lat' dir='ltr'>excellentia</span> <span class='ocrx_word' id='word_1_438' title='bbox 691 4726 877 4780; x_wconf 90' lang='lat' dir='ltr'>facere</span> <span class='ocrx_word' id='word_1_439' title='bbox 910 4725 1100 4795; x_wconf 66' lang='lat' dir='ltr'>coepit.</span> <span class='ocrx_word' id='word_1_440' title='bbox 1145 4723 1551 4793; x_wconf 86' lang='lat' dir='ltr'>Hujuscemodi</span> <span class='ocrx_word' id='word_1_441' title='bbox 1577 4739 1705 4775; x_wconf 88' lang='lat' dir='ltr'>vero</span> <span class='ocrx_word' id='word_1_442' title='bbox 1745 4733 1788 4786; x_wconf 85' lang='lat' dir='ltr'><strong>D</strong></span> <span class='ocrx_word' id='word_1_443' title='bbox 1818 4727 2040 4782; x_wconf 85' lang='lat' dir='ltr'>dierum</span> <span class='ocrx_word' id='word_1_444' title='bbox 2064 4726 2309 4796; x_wconf 89' lang='lat' dir='ltr'>jejunio,</span> <span class='ocrx_word' id='word_1_445' title='bbox 2356 4723 2692 4777; x_wconf 87' lang='lat' dir='ltr'>venerabilis</span> <span class='ocrx_word' id='word_1_446' title='bbox 2740 4721 2946 4792; x_wconf 71' lang='lat' dir='ltr'>praesul</span> <span class='ocrx_word' id='word_1_447' title='bbox 2987 4722 3059 4775; x_wconf 85' lang='lat' dir='ltr'>ad</span> <span class='ocrx_word' id='word_1_448' title='bbox 3105 4720 3258 4774; x_wconf 83' lang='lat' dir='ltr'>idem</span> <span class='ocrx_word' id='word_1_449' title='bbox 3302 4736 3510 4773; x_wconf 74' lang='lat' dir='ltr'>mona-</span> 
     </span>
    </p>
   </div>
   <div class='ocr_carea' id='block_1_54' title="bbox 65 4808 3507 4884">
    <p class='ocr_par' dir='ltr' id='par_1_54' title="bbox 65 4808 3507 4884">
     <span class='ocr_line' id='line_1_54' title="bbox 65 4808 3507 4884; baseline -0.001 -22"><span class='ocrx_word' id='word_1_450' title='bbox 65 4813 307 4884; x_wconf 86' lang='lat' dir='ltr'>colloquiis</span> <span class='ocrx_word' id='word_1_451' title='bbox 351 4816 530 4870; x_wconf 90' lang='lat' dir='ltr'>iidem</span> <span class='ocrx_word' id='word_1_452' title='bbox 590 4814 794 4868; x_wconf 86' lang='lat' dir='ltr'>fratres</span> <span class='ocrx_word' id='word_1_453' title='bbox 855 4829 976 4867; x_wconf 90' lang='lat' dir='ltr'>sese</span> <span class='ocrx_word' id='word_1_454' title='bbox 1023 4812 1270 4866; x_wconf 88' lang='lat' dir='ltr'>invicem</span> <span class='ocrx_word' id='word_1_455' title='bbox 1320 4811 1705 4876; x_wconf 89' lang='lat' dir='ltr'>cohortantes,</span> <span class='ocrx_word' id='word_1_456' title='bbox 1818 4815 2056 4868; x_wconf 82' lang='lat' dir='ltr'>sterium</span> <span class='ocrx_word' id='word_1_457' title='bbox 2113 4829 2242 4867; x_wconf 88' lang='lat' dir='ltr'>cum</span> <span class='ocrx_word' id='word_1_458' title='bbox 2300 4811 2416 4864; x_wconf 85' lang='lat' dir='ltr'>suis</span> <span class='ocrx_word' id='word_1_459' title='bbox 2476 4809 2836 4879; x_wconf 88' lang='lat' dir='ltr'>perveniens,</span> <span class='ocrx_word' id='word_1_460' title='bbox 2908 4808 3194 4862; x_wconf 89' lang='lat' dir='ltr'>seniorem</span> <span class='ocrx_word' id='word_1_461' title='bbox 3245 4813 3507 4862; x_wconf 89' lang='lat' dir='ltr'>nostrum</span> 
     </span>
    </p>
   </div>
   <div class='ocr_carea' id='block_1_55' title="bbox 65 4895 3514 4975">
    <p class='ocr_par' dir='ltr' id='par_1_55' title="bbox 65 4895 3514 4975">
     <span class='ocr_line' id='line_1_55' title="bbox 65 4895 3514 4975; baseline -0.003 -15"><span class='ocrx_word' id='word_1_462' title='bbox 65 4898 232 4970; x_wconf 72' lang='lat' dir='ltr'>divino,</span> <span class='ocrx_word' id='word_1_463' title='bbox 255 4909 316 4958; x_wconf 85' lang='lat' dir='ltr'>ut</span> <span class='ocrx_word' id='word_1_464' title='bbox 343 4905 658 4968; x_wconf 89' lang='lat' dir='ltr'>credimus,</span> <span class='ocrx_word' id='word_1_465' title='bbox 690 4906 833 4956; x_wconf 88' lang='lat' dir='ltr'>nutu</span> <span class='ocrx_word' id='word_1_466' title='bbox 865 4901 1081 4975; x_wconf 87' lang='lat' dir='ltr'>pariter</span> <span class='ocrx_word' id='word_1_467' title='bbox 1128 4916 1329 4954; x_wconf 86' lang='lat' dir='ltr'>omnes</span> <span class='ocrx_word' id='word_1_468' title='bbox 1365 4898 1708 4952; x_wconf 70' lang='lat' dir='ltr'>&#39;desiderare</span> <span class='ocrx_word' id='word_1_469' title='bbox 1819 4901 2169 4956; x_wconf 84' lang='lat' dir='ltr'>Grimaldum</span> <span class='ocrx_word' id='word_1_470' title='bbox 2196 4901 2222 4942; x_wconf 78' lang='grc' dir='ltr'><em>ἀ</em></span> <span class='ocrx_word' id='word_1_471' title='bbox 2254 4903 2531 4954; x_wconf 89' lang='lat' dir='ltr'>rectorem</span> <span class='ocrx_word' id='word_1_472' title='bbox 2565 4897 2741 4968; x_wconf 89' lang='lat' dir='ltr'>ipsius</span> <span class='ocrx_word' id='word_1_473' title='bbox 2773 4895 3103 4950; x_wconf 89' lang='lat' dir='ltr'>monasterii</span> <span class='ocrx_word' id='word_1_474' title='bbox 3135 4912 3200 4950; x_wconf 89' lang='lat' dir='ltr'>ac</span> <span class='ocrx_word' id='word_1_475' title='bbox 3246 4895 3514 4950; x_wconf 90' lang='lat' dir='ltr'>Ludovici</span> 
     </span>
    </p>
   </div>
   <div class='ocr_carea' id='block_1_56' title="bbox 39 1656 1708 1731">
    <p class='ocr_par' dir='ltr' id='par_1_56' title="bbox 39 1656 1708 1731">
     <span class='ocr_line' id='line_1_56' title="bbox 39 1656 1708 1731; baseline 0.004 -22"><span class='ocrx_word' id='word_1_476' title='bbox 39 1657 204 1717; x_wconf 86' lang='lat' dir='ltr'>tribus,</span> <span class='ocrx_word' id='word_1_477' title='bbox 234 1656 331 1726; x_wconf 89' lang='lat' dir='ltr'>qui</span> <span class='ocrx_word' id='word_1_478' title='bbox 356 1662 663 1710; x_wconf 62' lang='lat' dir='ltr'>nocturnae</span> <span class='ocrx_word' id='word_1_479' title='bbox 710 1658 1108 1712; x_wconf 84' lang='lat' dir='ltr'>celebrationis</span> <span class='ocrx_word' id='word_1_480' title='bbox 1140 1660 1362 1729; x_wconf 81' lang='lat' dir='ltr'>vigilias</span> <span class='ocrx_word' id='word_1_481' title='bbox 1394 1665 1708 1731; x_wconf 64' lang='lat' dir='ltr'>praevenire</span> 
     </span>
    </p>
   </div>
   <div class='ocr_carea' id='block_1_57' title="bbox 39 1745 1710 1820">
    <p class='ocr_par' dir='ltr' id='par_1_57' title="bbox 39 1745 1710 1820">
     <span class='ocr_line' id='line_1_57' title="bbox 39 1745 1710 1820; baseline 0.005 -24"><span class='ocrx_word' id='word_1_482' title='bbox 39 1746 279 1809; x_wconf 71' lang='lat' dir='ltr'>solebant,</span> <span class='ocrx_word' id='word_1_483' title='bbox 328 1761 507 1796; x_wconf 87' lang='lat' dir='ltr'>causa</span> <span class='ocrx_word' id='word_1_484' title='bbox 553 1745 824 1798; x_wconf 83' lang='lat' dir='ltr'>orationis</span> <span class='ocrx_word' id='word_1_485' title='bbox 874 1747 1025 1800; x_wconf 87' lang='lat' dir='ltr'>idem</span> <span class='ocrx_word' id='word_1_486' title='bbox 1094 1749 1407 1803; x_wconf 86' lang='lat' dir='ltr'>oratorium</span> <span class='ocrx_word' id='word_1_487' title='bbox 1464 1751 1710 1820; x_wconf 86' lang='lat' dir='ltr'>ingressi</span> 
     </span>
    </p>
   </div>
   <div class='ocr_carea' id='block_1_58' title="bbox 38 1832 1706 1908">
    <p class='ocr_par' dir='ltr' id='par_1_58' title="bbox 38 1832 1706 1908">
     <span class='ocr_line' id='line_1_58' title="bbox 38 1832 1706 1908; baseline 0.004 -22"><span class='ocrx_word' id='word_1_488' title='bbox 38 1849 193 1886; x_wconf 78' lang='lat' dir='ltr'>cereos</span> <span class='ocrx_word' id='word_1_489' title='bbox 221 1832 494 1886; x_wconf 85' lang='lat' dir='ltr'>ardentes</span> <span class='ocrx_word' id='word_1_490' title='bbox 547 1834 867 1904; x_wconf 87' lang='lat' dir='ltr'>vitreasque</span> <span class='ocrx_word' id='word_1_491' title='bbox 914 1836 1171 1890; x_wconf 87' lang='lat' dir='ltr'>lucernas</span> <span class='ocrx_word' id='word_1_492' title='bbox 1213 1844 1414 1908; x_wconf 85' lang='lat' dir='ltr'>Sponte</span> <span class='ocrx_word' id='word_1_493' title='bbox 1470 1857 1571 1892; x_wconf 86' lang='lat' dir='ltr'>sua</span> <span class='ocrx_word' id='word_1_494' title='bbox 1615 1839 1706 1892; x_wconf 91' lang='lat' dir='ltr'>in-</span> 
     </span>
    </p>
   </div>
   <div class='ocr_carea' id='block_1_59' title="bbox 38 1922 1704 1992">
    <p class='ocr_par' dir='ltr' id='par_1_59' title="bbox 38 1922 1704 1992">
     <span class='ocr_line' id='line_1_59' title="bbox 38 1922 1704 1992; baseline 0.005 -17"><span class='ocrx_word' id='word_1_495' title='bbox 38 1939 198 1975; x_wconf 82' lang='lat' dir='ltr'>censas</span> <span class='ocrx_word' id='word_1_496' title='bbox 243 1922 582 1992; x_wconf 76' lang='lat' dir='ltr'>frequenter</span> <span class='ocrx_word' id='word_1_497' title='bbox 620 1940 678 1975; x_wconf 83' lang='lat' dir='ltr'>se</span> <span class='ocrx_word' id='word_1_498' title='bbox 725 1923 935 1976; x_wconf 88' lang='lat' dir='ltr'>ibidem</span> <span class='ocrx_word' id='word_1_499' title='bbox 986 1926 1269 1980; x_wconf 86' lang='lat' dir='ltr'>invenisse</span> <span class='ocrx_word' id='word_1_500' title='bbox 1322 1927 1704 1984; x_wconf 83' lang='lat' dir='ltr'>afﬁrmabant.</span> 
     </span>
    </p>
   </div>
   <div class='ocr_carea' id='block_1_60' title="bbox 39 2011 1706 2080">
    <p class='ocr_par' dir='ltr' id='par_1_60' title="bbox 39 2011 1706 2080">
     <span class='ocr_line' id='line_1_60' title="bbox 39 2011 1706 2080; baseline 0.004 -17"><span class='ocrx_word' id='word_1_501' title='bbox 39 2012 348 2080; x_wconf 65' lang='lat' dir='ltr'>Angeiorum</span> <span class='ocrx_word' id='word_1_502' title='bbox 382 2011 563 2063; x_wconf 86' lang='lat' dir='ltr'>etiam</span> <span class='ocrx_word' id='word_1_503' title='bbox 598 2012 746 2064; x_wconf 91' lang='lat' dir='ltr'>inter</span> <span class='ocrx_word' id='word_1_504' title='bbox 782 2028 840 2064; x_wconf 89' lang='lat' dir='ltr'>se</span> <span class='ocrx_word' id='word_1_505' title='bbox 871 2013 1072 2066; x_wconf 82' lang='lat' dir='ltr'>choros</span> <span class='ocrx_word' id='word_1_506' title='bbox 1113 2014 1447 2070; x_wconf 90' lang='lat' dir='ltr'>ducentium</span> <span class='ocrx_word' id='word_1_507' title='bbox 1497 2018 1706 2071; x_wconf 86' lang='lat' dir='ltr'>suavis-</span> 
     </span>
    </p>
   </div>
   <div class='ocr_carea' id='block_1_61' title="bbox 41 2103 1786 2178">
    <p class='ocr_par' dir='ltr' id='par_1_61' title="bbox 41 2103 1786 2178">
     <span class='ocr_line' id='line_1_61' title="bbox 41 2103 1786 2178; baseline 0.005 -23"><span class='ocrx_word' id='word_1_508' title='bbox 41 2106 183 2156; x_wconf 81' lang='lat' dir='ltr'>simus</span> <span class='ocrx_word' id='word_1_509' title='bbox 222 2103 300 2155; x_wconf 85' lang='lat' dir='ltr'>ibi</span> <span class='ocrx_word' id='word_1_510' title='bbox 353 2108 673 2155; x_wconf 80' lang='lat' dir='ltr'>concentus</span> <span class='ocrx_word' id='word_1_511' title='bbox 721 2104 1109 2159; x_wconf 84' lang='lat' dir='ltr'>audiebatur:</span> <span class='ocrx_word' id='word_1_512' title='bbox 1161 2123 1411 2178; x_wconf 80' lang='lat' dir='ltr'>quorum</span> <span class='ocrx_word' id='word_1_513' title='bbox 1459 2126 1706 2177; x_wconf 78' lang='lat' dir='ltr'>praesen-</span> <span class='ocrx_word' id='word_1_514' title='bbox 1746 2112 1786 2164; x_wconf 91' lang='lat' dir='ltr'>B</span> 
     </span>
    </p>
   </div>
   <div class='ocr_carea' id='block_1_62' title="bbox 40 2192 1705 2262">
    <p class='ocr_par' dir='ltr' id='par_1_62' title="bbox 40 2192 1705 2262">
     <span class='ocr_line' id='line_1_62' title="bbox 40 2192 1705 2262; baseline 0.005 -19"><span class='ocrx_word' id='word_1_515' title='bbox 40 2193 146 2244; x_wconf 86' lang='lat' dir='ltr'>tiam</span> <span class='ocrx_word' id='word_1_516' title='bbox 175 2197 323 2244; x_wconf 86' lang='lat' dir='ltr'>tanta</span> <span class='ocrx_word' id='word_1_517' title='bbox 353 2192 600 2245; x_wconf 85' lang='lat' dir='ltr'>luminis</span> <span class='ocrx_word' id='word_1_518' title='bbox 637 2192 864 2246; x_wconf 86' lang='lat' dir='ltr'>claritas</span> <span class='ocrx_word' id='word_1_519' title='bbox 907 2201 1207 2262; x_wconf 85' lang='lat' dir='ltr'>prosecuta</span> <span class='ocrx_word' id='word_1_520' title='bbox 1271 2202 1373 2257; x_wconf 83' lang='lat' dir='ltr'>est,</span> <span class='ocrx_word' id='word_1_521' title='bbox 1431 2204 1491 2250; x_wconf 91' lang='lat' dir='ltr'>ut</span> <span class='ocrx_word' id='word_1_522' title='bbox 1547 2199 1705 2251; x_wconf 88' lang='lat' dir='ltr'>fene-</span> 
     </span>
    </p>
   </div>
   <div class='ocr_carea' id='block_1_63' title="bbox 42 2280 1705 2350">
    <p class='ocr_par' dir='ltr' id='par_1_63' title="bbox 42 2280 1705 2350">
     <span class='ocr_line' id='line_1_63' title="bbox 42 2280 1705 2350; baseline 0.005 -19"><span class='ocrx_word' id='word_1_523' title='bbox 42 2289 141 2332; x_wconf 46' lang='lat' dir='ltr'>stra!</span> <span class='ocrx_word' id='word_1_524' title='bbox 169 2281 336 2350; x_wconf 81' lang='lat' dir='ltr'>ipsius</span> <span class='ocrx_word' id='word_1_525' title='bbox 370 2281 628 2333; x_wconf 71' lang='lat' dir='ltr'>ecclesias</span> <span class='ocrx_word' id='word_1_526' title='bbox 663 2280 907 2332; x_wconf 82' lang='lat' dir='ltr'>maxima</span> <span class='ocrx_word' id='word_1_527' title='bbox 955 2283 1278 2350; x_wconf 88' lang='lat' dir='ltr'>splendoris</span> <span class='ocrx_word' id='word_1_528' title='bbox 1325 2285 1705 2339; x_wconf 89' lang='lat' dir='ltr'>illustratione</span> 
     </span>
    </p>
   </div>
   <div class='ocr_carea' id='block_1_64' title="bbox 41 2368 1705 2442">
    <p class='ocr_par' dir='ltr' id='par_1_64' title="bbox 41 2368 1705 2442">
     <span class='ocr_line' id='line_1_64' title="bbox 41 2368 1705 2442; baseline 0.005 -23"><span class='ocrx_word' id='word_1_529' title='bbox 41 2371 394 2431; x_wconf 72' lang='lat' dir='ltr'>clarescerent,</span> <span class='ocrx_word' id='word_1_530' title='bbox 451 2368 694 2437; x_wconf 88' lang='lat' dir='ltr'>locaque</span> <span class='ocrx_word' id='word_1_531' title='bbox 741 2369 801 2421; x_wconf 89' lang='lat' dir='ltr'>in</span> <span class='ocrx_word' id='word_1_532' title='bbox 851 2369 1036 2422; x_wconf 90' lang='lat' dir='ltr'>vicino</span> <span class='ocrx_word' id='word_1_533' title='bbox 1086 2371 1271 2439; x_wconf 90' lang='lat' dir='ltr'>posita</span> <span class='ocrx_word' id='word_1_534' title='bbox 1323 2373 1563 2442; x_wconf 79' lang='lat' dir='ltr'>fulgoris</span> <span class='ocrx_word' id='word_1_535' title='bbox 1615 2374 1705 2427; x_wconf 89' lang='lat' dir='ltr'>sui</span> 
     </span>
    </p>
   </div>
   <div class='ocr_carea' id='block_1_65' title="bbox 43 2457 1705 2531">
    <p class='ocr_par' dir='ltr' id='par_1_65' title="bbox 43 2457 1705 2531">
     <span class='ocr_line' id='line_1_65' title="bbox 43 2457 1705 2531; baseline 0.004 -21"><span class='ocrx_word' id='word_1_536' title='bbox 43 2457 383 2511; x_wconf 85' lang='lat' dir='ltr'>immensitate</span> <span class='ocrx_word' id='word_1_537' title='bbox 417 2457 852 2526; x_wconf 85' lang='lat' dir='ltr'>perfunderent.</span> <span class='ocrx_word' id='word_1_538' title='bbox 887 2459 1222 2512; x_wconf 88' lang='lat' dir='ltr'>Dulcissima</span> <span class='ocrx_word' id='word_1_539' title='bbox 1242 2477 1471 2531; x_wconf 88' lang='lat' dir='ltr'>quoque</span> <span class='ocrx_word' id='word_1_540' title='bbox 1512 2463 1705 2516; x_wconf 88' lang='lat' dir='ltr'>odoris</span> 
     </span>
    </p>
   </div>
   <div class='ocr_carea' id='block_1_66' title="bbox 42 2545 1704 2617">
    <p class='ocr_par' dir='ltr' id='par_1_66' title="bbox 42 2545 1704 2617">
     <span class='ocr_line' id='line_1_66' title="bbox 42 2545 1704 2617; baseline -0.001 -19"><span class='ocrx_word' id='word_1_541' title='bbox 42 2547 310 2616; x_wconf 80' lang='lat' dir='ltr'>fragrantia</span> <span class='ocrx_word' id='word_1_542' title='bbox 340 2545 559 2614; x_wconf 75' lang='lat' dir='ltr'>saepius</span> <span class='ocrx_word' id='word_1_543' title='bbox 595 2545 674 2598; x_wconf 88' lang='lat' dir='ltr'>ibi</span> <span class='ocrx_word' id='word_1_544' title='bbox 723 2551 992 2599; x_wconf 86' lang='lat' dir='ltr'>narratur</span> <span class='ocrx_word' id='word_1_545' title='bbox 1019 2563 1267 2617; x_wconf 85' lang='lat' dir='ltr'>aspersa,</span> <span class='ocrx_word' id='word_1_546' title='bbox 1324 2564 1452 2617; x_wconf 64' lang='lat' dir='ltr'>qua:</span> <span class='ocrx_word' id='word_1_547' title='bbox 1501 2552 1558 2600; x_wconf 90' lang='lat' dir='ltr'>et</span> <span class='ocrx_word' id='word_1_548' title='bbox 1604 2562 1704 2599; x_wconf 90' lang='lat' dir='ltr'>na-</span> 
     </span>
    </p>
   </div>
   <div class='ocr_carea' id='block_1_67' title="bbox 43 2634 1706 2705">
    <p class='ocr_par' dir='ltr' id='par_1_67' title="bbox 43 2634 1706 2705">
     <span class='ocr_line' id='line_1_67' title="bbox 43 2634 1706 2705; baseline -0.001 -18"><span class='ocrx_word' id='word_1_549' title='bbox 43 2636 167 2688; x_wconf 82' lang='lat' dir='ltr'>ribus</span> <span class='ocrx_word' id='word_1_550' title='bbox 188 2635 560 2688; x_wconf 88' lang='lat' dir='ltr'>odorantium</span> <span class='ocrx_word' id='word_1_551' title='bbox 606 2635 918 2704; x_wconf 85' lang='lat' dir='ltr'>incognita,</span> <span class='ocrx_word' id='word_1_552' title='bbox 955 2638 1008 2688; x_wconf 91' lang='lat' dir='ltr'>et</span> <span class='ocrx_word' id='word_1_553' title='bbox 1044 2635 1135 2689; x_wconf 85' lang='lat' dir='ltr'>sui</span> <span class='ocrx_word' id='word_1_554' title='bbox 1165 2635 1527 2705; x_wconf 89' lang='lat' dir='ltr'>jucunditate</span> <span class='ocrx_word' id='word_1_555' title='bbox 1571 2634 1706 2687; x_wconf 87' lang='lat' dir='ltr'>satis</span> 
     </span>
    </p>
   </div>
   <div class='ocr_carea' id='block_1_68' title="bbox 47 2723 1708 2793">
    <p class='ocr_par' dir='ltr' id='par_1_68' title="bbox 47 2723 1708 2793">
     <span class='ocr_line' id='line_1_68' title="bbox 47 2723 1708 2793; baseline 0 -17"><span class='ocrx_word' id='word_1_556' title='bbox 47 2723 286 2776; x_wconf 81' lang='lat' dir='ltr'>odorifera</span> <span class='ocrx_word' id='word_1_557' title='bbox 315 2723 657 2777; x_wconf 80' lang='lat' dir='ltr'>habebatur.</span> <span class='ocrx_word' id='word_1_558' title='bbox 693 2723 908 2786; x_wconf 86' lang='lat' dir='ltr'>Quibus</span> <span class='ocrx_word' id='word_1_559' title='bbox 940 2724 1196 2793; x_wconf 82' lang='lat' dir='ltr'>profecto</span> <span class='ocrx_word' id='word_1_560' title='bbox 1241 2724 1510 2779; x_wconf 83' lang='lat' dir='ltr'>omnibus</span> <span class='ocrx_word' id='word_1_561' title='bbox 1551 2727 1708 2793; x_wconf 87' lang='lat' dir='ltr'>patet.</span> 
     </span>
    </p>
   </div>
   <div class='ocr_carea' id='block_1_69' title="bbox 46 2812 1706 2884">
    <p class='ocr_par' dir='ltr' id='par_1_69' title="bbox 46 2812 1706 2884">
     <span class='ocr_line' id='line_1_69' title="bbox 46 2812 1706 2884; baseline 0.003 -24"><span class='ocrx_word' id='word_1_562' title='bbox 46 2813 109 2864; x_wconf 70' lang='lat' dir='ltr'>vir</span> <span class='ocrx_word' id='word_1_563' title='bbox 140 2812 232 2865; x_wconf 84' lang='lat' dir='ltr'>iste</span> <span class='ocrx_word' id='word_1_564' title='bbox 285 2813 496 2882; x_wconf 86' lang='lat' dir='ltr'>quanti</span> <span class='ocrx_word' id='word_1_565' title='bbox 545 2812 696 2880; x_wconf 86' lang='lat' dir='ltr'>apud</span> <span class='ocrx_word' id='word_1_566' title='bbox 749 2814 921 2866; x_wconf 88' lang='lat' dir='ltr'>Deum</span> <span class='ocrx_word' id='word_1_567' title='bbox 963 2813 1034 2865; x_wconf 92' lang='lat' dir='ltr'>sit</span> <span class='ocrx_word' id='word_1_568' title='bbox 1079 2813 1290 2875; x_wconf 88' lang='lat' dir='ltr'>meriti,</span> <span class='ocrx_word' id='word_1_569' title='bbox 1336 2814 1496 2884; x_wconf 85' lang='lat' dir='ltr'>juxta</span> <span class='ocrx_word' id='word_1_570' title='bbox 1543 2813 1706 2882; x_wconf 91' lang='lat' dir='ltr'>cujus</span> 
     </span>
    </p>
   </div>
   <div class='ocr_carea' id='block_1_70' title="bbox 47 2900 1704 2972">
    <p class='ocr_par' dir='ltr' id='par_1_70' title="bbox 47 2900 1704 2972">
     <span class='ocr_line' id='line_1_70' title="bbox 47 2900 1704 2972; baseline 0 -20"><span class='ocrx_word' id='word_1_571' title='bbox 47 2901 327 2970; x_wconf 83' lang='lat' dir='ltr'>sepulcrum</span> <span class='ocrx_word' id='word_1_572' title='bbox 383 2900 568 2954; x_wconf 89' lang='lat' dir='ltr'>cereis</span> <span class='ocrx_word' id='word_1_573' title='bbox 617 2907 786 2971; x_wconf 88' lang='lat' dir='ltr'>atque</span> <span class='ocrx_word' id='word_1_574' title='bbox 835 2901 1084 2954; x_wconf 83' lang='lat' dir='ltr'>lucernis</span> <span class='ocrx_word' id='word_1_575' title='bbox 1145 2908 1347 2972; x_wconf 87' lang='lat' dir='ltr'>sponte</span> <span class='ocrx_word' id='word_1_576' title='bbox 1410 2916 1515 2955; x_wconf 82' lang='lat' dir='ltr'>sua</span> <span class='ocrx_word' id='word_1_577' title='bbox 1561 2901 1704 2953; x_wconf 90' lang='lat' dir='ltr'>irra-</span> 
     </span>
    </p>
   </div>
   <div class='ocr_carea' id='block_1_71' title="bbox 49 2989 1706 3059">
    <p class='ocr_par' dir='ltr' id='par_1_71' title="bbox 49 2989 1706 3059">
     <span class='ocr_line' id='line_1_71' title="bbox 49 2989 1706 3059; baseline 0 -17"><span class='ocrx_word' id='word_1_578' title='bbox 49 2990 181 3042; x_wconf 79' lang='lat' dir='ltr'>diatis</span> <span class='ocrx_word' id='word_1_579' title='bbox 219 2989 495 3059; x_wconf 65' lang='lat' dir='ltr'>angelicae</span> <span class='ocrx_word' id='word_1_580' title='bbox 552 2989 957 3042; x_wconf 89' lang='lat' dir='ltr'>modulationis</span> <span class='ocrx_word' id='word_1_581' title='bbox 1013 2990 1374 3044; x_wconf 88' lang='lat' dir='ltr'>dulcedinem</span> <span class='ocrx_word' id='word_1_582' title='bbox 1424 2990 1706 3044; x_wconf 88' lang='lat' dir='ltr'>immensa</span> 
     </span>
    </p>
   </div>
   <div class='ocr_carea' id='block_1_72' title="bbox 49 3078 1700 3148">
    <p class='ocr_par' dir='ltr' id='par_1_72' title="bbox 49 3078 1700 3148">
     <span class='ocr_line' id='line_1_72' title="bbox 49 3078 1700 3148; baseline 0 -18"><span class='ocrx_word' id='word_1_583' title='bbox 49 3079 240 3131; x_wconf 87' lang='lat' dir='ltr'>luminis</span> <span class='ocrx_word' id='word_1_584' title='bbox 262 3079 604 3148; x_wconf 85' lang='lat' dir='ltr'>magnitudo</span> <span class='ocrx_word' id='word_1_585' title='bbox 635 3078 1026 3148; x_wconf 89' lang='lat' dir='ltr'>consequitur,</span> <span class='ocrx_word' id='word_1_586' title='bbox 1069 3085 1125 3131; x_wconf 91' lang='lat' dir='ltr'>et</span> <span class='ocrx_word' id='word_1_587' title='bbox 1170 3079 1461 3148; x_wconf 86' lang='lat' dir='ltr'>incognita</span> <span class='ocrx_word' id='word_1_588' title='bbox 1507 3078 1700 3132; x_wconf 90' lang='lat' dir='ltr'>odoris</span> 
     </span>
    </p>
   </div>
   <div class='ocr_carea' id='block_1_73' title="bbox 46 3166 1236 3234">
    <p class='ocr_par' dir='ltr' id='par_1_73' title="bbox 46 3166 1236 3234">
     <span class='ocr_line' id='line_1_73' title="bbox 46 3166 1236 3234; baseline 0.003 -17"><span class='ocrx_word' id='word_1_589' title='bbox 46 3166 312 3234; x_wconf 72' lang='lat' dir='ltr'>fragrantia</span> <span class='ocrx_word' id='word_1_590' title='bbox 355 3166 689 3220; x_wconf 87' lang='lat' dir='ltr'>mortalium</span> <span class='ocrx_word' id='word_1_591' title='bbox 731 3167 940 3220; x_wconf 88' lang='lat' dir='ltr'>olfactu</span> <span class='ocrx_word' id='word_1_592' title='bbox 973 3167 1236 3220; x_wconf 90' lang='lat' dir='ltr'>sentitur.</span> 
     </span>
    </p>
   </div>
   <div class='ocr_carea' id='block_1_74' title="bbox 117 5071 3515 5155">
    <p class='ocr_par' dir='ltr' id='par_1_74' title="bbox 117 5071 3515 5155">
     <span class='ocr_line' id='line_1_74' title="bbox 117 5071 3515 5155; baseline -0.004 -19"><span class='ocrx_word' id='word_1_593' title='bbox 117 5083 348 5155; x_wconf 76' lang='lat' dir='ltr'>‘Nempe</span> <span class='ocrx_word' id='word_1_594' title='bbox 395 5103 429 5140; x_wconf 87' lang='lat' dir='ltr'>a</span> <span class='ocrx_word' id='word_1_595' title='bbox 477 5083 856 5139; x_wconf 85' lang='lat' dir='ltr'>translatione</span> <span class='ocrx_word' id='word_1_596' title='bbox 906 5097 1056 5135; x_wconf 91' lang='lat' dir='ltr'>anno</span> <span class='ocrx_word' id='word_1_597' title='bbox 1107 5082 1211 5133; x_wconf 86' lang='lat'>830</span> <span class='ocrx_word' id='word_1_598' title='bbox 1257 5078 1507 5155; x_wconf 81' lang='lat' dir='ltr'>facta_in</span> <span class='ocrx_word' id='word_1_599' title='bbox 1561 5077 1710 5155; x_wconf 85' lang='lat' dir='ltr'>basi-</span> <span class='ocrx_word' id='word_1_600' title='bbox 1827 5150 1836 5155; x_wconf 26' lang='grc' dir='ltr'><strong>Δ</strong></span> <span class='ocrx_word' id='word_1_601' title='bbox 1891 5087 1913 5111; x_wconf 76' lang='grc' dir='ltr'><strong>ο</strong></span> <span class='ocrx_word' id='word_1_602' title='bbox 1945 5076 2157 5155; x_wconf 84' lang='lat' dir='ltr'>Nempe</span> <span class='ocrx_word' id='word_1_603' title='bbox 2215 5071 2530 5155; x_wconf 44' lang='lat' dir='ltr'>concilium.</span> <span class='ocrx_word' id='word_1_604' title='bbox 2572 5071 2974 5154; x_wconf 34' lang='lat' dir='ltr'>.Maguntinum</span> <span class='ocrx_word' id='word_1_605' title='bbox 3042 5073 3347 5155; x_wconf 40' lang='lat' dir='ltr'>anno‘8l3</span> <span class='ocrx_word' id='word_1_606' title='bbox 3400 5076 3515 5155; x_wconf 56' lang='lat' dir='ltr'>sta:-</span> 
     </span>
    </p>
   </div>
   <div class='ocr_carea' id='block_1_75' title="bbox 68 5142 3519 5224">
    <p class='ocr_par' dir='ltr' id='par_1_75' title="bbox 68 5142 3519 5224">
     <span class='ocr_line' id='line_1_75' title="bbox 68 5142 3519 5224; baseline -0.002 -22"><span class='ocrx_word' id='word_1_607' title='bbox 68 5149 197 5206; x_wconf 84' lang='lat' dir='ltr'>licam</span> <span class='ocrx_word' id='word_1_608' title='bbox 221 5142 474 5222; x_wconf 33' lang='lat' dir='ltr'>SfPetri,</span> <span class='ocrx_word' id='word_1_609' title='bbox 509 5170 686 5224; x_wconf 87' lang='lat' dir='ltr'>supra</span> <span class='ocrx_word' id='word_1_610' title='bbox 730 5170 854 5224; x_wconf 87' lang='lat' dir='ltr'>cap.</span> <span class='ocrx_word' id='word_1_611' title='bbox 917 5155 1008 5218; x_wconf 83' lang='lat' dir='ltr'>l6;</span> <span class='ocrx_word' id='word_1_612' title='bbox 1059 5150 1534 5224; x_wconf 38' lang='lat' dir='ltr'>namquailioc</span> <span class='ocrx_word' id='word_1_613' title='bbox 1588 5150 1712 5202; x_wconf 93' lang='lat' dir='ltr'>loco</span> <span class='ocrx_word' id='word_1_614' title='bbox 1821 5142 2181 5224; x_wconf 75' lang='lat' dir='ltr'>tuerat_c_ap.</span> <span class='ocrx_word' id='word_1_615' title='bbox 2235 5147 2320 5211; x_wconf 80' lang='lat'>50,</span> <span class='ocrx_word' id='word_1_616' title='bbox 2375 5148 2436 5224; x_wconf 71' lang='lat' dir='ltr'>ut</span> <span class='ocrx_word' id='word_1_617' title='bbox 2492 5143 2740 5210; x_wconf 75' lang='lat' dir='ltr'>deinceps</span> <span class='ocrx_word' id='word_1_618' title='bbox 2796 5146 3397 5224; x_wconf 63' lang='lat' dir='ltr'>corpora_sanctorum</span> <span class='ocrx_word' id='word_1_619' title='bbox 3453 5142 3519 5195; x_wconf 86' lang='lat' dir='ltr'>de</span> 
     </span>
    </p>
   </div>
   <div class='ocr_carea' id='block_1_76' title="bbox 70 5214 3518 5295">
    <p class='ocr_par' dir='ltr' id='par_1_76' title="bbox 70 5214 3518 5295">
     <span class='ocr_line' id='line_1_76' title="bbox 70 5214 3518 5295; baseline -0.003 -19"><span class='ocrx_word' id='word_1_620' title='bbox 70 5225 282 5295; x_wconf 67' lang='lat' dir='ltr'>refertur,</span> <span class='ocrx_word' id='word_1_621' title='bbox 317 5214 471 5281; x_wconf 77' lang='lat' dir='ltr'>anno</span> <span class='ocrx_word' id='word_1_622' title='bbox 501 5214 608 5280; x_wconf 68' lang='grc'>864</span> <span class='ocrx_word' id='word_1_623' title='bbox 632 5226 777 5278; x_wconf 89' lang='lat' dir='ltr'>facta</span> <span class='ocrx_word' id='word_1_624' title='bbox 799 5214 923 5290; x_wconf 53' lang='lat' dir='ltr'>&#39;est,</span> <span class='ocrx_word' id='word_1_625' title='bbox 974 5214 1316 5276; x_wconf 79' lang='lat' dir='ltr'>testantibus</span> <span class='ocrx_word' id='word_1_626' title='bbox 1357 5221 1712 5290; x_wconf 89' lang='lat' dir='ltr'>Hepidanno.</span> <span class='ocrx_word' id='word_1_627' title='bbox 1823 5218 1933 5295; x_wconf 77' lang='lat' dir='ltr'>loco</span> <span class='ocrx_word' id='word_1_628' title='bbox 1956 5215 2030 5268; x_wconf 84' lang='lat' dir='ltr'>ad</span> <span class='ocrx_word' id='word_1_629' title='bbox 2061 5217 2249 5295; x_wconf 54' lang='lat' dir='ltr'>iocum</span> <span class='ocrx_word' id='word_1_630' title='bbox 2293 5214 2476 5295; x_wconf 43' lang='lat' dir='ltr'>nullius</span> <span class='ocrx_word' id='word_1_631' title='bbox 2524 5218 2820 5295; x_wconf 64' lang='lat' dir='ltr'>praesumat</span> <span class='ocrx_word' id='word_1_632' title='bbox 2879 5214 3179 5295; x_wconf 74' lang='lat' dir='ltr'>transferre</span> <span class='ocrx_word' id='word_1_633' title='bbox 3227 5215 3344 5295; x_wconf 78' lang='lat' dir='ltr'>sine</span> <span class='ocrx_word' id='word_1_634' title='bbox 3388 5228 3518 5266; x_wconf 90' lang='lat' dir='ltr'>con-</span> 
     </span>
    </p>
   </div>
   <div class='ocr_carea' id='block_1_77' title="bbox 72 5285 3519 5354">
    <p class='ocr_par' dir='ltr' id='par_1_77' title="bbox 72 5285 3519 5354">
     <span class='ocr_line' id='line_1_77' title="bbox 72 5285 3519 5354; baseline -0.002 -10"><span class='ocrx_word' id='word_1_635' title='bbox 72 5285 342 5350; x_wconf 73' lang='lat' dir='ltr'>tlermanno</span> <span class='ocrx_word' id='word_1_636' title='bbox 371 5305 428 5352; x_wconf 84' lang='lat' dir='ltr'>et</span> <span class='ocrx_word' id='word_1_637' title='bbox 458 5298 609 5350; x_wconf 88' lang='lat' dir='ltr'>aliis.</span> <span class='ocrx_word' id='word_1_638' title='bbox 910 5285 918 5290; x_wconf 75' lang='grc'><em>’</em></span> <span class='ocrx_word' id='word_1_639' title='bbox 1443 5285 1459 5290; x_wconf 64' lang='grc'>⁷</span> <span class='ocrx_word' id='word_1_640' title='bbox 1823 5288 1946 5341; x_wconf 75' lang='lat' dir='ltr'>sitio</span> <span class='ocrx_word' id='word_1_641' title='bbox 1973 5287 2246 5354; x_wconf 80' lang='lat' dir='ltr'>principis</span> <span class='ocrx_word' id='word_1_642' title='bbox 2272 5285 2354 5336; x_wconf 77' lang='lat' dir='ltr'>vel</span> <span class='ocrx_word' id='word_1_643' title='bbox 2386 5285 2464 5353; x_wconf 87' lang='lat' dir='ltr'>(id</span> <span class='ocrx_word' id='word_1_644' title='bbox 2501 5291 2588 5338; x_wconf 88' lang='lat' dir='ltr'>est</span> <span class='ocrx_word' id='word_1_645' title='bbox 2612 5285 2681 5350; x_wconf 84' lang='lat' dir='ltr'>et)</span> <span class='ocrx_word' id='word_1_646' title='bbox 2717 5286 3089 5354; x_wconf 83' lang='lat' dir='ltr'>episcoporum</span> <span class='ocrx_word' id='word_1_647' title='bbox 3115 5288 3164 5335; x_wconf 81' lang='lat' dir='ltr'>et</span> <span class='ocrx_word' id='word_1_648' title='bbox 3192 5289 3393 5354; x_wconf 65' lang='lat' dir='ltr'>sancte</span> <span class='ocrx_word' id='word_1_649' title='bbox 3429 5298 3519 5350; x_wconf 83' lang='lat' dir='ltr'>sy-</span> 
     </span>
    </p>
   </div>
   <div class='ocr_carea' id='block_1_78' title="bbox 123 5353 3519 5424">
    <p class='ocr_par' dir='ltr' id='par_1_78' title="bbox 123 5353 3519 5424">
     <span class='ocr_line' id='line_1_78' title="bbox 123 5353 3519 5424; baseline -0.004 -5"><span class='ocrx_word' id='word_1_650' title='bbox 123 5366 228 5419; x_wconf 70' lang='lat' dir='ltr'>I&gt;De</span> <span class='ocrx_word' id='word_1_651' title='bbox 258 5385 406 5422; x_wconf 73' lang='lat' dir='ltr'>novae</span> <span class='ocrx_word' id='word_1_652' title='bbox 457 5367 713 5421; x_wconf 65' lang='lat' dir='ltr'>basilica:</span> <span class='ocrx_word' id='word_1_653' title='bbox 746 5365 798 5419; x_wconf 92' lang='lat' dir='ltr'>S.</span> <span class='ocrx_word' id='word_1_654' title='bbox 843 5364 987 5419; x_wconf 89' lang='lat' dir='ltr'>Galli</span> <span class='ocrx_word' id='word_1_655' title='bbox 1022 5362 1384 5416; x_wconf 77' lang='lat' dir='ltr'>dedicatione</span> <span class='ocrx_word' id='word_1_656' title='bbox 1433 5366 1564 5414; x_wconf 88' lang='lat' dir='ltr'>ante</span> <span class='ocrx_word' id='word_1_657' title='bbox 1612 5376 1713 5414; x_wconf 88' lang='lat' dir='ltr'>an-</span> <span class='ocrx_word' id='word_1_658' title='bbox 1822 5353 2230 5410; x_wconf 26' lang='lat' dir='ltr'>nodi’licentia.</span> <span class='ocrx_word' id='word_1_659' title='bbox 2281 5356 2596 5424; x_wconf 89' lang='lat' dir='ltr'>Utrumque</span> <span class='ocrx_word' id='word_1_660' title='bbox 2643 5353 2912 5423; x_wconf 67' lang='lat' dir='ltr'>praestitit</span> <span class='ocrx_word' id='word_1_661' title='bbox 2961 5353 3284 5408; x_wconf 88' lang='lat' dir='ltr'>Vulcandus</span> <span class='ocrx_word' id='word_1_662' title='bbox 3323 5354 3519 5409; x_wconf 85' lang='lat' dir='ltr'>Leodi-</span> 
     </span>
    </p>
   </div>
   <div class='ocr_carea' id='block_1_79' title="bbox 73 5425 3229 5507">
    <p class='ocr_par' dir='ltr' id='par_1_79' title="bbox 73 5425 3229 5507">
     <span class='ocr_line' id='line_1_79' title="bbox 73 5425 3229 5507; baseline -0.002 -23"><span class='ocrx_word' id='word_1_663' title='bbox 73 5446 176 5487; x_wconf 84' lang='lat' dir='ltr'>num</span> <span class='ocrx_word' id='word_1_664' title='bbox 198 5440 289 5490; x_wconf 88' lang='lat'>860</span> <span class='ocrx_word' id='word_1_665' title='bbox 336 5438 486 5492; x_wconf 85' lang='lat' dir='ltr'>facta</span> <span class='ocrx_word' id='word_1_666' title='bbox 539 5437 816 5507; x_wconf 88' lang='lat' dir='ltr'>legendus</span> <span class='ocrx_word' id='word_1_667' title='bbox 860 5434 1145 5489; x_wconf 81' lang='lat' dir='ltr'>Notkerus</span> <span class='ocrx_word' id='word_1_668' title='bbox 1173 5434 1232 5485; x_wconf 88' lang='lat' dir='ltr'>in</span> <span class='ocrx_word' id='word_1_669' title='bbox 1287 5432 1710 5507; x_wconf 80' lang='lat' dir='ltr'>Martyrologio,</span> <span class='ocrx_word' id='word_1_670' title='bbox 1823 5426 2005 5507; x_wconf 60' lang='lat' dir='ltr'>censis</span> <span class='ocrx_word' id='word_1_671' title='bbox 2031 5427 2332 5507; x_wconf 72' lang='lat' dir='ltr'>episcopus</span> <span class='ocrx_word' id='word_1_672' title='bbox 2367 5425 2427 5477; x_wconf 91' lang='lat' dir='ltr'>in</span> <span class='ocrx_word' id='word_1_673' title='bbox 2457 5429 2491 5480; x_wconf 89' lang='lat' dir='ltr'><strong><em>S</em></strong></span> <span class='ocrx_word' id='word_1_674' title='bbox 2546 5425 2812 5479; x_wconf 81' lang='lat' dir='ltr'>liucberti</span> <span class='ocrx_word' id='word_1_675' title='bbox 2836 5425 3229 5507; x_wconf 80' lang='lat' dir='ltr'>translatione.</span> 
     </span>
    </p>
   </div>
   <div class='ocr_carea' id='block_1_80' title="bbox 76 5495 3526 5577">
    <p class='ocr_par' dir='ltr' id='par_1_80' title="bbox 76 5495 3526 5577">
     <span class='ocr_line' id='line_1_80' title="bbox 76 5495 3526 5577; baseline -0.001 -26"><span class='ocrx_word' id='word_1_676' title='bbox 76 5517 135 5555; x_wconf 75' lang='lat' dir='ltr'>xvi</span> <span class='ocrx_word' id='word_1_677' title='bbox 161 5507 264 5561; x_wconf 78' lang='lat' dir='ltr'>Kal.</span> <span class='ocrx_word' id='word_1_678' title='bbox 299 5510 458 5575; x_wconf 68' lang='lat' dir='ltr'>Nov”</span> <span class='ocrx_word' id='word_1_679' title='bbox 488 5515 546 5561; x_wconf 86' lang='lat' dir='ltr'>et</span> <span class='ocrx_word' id='word_1_680' title='bbox 578 5495 882 5560; x_wconf 60' lang='lat' dir='ltr'>ﬁatbertus</span> <span class='ocrx_word' id='word_1_681' title='bbox 907 5522 1033 5574; x_wconf 86' lang='lat' dir='ltr'>cap.</span> <span class='ocrx_word' id='word_1_682' title='bbox 1069 5507 1120 5570; x_wconf 84' lang='lat'>6,</span> <span class='ocrx_word' id='word_1_683' title='bbox 1148 5521 1180 5556; x_wconf 89' lang='lat' dir='ltr'>a</span> <span class='ocrx_word' id='word_1_684' title='bbox 1207 5519 1320 5573; x_wconf 86' lang='lat' dir='ltr'>quo</span> <span class='ocrx_word' id='word_1_685' title='bbox 1356 5495 1625 5555; x_wconf 50' lang='lat' dir='ltr'>no&#39;nnihil&#39;</span> <span class='ocrx_word' id='word_1_686' title='bbox 1644 5502 1712 5554; x_wconf 89' lang='lat' dir='ltr'>de</span> <span class='ocrx_word' id='word_1_687' title='bbox 1890 5510 1915 5549; x_wconf 88' lang='lat' dir='ltr'>d</span> <span class='ocrx_word' id='word_1_688' title='bbox 1946 5497 2182 5577; x_wconf 63' lang='lat' dir='ltr'>Praefuit</span> <span class='ocrx_word' id='word_1_689' title='bbox 2221 5497 2289 5577; x_wconf 71' lang='lat' dir='ltr'>ab</span> <span class='ocrx_word' id='word_1_690' title='bbox 2337 5511 2489 5577; x_wconf 79' lang='lat' dir='ltr'>anno</span> <span class='ocrx_word' id='word_1_691' title='bbox 2536 5511 2766 5577; x_wconf 39' lang='lat' dir='ltr'>ncccxu‘</span> <span class='ocrx_word' id='word_1_692' title='bbox 2802 5511 2904 5576; x_wconf 62' lang='lat' dir='ltr'>per</span> <span class='ocrx_word' id='word_1_693' title='bbox 2955 5511 3138 5577; x_wconf 78' lang='lat' dir='ltr'>annos</span> <span class='ocrx_word' id='word_1_694' title='bbox 3180 5495 3447 5577; x_wconf 69' lang='lat' dir='ltr'>triginta</span> <span class='ocrx_word' id='word_1_695' title='bbox 3471 5498 3526 5548; x_wconf 89' lang='lat' dir='ltr'>et</span> 
     </span>
    </p>
   </div>
   <div class='ocr_carea' id='block_1_81' title="bbox 76 5567 3526 5648">
    <p class='ocr_par' dir='ltr' id='par_1_81' title="bbox 76 5567 3526 5648">
     <span class='ocr_line' id='line_1_81' title="bbox 76 5567 3526 5648; baseline -0.003 -20"><span class='ocrx_word' id='word_1_696' title='bbox 76 5588 188 5629; x_wconf 82' lang='lat' dir='ltr'>anno</span> <span class='ocrx_word' id='word_1_697' title='bbox 211 5567 848 5648; x_wconf 33' lang='lat' dir='ltr'>dissidet.&#39;Hcpidannus.</span> <span class='ocrx_word' id='word_1_698' title='bbox 979 5567 991 5574; x_wconf 80' lang='grc'><em>’</em></span> <span class='ocrx_word' id='word_1_699' title='bbox 1108 5567 1112 5570; x_wconf 62' lang='grc'><em>’</em></span> <span class='ocrx_word' id='word_1_700' title='bbox 1226 5567 1241 5573; x_wconf 83' lang='grc'><em>’</em></span> <span class='ocrx_word' id='word_1_701' title='bbox 1825 5584 2002 5621; x_wconf 84' lang='lat' dir='ltr'>unum</span> <span class='ocrx_word' id='word_1_702' title='bbox 2035 5567 2358 5621; x_wconf 72' lang='lat' dir='ltr'>tirimaldus</span> <span class='ocrx_word' id='word_1_703' title='bbox 2392 5568 2567 5621; x_wconf 86' lang='lat' dir='ltr'>abbas</span> <span class='ocrx_word' id='word_1_704' title='bbox 2600 5567 2910 5646; x_wconf 67' lang='lat' dir='ltr'>saecularis,</span> <span class='ocrx_word' id='word_1_705' title='bbox 2945 5567 3050 5620; x_wconf 89' lang='lat' dir='ltr'>sub</span> <span class='ocrx_word' id='word_1_706' title='bbox 3078 5582 3191 5636; x_wconf 88' lang='lat' dir='ltr'>quo</span> <span class='ocrx_word' id='word_1_707' title='bbox 3219 5567 3526 5620; x_wconf 63' lang='lat' dir='ltr'>liarmutus</span> 
     </span>
    </p>
   </div>
  </div>
