3846 6244
308 278 410 330 783

1501 270 1727 327 lSONlS
1767 271 2272 327 SANGALLENSIS
2314 271 2623 327 MONACHI
3720 274 3800 326 783

308 412 458 480 regis
484 408 997 479 archicapellanum
1054 407 1122 460 de
1166 408 1269 461 hac
1316 424 1374 460 re
1415 412 1754 461 tractaturus
1793 424 1995 478 aggre-
2034 408 2079 458 Α
2110 409 2325 461 honore
2350 414 2604 462 sanctum
2627 409 2807 462 virum
2829 425 2895 462 ex
2918 410 3119 463 eodem
3144 410 3392 464 oratorio
3417 410 3596 480 jubet
3631 414 3803 461 trans-

308 498 479 552 ditur.
508 500 638 551 Post
668 498 866 550 amica:
898 513 1030 549 vero
1058 497 1414 549 salutationis
1455 496 1640 549 ofﬁcia
1692 514 1819 549 cum
1872 514 1998 549 mu-

306 588 418 640 tuis
461 586 611 640 inter
659 602 717 640 se
769 586 1069 656 colloquiis
1127 586 1252 638 vitae
1305 585 1551 653 rigorem
1600 602 1661 637 ac
1728 585 2001 637 miracula

304 676 373 728 ob
402 676 673 727 indicium
709 674 1021 727 sanctitatis
1055 674 1176 742 ejus
1214 672 1543 742 frequenter
1591 679 1815 725 ostensa
1850 689 1999 725 com-

306 768 708 821 memo-arent,
744 762 1052 813 monachos
1100 761 1357 828 ejusdem
1408 760 1653 813 cceuobii
1712 761 1769 811 in
1822 776 2001 813 unum

303 850 607 903 convenire
639 848 980 919 principium
1017 866 1028 901 :
1064 848 1349 917 simulque
1392 864 1521 900 cum
1554 848 1631 899 eis
1667 846 2000 910 residentes,

305 944 563 991 sanctum
616 953 819 1007 corpus
845 938 913 989 de
959 938 1200 1003 tumulo,
1247 938 1302 989 in
1337 953 1448 1005 quo
1477 942 1711 988 eatenus
1756 935 1998 1004 jacebat,

305 1026 681 1080 auferendum
718 1032 889 1095 atque
918 1025 977 1077 in
1012 1025 1190 1078 sancti
1238 1025 1379 1079 Galli
1433 1025 1667 1077 ecclesia
1716 1024 2003 1076 collocan-

306 1116 443 1169 dum
472 1114 594 1184 pari
635 1118 764 1167 voto
808 1130 869 1167 ac
915 1114 1205 1166 communi
1259 1113 1494 1165 consilio
1547 1128 1749 1165 omnes
1796 1111 2001 1164 unani-

308 1203 476 1256 miter
503 1203 833 1255 decernunt.
866 1201 1219 1254 Venerabilis
1252 1202 1421 1254 etiam
1456 1201 1625 1254 abbas
1659 1201 2001 1265 Grimaldus,

304 1291 687 1361 quorumdam
719 1290 940 1342 animos
973 1296 1126 1343 metu
1168 1306 1229 1343 ac
1262 1290 1568 1343 formidine
1598 1289 1851 1342 sentiens
1879 1306 2001 1342 esse

306 1385 620 1449 permotos,
652 1378 1028 1431 conﬁdentior
1050 1379 1269 1431 caeteris
1292 1379 1547 1445 effectus,
1584 1378 2002 1431 inﬁrmantium

306 1473 525 1522 mentes
577 1466 925 1520 consolando
975 1468 1224 1531 roborat,
1276 1471 1331 1519 et
1375 1472 1623 1537 paternae
1688 1466 2005 1519 affectionis

306 1557 492 1611 studio
528 1555 935 1626 trepidantium
966 1556 1135 1608 corda
1168 1556 1461 1617 informat,
1510 1562 1770 1609 astruens
1804 1571 1868 1607 ex
1918 1555 2002 1608 di-

305 1647 450 1699 vinae
496 1644 805 1697 voluntatis
853 1644 1229 1713 dispositione
1279 1644 1606 1713 procedere,
1670 1644 1819 1713 quod
1887 1648 2001 1695 tam

310 1734 474 1787 multi
529 1734 598 1787 de
648 1734 843 1787 eodem
908 1733 1132 1785 tumulo
1191 1733 1371 1785 sancti
1424 1734 1529 1785 viri
1605 1733 2003 1802 corpusculum
2048 1721 2086 1772 Β

309 1823 697 1876 desiderarent
747 1822 988 1874 auferre.
1038 1823 1249 1875 Przesul
1291 1826 1479 1875 autem
1525 1823 1832 1891 prieclarus
1879 1838 2006 1874 cum

310 1912 570 1965 abbatem
592 1915 711 1963 tam
749 1909 1087 1963 ﬁducialiter
1124 1911 1181 1962 in
1215 1910 1302 1963 his
1335 1910 1503 1963 rebus
1545 1927 1741 1979 gerere
1782 1909 2008 1979 conspi-

308 2006 476 2066 ceret,
512 2002 844 2053 Harmotum
902 1997 1024 2069 [al.,
1075 1996 1445 2069 Harmodum]
1499 2000 1774 2052 decanum
1828 2008 1852 2031 ⁸
1894 2014 2011 2051 una

308 2105 436 2163 cum
459 2089 678 2141 caeteris
708 2087 978 2140 fratribus
1014 2102 1205 2140 secum
1251 2088 1556 2157 assumpsit
1593 2103 1604 2141 :
1639 2093 1693 2140 et
1723 2088 1793 2141 ad
1827 2087 2012 2156 sepul-

306 2192 463 2230 crum
501 2176 815 2247 |accedens,
887 2175 1137 2244 lapidem
1205 2175 1628 2245 superpositum
1694 2191 2007 2239 removere,

304 2266 609 2334 ipsumque
672 2263 1089 2333 sarcophagum
1140 2263 1197 2316 in
1251 2280 1363 2333 quo
1414 2266 1717 2316 thesaurus
1775 2262 2009 2333 pretiosi

307 2352 560 2423 corporis
588 2352 835 2422 jacebat,
886 2352 1157 2423 przecepit
1188 2352 1434 2422 aperire.
1483 2354 1606 2417 Quo
1636 2352 1779 2405 facto
1818 2367 2005 2405 mem-

304 2443 408 2496 bra
452 2442 746 2495 sanctitate
792 2442 965 2509 plena
1012 2441 1342 2511 inspiciens,
1392 2442 1703 2494 monachos
1746 2440 2005 2494 litaniam

310 2536 558 2596 cantare,
615 2530 994 2600 precibusque
1073 2530 1290 2583 devotis
1368 2530 1629 2583 hortatur
1715 2530 1998 2582 insistere.

310 2620 525 2674 Deinde
574 2619 922 2672 venerandas
975 2618 1151 2671 sancti
1205 2619 1387 2671 Patris
1434 2618 1663 2671 exuvias
1711 2616 2009 2670 humiliter

309 2709 666 2775 deosculans,
694 2724 822 2760 cum
857 2706 1016 2760 omni
1063 2708 1382 2760 reverentia
1417 2707 1485 2760 de
1541 2707 1761 2760 tumulo
1824 2706 2009 2760 suble-

308 2800 476 2861 vavit,
510 2797 651 2851 etin
685 2796 899 2859 lectica,
930 2812 1057 2866 qua:
1092 2796 1317 2848 illarum
1365 2797 1620 2865 receptui
1668 2798 1837 2866 paulo
1873 2801 2005 2849 ante

307 2890 604 2955 compacta
626 2885 831 2945 fuerat,
864 2884 1139 2953 reposuit.
1175 2884 1291 2938 Sub
1321 2885 1504 2955 capite
1540 2889 1729 2937 autem
1765 2890 1821 2937 et
1860 2884 2008 2937 circa

308 2979 505 3042 pectus
536 2972 639 3024 viri
695 2972 792 3025 Dei
848 2972 1108 3041 quaedam
1162 2973 1326 3041 panis
1384 2974 1605 3037 rotula},
1656 2989 1781 3042 quze
1839 2972 2007 3041 vulgo

308 3062 515 3115 oblatae
540 3064 565 3103 Ῑι
596 3062 885 3128 dicuntur,
920 3062 999 3113 ita
1040 3061 1235 3113 illmsze
1270 3066 1441 3131 atque
1482 3062 1552 3115 ab
1602 3061 1759 3115 omni
1810 3078 2002 3115 corru-

310 3151 509 3220 ptione
546 3154 826 3203 extraneae
871 3150 939 3203 ab
983 3150 1186 3203 eodem
1230 3150 1495 3219 episcopo
1544 3150 2003 3215 inveniebantur,

312 3238 457 3291 utin
515 3239 675 3291 nulla
707 3238 945 3290 omnino
983 3243 1145 3306 parte
1185 3238 1434 3290 colorem
1489 3238 1576 3290 vel
1625 3239 1869 3307 speciem
1920 3239 2006 3292 sui

310 3326 653 3385 amittentes.
689 3326 1089 3394 aspicientium
1123 3326 1304 3377 oculis
1337 3324 1485 3379 infra
1530 3329 1776 3395 spatium
1827 3327 2006 3397 ipsius

311 3416 687 3470 hebdomadas
726 3414 1057 3467 viderentur
1097 3430 1215 3466 esse
1257 3414 1544 3468 confectze.
1576 3415 1697 3478 Quo
1747 3431 1877 3468 vero
1912 3432 2004 3468 or-

312 3505 443 3558 dine
479 3519 663 3573 quove
721 3504 780 3556 in
817 3508 1074 3572 tempore
1134 3519 1201 3555 eo
1250 3502 1357 3555 loci
1402 3504 1786 3572 pervenerint,
1842 3503 2007 3556 nobis

309 3593 544 3663 quidem
576 3591 959 3662 incognitum,
993 3592 1109 3644 Deo
1135 3596 1325 3644 autem
1360 3591 1625 3644 novimus
1658 3608 1777 3644 esse
1813 3591 2005 3645 mani—

308 3684 535 3736 festum.
575 3681 686 3734 Hoc
735 3686 928 3734 tamen
973 3696 1171 3733 omnes
1226 3697 1329 3750 pro
1386 3685 1536 3733 certo
1577 3680 1808 3744 scimus,
1852 3679 2006 3749 quod

308 3788 412 3841 per
454 3771 685 3840 triginta
737 3771 990 3839 quinque
1038 3786 1216 3822 annos
1268 3769 1457 3821 nullus
1503 3768 1833 3821 mortalium
1886 3768 2007 3836 ejus

307 3862 633 3930 sepulcrum
658 3859 903 3928 aperuit,
940 3864 1248 3929 antequam
1275 3874 1528 3929 praesens
1561 3858 1863 3928 episc0pus
1898 3857 2005 3910 mi-

308 3948 529 4002 nisterii
560 3947 647 4000 sui
670 3948 845 4000 fretus
877 3947 1231 4012 auctoritate,
1267 3947 1523 4015 ejusdem
1548 3944 2008 4015 congregationis

308 4035 579 4089 fratribus
610 4035 715 4087 hoc
752 4034 1069 4087 faciendum
1120 4035 1389 4104 injunxit.
1440 4035 1591 4087 Idem
1640 4041 1831 4087 tamen
1883 4034 2005 4103 epi-

310 4140 517 4193 scopus
540 4110 940 4175 venerabiliter
969 4139 1062 4174 eas
1093 4139 1389 4175 assumens
1438 4138 1599 4175 sacro
1649 4123 1873 4192 corpori
1906 4139 2003 4193 ap-

310 4213 522 4281 posuit,
556 4211 862 4279 ipsumque
903 4226 1110 4279 corpus
1151 4227 1278 4263 cum
1314 4226 1539 4263 summa
1569 4212 1789 4263 cautela
1837 4212 2007 4265 obvo-

2109 497 2245 549 ferri
2284 537 2297 549 .
2331 499 2484 550 'l‘unc
2514 514 2647 549 vero
2671 498 2855 550 omnis
2885 499 2979 550 illa
2998 499 3410 552 monachorum
3446 502 3805 567 congregatio

2112 585 2253 637 albis
2301 586 2571 638 continuo
2620 586 2866 638 vestibus
2920 586 3138 651 induta,
3192 587 3342 639 dulci
3421 587 3807 640 modulatione

2112 673 2168 725 in
2204 674 2301 726 Dei
2334 674 2595 727 laudibus
2627 690 3067 745 prOprumpens,
3093 676 3241 728 beati
3274 676 3379 728 viri
3407 692 3629 745 corpus
3667 676 3809 728 laeta-

2110 762 2302 815 bunda
2336 764 2717 833 proscquitur.
2777 762 2981 832 Sicque
3014 778 3116 831 per
3159 778 3485 815 numerosae
3556 763 3809 814 multitu-

2111 852 2257 905 dinis
2286 853 2525 920 populos
2564 868 2708 921 quos
2739 868 2900 904 amor
2948 852 3334 904 translationis
3384 854 3513 921 ejus
3570 858 3809 902 attraxe-

2110 945 2217 1004 rat,
2255 956 2462 1009 magno
2494 956 2621 993 cum
2655 940 2875 993 honore
2909 940 3181 993 deductus
3222 941 3523 993 ecclesiam
3561 940 3624 992 S.
3680 939 3807 992 Galli

2112 1028 2455 1097 ingreditur,
2489 1044 2551 1080 ac
2576 1028 2740 1096 juxta
2772 1026 2895 1097 ejus
2925 1028 3105 1080 altare
3154 1028 3211 1080 in
3264 1028 3464 1079 dextra
3516 1032 3689 1096 parte
3728 1027 3814 1076 de-

2112 1117 2359 1186 ponitur.
2408 1117 2714 1185 Episcopus
2774 1120 2965 1168 autem
3024 1116 3491 1169 animadvertens
3544 1114 3811 1184 frequen-

2112 1205 2249 1258 tiam
2276 1205 2643 1274 populorum,
2682 1207 2777 1275 qui
2812 1204 3047 1257 diversis
3071 1220 3138 1255 ex
3171 1203 3429 1272 partibus
3459 1203 3561 1254 illo
3620 1216 3811 1253 conve-

2114 1299 2335 1355 nerant,
2371 1293 2587 1361 aliquid
2626 1292 2694 1345 de
2726 1293 3024 1344 sanctitate
3058 1292 3181 1360 ejus
3223 1292 3369 1343 velle
3409 1291 3641 1353 audire,
3697 1305 3809 1340 cum

2111 1388 2350 1451 propter
2417 1382 2647 1449 frigoris
2717 1380 3148 1449 subreptionem
3204 1380 3457 1432 faucium
3513 1378 3810 1430 raucedine

2111 1469 2421 1539 impeditus
2468 1470 2588 1537 ipse
2622 1469 2686 1522 ad
2720 1484 2818 1521 eos
2852 1468 3004 1537 loqui
3038 1484 3149 1520 non
3191 1467 3476 1537 potuisset
3509 1466 3808 1536 quemdam

2114 1557 2669 1627 archipresbyterum
2718 1558 3018 1610 ambonem
3061 1565 3081 1590 ε
3125 1557 3530 1619 conscendere,
3588 1572 3655 1607 ac
3706 1557 3809 1606 vice

2116 1646 2201 1698 sui
2235 1662 2556 1699 sermonem
2588 1647 2653 1699 ad
2681 1647 2957 1717 p0pulum
2982 1647 3164 1699 facere
3191 1646 3360 1715 jussit
3396 1662 3409 1698 :
3441 1646 3520 1697 ita
3560 1644 3813 1696 videliCet

2117 1740 2177 1788 ut
2202 1735 2497 1805 presbyter
2520 1734 2641 1803 ipse
2673 1734 2859 1787 altiori
2888 1736 3187 1805 paululum
3234 1735 3353 1787 loco
3395 1733 3715 1786 consistens
3757 1748 3812 1783 ea

2116 1828 2338 1877 tantum
2368 1824 2668 1894 proferret,
2705 1840 2833 1893 quae.
2874 1824 2979 1876 sibi
3024 1824 3326 1892 episcopus
3374 1823 3433 1875 in
3473 1822 3667 1874 vicino
3718 1837 3811 1889 po-

2117 1913 2257 1965 situs
2305 1913 2542 1967 dicenda
2594 1913 2929 1966 insinuaret.
2976 1912 3300 1982 Aliquantis
3328 1927 3466 1980 ergo
3511 1911 3649 1962 vitae
3700 1911 3809 1977 ejus

2118 2003 2391 2071 exemplis
2431 2018 2495 2055 ac
2526 2002 2828 2054 virtutibus
2880 2016 3068 2053 coram
3111 2000 3327 2070 populo
3375 1999 3633 2052 breviter
3681 1998 3810 2049 reci-

2116 2090 2267 2155 tatis,
2324 2089 2627 2143 missarum
2679 2089 2956 2142 solemnia
3006 2093 3383 2158 peraguntur,
3455 2087 3811 2158 populusque

2116 2179 2185 2231 ad
2208 2194 2309 2230 sua
2338 2194 2466 2231 cum
2507 2179 2717 2247 gaudio
2764 2177 3073 2231 revertitur
3104 2192 3119 2245 ;
3175 2177 3478 2246 episcopus
3516 2192 3659 2228 vero
3698 2176 3810 2243 ipsa

2118 2271 2278 2320 nocte
2309 2266 2512 2320 mansit
2548 2266 2606 2319 in
2658 2266 3024 2320 monasterio.
3075 2266 3232 2319 Mane
3269 2270 3462 2318 autem
3498 2264 3673 2329 facto,
3710 2264 3809 2316 fra-

2116 2360 2231 2409 tres
2254 2354 2311 2407 in
2343 2371 2523 2408 unum
2556 2355 2789 2424 colligit,
2821 2360 2993 2425 atque
3021 2354 3169 2407 inter
3202 2355 3310 2407 alia
3357 2369 3532 2406 sacrae
3582 2353 3813 2405 institu-

2116 2444 2289 2497 tionis
2368 2444 2710 2497 documenta
2789 2444 2859 2497 de
2931 2444 3112 2496 sancti
3169 2443 3277 2495 viri
3347 2442 3572 2495 meritis
3632 2448 3812 2494 certus

2116 2534 2384 2598 existens,
2416 2532 2769 2585 conﬁdenter
2810 2532 3090 2602 praecipit,
3129 2536 3190 2583 ut
3229 2532 3678 2601 superveniente
3728 2532 3809 2581 de-

2114 2622 2416 2693 positionis
2449 2621 2572 2689 ejus
2603 2622 2694 2674 die
2727 2620 2948 2690 vigilias
2969 2637 3033 2673 ac
3056 2621 3358 2673 missarum
3392 2620 3683 2673 solemnia
3715 2620 3807 2672 ho-

2115 2712 2350 2764 noriﬁce
2397 2709 2718 2778 perﬁciant,
2773 2710 3039 2778 diemque
3098 2709 3259 2761 illum
3327 2714 3444 2761 tam
3497 2709 3609 2778 ipsi
3644 2724 3804 2777 quam

2117 2800 2305 2852 omnis
2328 2798 2545 2852 familia
2579 2797 2726 2850 infra
2758 2797 3169 2850 monasterium
3202 2796 3465 2849 instituta
3497 2797 3558 2849 in
3592 2797 3804 2849 honore

2120 2890 2173 2941 Β.
2228 2888 2487 2942 Othmari
2528 2887 2785 2940 feriendo
2833 2902 2962 2939 cum
3013 2886 3225 2951 gaudio
3276 2884 3553 2953 spiritalis
3606 2886 3805 2937 laetitia)

2115 2977 2377 3031 festivum
2411 2976 2765 3047 possideant.
2804 2976 2895 3028 His
2928 2975 3195 3027 omnibus
3239 2974 3339 3035 ita,
3389 2979 3455 3026 ut
3486 2974 3806 3032 retulimus,

2116 3066 2375 3137 peractis,
2417 3066 2624 3135 praesul
2679 3063 2963 3133 benignus
3023 3063 3379 3116 orationibus
3424 3062 3696 3121 fratrum,
3748 3077 3801 3111 ac

2112 3154 2507 3209 benedictione
2538 3152 2813 3216 munitus,
2851 3151 3258 3204 monasterium
3298 3150 3462 3203 laetus
3493 3151 3803 3220 egreditur.

2800 3292 3021 3347 CAPUT
3063 3292 3128 3348 V.

2112 3402 2471 3455 Abbreviatio
2512 3404 2819 3523 temporun;
2851 3403 2908 3453 in
2952 3400 3148 3468 quibus
3196 3404 3622 3453 commemoratae
3664 3412 3801 3463 gm-

2824 3478 2990 3523 antur
3027 3486 3133 3523 res.

2824 3478 2990 3524 antur
3027 3486 3133 3524 res.

2186 3596 2307 3659 Quo
2329 3611 2463 3647 vero
2493 3601 2823 3664 temporum
2879 3598 3050 3659 statu,
3108 3594 3193 3646 vel
3240 3592 3343 3645 sub
3392 3592 3605 3661 quibus
3653 3590 3804 3661 regni

2115 3682 2473 3753 principibus
2504 3683 2625 3735 hinc
2655 3688 2812 3752 gesta
2837 3682 3070 3748 fuerint,
3119 3682 3165 3735 si
3194 3682 3323 3752 quis
3355 3681 3447 3752 pie
3500 3681 3801 3751 quaerendo

2113 3788 2454 3841 cognoscere
2499 3772 2669 3841 cupit,
2710 3771 2768 3824 in
2801 3772 2903 3824 hac
2940 3776 3145 3823 nostrae
3179 3770 3622 3839 conscriptionis
3672 3770 3800 3822 serie

2113 3860 2275 3915 facile
2306 3861 2516 3931 poterit
2546 3860 2798 3913 invenire
2843 3860 2993 3930 quod
3039 3858 3264 3929 qumrit.
3300 3860 3427 3928 Ipsa
3472 3858 3631 3911 enim
3676 3864 3803 3909 tem-

2115 3966 2321 4020 porum
2351 3954 2562 4003 statuta
2592 3949 2698 4002 hoc
2748 3949 2805 4001 in
2832 3950 2953 4001 loco
2982 3948 3112 4001 ideo
3145 3946 3613 4016 conscripsimus,
3661 3951 3722 3996 ut
3754 3948 3802 3994 et

2113 4039 2429 4109 legentium
2479 4038 2651 4091 ﬁdem
2705 4036 3048 4102 custodiant,
3105 4036 3381 4105 majorem
3423 4034 3572 4103 apud
3627 4037 3803 4102 poste-

2112 4143 2207 4180 ros
2265 4126 2521 4196 vigorem
2580 4125 2668 4179 sui
2736 4126 3103 4179 adnotatione
3176 4124 3402 4194 scriptis
3479 4122 3798 4175 exhibeant.

2116 4213 2298 4283 Igitur
2337 4213 2538 4265 beatus
2591 4212 2917 4278 Othmarus,
2970 4210 3172 4281 primis
3225 4210 3581 4279 temporibus
3633 4205 3804 4263 Caroli

310 4302 496 4354 lutum
526 4298 584 4351 in
617 4299 812 4351 lectica
865 4298 1129 4367 superius
1170 4298 1318 4352 dicta
1368 4298 1679 4351 honoriﬁce
1718 4315 2005 4353 commen-
2043 4331 2086 4385 Β
2116 4301 2294 4372 patris
2323 4301 2687 4355 Carlomanni
2712 4306 2766 4353 et
2797 4299 3025 4370 Pippini
3057 4315 3088 4351 a
3139 4299 3488 4351 Waltramno
3525 4296 3713 4350 nobili
3751 4310 3805 4347 ac

312 4388 483 4443 davit.

984 4528 1209 4582 CAPUT
1242 4529 1329 4581 IV.

306 4640 462 4693 Beati
505 4637 758 4695 Othmari
807 4636 1137 4761 translatio?)
1169 4638 1580 4761 ettfestivitatis
1625 4636 1741 4705 ejus
1792 4638 2004 4693 indicta

1001 4722 1055 4760 ce
1077 4723 1104 4761 ε
1141 4723 1203 4760 ra
1234 4723 1304 4761 ιο.

1001 4722 1304 4761 celebratio.

377 4834 510 4886 Post
536 4831 659 4884 haec
690 4829 864 4899 igitur
894 4830 1040 4883 facto
1066 4829 1369 4882 intervallo
1409 4828 1572 4898 quasi
1602 4829 1761 4883 horae
1810 4831 2000 4897 unius,

304 4921 513 4992 praesul
538 4920 774 4973 devotus
804 4920 1038 4973 hortatu
1074 4919 1347 4973 Grimaldi
1391 4918 1610 4971 abbatis
1632 4919 1827 4973 debito
1872 4936 2001 4974 cum

306 5060 622 5113 monachus
670 5058 995 5128 proabbatis
1036 5060 1211 5128 gessit
1243 5058 1518 5125 ofﬁcium,
1545 5075 1831 5114 successor
1864 5076 2001 5129 pos-

305 5136 395 5183 tea
426 5133 623 5184 factus.
653 5132 798 5200 Lege
832 5131 1187 5195 Ratbertum,
1219 5146 1342 5197 cap.
1376 5133 1407 5183 8
1435 5137 1491 5183 et
1520 5147 1678 5201 seqq.

374 5209 398 5234 ⁸
431 5203 481 5253 ls
507 5206 705 5269 postea
731 5201 1059 5254 Grimoaldo
1100 5203 1291 5254 abbati
1344 5203 1629 5259 successit.
1677 5218 1828 5255 anno
1874 5204 2000 5267 872,

306 5270 599 5324 laudatum
622 5273 769 5339 apud
799 5272 1130 5325 Rutbertum
1160 5273 1503 5325 monachum
1523 5274 1581 5325 in
1605 5274 1751 5325 libro
1771 5274 1839 5325 de
1855 5273 2002 5327 Casi-

310 5341 417 5393 bus
442 5342 698 5409 ejusdem
732 5342 1063 5394 monasterii
1092 5358 1213 5411 cap.
1246 5344 1276 5395 9
1306 5348 1362 5395 et
1392 5345 1471 5408 l0,
1508 5349 1701 5412 postea
1724 5344 1997 5409 inclusus,

307 5415 447 5463 teste
480 5417 779 5479 Anonymo
819 5412 1007 5465 Sancti
1050 5413 1299 5465 Gallensi
1336 5413 1394 5465 in
1427 5414 1525 5466 lib.
1563 5430 1599 5466 ιι
1645 5414 1714 5468 de
1745 5416 1869 5468 Vita
1896 5416 1999 5469 Ca-

309 5481 418 5533 roli
447 5482 654 5549 Magni,
688 5498 810 5550 cap.

376 5553 403 5592 b
434 5551 510 5603 De
542 5550 747 5603 oblatis
776 5567 874 5604 seu
906 5551 1293 5605 oblationibus
1325 5568 1464 5622 quas
1513 5552 1727 5607 hostias
1775 5560 1996 5620 vocant,

2114 4394 2349 4461 potente
2381 4390 2501 4444 viro
2529 4391 2598 4443 ad
2630 4389 2883 4459 ejusdem
2911 4387 3096 4442 Caroli
3120 4387 3487 4457 praesentiam
3512 4387 3801 4446 adductus,

2114 4481 2378 4535 cellulam
2420 4480 2475 4533 S.
2507 4480 2647 4533 Galli
2688 4477 3119 4547 gubernandam
3153 4475 3220 4529 ab
3254 4476 3350 4528 illo
3372 4475 3644 4544 suscepit,
3676 4474 3805 4541 ejus-

2114 4586 2225 4640 que
2258 4568 2640 4639 possessiones
2682 4582 2787 4635 per
2832 4566 3013 4618 multa
3065 4580 3345 4617 annorum
3392 4562 3575 4633 spatia
3624 4564 3683 4615 in
3730 4562 3806 4614 di-

2111 4658 2285 4711 versis
2315 4657 2484 4709 rebus
2516 4655 2786 4709 nobiliter
2812 4654 3239 4723 augmentando
3287 4652 3561 4705 dilatavit.
3612 4651 3805 4705 Defun-

2112 4749 2200 4797 cto
2232 4748 2421 4797 autem
2455 4742 2679 4807 Carolo,
2709 4757 2824 4794 non
2865 4745 2993 4809 post
3024 4742 3230 4793 multos
3276 4756 3459 4792 annos
3506 4739 3664 4792 filius
3694 4740 3804 4807 ejus

2114 4833 2524 4885 Carlomannus
2558 4831 2748 4884 divino
2788 4829 2872 4899 (ut
2900 4832 3153 4899 putatur)
3188 4844 3382 4881 amore
3431 4828 3662 4881 omissis
3710 4843 3805 4879 sae-

2111 4920 2317 4973 cularis
2347 4936 2575 4990 pompa:
2603 4918 2840 4984 deliciis,
2892 4933 3165 4989 germano
3206 4933 3309 4970 suo
3360 4916 3607 4986 Pippino
3656 4916 3802 4985 regni

2112 5065 2300 5115 actum
2334 5060 2394 5115 in
2425 5061 2758 5116 Praefatione
2782 5060 2850 5114 ad
2880 5060 3042 5113 istius
3074 5058 3263 5113 saeculi
3286 5063 3507 5111 tomum
3531 5058 3796 5128 primum.

2180 5159 2201 5185 ε
2257 5133 2459 5186 Balbus
2526 5133 2584 5185 in
2643 5132 2978 5187 Catholico:
3032 5131 3204 5184 Ambo
3260 5130 3558 5198 pulpitum,
3595 5131 3689 5182 ubi
3740 5144 3798 5180 ρι’

2111 5204 2369 5257 ambabus
2399 5204 2650 5272 partibus
2694 5208 2821 5257 sunt
2869 5203 3097 5268 gradus,
3143 5208 3193 5272 et
3223 5201 3367 5272 idem
3394 5200 3606 5253 dicitur
3652 5202 3793 5257 Amo,

2109 5276 2353 5339 Amom's,
2386 5270 2563 5339 male;
2610 5275 2820 5327 rectius
2860 5272 2962 5323 ἀπὸ
2993 5277 3083 5323 τοῦ
3137 5270 3425 5342 ἀμϐαίνειν,
3477 5276 3795 5324 ascendere.

2112 5346 2357 5400 Historia
2415 5345 2725 5414 Tripartita
2782 5346 2839 5397 in
2898 5344 2997 5397 lib.
3028 5359 3080 5407 Χ,
3114 5359 3235 5412 cap.
3270 5344 3324 5406 4,
3359 5342 3607 5395 residens
3650 5356 3799 5409 super

2109 5417 2403 5482 umbonem,
2453 5417 2547 5469 ubi
2594 5415 2795 5470 solebat
2848 5417 3003 5483 prius
3056 5417 3299 5468 consuete
3351 5416 3535 5478 facere
3604 5427 3793 5467 sermo-

2108 5502 2247 5552 nem,
2277 5493 2383 5541 etc.
