3846 6244
26 363 137 412 7R5
1154 362 1241 416 DE
1280 362 1653 416 MIRACUIJS
1693 365 1747 417 S.
1790 362 2125 416 OTﬂMARI.
2158 396 2219 401 ——
2257 364 2383 417 LIB.
2430 366 2469 417 Ι.

3462 372 3561 421 786

26 490 443 558 gubernacula
475 492 735 562 reliquit,
768 497 824 546 et
855 492 1040 561 primo
1075 494 1286 558 Romae,
1327 492 1384 545 in
1419 496 1609 545 monte
1648 491 1749 545 So-
1790 493 1835 544 Α
1861 493 2132 546 continuo
2165 493 2221 547 in
2246 494 2366 564 ipsa
2404 502 2564 550 nocte
2596 498 2865 569 episcopo
2924 500 3109 553 adhuc
3152 499 3302 553 infra
3353 517 3553 555 mona-

24 584 211 643 racte,
251 580 409 648 apud
444 581 749 634 ecclesiam
780 582 957 633 sancti
987 582 1242 634 Silvestri
1272 586 1595 635 constructo
1642 596 1760 633 mo-

28 669 297 721 nasterio
344 671 629 738 regularis
693 672 821 723 vitae
872 669 1151 723 institutis
1201 670 1379 723 libera
1427 671 1571 723 colla
1621 670 1758 723 sub-

27 753 202 815 didit,
240 772 307 807 ac
335 755 552 809 deinde
602 758 661 810 in
708 758 997 811 Samnium
1056 758 1404 827 provinciam
1458 759 1527 811 ob
1576 774 1759 811 secre-

28 842 195 893 tioris
232 846 373 897 vita:
427 862 689 899 amorem
738 848 1028 911 secedens,
1062 848 1122 899 iu
1176 848 1518 900 monasterio
1581 847 1761 899 sancti

32 929 365 993 Benedicti,
403 934 560 1002 quod
580 940 665 985 est
699 934 870 987 situm
893 935 950 988 in
978 941 1161 987 castro
1180 935 1425 1001 jCasino,
1471 935 1759 1005 reliquum

30 1020 157 1069 vitae
215 1026 459 1089 tempus
512 1022 778 1091 religiose
828 1023 1217 1075 conversando
1245 1024 1550 1093 complevit
1594 1034 1636 1077 ³.
1689 1028 1762 1076 At

34 1123 168 1157 vero
202 1109 497 1177 Pippinus
528 1116 691 1179 pater
722 1110 906 1163 Caroli
938 1110 1297 1179 imperatoris
1354 1128 1456 1179 per
1513 1112 1758 1165 auctori-

34 1200 213 1245 tatem
272 1196 559 1266 Stephani
594 1198 831 1251 Romani
882 1198 1168 1267 pontiﬁcis
1219 1200 1476 1269 deposito
1541 1216 1603 1252 ac
1661 1200 1757 1253 de-

30 1288 203 1335 tonso
249 1285 276 1325 b
313 1300 453 1354 rege
484 1286 754 1353 llildrico,
787 1302 936 1339 anno
966 1287 1034 1339 ab
1082 1287 1479 1341 lncarnatione
1537 1288 1760 1341 Domini

33 1372 570 1439 septingentesimo
628 1374 1110 1443 quinquagesimo
1160 1380 1387 1445 quarto,
1445 1376 1759 1430 indictione

34 1462 314 1527 septima,
376 1476 446 1513 ex
479 1460 749 1530 przefecto
795 1462 1001 1531 palatii
1040 1479 1138 1516 rex
1189 1465 1553 1531 constitutus,
1607 1466 1760 1517 solus

40 1549 273 1601 Francis
328 1550 620 1619 imperare
650 1550 839 1619 cuspit.
880 1551 971 1603 His
1012 1551 1090 1604 ita
1121 1556 1312 1621 gestis,
1362 1554 1630 1621 praefatus
1676 1554 1761 1607 vir

40 1638 464 1703 Waltramnus,
511 1638 583 1691 ad
632 1640 793 1707 cujus
842 1640 1258 1708 possessionem
1308 1642 1513 1694 cellula
1581 1644 1760 1696 sancti

40 1726 176 1777 Galli
241 1726 421 1795 quasi
468 1726 832 1780 haereditario
881 1728 1010 1797 jure
1081 1730 1371 1798 pertinere
1440 1730 1757 1795 videbatur,

38 1820 344 1881 comperto
384 1816 538 1883 quod
569 1815 840 1884 Pippinus
875 1833 941 1869 ex
977 1818 1323 1870 Francorum
1374 1835 1653 1872 consensu
1699 1819 1757 1873 in

41 1904 197 1969 regni
232 1903 377 1955 sede
412 1903 588 1955 fuerit
621 1904 949 1971 collocatus,
1001 1906 1187 1959 virum
1245 1907 1344 1960 Dei
1394 1908 1758 1974 Othniarum,

38 1990 173 2041 sicut
210 1991 352 2043 vitae
392 1992 515 2060 ejus
547 1992 808 2062 superior
834 1993 1059 2045 libellus
1098 1996 1241 2064 (cap.
1300 1996 1350 2063 l)
1386 1996 1601 2061 edocet,
1654 1996 1756 2049 ite-

43 2086 156 2131 rato
192 2096 508 2132 assumens
539 2081 607 2133 ad
644 2081 920 2149 palatium
944 2082 1246 2151 lperduxit,
1285 2090 1454 2154 atque
1504 2085 1759 2154 ejusdem

44 2170 140 2219 loci
176 2168 429 2221 titulum
460 2169 570 2238 ipsi
599 2170 871 2224 Otiimaro
903 2188 935 2223 a
961 2186 1093 2240 rege
1126 2172 1517 2225 commendari
1572 2177 1759 2240 postu-

43 2256 189 2309 lavit.
225 2257 356 2320 Quo
388 2257 536 2309 facto
587 2263 815 2310 sanctus
848 2260 947 2322 vir,
998 2258 1192 2311 multis
1243 2260 1414 2329 regia:
1478 2260 1757 2327 largitatis

48 2346 399 2399 muneribus
432 2362 537 2414 pro
574 2346 831 2414 ejusdem
877 2346 983 2399 loci
1036 2348 1412 2400 instructione
1460 2347 1756 2416 susceptis,

44 2432 294 2501 gaudens
340 2438 402 2486 et
430 2433 756 2503 tripudians
795 2434 865 2487 ad
901 2436 1310 2488 monasterium
1343 2436 1530 2489 rediit.
1576 2435 1757 2504 Septi-

47 2536 130 2573 mo
154 2530 359 2574 autem
387 2538 542 2575 anno
589 2528 858 2591 regnante
891 2522 1155 2592 Pippino,
1209 2524 1422 2577 Warini
1470 2528 1524 2576 et
1570 2523 1757 2577 [tuadc

46 2610 198 2662 hardi
223 2611 500 2678 potentia
528 2610 741 2680 injuste
774 2628 1099 2680 oppressus,
1121 2612 1327 2681 plenus
1360 2613 1603 2678 dierum,
1639 2612 1758 2681 ple-

54 2716 149 2750 tius
174 2701 359 2752 etiam
410 2700 711 2753 sanctitate
758 2700 1099 2753 meritorum
1144 2702 1212 2754 de
1263 2702 1541 2769 angustiis
1592 2702 1761 2771 hujus

50 2788 168 2838 visa!
216 2789 498 2856 eripitur,
555 2791 612 2841 et
662 2804 762 2857 pro
816 2789 1093 2841 bonorum
1146 2790 1345 2843 studiis
1405 2807 1642 2859 operum
1692 2789 1759 2842 ad

53 2886 274 2929 aeternae
309 2875 695 2929 beatitudinis
722 2876 931 2946 gaudia
965 2876 1319 2945 perducitur.
1356 2878 1601 2930 Evolutis
1638 2883 1763 2946 post

48 2963 157 3016 haec
187 2967 401 3016 decem
436 2964 625 3030 annis,
660 2981 692 3017 a
722 2965 840 3017 suis
890 2964 1183 3017 monachis
1226 2966 1297 3018 ad
1346 2966 1760 3019 monasterium

52 3054 363 3105 translatus
412 3053 563 3105 inter
603 3069 760 3106 aram
791 3053 845 3106 S.
895 3053 1132 3107 Joannis

49 3148 153 3193 tem
214 3141 518 3209 Ecclesiae,
567 3142 625 3195 in
689 3142 922 3195 dextera
969 3142 1165 3194 altaris
1213 3148 1393 3211 parte,
1446 3142 1758 3196 honoriﬁce

50 3230 496 3283 commendatur
545 3246 557 3283 :
601 3246 665 3283 ac
714 3230 919 3283 deinde
978 3229 1330 3299 interpositis
1397 3247 1508 3283 non
1568 3231 1759 3284 minus

51 3321 341 3385 sexaginta
380 3318 572 3383 annis,
624 3318 845 3372 decimo
896 3317 1141 3388 septimo
1190 3318 1470 3371 Kalendas
1518 3319 1663 3382 Maii,
1698 3319 1758 3371 in

47 3406 127 3460 die
159 3413 364 3459 sancto
400 3422 701 3475 parasceve
733 3407 982 3473 Paschaz,
1028 3408 1093 3459 ad
1145 3407 1464 3460 oratorium
1509 3410 1562 3461 S.
1608 3407 1757 3460 Petri

48 3496 368 3549 deducitur.
408 3497 539 3548 Post
594 3494 715 3548 haec
762 3500 955 3549 autem
1002 3496 1292 3549 tricesimo
1336 3496 1535 3565 quinto
1582 3512 1754 3561 anno,

52 3584 466 3636 lucarnatinuis
500 3590 695 3635 autem
726 3584 952 3637 Domini
995 3584 1470 3653 octingentesimo
1526 3600 1757 3650 sexage-

52 3674 181 3726 simu
211 3680 451 3742 quarto,
488 3671 799 3725 indictione
840 3674 1058 3726 decima
1109 3673 1295 3738 tertia,
1346 3673 1451 3725 sub
1498 3672 1755 3742 piissimo

53 3777 171 3827 rege
222 3760 545 3820 Ludovico,
603 3761 1041 3814 translationem
1090 3777 1262 3832 quam
1324 3777 1497 3829 supra
1546 3761 1751 3813 descri-

54 3852 283 3918 psimus,
309 3849 644 3902 Grimaldus
668 3850 820 3919 regis
844 3850 1333 3919 archicapellanus
1366 3853 1537 3918 atque
1579 3850 1757 3918 ipsius

55 3940 212 3991 abbas
244 3937 595 3991 monasterii
644 3954 771 3990 cum
817 3938 1117 3991 Salomone
1168 3938 1619 3991 Constantiensis
1663 3939 1759 3990 Ec-

57 4028 225 4079 clesia:
257 4026 535 4095 praesule,
574 4032 778 4095 quarta
808 4026 949 4079 feria
982 4026 1085 4079 sub
1131 4031 1328 4078 octavo
1372 4026 1756 4079 Kalendarum

60 4115 461 4169 \‘ovembrium
514 4114 604 4167 die
637 4114 881 4184 peregit.
920 4115 1002 4177 Et,
1050 4119 1111 4167 ut
1156 4130 1262 4166 nos
1316 4114 1508 4165 solerti
1570 4114 1756 4166 studio

54 4203 314 4271 indagare
355 4202 672 4271 potuimus,
710 4218 739 4253 a
770 4201 1010 4271 septimo
1044 4200 1265 4271 Pippini
1302 4217 1478 4268 anno,
1524 4218 1639 4271 quo
1670 4202 1756 4253 vir

56 4296 265 4343 sanctus
299 4290 375 4342 de
409 4288 584 4357 hujus
602 4288 797 4341 saeculi
819 4287 1099 4357 angustiis
1118 4286 1538 4357 commigravit,
1572 4304 1750 4355 usque

56 4380 111 4429 ad
142 4378 607 4441 translationem,
638 4382 868 4430 centum
907 4382 961 4429 et
992 4382 1241 4447 quatuor
1269 4387 1291 4411 ε
1344 4377 1479 4428 anni
1519 4392 1751 4447 compu-
1796 4379 1838 4431 D

58 4472 256 4519 tantur.

734 4553 957 4606 CAPUT
989 4552 1077 4605 VI.

62 4662 321 4727 lncoynita
365 4659 551 4713 odoris
589 4660 909 4725 fragrantia
946 4661 1091 4711 circa
1128 4658 1243 4726 ejus
1286 4672 1477 4725 corpus
1512 4673 1751 4725 aspersa.

120 4767 428 4837 Descriptis
462 4766 827 4836 temporibus
859 4766 917 4819 in
950 4764 1159 4835 quibus
1210 4780 1297 4817 res
1339 4764 1602 4833 superius
1638 4779 1755 4816 me-

64 4863 277 4910 morata:
330 4855 709 4926 gerebantur,
760 4870 910 4907 nunc
958 4854 1029 4907 ad
1084 4852 1363 4906 miracula
1430 4852 1751 4917 veniamus,

63 4960 173 5011 qua:
203 4950 333 5014 post
367 4943 813 4996 translationem
855 4957 1029 5012 quam
1061 4942 1393 5001 retulimus.
1429 4940 1577 4993 circa
1626 4940 1756 4993 reli-

65 5034 207 5099 quias
234 5034 289 5087 S.
330 5031 594 5087 Othmari
641 5030 1055 5099 omnipotentis
1108 5030 1204 5082 Dei
1253 5030 1465 5081 virtute
1516 5028 1755 5081 manife-

66 5124 190 5170 stata
217 5134 341 5172 esse
376 5116 784 5187 cognovimus.
821 5115 1169 5169 Venerandis
1198 5115 1377 5168 sancti
1412 5114 1589 5167 Patris
1620 5130 1757 5167 exu-

69 5208 153 5258 viis
179 5208 247 5260 ab
267 5206 572 5261 basilicam
609 5205 665 5259 S.
699 5203 841 5259 Galli
875 5204 1116 5275 praefato
1169 5203 1371 5257 ordine
1421 5201 1756 5271 deportatis,

126 5340 143 5361 ‘
175 5331 418 5399 Excepta
462 5328 678 5383 ultima
707 5326 841 5399 vita:
889 5327 1146 5399 periodo,
1196 5342 1369 5399 quam
1420 5326 1651 5378 Vienna:
1702 5324 1759 5376 in

72 5402 225 5454 Gallia
256 5397 522 5455 absolvit.
559 5401 709 5467 Lege
742 5397 919 5466 ipsius
947 5398 1205 5467 Elogium
1234 5398 1301 5450 ad
1325 5413 1455 5449 ann.
1490 5399 1612 5448 7525.

128 5475 147 5513 δ
180 5471 494 5546 Childerici
554 5469 801 5546 dejectio
854 5484 917 5546 ac
965 5468 1195 5546 _Pippini
1252 5467 1617 5546 intillgtll‘ftiiu
1660 5481 1762 5543 per

74 5542 409 5596 Bonifacium
445 5556 515 5595 ex
560 5539 820 5592 consulto
860 5538 1143 5592 Zacharim
1191 5538 1477 5607 pontiﬁcis
1518 5538 1760 5590 Romani

73 5614 195 5666 facta
223 5615 411 5668 fuerat
444 5617 584 5667 ante
611 5610 762 5664 duos
788 5625 967 5663 annos
996 5624 1171 5680 quam
1204 5626 1235 5663 a
1280 5610 1569 5678 Stephano
1612 5622 1757 5675 papa

1869 582 2107 635 sterium
2166 583 2353 653 posito
2404 601 2611 654 magna
2665 588 2851 641 odoris
2909 590 3151 643 suavitas
3212 590 3271 642 in
3330 589 3562 643 basilica

1869 669 1920 723 S.
1987 669 2130 723 Galli
2190 671 2639 743 circumquaque
2688 674 2912 741 diffusa,
2977 675 3223 729 maxime
3273 677 3435 745 juxta
3496 677 3555 730 Β.

1871 758 2131 813 Othmari
2161 776 2368 828 corpus
2402 761 2565 829 quasi
2602 761 2662 814 in
2715 763 2947 815 modum
2996 764 3219 816 nebula:
3268 764 3557 816 volitando

1868 847 2188 901 redundare
2241 855 2533 919 comperta
2584 855 2685 903 est.
2758 850 2929 919 Cujus
2993 851 3184 903 odoris
3246 851 3559 919 fragrantia

1868 950 1995 987 cum
2020 935 2364 988 continuatis
2387 935 2567 989 tribus
2610 936 2807 989 diebus
2839 953 2901 988 ac
2930 938 3188 990 noctibus
3212 937 3422 991 ibidem
3457 939 3560 991 du-

1868 1029 2039 1087 raret,
2093 1040 2208 1076 non
2250 1030 2441 1076 tamen
2488 1025 2558 1076 ab
2600 1025 2869 1077 omnibus
2920 1028 3102 1093 potuit
3152 1024 3349 1076 sentiri
3392 1042 3404 1078 :
3464 1029 3560 1078 sed

1869 1111 2101 1181 quidam
2137 1117 2345 1163 nostra:
2376 1111 2835 1181 congregationis
2880 1113 3102 1176 fratres,
3137 1112 3235 1182 qui
3264 1113 3432 1165 etiam
3474 1129 3560 1164 re-

1870 1199 2190 1269 ligiosiores
2221 1216 2339 1251 esse
2390 1200 2749 1265 videbantur,
2802 1200 3135 1253 suavitatem
3186 1200 3340 1253 illius
3380 1200 3563 1269 degu~

1868 1289 2112 1354 stabant,
2150 1294 2204 1342 et
2247 1287 2537 1357 religionis
2582 1305 2698 1341 sua“:
2749 1289 3082 1341 auctoritate
3131 1290 3303 1357 hujus
3338 1290 3418 1341 rei
3469 1304 3563 1341 ve-

1869 1376 2099 1429 ritatem
2128 1377 2277 1446 apud
2314 1382 2550 1429 caeteros
2582 1376 3076 1429 commendabant.
3115 1376 3333 1439 Quibus
3392 1376 3563 1429 etiam

1869 1466 2012 1518 odor
2040 1465 2180 1533 ipse,
2214 1466 2475 1534 quamvis
2497 1464 2818 1533 incognitus
2845 1469 3013 1533 atque
3042 1470 3280 1516 eatenus
3304 1464 3565 1533 inexper-

1868 1560 1959 1608 tus
1994 1554 2291 1617 exstiterit,
2316 1554 2673 1606 dulcedinem
2707 1558 2897 1606 tamen
2948 1554 3185 1607 balsami
3236 1554 3464 1625 partim,
3504 1558 3565 1606 ut

1869 1647 2151 1710 asserunt,
2178 1646 2399 1710 poterat
2432 1641 2665 1693 imitari.

2527 1746 2753 1800 CAPUT
2804 1746 2917 1800 νη.

2093 1837 2335 1889 Lucerna
2361 1838 2535 1888 vitrea
2564 1851 2745 1889 corum
2776 1850 2831 1888 eo
2857 1832 3063 1888 cu'litus
3102 1836 3337 1887 incensa.

1943 1942 2005 1995 In
2028 1941 2287 2012 proximo
2339 1958 2567 2011 quoque
2605 1941 2860 2008 sabbato,
2906 1940 2963 1993 id
3004 1944 3088 1993 est.
3135 1944 3340 2009 quarto
3390 1940 3482 1994 die
3535 1958 3565 1993 a

1870 2029 2021 2082 beati
2065 2030 2169 2083 viri
2218 2030 2605 2094 translatione,
2664 2034 2923 2082 sanctum
2973 2043 3177 2096 corpus
3226 2032 3351 2096 post
3407 2043 3564 2079 aram

1871 2117 1927 2171 S.
1962 2116 2195 2172 Joannis
2232 2118 2496 2186 Baptista:
2546 2117 2775 2169 interim
2826 2118 3154 2182 collocatur,
3204 2116 3386 2169 donec
3420 2132 3568 2168 nova

1869 2209 2102 2262 basilica
2134 2208 2237 2260 sub
2259 2208 2381 2277 ejus
2412 2208 2633 2261 honore
2664 2206 2968 2261 dedicandi
3008 2205 3186 2275 ipsiUS
3223 2203 3565 2257 habitationi

1871 2298 2266 2350 aediﬁcaretur.
2317 2296 2521 2348 Eadem
2572 2311 2708 2364 ergo
2748 2299 2907 2349 nocte
2952 2294 3263 2357 Dominica,
3313 2291 3565 2345 ecclesiae

1871 2387 2060 2435 custos
2087 2396 2214 2433 cum
2248 2386 2540 2433 nocturna:
2572 2379 2914 2435 celebritatis
2946 2377 3166 2447 vigilias
3199 2391 3562 2445 consurgen-

1871 2469 1942 2522 do
2015 2466 2374 2537 praeveniret,
2437 2482 2593 2518 more
2654 2466 2818 2519 solito
2888 2465 3177 2517 basilicam
3249 2464 3562 2532 ingressus,

1871 2560 2071 2608 cuncta
2102 2554 2225 2623 ejus
2258 2552 2563 2606 luminaria
2590 2554 2736 2606 bene
2784 2552 3060 2604 exstincta
3110 2550 3342 2619 reperit.
3395 2550 3565 2617 Cujus

1873 2644 2108 2711 vestigia
2135 2644 2429 2713 presbyter
2463 2642 2698 2711 quidam
2733 2646 2941 2693 nostrae
2978 2637 3438 2708 congregationis
3490 2638 3568 2689 la.

1872 2737 2061 2784 tenter
2137 2732 2490 2793 subsecutus,
2564 2731 2845 2782 cancellos
2916 2728 3165 2781 basilicas
3251 2726 3561 2795 egreditur,

1872 2819 2065 2889 ibique
2112 2833 2302 2870 coram
2350 2834 2506 2869 sacro
2560 2832 2793 2886 corpore
2846 2818 3109 2867 oraturus
3157 2814 3559 2881 prosternitur.

1873 2908 2239 2974 Consurgens
2306 2921 2437 2957 vero
2505 2905 2573 2957 ab
2634 2904 2892 2957 oratione
2967 2905 3257 2955 lucernam
3323 2901 3563 2953 vitream

1870 3000 2072 3063 sponte
2101 3010 2203 3047 sua
2223 2993 2366 3046 inibi
2397 2993 2617 3063 aspexit
2648 2993 2958 3046 incensam.
2989 2991 3110 3055 Quo
3143 2990 3260 3043 viso
3292 2990 3564 3043 attentius

1180 3055 1455 3152 Baptism?
1490 3059 1546 3105 et
1586 3070 1758 3152 Ῑ)ξ¹,¹ξ¹θ’
1799 3082 1838 3135 C
1870 3082 2114 3136 orationi
2163 3082 2439 3149 incubuit,
2489 3098 2862 3152 egressusque
2905 3082 2974 3134 de
3015 3079 3289 3144 oratorio,
3344 3077 3563 3131 nemini

1868 3172 2105 3226 luminis
2136 3171 2290 3223 illius
2318 3170 2869 3224 administrationem
2902 3174 3018 3222 tam
3052 3168 3161 3221 cito
3192 3168 3442 3221 indicare
3472 3167 3565 3218 de-

1870 3259 2048 3312 crevit
2098 3260 2174 3312 De
2223 3258 2548 3311 custodibus
2595 3274 2824 3327 quoque
2876 3254 3126 3308 ecclesia:
3173 3254 3364 3306 nullus
3408 3269 3563 3304 eam-

1868 3349 1999 3401 dem
2050 3348 2342 3400 lucernam
2397 3346 2685 3414 exstinxit,
2714 3346 2849 3415 quia
2879 3345 3024 3397 alius
3057 3343 3124 3395 ab
3165 3343 3275 3395 alio
3299 3358 3423 3394 eam
3475 3342 3563 3393 in-

1868 3454 2093 3491 censam
2137 3453 2257 3489 esse
2316 3436 2677 3490 existimavit.
2744 3436 2844 3488 Illa
2898 3450 3031 3487 vero
3081 3432 3286 3485 clarius
3343 3430 3564 3483 caeteris

1868 3526 2260 3596 resplendens,
2292 3530 2407 3577 tota
2438 3523 2729 3577 Dominica
2762 3523 2854 3575 die
2878 3521 3038 3592 quasi
3072 3536 3173 3589 per
3202 3519 3429 3583 singula
3455 3518 3561 3570 lio-

1866 3630 2061 3667 rarum
2091 3613 2273 3682 spatia
2306 3612 2510 3681 majori
2553 3626 2777 3679 semper
2826 3608 3058 3661 luminis
3110 3604 3562 3676 perfundebatur

1865 3702 2235 3756 abundantia.
2275 3700 2574 3767 Presbyter
2604 3702 2795 3749 autem
2829 3696 2920 3748 cui
2954 3695 3046 3747 illa
3082 3692 3323 3746 caelestis
3370 3690 3556 3743 admi-

1866 3790 2123 3843 nistratio
2160 3787 2390 3841 luminis
2423 3786 2692 3855 primitus
2716 3782 3203 3839 manifestabatur.
3233 3779 3378 3832 tanti
3410 3778 3561 3843 signi

1866 3879 2207 3932 miraculum
2259 3880 2519 3929 metuens
2563 3873 2786 3926 silentio
2828 3872 3173 3941 opprimere,
3241 3867 3404 3921 ﬁnita
3440 3870 3557 3935 jam

1866 3966 2188 4035 vespertina
2236 3962 2429 4033 synaxi
2499 3961 2717 4014 caeteris
2773 3960 2879 4013 hoc
2932 3959 3204 4013 fratribus
3266 3955 3556 4008 indicavit.

1863 4057 2008 4110 Tum
2041 4053 2205 4105 multi
2238 4056 2561 4103 nostrorum
2592 4049 2789 4101 lumen
2820 4047 3007 4117 ipsum
3044 4044 3338 4113 cupientes
3369 4042 3559 4095 videre

1866 4144 2099 4214 prepius
2146 4141 2444 4200 accedunt,
2476 4143 2532 4191 et
2562 4144 2735 4208 prout
2760 4137 2870 4190 illis
2902 4137 3085 4189 visum
3118 4135 3321 4195 fuerat,
3367 4133 3560 4199 ignem

1864 4233 2052 4302 ipsum
2083 4230 2181 4300 qui
2209 4228 2373 4298 quasi
2406 4244 2439 4281 a
2470 4225 2658 4279 medio
2686 4224 2866 4278 noctis
2903 4230 3163 4293 tempore
3205 4222 3405 4275 ardere
3450 4235 3562 4273 non

1866 4319 2102 4383 destitit,
2136 4317 2276 4370 nihil
2332 4315 2569 4369 omnino
2616 4330 2678 4367 ex
2714 4314 2933 4384 liquore
2974 4312 3085 4366 olei
3136 4311 3562 4379 consumpsisse

1866 4406 2324 4477 deprehendunt.
2365 4403 2575 4458 Deinde
2607 4419 2737 4456 cum
2772 4402 2892 4471 ipsa
2922 4402 3152 4454 lucerna
3184 4400 3347 4469 quasi
3391 4399 3560 4449 vehe-

1866 4493 2115 4547 mentius
2140 4492 2337 4545 ardere
2378 4491 2663 4561 ccepisset,
2706 4492 2832 4543 oleo
2879 4488 3150 4558 paulatim
3202 4487 3560 4537 decrescente

1865 4587 1963 4635 lux
1998 4581 2200 4635 eadem
2229 4596 2454 4650 semper
2485 4596 2543 4633 se
2572 4580 2695 4649 ipsa
2734 4577 2916 4643 major
2949 4577 3213 4636 existens,
3237 4591 3301 4625 ac
3331 4578 3443 4623 tota
3469 4586 3561 4621 se-

1868 4671 2065 4741 quenti
2108 4674 2271 4722 nocte
2323 4668 2645 4721 universam
2694 4668 2747 4718 S.
2797 4664 2935 4718 Galli
2986 4663 3277 4715 basilicam
3324 4658 3561 4721 fulgoris

1868 4758 1955 4811 sui
1992 4758 2378 4810 immensitate
2412 4754 2781 4825 perfundens,
2816 4751 3204 4803 incensionem
3258 4748 3345 4799 sui
3397 4748 3559 4817 quasi

1867 4846 1937 4897 ad
1982 4848 2235 4897 octavam
2287 4842 2399 4895 diei
2456 4842 2657 4895 horam
2709 4842 2765 4891 in
2814 4837 3117 4889 secundam
3169 4834 3369 4887 feriam
3420 4851 3559 4903 pro—

1868 4934 2059 4987 traxit.
2094 4933 2252 4984 Tunc
2294 4931 2447 4983 enim
2480 4934 2669 4981 custos
2713 4926 2962 4977 ecclesia:
3010 4940 3248 4976 cernens
3294 4940 3418 4975 eam
3465 4922 3559 4975 ali-

1869 5022 2209 5092 quantulum
2246 5018 2538 5079 minorari,
2562 5015 2718 5068 ﬁnita
2746 5014 2866 5080 jam
2892 5012 3061 5063 missa
3091 5012 3282 5061 funem
3327 5027 3440 5080 quo
3474 5011 3557 5063 lu-

1869 5126 2038 5163 cerna
2069 5106 2426 5176 dependebat
2466 5104 2687 5156 incaute
2733 5101 2975 5154 laxando
3020 5097 3326 5163 submittit,
3366 5098 3559 5167 sicque

1870 5199 1966 5251 lux
1998 5198 2120 5265 ipsa
2147 5193 2405 5247 decessit.
2441 5192 2585 5244 Tum
2635 5205 2763 5242 vero
2806 5188 3016 5241 mirum
3065 5187 3121 5239 in
3173 5186 3408 5239 modum
3458 5187 3561 5239 sub

1869 5336 1999 5374 cum
2039 5318 2261 5371 duobus
2311 5315 2441 5368 ﬁliis
2489 5314 2689 5369 Carolo
2748 5320 2802 5366 et
2858 5314 3273 5366 Carolonianno
3320 5311 3559 5379 inunge-

1924 5398 2045 5442 stur.

1902 5408 2045 5443 etur.

1869 5408 1899 5444 Γ
1941 5470 1961 5494 ο
1991 5461 2111 5515 Imo
2140 5458 2256 5510 fere
2288 5461 2516 5509 centum
2548 5461 2604 5509 et
2652 5455 2907 5525 quinque
2938 5454 3074 5505 anni
3108 5471 3120 5506 :
3155 5470 3287 5506 nam
3334 5453 3566 5525 Othmaj

1873 5548 2001 5585 rum
2024 5545 2172 5583 anno
2201 5531 2302 5581 759
2338 5528 2547 5581 obiisse
2582 5522 2892 5579 constat'ex
2926 5542 3077 5577 anno
3111 5525 3354 5593 septimo
3402 5522 3563 5584 regni

1874 5602 2123 5673 Pippini,
2156 5600 2319 5669 cujus
2350 5599 2645 5653 exordium
2676 5599 2762 5651 lso
2794 5598 2937 5650 male
2972 5598 3197 5665 ['BpUuit
3249 5610 3395 5648 anno
3442 5596 3562 5646 764.
