3868 6228
307 313 414 363 787

1503 306 1720 362 ISONIS
1759 307 2272 364 SANGALLENSIS
2315 309 2616 364 MONACHI
3717 315 3800 365 7b8

309 445 551 516 plumbo
585 444 674 498 cui
703 461 952 514 papyrus
983 454 1006 478 ι
1044 443 1468 513 imponebatur,
1510 459 1769 496 cerneres
1811 443 2002 514 ignem
2043 445 2090 497 Α
2115 445 2412 513 proiicere,
2470 447 2680 516 injuste
2729 463 2786 500 se
2817 445 3002 516 egisse
3053 452 3438 518 cognoscunt;
3471 455 3528 500 et
3577 453 3708 516 post
3733 464 3804 500 ve-

313 531 436 596 ejus
467 531 640 584 unius
670 529 838 598 digiti
883 546 1212 583 mensuram
1264 547 1328 584 ex
1393 532 1520 584 oleo
1565 533 2005 601 consumpsisse,

313 621 368 670 et
391 617 578 669 eidem
621 617 860 686 plumbo
910 633 1084 686 super
1122 635 1179 670 se
1225 619 1410 686 posito
1466 619 1609 671 nihil
1649 621 1885 672 omnino
1930 621 2010 672 di-

312 705 534 774 spendii
569 705 652 758 vel
695 704 944 758 lmsionis
975 706 1255 758 intulisse.
1307 707 1412 762 Ubi
1453 708 1586 778 quid
1640 709 2006 776 stupendum,

313 793 520 862 quidve
552 792 746 862 potius
776 793 848 846 sit
881 793 1280 845 admirandum
1323 809 1436 844 non
1483 795 1643 846 facile
1697 795 2010 862 intelligere

313 895 546 948 possum
581 895 594 932 :
635 881 741 932 hoc
769 878 1034 931 videlicet
1065 879 1211 948 quod
1237 879 1330 932 lux
1369 880 1488 946 ipsa
1525 896 1625 948 per
1653 897 1710 932 se
1739 881 2010 934 irradiata

316 966 547 1032 exstitit,
579 983 650 1018 an
681 966 824 1019 illud
846 966 996 1035 quod
1031 973 1144 1018 tam
1180 966 1273 1018 diu
1299 967 1500 1018 ardens
1531 966 1669 1017 nihil
1701 983 1766 1018 ex
1791 966 2011 1036 liquore

316 1053 426 1106 olei
461 1055 789 1122 minoravit,
821 1055 904 1106 vel
939 1055 1109 1105 etiam
1143 1054 1198 1106 id
1233 1053 1384 1122 qUod
1441 1053 1587 1122 ignis
1631 1054 1750 1124 ipse
1793 1055 2010 1124 plumbi

317 1143 620 1195 mollitiem
653 1159 825 1212 super
861 1159 916 1194 se
953 1142 1194 1211 positam
1235 1144 1439 1194 caloris
1483 1143 1569 1194 sui
1605 1143 1857 1213 potentia
1899 1160 2014 1197 non

316 1231 567 1285 resolvit.

968 1319 1192 1372 CAPUT
1223 1319 1361 1372 V'lll.

319 1429 380 1480 In
409 1427 604 1492 vigilia
631 1427 954 1490 festivitatis
984 1425 1099 1490 ejus
1121 1425 1232 1476 alia
1257 1425 1444 1476 itidem
1463 1425 1680 1478 lucerna
1701 1433 1887 1493 sponte
1917 1442 2016 1480 sua

1014 1495 1309 1547 irradialu.

391 1605 524 1657 Post
571 1603 740 1672 hujus
784 1602 1172 1654 ostensionem
1215 1600 1498 1668 miraculi,
1533 1601 1868 1654 adveniente
1915 1603 2020 1656 de-

319 1690 619 1760 positionis
685 1689 805 1758 ejus
881 1689 1205 1750 festivitate,
1273 1689 1612 1758 vespertinae
1675 1690 2018 1743 celebritatis

317 1779 538 1847 vigilias
569 1777 904 1830 solemniter
943 1792 1215 1846 perigere
1265 1777 1606 1829 studuimus.
1651 1777 1868 1841 Quibus
1909 1777 2012 1830 rite

319 1866 586 1937 peractis,
619 1865 852 1936 quidam
885 1863 954 1918 de
987 1863 1264 1916 ministris
1284 1865 1534 1916 ecclesiae
1566 1881 1854 1932 coronam,
1889 1882 2015 1936 quae

319 1956 388 2008 ob
421 1955 543 2024 ejus
575 1953 893 2008 festivitatis
935 1953 1142 2022 gaudia
1183 1968 1372 2005 coram
1415 1959 1606 2006 sancto
1649 1970 1888 2023 corpore
1927 1955 2018 2008 in-

318 2043 688 2106 cendebatur,
719 2042 1008 2095 exstinxit.
1048 2042 1110 2093 Et
1137 2057 1268 2093 cum
1317 2041 1604 2094 lucernam
1639 2057 1766 2111 quas
1799 2043 1856 2095 in
1908 2059 2018 2096 me-

319 2132 411 2185 dio
443 2131 622 2202 ipsius
651 2145 878 2184 coronae
915 2129 1198 2198 pendebat
1232 2129 1435 2183 iterato
1470 2131 1637 2183 vellet
1688 2131 2014 2196 incendere,

319 2223 524 2288 sponte
551 2235 653 2270 sua
680 2217 865 2271 subito
899 2233 1026 2270 eam
1055 2217 1276 2286 aspexit
1307 2231 1427 2270 esse
1468 2217 1820 2272 irradiatam.
1856 2219 2018 2282 Quod

320 2307 486 2360 multi
515 2323 630 2360 non
659 2307 842 2359 solum
877 2321 944 2358 ex
977 2311 1174 2358 nostra
1203 2305 1440 2371 familia,
1483 2321 1682 2358 verum
1731 2307 1903 2359 etiam
1953 2323 2018 2360 ex

322 2394 671 2448 scholasticis
700 2400 873 2464 atque
913 2391 1236 2464 hospitibus
1274 2393 1374 2461 qui
1411 2399 1548 2445 tunc
1581 2393 1856 2463 temporis
1897 2411 2017 2447 mo-

325 2483 638 2536 nasterium
670 2482 957 2546 adierunt,
1015 2498 1072 2534 se
1132 2481 1338 2534 vidisse
1387 2481 1576 2534 testati
1631 2489 1780 2535 sunt.
1848 2483 2021 2552 Cujus

323 2571 714 2625 incensionem
765 2569 998 2624 luminis
1053 2571 1114 2623 in
1161 2569 1264 2622 hoc
1325 2569 1496 2622 etiam
1553 2570 1773 2622 ccrlitus
1833 2571 2020 2624 admi-

323 2659 556 2713 nistrari
589 2659 878 2729 apparuit,
924 2658 1058 2728 quia
1104 2674 1234 2711 cum
1278 2659 1467 2710 nullus
1509 2659 1839 2712 mortalium
1897 2675 2022 2713 eam

329 2747 608 2812 reticeret,
663 2753 856 2800 tamen
895 2752 1024 2799 ante
1057 2745 1291 2798 alterius
1324 2745 1502 2799 noctis
1538 2747 1905 2801 medietatem
1929 2765 2018 2801 ac-

326 2841 504 2906 ceptae
549 2835 690 2889 lucis
736 2833 981 2906 gratiam
1042 2835 1336 2888 moderate
1369 2835 1616 2888 ardendo
1651 2851 1766 2888 non
1813 2835 2017 2888 amisit.

997 2967 1224 3022 CAPUT
1265 2967 1345 3020 IX.

437 3067 703 3133 Opiﬁcum
749 3065 901 3118 labor
941 3067 997 3118 in
1037 3064 1152 3134 ejus
1201 3066 1534 3119 solemnitate
1588 3067 1913 3132 frustratus.

393 3173 612 3224 'Devota
657 3187 886 3240 quoque
935 3171 1176 3224 fratrum
1227 3173 1616 3240 congregatio,
1671 3173 2023 3239 jussionihus

328 3258 582 3327 episcopi
613 3259 1038 3327 obtemperans,
1070 3273 1200 3311 cum
1251 3259 1348 3310 Dei
1395 3259 1657 3312 laudibus
1707 3260 2022 3313 insistendo

331 3345 686 3398 nocturnalis
763 3346 938 3399 ofticii
1009 3346 1288 3400 solemnia
1357 3346 1628 3400 decenter
1704 3353 2023 3418 perageret,

328 3435 597 3504 diemque
629 3434 818 3503 ipsum
867 3449 1065 3487 omnes
1097 3434 1244 3486 infra
1294 3437 1700 3489 monasterium
1741 3437 2027 3490 constitu-

331 3528 416 3574 tos
450 3523 508 3574 in
545 3522 759 3576 honore
791 3523 843 3576 S.
880 3522 1139 3576 Othmari
1169 3523 1362 3575 feriari
1414 3523 1762 3590 decerneret,
1793 3541 1858 3578 ex
1913 3525 2026 3578 mi—

329 3613 564 3664 nisterio
595 3611 808 3664 cellarii
859 3617 973 3663 tres
1011 3612 1298 3682 lignorum
1341 3613 1574 3682 opifices
1625 3613 1722 3682 qui
1781 3615 1840 3666 in
1891 3614 2028 3667 artis

330 3701 502 3770 hujus
519 3699 723 3770 peritia
763 3700 982 3753 caiteris
1010 3701 1182 3754 etiam
1223 3701 1558 3754 videbantur
1588 3717 1708 3754 esse
1749 3707 2024 3771 praastan-

331 3789 522 3852 tiores,
551 3805 616 3842 ex
651 3789 1022 3858 prmceptoris
1051 3787 1138 3841 sui
1184 3790 1344 3858 jussu
1405 3790 1464 3842 in
1504 3790 1707 3842 cellam
1762 3805 1892 3860 quas
1945 3795 2029 3844 est

332 3895 506 3949 supra
531 3879 938 3932 monasterium
973 3884 1292 3932 constructa
1335 3879 1644 3932 laboraturi
1693 3880 2026 3948 succedunt,

335 3968 526 4037 ibique
558 3967 775 4020 dolium
799 3967 1087 4036 quoddam
1115 3971 1388 4019 vetustate
1424 3973 1476 4019 et
1527 3967 1744 4020 incuria
1797 3967 2030 4021 dissolu-

333 4061 455 4108 tum
486 4055 836 4124 conjungere
887 4054 1186 4123 incipiunt.
1243 4055 1502 4107 Collectis
1545 4072 1678 4107 vero
1737 4055 1794 4108 in
1847 4072 2028 4109 unum

333 4143 542 4195 tabulis
567 4159 696 4195 cum
721 4143 907 4212 primo
945 4143 1188 4196 fundum
1223 4143 1374 4196 illius
1406 4143 1540 4195 satis
1589 4145 1818 4198 difﬁcile
1856 4145 2026 4198 eoad-

337 4236 601 4295 unarent,
661 4231 888 4284 easdem
961 4231 1182 4284 tabulas
1241 4231 1547 4300 diligenter
1606 4232 1917 4301 assignatas
1967 4234 2028 4288 in

335 4317 576 4370 circuitu
609 4317 832 4386 erigere
871 4323 1186 4387 cmperunt,
1219 4334 1322 4370 nec
1359 4320 1474 4372 ullo
1519 4320 1748 4388 penitus
1795 4321 2028 4392 ingenio
2069 4333 2112 4388 ι)
2138 4327 2379 4392 ceperat,
2441 4323 2834 4376 manducando
2891 4319 3261 4387 consumpsit.

335 4421 440 4476 per
463 4409 642 4458 totam
663 4404 782 4457 fere
802 4404 954 4457 diem
997 4405 1321 4458 laborantes
1353 4425 1447 4458 eas
1477 4407 1842 4462 constabilire
1891 4426 2034 4480 pras-

337 4494 639 4546 valuerunt
671 4509 683 4546 :
711 4491 1036 4562 mirumque
1066 4493 1126 4545 in
1157 4492 1390 4546 modum
1431 4509 1658 4564 semper
1711 4513 1740 4548 a
1771 4498 2033 4552 stationis

337 4599 454 4636 suae
491 4583 612 4635 loco
655 4581 896 4646 resilire,
927 4597 1278 4652 omnemque
1322 4581 1638 4636 artiﬁciosa:
1687 4601 1888 4638 manus
1938 4603 2032 4639 co-

337 4671 692 4742 pulationem
729 4671 1067 4724 videbantur
1105 4687 1396 4741 respuere.
1449 4671 1604 4724 Tunc
1633 4672 1746 4741 ipsi
1777 4673 2029 4742 Opiﬁces,

337 4761 614 4815 inclinata
644 4761 767 4830 jam
813 4759 925 4825 die,
984 4759 1242 4814 videntes
1267 4760 1521 4814 laborem
1556 4777 1722 4814 suum
1768 4761 1827 4814 in
1875 4763 2032 4817 nullo

409 4919 556 4974 “Sic
603 4918 828 4992 antiqui
892 4919 1170 4992 vocabant
1234 4921 1586 4992 ellyclinium
1647 4921 1704 4973 in
1773 4921 2036 4992 lampade

339 4990 518 5044 vitrea
551 4990 808 5046 adhiberi
837 4990 1089 5044 solitum.
1127 4990 1402 5044 Paulinus
1425 4991 1484 5044 in
1521 4991 1702 5046 Natali
1733 4995 1764 5047 3
1790 5009 1802 5044 :

463 5079 614 5145 Clara
639 5083 963 5145 coronantur
985 5079 1168 5145 densis
1196 5080 1382 5145 altaria
1407 5081 1628 5145 lychnis,

467 5142 688 5189 Lumina
715 5143 909 5190 curatis
933 5143 1215 5191 adolentur
1233 5143 1396 5191 odora
1421 5142 1651 5207 papyris.

343 5219 408 5292 Et
436 5219 743 5292 Gregorius
779 5221 1014 5288 Magnus
1059 5223 1118 5275 in
1151 5223 1290 5276 lib.i
1339 5223 1504 5286 Dial.,
1552 5240 1681 5292 cap.
1844 5225 2036 5280 Omnes

343 5290 620 5362 lampades
667 5292 894 5346 ecclesiae
941 5294 1186 5361 implevit
1245 5309 1414 5362 aqua,
1465 5290 1634 5362 atque
1673 5310 1740 5347 ea:
1787 5309 1931 5347 more
1981 5296 2038 5346 in

341 5357 514 5434 medio
545 5375 816 5434 papyrum
847 5357 1042 5434 posuit.
1071 5357 1648 5418 Clarius-Aldhelmus
1683 5364 1740 5417 in
1781 5363 2038 5434 prosaico

344 5429 493 5508 libro
537 5429 606 5508 de
665 5431 1023 5508 Virginitate,
1077 5435 1191 5508 ubi
1229 5434 1298 5508 die
1342 5435 1416 5508 S._
1459 5436 1713 5508 l_\"arcisso
1771 5429 2037 5508 episcopo

343 5499 540 5572 agitin
573 5499 692 5572 hac
715 5503 885 5554 verba
919 5518 931 5554 :
970 5507 1106 5556 Tum
1136 5506 1222 5556 vir
1251 5507 1350 5558 Deo
1379 5503 1596 5558 deditus
1631 5499 1875 5572 liquidas
1913 5499 2036 5570 fon-

343 5572 478 5622 tium
510 5570 758 5640 lymphas
788 5575 1100 5626 exorcizans
1148 5579 1198 5626 et
1245 5589 1413 5628 sacrae
1462 5570 1841 5630 benedictionis
1881 5575 2038 5628 uber-

2119 550 2344 602 speram
2379 535 2446 587 ad
2485 535 2896 588 monasterium
2927 535 3252 601 redeuntes,
3287 535 3568 604 prostrati
3627 535 3686 588 in
3727 551 3800 588 ec-

2119 623 2288 675 clesia
2320 639 2478 675 suam
2511 623 2616 676 sibi
2643 623 2940 676 stultitiam
2975 639 3093 676 non
3121 621 3672 693 imputari,veniam
3701 638 3806 690 pre-

2119 711 2315 773 cando,
2344 711 2678 780 deposcunt.

2843 787 2881 802 -ι
2911 781 3037 798 urna
3099 783 3112 796 ν

2815 789 2919 834 (ι.““ι
2959 819 2962 826 '
3011 781 3023 832 1
3075 783 3134 834 ‘\0

2123 879 2584 944 Quemadmodum
2611 881 2772 948 panis
2805 879 2926 932 odio
2968 881 3208 944 afﬂictus
3239 877 3356 946 ejus
3387 877 3662 932 desiderio
3701 882 3804 944 fue-

2793 953 2870 1002 rit
2899 953 3140 1002 invasus.

2195 1047 2540 1100 AdolesCens
2563 1045 2796 1114 quidam
2826 1048 2894 1100 de
2925 1063 3071 1116 pago
3115 1046 3214 1116 qui
3249 1054 3484 1098 vocatur
3533 1047 3760 1100 Elisazia
3791 1049 3810 1088 tr

2125 1135 2480 1206 progenitus,
2509 1135 2608 1204 qui
2640 1153 2670 1186 a
2699 1135 3012 1188 nativitatis
3054 1139 3272 1198 exortu,
3309 1135 3422 1187 sive
3465 1137 3558 1204 (ut
3603 1137 3808 1188 cautius

2125 1223 2343 1293 loquar)
2397 1240 2426 1274 a
2483 1221 2891 1276 recordationis
2931 1239 3048 1276 suae.
3099 1229 3360 1292 tempore
3419 1239 3709 1292 nusquam
3761 1241 3810 1276 se

2125 1329 2332 1382 panem
2370 1311 2738 1364 manducasse
2761 1311 3020 1375 asseruit,
3070 1312 3140 1365 ad
3189 1313 3606 1364 monasterium
3659 1313 3808 1364 deve-

2127 1400 2308 1464 niens,
2361 1417 2547 1470 neque
2589 1417 2796 1470 panem
2849 1401 3199 1452 manducans
3243 1416 3429 1470 neque
3491 1399 3708 1469 aliquid
3757 1415 3808 1450 ex

2128 1506 2194 1543 eo
2231 1505 2480 1559 unquam
2519 1490 2847 1558 degustans,
2881 1489 3179 1542 dimidium
3207 1488 3320 1540 fere
3361 1504 3578 1540 annum
3611 1487 3806 1541 ibidem

2127 1579 2461 1648 permansit.
2491 1580 2550 1630 In
2582 1579 2707 1630 cibo
2739 1593 2969 1648 quoque
3011 1579 3092 1630 vel
3129 1585 3259 1647 potu
3304 1577 3351 1630 si
3382 1577 3686 1646 quidpiam
3721 1593 3812 1646 pa-

2127 1668 2214 1720 nis
2246 1667 2419 1720 etiam
2449 1667 2670 1720 nescius
2702 1666 3022 1736 deglutivit,
3057 1667 3248 1720 statim
3292 1681 3420 1718 cum
3475 1665 3810 1718 admistione

2125 1753 2444 1823 sanguinis,
2496 1754 2648 1824 quod
2706 1759 3020 1823 acceperat,
3097 1752 3306 1804 invitus
3373 1751 3652 1804 evomuit.
3729 1751 3812 1804 Hic

2124 1859 2260 1910 ergo
2295 1861 2326 1896 a
2359 1845 2419 1897 B.
2455 1842 2715 1897 Othmari
2761 1843 3066 1895 festivitate
3128 1847 3322 1894 octava
3375 1841 3468 1892 die
3525 1839 3807 1893 basilicam

2124 1932 2174 1984 S.
2211 1931 2352 1985 Galli
2385 1931 2694 2000 ingressus,
2722 1946 2850 1982 cum
2879 1930 3098 1982 orando
3129 1929 3328 1982 altaria
3366 1928 3713 1992 circumiret,
3757 1929 3812 1981 ad

2125 2020 2180 2072 S.
2217 2019 2554 2074 Otlimaruin
2607 2019 2945 2088 perveniens
2993 2017 3115 2085 ejus
3161 2017 3447 2086 suﬂ'ragiis
3495 2033 3618 2070 sese
3661 2017 3812 2085 adju-

2125 2107 2244 2162 vari
2279 2114 2392 2160 tota
2423 2109 2738 2161 intentione
2773 2113 3055 2177 precatur.
3101 2107 3244 2162 Tum
3295 2107 3485 2175 primo
3533 2105 3812 2158 nimietate

2127 2197 2352 2266 frigoris
2387 2197 2444 2249 in
2481 2203 2707 2266 pectore
2757 2194 3097 2261 concutitur,
3137 2211 3200 2247 ac
3237 2193 3444 2248 deinde
3495 2194 3552 2247 in
3589 2195 3810 2247 modum

2128 2285 2273 2338 ebrii
2305 2285 2506 2353 capitis
2551 2284 2829 2355 gravitate
2879 2283 3174 2354 nimioque
3217 2289 3452 2352 stupore
3508 2283 3814 2336 circumda-

2127 2381 2238 2429 tur.
2277 2375 2492 2426 Etcum
2527 2373 2593 2426 ad
2643 2374 2854 2442 gradus
2887 2389 3043 2425 sacro
3079 2371 3302 2442 corpori
3338 2372 3686 2440 continguos
3731 2385 3816 2438 per

2129 2480 2270 2533 quos
2287 2465 2481 2530 crypta
2509 2461 2754 2514 intratur
2785 2461 3098 2526 devenit-et,
3135 2467 3291 2513 tanto
3335 2460 3500 2529 panis
3543 2458 3811 2512 desiderio

2130 2549 2348 2604 auxiari
2378 2549 2563 2618 ccepit.
2596 2555 2657 2601 ut
2677 2549 2950 2602 continuo
2980 2549 3046 2600 de
3081 2553 3275 2618 crypta
3311 2549 3558 2612 rediens,
3591 2547 3808 2616 presby-

2126 2644 2312 2693 terum
2363 2637 2668 2708 quemdam
2711 2637 2770 2689 in
2803 2637 2924 2705 ipso
2980 2636 3328 2689 monasterio
3371 2643 3810 2689 common-antem

2131 2743 2341 2796 panem
2379 2725 2486 2778 sibi
2538 2726 2672 2778 dare
2722 2725 3074 2794 deposceret.
3127 2725 3284 2779 Idem
3327 2741 3460 2777 vero
3511 2725 3812 2794 presbyter,

2131 2833 2260 2870 cum
2293 2831 2396 2885 pro
2423 2823 2576 2868 certo
2612 2814 2779 2866 sciret
2809 2831 2940 2866 eum
2973 2819 3135 2866 antea
3179 2829 3386 2881 panem
3416 2829 3528 2865 non
3579 2814 3812 2864 mandu-

2131 2921 2306 2968 casse,
2351 2904 2644 2956 basilicam
2693 2904 2988 2972 parvulam
3043 2902 3102 2955 in
3149 2903 3424 2955 honorem
3469 2907 3678 2953 sancta!
3727 2901 3812 2951 Dei

2133 2993 2432 3048 Genitricis
2504 2992 2820 3046 dedicatam
2881 2992 3193 3062 ingressus,
3255 3005 3464 3059 panem
3517 2988 3810 3050 benedicit,

2131 3083 2330 3151 illique
2375 3081 2561 3151 primo
2607 3097 2839 3149 parvam
2881 3079 3203 3145 frustulam,
3247 3078 3409 3148 quasi
3439 3093 3545 3147 pro
3605 3075 3814 3130 benedi-

2133 3171 2320 3224 ctione
2357 3170 2810 3224 iuanducandam
2857 3169 3116 3240 porrigit.
3153 3168 3334 3230 Quam
3367 3183 3496 3220 cum
3531 3167 3628 3218 ille
3679 3171 3812 3216 stans

2127 3261 2292 3330 juxta
2329 3261 2506 3312 altare
2539 3257 2868 3328 deglutiret,
2923 3255 3221 3310 confestim
3268 3261 3564 3308 cruentata
3621 3255 3688 3306 de
3730 3269 3812 3305 ore

2135 3350 2256 3418 ejus
2304 3349 2565 3402 exsiliens
2613 3353 2740 3416 post
2780 3347 2990 3400 ostium
3045 3345 3287 3398 basilica:
3331 3343 3392 3396 in
3439 3343 3812 3413 pavimentum

2134 3437 2352 3492 cecidit.
2425 3436 2782 3504 Stupefactus
2851 3449 2984 3486 vero
3038 3433 3332 3504 presbyter
3393 3431 3492 3502 qui
3565 3437 3810 3488 strueret,

2134 3529 2220 3580 vel
2253 3542 2352 3579 cur
2387 3542 2596 3595 panem
2645 3529 2879 3577 eatenus
2929 3523 3038 3576 sibi
3089 3523 3437 3591 denegatum
3485 3520 3814 3574 manducare

2136 3618 2304 3669 vellet
2335 3615 2668 3681 interrogat.
2707 3613 2768 3666 Et
2805 3627 2932 3664 cum
2955 3611 3224 3682 primitus
3255 3609 3602 3679 illumjuxta
3635 3623 3814 3676 corpus

2137 3703 2286 3756 beati
2327 3701 2588 3757 Othmari
2634 3701 2757 3770 ejus
2798 3699 3080 3752 desiderio
3133 3697 3394 3751 invasum
3455 3697 3812 3766 perdisceret,

2135 3795 2397 3860 porrecto
2429 3790 2537 3843 sibi
2571 3805 2716 3858 pane
2767 3789 3106 3842 festinanter
3153 3786 3280 3839 ait:
3323 3785 3406 3839 Ad
3454 3801 3586 3838 eum
3645 3784 3814 3836 locum

2135 3881 2372 3946 tendito,
2411 3879 2466 3932 in
2496 3895 2608 3948 quo
2664 3878 2912 3948 primum
2949 3877 3114 3946 panis
3163 3874 3383 3944 coepisti
3431 3873 3648 3927 habere
3691 3871 3816 3924 desi-

2137 3969 2380 4028 derium,
2415 3965 2668 4020 fortassis
2701 3966 2856 4019 enim
2891 3967 3038 4018 Deus
3068 3964 3166 4017 illo
3199 3963 3259 4016 in
3291 3964 3414 4016 loco
3451 3978 3566 4014 sum
3605 3959 3815 4032 pietatis

2136 4057 2240 4110 tibi
2287 4057 2542 4110 conferre
2591 4054 2920 4124 dignabitur
2956 4053 3253 4106 auxilium.
3307 4051 3480 4118 Cujus
3527 4055 3812 4120 praeceptis

2137 4145 2520 4216 pauperculus
2565 4143 2837 4198 obedieus
2877 4141 2949 4196 ad
2999 4141 3290 4194 ecclesiam
3335 4139 3526 4206 rediit,
3557 4145 3618 4192 et
3669 4143 3812 4190 ante-

2137 4250 2310 4306 quam
2343 4234 2437 4288 illo
2463 4231 2804 4302 perveniret,
2851 4247 3056 4301 panem
3089 4246 3260 4301 quem
3293 4247 3326 4282 a
3357 4229 3694 4298 presbytero
3738 4241 3815 4278 ac-

3342 4319 3642 4388 lngressus
3703 4331 3817 4367 vero

2143 4412 2456 4476 ecclesiam,
2521 4409 2782 4464 celeriter
2826 4409 3100 4462 miraculo
3159 4407 3475 4476 divulgato,
3541 4422 3576 4458 a
3645 4403 3820 4457 multis

2143 4505 2473 4554 nostrorum
2506 4515 2710 4568 panem
2744 4497 2978 4568 accepit,
3012 4503 3067 4550 ct
3112 4511 3300 4550 coram
3353 4493 3530 4548 sancti
3577 4493 3686 4546 viri
3719 4507 3822 4544 cor—

2145 4604 2280 4658 pore
2345 4589 2548 4641 sedcns
2618 4589 2751 4640 satis
2811 4587 2969 4640 avide
3039 4584 3304 4637 comedit.
3367 4582 3476 4646 Qui
3539 4584 3818 4650 hucusque

2145 4675 2294 4745 apud
2341 4691 2445 4728 nos
2475 4674 2837 4739 constitutus,
2873 4677 3144 4726 consueto
3175 4671 3474 4725 hominum
3529 4687 3686 4726 more
3733 4687 3820 4740 pa-

2145 4779 2276 4818 nem
2317 4763 2440 4817 sine
2489 4763 2664 4817 taedio
2723 4763 3073 4816 manducat:
3122 4765 3295 4831 atque
3325 4759 3438 4814 hoc
3495 4759 3818 4814 miraculum

2149 4926 2258 4973 tate
2300 4919 2624 4984 fecundans,
2683 4918 2946 4986 stupenda
2989 4919 3214 4972 virtutis
3265 4919 3572 4986 spectaculo
3607 4921 3824 4986 pingue-

2145 5006 2286 5044 scere
2313 4993 2440 5055 fecit
2476 5005 2486 5043 :
2539 4991 2621 5042 ita
2663 4985 2940 5041 duntaxat
2975 4993 3034 5040 ut
3079 4990 3234 5042 lateat
3265 4985 3625 5042 lucernarmn’
3649 4985 3818 5054 fundi-

2148 5063 2286 5114 bulis
2312 5062 2528 5124 infusus
2552 5063 2608 5113 in
2640 5061 2741 5112 olei
2761 5059 3182 5112 crassitudinem
3211 5061 3503 5125 perniciter
3527 5063 3820 5125 verteretur,

2147 5137 2196 5184 et
2231 5123 2481 5200 papyrus
2521 5133 2576 5182 in
2609 5137 2785 5183 centro
2828 5132 3060 5196 positus,
3103 5123 3246 5200 velut
3286 5133 3454 5192 fomes
3513 5131 3720 5200 (nmina
3759 5123 3824 5176 rel

2147 5197 2267 5256 sevo
2307 5197 2675 5267 madefactus,
2733 5202 2890 5254 solito
2945 5201 3146 5252 clarius
3207 5199 3507 5251 lucesceret.
3591 5197 3822 5264 Denique

2149 5273 2457 5343 Gregorius
2501 5271 2814 5343 Turonicus
2858 5271 3156 5340 episcopus
3207 5269 3264 5321 in
3307 5269 3402 5343 lib.
3461 5285 3520 5322 ιιι
3561 5269 3634 5343 de
3671 5269 3820 5343 lira-

2149 5339 2291 5398 culis
2343 5343 2396 5398 S.
2457 5341 2700 5408 Martini,
2731 5357 2856 5409 cap.
2907 5343 2995 5408 5t),
3050 5339 3252 5409 reperit
3305 5339 3445 5394 duas
3491 5339 3738 5394 candelas
3771 5353 3824 5388 ar

2147 5431 2268 5469 cera
2302 5421 2352 5468 et
2373 5429 2587 5484 papyro
2618 5415 2906 5479 formatas.

2221 5506 2246 5546 δ
2271 5503 2535 5558 Goldasto
2565 5502 2800 5567 Elisaza,
2835 5501 2890 5554 id
2924 5505 3002 5554 est
3043 5499 3310 5564 Alesatia,
3359 5499 3615 5566 l’Alsace,
3663 5511 3824 5570 pagus

2149 5590 2250 5628 seu
2285 5573 2439 5643 regio
2460 5573 2537 5626 cis
2559 5573 2846 5639 Rhenum,
2871 5572 3089 5642 Vosago
3111 5571 3396 5642 proxima.
