3868 6228
75 285 185 333 ἷέἓο

1167 285 1256 339 DE
1294 283 1674 342 MlRACULlS
1713 287 1767 342 S.
1809 289 2143 344 OTHMARI.
2181 321 2246 328 —
2281 290 2408 345 LIB.
2454 293 2473 345 Ι

71 414 274 464 divina
306 413 520 482 pietate
572 414 635 466 in
680 430 738 467 se
779 431 899 468 esse
949 420 1242 485 peractum
1290 416 1412 470 viva
1474 433 1602 470 voce
1652 434 1784 488 pro.
1823 422 1869 472 A

72 502 312 554 clamat.

3499 299 3600 351 790

2560 427 2784 482 CAPUT
2825 429 2936 484 ΧΠ.

2271 513 2450 569 Mutus
2482 516 2736 584 loquendi
2763 520 2943 584 ofﬁcio
2977 519 3225 574 donatus.

767 573 995 627 CAPUT
1024 573 1109 627 XI.

405 697 640 763 Quidam
663 698 856 752 debilis
879 701 1137 752 sanitatis
1159 702 1466 755 restitutus.

144 819 402 884 Quidam
434 822 821 890 pauperculus
849 838 914 875 ex
949 823 1238 876 Gallorum
1287 825 1579 892 provincia
1630 826 1790 896 geni-

75 917 182 972 tus,
233 910 339 980 qui
395 911 690 963 sinistrum
747 927 897 980 genu
947 927 1077 966 cum
1123 912 1266 981 pede
1320 914 1556 967 llaccido
1619 921 1676 968 et
1731 914 1790 968 in

75 1001 374 1052 sinistram
427 1004 647 1069 partem
693 999 919 1053 detorto
957 1006 1310 1054 contractum
1361 1007 1531 1072 atque
1563 1019 1596 1056 a
1641 1008 1792 1056 terra

74 1086 443 1139 sublevatum
474 1105 504 1139 a
538 1087 848 1140 nativitatis
883 1104 1000 1141 suae
1033 1087 1283 1152 exordio,
1321 1089 1565 1159 ponderi
1603 1092 1790 1160 potius

75 1192 252 1245 quam
287 1176 546 1229 subsidio
577 1175 935 1245 deportabat,
979 1177 1199 1230 duobus
1245 1179 1645 1232 sustentaculis
1698 1181 1786 1232 in-

79 1271 163 1316 ter
193 1265 437 1316 ascellas
465 1263 754 1330 suffultus,
798 1265 1004 1319 domus
1055 1265 1311 1319 fidelium
1367 1267 1788 1337 eleemosynam

80 1352 449 1421 quaeritando
517 1353 818 1406 circumire
877 1352 1114 1406 solebat.
1190 1353 1285 1406 llic
1345 1354 1537 1425 itaque
1589 1356 1790 1410 eodem

83 1457 254 1506 anno,
301 1442 606 1494 transactis
649 1441 963 1495 Nativitatis
1014 1442 1320 1496 Dominicis:
1371 1443 1681 1508 solemniis,
1733 1445 1791 1497 in

83 1545 228 1599 pago
260 1535 362 1600 qui
400 1530 605 1583 dicitur
634 1531 917 1596 Linzgowe
957 1530 1318 1595 constitutus,
1357 1531 1540 1584 virum
1586 1548 1787 1602 quem-

83 1618 209 1669 dam
245 1617 635 1672 venerabilem
668 1619 1004 1672 sacerdotali
1035 1618 1182 1672 stola
1212 1619 1480 1673 indutum
1515 1625 1568 1673 et
1602 1621 1790 1674 vultus

1973 620 2105 672 Pest
2133 620 2388 674 sanitatis
2421 621 2590 692 hujus
2623 623 2982 689 miraculum,
3017 631 3212 678 exacto
3249 626 3424 680 trium
3451 627 3592 681 heb-

1901 708 2278 763 domadarum
2305 711 2510 780 spatio,
2545 717 2735 764 mutus
2774 713 3004 782 quidam
3041 713 3096 765 in
3147 714 3328 767 vicino
3378 716 3598 768 territo-

1901 797 1987 852 rio
2018 805 2184 851 natus
2213 800 2392 869 Zatque
2434 801 2703 864 nutritus,
2746 817 2916 870 quem
2975 803 3137 854 multi
3188 810 3517 857 nostrorum
3567 825 3598 858 a

1901 887 2174 956 primaeva
2202 893 2366 941 astate
2409 887 2713 942 locutionis
2763 889 2952 942 ofticio
2994 897 3265 944 noverant
3315 909 3433 945 esse
3480 894 3592 962 pri-

1901 985 2115 1038 vatum,
2180 975 2236 1029 in
2288 976 2588 1030 Dominica
2645 977 2845 1030 itidem
2903 977 2993 1030 die
3066 977 3120 1030 in
3181 981 3594 1034 monasterium

1901 1076 2222 1130 aggressus,
2252 1064 2318 1116 ad
2357 1080 2566 1134 corpus
2615 1065 2669 1118 S.
2704 1065 2961 1119 Otbmari
3004 1067 3260 1132 accessit,
3318 1075 3373 1120 et
3415 1070 3594 1138 quod-

1901 1151 2030 1203 dam
2064 1151 2165 1203 lini
2192 1152 2486 1220 globulum
2521 1153 2628 1222 pia:
2658 1153 2978 1207 devotionis
3024 1155 3237 1208 intuitu
3283 1156 3406 1226 ejus
3453 1173 3597 1210 arcte

1900 1239 2281 1308 superposuit.
2317 1239 2437 1304 Quo
2464 1241 2626 1302 facto,
2681 1241 2983 1294 subitaneo
3045 1243 3290 1312 quodam
3345 1244 3599 1315 impulsu

1901 1343 2029 1379 cum
2083 1328 2288 1381 exstasi
2338 1329 2546 1382 mentis
2598 1334 2922 1382 terratenus
2982 1332 3256 1401 (Iejectus,
3308 1333 3598 1387 dissolutis

1899 1415 2112 1484 linguae
2141 1417 2464 1471 retinaculis
2495 1418 2791 1487 sanguinis
2821 1419 3045 1490 cupiam
3087 1437 3149 1472 ex
3182 1437 3279 1474 ore
3320 1422 3590 1492 profudit.

1901 1505 2078 1567 Quem
2117 1505 2230 1558 suis
2263 1506 2384 1576 ipse
2419 1507 2679 1561 manibus
2707 1524 2775 1560 ne
2815 1507 2874 1560 in
2919 1508 3164 1562 basilicae
3198 1510 3592 1579 pavimentum

1899 1592 2124 1647 caderet
2170 1594 2498 1663 suscipiens,
2551 1596 2822 1650 continuo
2875 1601 3031 1650 extra
3077 1598 3373 1652 ecclesiam
3420 1599 3596 1669 proje-

84 1706 390 1758 honestate
420 1705 760 1775 praeclarum
789 1706 896 1758 sibi
923 1705 979 1758 in
1018 1705 1232 1759 somnis
1265 1707 1548 1773 assistere,
1587 1707 1789 1778 hisque
1831 1701 1871 1756 Β
1899 1681 1992 1735 Cit"
2017 1682 2220 1778 ξίθιίῖυθ
2252 1683 2474 1778 WB???
2502 1684 3009 1778 formidin°_atq”e
3041 1691 3258 1740 terrore
3305 1703 3591 1778 pervasus?

84 1811 137 1845 se
163 1793 407 1847 vocibus
436 1793 599 1848 affari
635 1795 922 1848 asseruit:
971 1795 1029 1848 Si
1074 1811 1282 1859 meam,
1338 1812 1370 1848 ο
1416 1797 1787 1865 paupercule,

85 1881 447 1935 mansionem
480 1882 683 1947 adires,
716 1882 984 1936 baculum
1017 1882 1121 1936 tibi
1153 1883 1448 1946 donarem,
1492 1901 1655 1954 cujus
1697 1885 1788 1939 ad-

85 1971 361 2024 miniculo
396 1975 768 2037 sustentatus,
802 1987 905 2039 per
944 1972 1140 2041 inepta
1181 1972 1405 2026 viarum
1455 1973 1786 2027 discrimina

82 2059 280 2111 melius
313 2059 582 2113 incedere
623 2060 983 2130 prmvaleres.
1037 2059 1136 2114 Cui
1167 2059 1262 2113 ille
1298 2077 1310 2114 :
1367 2061 1629 2126 Domine,
1683 2063 1780 2126 ait,

83 2148 444 2201 mansionem
479 2153 634 2201 tuam
666 2148 878 2212 nescio,
911 2155 966 2202 et
1007 2148 1063 2201 in
1097 2149 1305 2219 quibus
1347 2162 1475 2203 eam
1528 2150 1783 2220 partibus

83 2251 338 2303 quaerere
373 2235 614 2290 debeam
643 2236 872 2306 penitus
902 2235 1124 2304 ignoro.
1154 2237 1279 2305 Ipse
1309 2253 1442 2290 vero
1478 2252 1489 2290 :
1529 2238 1604 2290 Ad
1648 2253 1781 2292 eum

80 2325 283 2387 lacum,
320 2323 537 2393 inquit,
583 2324 771 2394 stagni
804 2325 973 2392 hujus
1017 2323 1402 2389 transfretare,
1447 2324 1673 2395 illisque
1723 2325 1779 2379 in

83 2413 208 2464 lacis
239 2415 491 2466 solerter
521 2412 1003 2481 eaminvestigare
1017 2418 1234 2478 curato,
1269 2429 1372 2481 pro
1403 2420 1555 2466 certo
1575 2413 1776 2481 sciens,

81 2505 119 2551 si
157 2502 257 2553 illo
290 2502 644 2571 perveneris,
678 2501 829 2571 quod
862 2517 964 2571 pro
992 2500 1179 2554 baculi
1213 2501 1539 2570 receptione
1569 2502 1778 2569 gaude-

82 2589 196 2646 bi-xi
223 2591 286 2642 Et
331 2597 398 2642 ut
436 2589 656 2643 facilius
697 2605 822 2642 eam
865 2588 1123 2642 invenire
1159 2589 1371 2655 valeas,
1417 2591 1641 2643 noveris
1688 2606 1776 2643 me

83 2695 132 2730 tu
179 2678 361 2730 domo
415 2678 650 2731 alterius
709 2677 892 2730 adhuc
937 2677 1188 2747 positum
1237 2693 1376 2743 esse,
1424 2694 1488 2730 ac
1527 2679 1776 2748 propriae

82 2767 396 2819 mansionis
425 2766 814 2820 habitaculum
866 2765 1123 2820 nondum
1157 2765 1385 2820 habere.
1429 2768 1536 2820 H-vc
1559 2768 1774 2820 visione

79 2869 291 2923 pauper
323 2854 420 2906 ille
448 2859 794 2919 commotus,
821 2858 1179 2924 transgresso
1209 2855 1336 2908 lacu
1367 2855 1439 2908 ad
1473 2855 1773 2924 cujusdam

77 2941 390 3011 presbyteri
420 2942 658 2996 domum
690 2942 934 3013 quadam
967 2942 1058 2996 die
1089 2959 1214 2996 sero
1246 2943 1520 3013 pervenit,
1547 2945 1772 2997 eadem-

1901 1771 2117 1824 nemini
2151 1773 2301 1842 quod
2351 1771 2458 1824 sibi
2502 1779 2768 1825 evenerat
2811 1773 3192 1835 innotescens,
3247 1791 3378 1828 cum
3434 1775 3591 1828 omni

1897 1858 2260 1913 festinatione
2288 1861 2634 1915 monasterio
2668 1861 3011 1932 digreditur,
3047 1867 3104 1916 et
3125 1863 3197 1917 ad
3229 1863 3590 1918 mansionem

1897 1963 2057 2000 suam
2090 1948 2201 2001 (-ito
2233 1949 2589 2017 perveniens,
2623 1952 2823 2004 collata
2857 1951 2963 2004 sibi
3004 1951 3278 2022 loquendi
3327 1953 3592 2006 facultate

1894 2053 2024 2090 suos
2055 2037 2268 2090 ibidem
2303 2043 2468 2090 notos
2491 2053 2620 2091 cum
2651 2039 2863 2108 gaudio
2913 2040 3240 2110 alloquitur.
3295 2040 3476 2104 Quem
3530 2048 3590 2094 ut

1893 2127 2003 2196 ipsi
2045 2127 2370 2197 loquentem
2412 2128 2642 2198 suisque
2681 2129 3226 2198 interrogationibus
3247 2131 3591 2199 responden-

1891 2219 2006 2267 tem
2051 2215 2379 2281 audierunt,
2431 2233 2544 2268 non
2586 2216 2824 2270 minima
2889 2216 3273 2270 admiratione
3343 2217 3587 2286 permoti

1892 2302 1997 2356 hoc
2039 2303 2375 2357 miraculum
2408 2304 2627 2357 cieteris
2674 2305 2979 2358 indicando
3021 2306 3281 2358 celeriter
3333 2306 3587 2377 divulga-

1890 2398 2114 2446 verunt.
2148 2393 2289 2446 Tum
2329 2409 2462 2446 vero
2503 2409 2568 2446 ex
2614 2394 2870 2464 ejusdem
2911 2395 3016 2447 loci
3057 2394 3257 2447 incolis
3302 2394 3584 2464 plurimos

1892 2481 2188 2551 utriusque
2234 2499 2399 2536 sexus
2437 2483 2494 2535 in
2543 2499 2719 2536 unum
2765 2484 3088 2549 convenire,
3133 2487 3188 2536 et
3235 2483 3308 2536 ob
3356 2499 3583 2538 conces-

1888 2584 2009 2622 sam
2043 2576 2200 2623 muto
2243 2570 2531 2640 loquelam
2561 2570 2978 2640 obstupescere,
3011 2571 3318 2642 ipsumque
3359 2571 3415 2624 in
3464 2572 3585 2624 illo-

1887 2673 2015 2709 rum
2051 2657 2237 2711 medio
2267 2659 2514 2726 positum
2548 2659 2836 2729 quomodo
2883 2659 2988 2712 sibi
3034 2659 3364 2730 contigerit,
3396 2665 3453 2713 et
3487 2661 3580 2714 ubi

1887 2745 1972 2796 vel
2005 2744 2236 2814 quando
2283 2744 2480 2814 lingua
2521 2746 2642 2814 ejus
2673 2746 2857 2799 soluta
2889 2745 3080 2810 fuerit,
3114 2761 3375 2800 cerneres
3415 2762 3579 2800 enar-

1884 2847 2028 2886 rare.
2064 2834 2333 2904 Sequenti
2363 2838 2554 2887 autem
2587 2834 2677 2888 die
2707 2835 2943 2887 clericus
2987 2834 3222 2905 quidam
3263 2851 3329 2888 ex
3375 2834 3577 2889 eodem

1881 2921 2007 2975 loco
2054 2921 2217 2975 illum
2273 2938 2565 2975 assumens
2613 2923 2683 2976 ad
2747 2923 3154 2976 monasterium
3219 2923 3455 2984 reduxit,
3525 2927 3579 2976 et

76 2998 177 3098 que
204 2998 378 3083 nbcte
413 3030 669 3099 prmdicti
700 2998 929 3084 habitus
986 3031 1170 3084 virum
1219 2998 1425 3086 iierato
1469 3032 1578 3085 sibi
1627 3033 1772 3085 assi-
1812 2998 1852 3052 Ο
1883 3009 2054 3080 huius
2087 3011 2166 3063 rei
2195 3011 2489 3064 Veritatem
2517 3027 2618 3081 Per
2647 3012 2905 3065 ordinem
2939 3011 3103 3065 DObiS
3144 3011 3433 3066 indicaVit-

77 3125 338 3183 stentem,
375 3124 431 3172 et
459 3135 562 3172 cur
588 3119 784 3172 tandiu
815 3119 875 3172 in
906 3119 1186 3173 veniendo
1225 3121 1475 3174 tardaret
1523 3123 1770 3174 interro-

76 3214 304 3273 gantem
341 3207 584 3277 aspexit.
614 3208 696 3262 Ad
725 3210 887 3277 cujus
916 3207 1430 3277 interrogationem
1465 3226 1595 3262 cum
1619 3210 1770 3263 idem

75 3295 275 3348 debilis
309 3297 387 3349 ob
420 3297 677 3364 ejusdem
715 3297 822 3350 loci
855 3298 1243 3363 ignorantiam
1285 3313 1518 3368 suasque
1567 3297 1772 3351 debili-

77 3384 596 3437 tatisincommoda
627 3391 791 3438 antea
817 3402 874 3437 se
908 3401 1022 3438 nou
1068 3385 1323 3456 potuisse
1377 3386 1569 3440 venire
1628 3389 1768 3440 fate-

77 3478 244 3537 retur,
307 3473 406 3526 ille
465 3473 669 3543 pedem
727 3473 850 3544 ejus
902 3475 1012 3526 nisi
1061 3474 1326 3528 celeriter
1373 3476 1442 3528 ad
1501 3476 1769 3528 eumdem

77 3562 258 3614 locum
299 3563 506 3622 adiret,
548 3578 669 3615 sese
717 3562 1076 3616 abscisurum
1122 3556 1597 3616 comminabatur.
1655 3565 1767 3616 Hu-

73 3651 391 3716 juscemodi
437 3666 576 3720 ergo
633 3651 985 3719 jussionibus
1041 3651 1191 3704 idem
1257 3667 1475 3720 pauper
1537 3651 1768 3704 obedire

78 3745 321 3806 paratus,
379 3739 983 3792 reddita-mortalibus
1031 3739 1148 3806 die,
1223 3741 1560 3810 presbytero
1619 3739 1767 3793 viam

78 3827 314 3879 dictante
343 3829 412 3879 ad
455 3828 862 3880 monasterium
896 3835 1189 3897 properat,
1215 3828 1411 3897 ibique
1432 3835 1593 3881 nocte
1621 3828 1766 3897 ipsa,

79 3931 194 3984 qua
228 3918 402 3967 etiam
438 3923 575 3968 tunc
606 3916 902 3969 Dominica
947 3916 1284 3982 habebatur,
1334 3916 1392 3969 in
1443 3916 1766 3986 vigiliarum

80 4005 550 4057 celebrationibus
577 4004 778 4057 devote
812 4009 1129 4073 pernoctat.
1165 4005 1329 4058 Facto
1361 4010 1548 4057 autem
1573 4020 1761 4070 mane,

81 4104 190 4160 post
223 4093 526 4145 recitatum
564 4092 623 4145 in
675 4092 901 4162 publica
929 4101 953 4126 ⁸
1001 4092 1173 4146 missa
1205 4093 1599 4162 Evangelium,
1632 4109 1759 4146 cum

81 4180 137 4232 ad
182 4180 394 4248 gradus
423 4197 571 4250 quos
599 4197 756 4233 sacro
802 4181 996 4251 cOpori
1027 4181 1330 4250 contiguos
1378 4197 1498 4233 esse
1548 4197 1761 4234 memo-

78 4270 315 4322 ravimus
361 4269 674 4333 deveniret,
731 4285 1036 4323 nervorum
1089 4273 1260 4340 atque
1301 4285 1574 4322 venarum
1626 4270 1761 4339 jun-

81 4365 243 4410 cturas
303 4362 476 4428 rupta
529 4362 677 4423 cute,
733 4373 796 4411 ac
852 4373 982 4411 mox
1043 4358 1426 4429 subsequente
1486 4359 1764 4427 sanguine

81 4445 431 4515 franguntur,
467 4452 524 4498 et
558 4445 813 4499 membra
845 4447 940 4499 diu
973 4451 1267 4500 contracta
1311 4446 1522 4500 divina:
1562 4463 1764 4517 opera-

83 4530 237 4584 tionis
263 4532 469 4587 efl'ectu
501 4533 688 4586 subito
722 4534 1107 4603 corriguntur.
1145 4535 1399 4597 Quorum
1441 4537 1764 4590 tensionem

85 4627 235 4690 atque
265 4619 574 4674 fracturam
609 4638 761 4691 inger
790 4623 909 4692 ipse
959 4623 1104 4677 ferre
1149 4640 1264 4676 non
1315 4625 1653 4692 praevalens,
1705 4623 1763 4676 in

83 4707 204 4777 ipsis
226 4709 498 4778 gradibus
529 4711 765 4775 corruit,
800 4711 1214 4781 horrendisque
1246 4710 1476 4764 vocibus
1524 4717 1765 4780 perstre-

82 4812 208 4863 pens
233 4815 433 4851 omnes
486 4799 546 4851 in
593 4799 856 4852 ecclesias
890 4803 1072 4852 tantas
1129 4799 1455 4869 perterruit.
1505 4801 1762 4863 Quorum

81 4886 297 4952 plurimi
329 4891 733 4940 concurrentes
761 4903 890 4941 eum
923 4887 1195 4941 continuo
1252 4888 1626 4953 sustulerunt,
1677 4904 1765 4941 co-

82 4975 343 5045 gnitoque
376 4976 655 5029 miraculo
705 4976 1088 5045 omnipotenti
1139 4977 1252 5028 Deo
1284 4976 1502 5029 debitas
1545 4977 1759 5045 gratia-

80 5077 191 5116 rum
219 5065 473 5118 actiones
508 5065 852 5118 retulerunt.
889 5067 1113 5134 Pauper
1143 5073 1335 5118 autem
1369 5065 1490 5135 ipse
1523 5067 1762 5118 eductus

81 5151 136 5202 de
171 5153 423 5219 ecclesia,
474 5168 580 5222 per
626 5157 949 5224 temporum
1000 5159 1294 5207 momenta
1340 5154 1649 5214 convaluit,
1707 5158 1760 5207 ct

81 5247 190 5306 post
217 5242 441 5312 aliquot
471 5241 597 5294 dies
621 5256 790 5295 sanus
823 5241 1171 5295 monasterio
1200 5241 1474 5296 discessit.

135 5405 158 5429 ⁸
185 5397 632 5451 Conventualem
663 5396 778 5451 sive
809 5397 1120 5452 solemnem
1151 5413 1419 5452 vocamus
1451 5399 1597 5452 hanc
1628 5397 1761 5452 mis-

82 5481 361 5539 fanaque
410 5469 639 5538 publica
689 5468 940 5539 antiquis
989 5468 1306 5535 dicebatur,
1367 5486 1424 5523 in
1483 5471 1628 5523 libro
1690 5470 1759 5522 de

81 5534 337 5592 liraciilis
365 5534 769 5600 5:Bercharii,
805 5534 963 5593 dum.
1025 5542 1110 5604 l9,
1162 5534 1367 5595 saculo
1425 5557 1489 5604 u;
1545 5539 1761 5610 privata

2528 3119 2750 3172 CAPUT
2789 3119 2928 3172 Xlll.

1882 3207 2136 3260 Membris
2211 3208 2454 3260 omnibus
2525 3223 2559 3260 α
2626 3211 2916 3261 nativitate
2996 3213 3306 3263 contractus
3372 3210 3576 3260 meritis

2467 3282 2645 3332 sancti
2679 3282 2992 3344 corrigitur.

1956 3384 2164 3437 Eodem
2219 3400 2370 3436 anno
2429 3384 2513 3436 vir
2555 3385 2814 3454 quidam,
2867 3384 3002 3437 civis
3051 3385 3572 3450 Aurelianensium,

1880 3472 2186 3541 puerulum
2221 3472 2487 3524 omnibus
2521 3489 2663 3541 pene
2698 3473 3086 3526 membrorum
3109 3473 3396 3542 juncturis
3439 3490 3576 3526 con-

1878 3564 2122 3612 tractum
2176 3564 2344 3629 atque
2393 3560 2820 3628 conglobatum,
2857 3561 2965 3629 piae
2997 3561 3313 3612 chotionis
3363 3561 3572 3614 intuitu

1877 3664 2052 3717 parvo
2107 3648 2366 3700 vehiculo
2418 3647 2776 3716 impositum,
2835 3649 3004 3702 modo
3046 3649 3346 3715 trahendo,
3399 3650 3570 3702 modo

1877 3752 2070 3789 coram
2102 3753 2158 3788 se
2202 3735 2570 3804 impellendo,
2623 3740 2744 3788 tum
2787 3735 2957 3788 etiam
3012 3738 3262 3806 propriis
3316 3738 3572 3790 humeris.

1877 3825 2169 3894 gestando,
2193 3825 2430 3877 Romam
2459 3825 2740 3894 perduxit.
2777 3825 2976 3878 Paucis
3003 3826 3224 3879 dierum
3274 3825 3571 3878 curriculis

1878 3913 2088 3966 ibidem
2123 3912 2328 3965 exactis
2360 3912 2491 3965 inde
2524 3912 2848 3973 revertitur,
2883 3917 3053 3983 atque
3085 3921 3172 3982 (ut
3213 3929 3279 3966 ex
3315 3914 3437 3983 ejus
3473 3930 3569 3966 ore

1875 4002 2193 4060 didicimus)
2230 4001 2628 4054 Alamanniam
2661 4007 2874 4071 petere,
2906 4008 2963 4055 et
2991 4002 3045 4056 S.
3091 4002 3234 4055 Galli
3284 4008 3560 4055 monaste-

1878 4092 2025 4144 rium
2071 4091 2228 4144 adire
2276 4097 2443 4143 noctu
2478 4091 2542 4144 in‘
2575 4090 2794 4144 visione
2856 4096 3273 4145 commonetur.
3327 4092 3429 4146 Cui
3475 4092 3569 4144 ille

1877 4179 2078 4232 visioni
2140 4195 2392 4232 annuere
2441 4179 2791 4238 desiderans.
2842 4180 3127 4234 laborioso
3181 4181 3316 4233 satis
3359 4187 3567 4234 conatu

1871 4267 2013 4336 juga
2041 4267 2272 4337 Alpium
2304 4273 2556 4337 superat,
2592 4273 2647 4321 et
2678 4269 2924 4337 quadam
2959 4269 3050 4323 die
3082 4268 3425 4322 imminente
3449 4269 3567 4340 jam

1877 4371 2111 4426 vespera
2141 4355 2236 4408 diu
2281 4355 2665 4409 desideratum
2699 4357 2878 4410 lassus
2928 4358 3249 4428 ingreditur
3300 4366 3571 4413 monaste-

1876 4444 2045 4498 rium.
2103 4445 2210 4510 Qui
2267 4445 2437 4498 ctiam
2513 4445 2572 4498 in
2626 4447 2749 4515 ipso
2811 4447 3015 4499 itinere
3079 4453 3220 4516 quot
3279 4449 3568 4500 molestias

1874 4539 2082 4603 quotve
2118 4533 2615 4587 incommodorum
2667 4535 2968 4603 pertulerit
3023 4536 3339 4603 angustias,
3399 4540 3565 4586 testes

1874 4622 2107 4675 fuerunt
2159 4621 2401 4687 humeri,
2465 4638 2608 4692 quos
2671 4621 2923 4673 vectibus
2989 4619 3244 4688 ejusdem
3321 4621 3566 4674 vehiculi

1873 4711 2014 4763 adeo
2049 4712 2269 4763 attritos
2300 4727 2421 4763 esse
2463 4710 2865 4780 comperimus.
2907 4713 2967 4759 ut
3027 4707 3190 4760 multi
3238 4715 3562 4762 nostrorum

1870 4799 2042 4853 callos
2091 4799 2149 4852 in
2204 4801 2284 4852 eis
2336 4799 2566 4851 duratos
2616 4814 2735 4849 esse
2795 4795 3202 4866 pet-spim-rent.
3265 4797 3320 4848 In
3378 4799 3564 4866 primo

1871 4889 2048 4958 igitur
2077 4887 2322 4940 basilicae
2362 4887 2621 4955 ingressu
2666 4885 2734 4938 ad
2778 4900 2983 4952 corpus
3030 4883 3088 4936 Β.
3141 4884 3400 4939 Otlimari
3434 4902 3562 4955 per-

1870 4975 2121 5041 veniens,
2153 4991 2296 5044 puer
2324 4974 2444 5043 ipse
2481 4973 2847 5026 tendentibus
2879 4986 2997 5023 sese
3031 4987 3370 5041 compagum
3421 4972 3558 5025 reti-

1870 5063 2090 5116 naculis
2123 5063 2383 5114 vehiculo
2427 5060 2695 5114 decidens
2728 5060 2785 5112 in
2834 5058 3226 5130 pavimentum
3278 5061 3561 5129 provolvi-

1870 5157 1979 5216 tur,
2026 5156 2081 5202 et
2120 5150 2346 5202 vocibus
2392 5147 2697 5202 horrendis
2746 5153 2888 5200 tecta
2939 5149 3188 5200 ecclesias
3248 5150 3558 5219 complens,

1869 5237 2047 5292 nimio
2081 5253 2138 5290 se
2167 5238 2364 5290 dolore
2385 5236 2575 5306 urgeri
2607 5237 2838 5289 insolito
2869 5235 3132 5289 clamoris
3160 5237 3400 5307 strepitu
3439 5254 3566 5307 pro-

1870 5411 2000 5450 vero
2030 5397 2206 5449 minor
2234 5409 2649 5466 nonnunquam
2685 5395 3012 5460 vocabatur,
3066 5395 3122 5450 in
3157 5397 3300 5450 libro
3342 5399 3410 5451 de
3461 5398 3549 5452 Mi-

1868 5467 2073 5521 raculis
2099 5467 2157 5520 S.
2191 5465 2547 5531 Columbani,
2572 5483 2696 5536 cap.
2733 5471 2782 5520 7.
