3868 6228
279 317 375 370 791
1478 314 1699 369 ISONIS
1734 314 2231 371 SANGALLENSIS
2268 313 2580 369 MONACHI
3694 315 3784 365 792

278 455 534 504 testatur.
563 449 760 504 Senior
804 454 998 503 autem
1045 453 1240 501 noster
1274 448 1598 502 Grimaldus
1629 449 1716 502 his
1764 450 1964 503 diebus
2003 452 2044 502 Α
2076 449 2253 503 ciunt.
2292 451 2420 503 Post
2450 451 2683 518 longam
2714 449 3109 519 hujuscemodi
3156 450 3512 504 vexationem
3556 448 3787 502 sinistra

280 540 341 592 in
363 537 707 592 monasterio
739 538 960 606 positus
991 553 1118 590 cum
1150 537 1271 606 ipsa
1306 538 1442 589 hora
1475 553 1592 605 pra:
1624 538 1845 591 foribus
1884 538 1978 590 ba-

280 627 449 680 silicae
489 627 633 678 infra
656 627 967 679 claustrum
1000 625 1354 691 consisteret,
1400 626 1595 679 audito
1643 627 1976 695 huiusmodi

280 714 518 783 strepitu
553 714 923 768 Salomonem
967 714 1298 783 episcopum
1334 731 1444 766 una
1494 731 1625 767 cum
1674 715 1977 783 Augiensis

281 802 528 857 σω]οωὶ
574 804 801 871 abbate,
840 803 940 873 qui
992 804 1111 873 ipso
1162 803 1251 857 die
1306 804 1519 856 ibidem
1570 809 1974 868 convenerant,

282 905 473 942 secum
524 906 837 956 assumens,
900 891 1191 943 ecclesiam
1238 892 1428 955 intrat,
1478 908 1822 962 causamque
1860 898 1976 945 tam

282 978 557 1031 horrendi
613 987 784 1047 atque
834 978 1047 1030 insoliti
1112 978 1377 1030 clamoris
1424 978 1755 1047 interrogat.
1831 979 1975 1042 Quid

287 1066 484 1135 plura?
534 1066 781 1119 Abbates
835 1082 963 1118 cum
1023 1066 1291 1135 episcopo
1368 1066 1602 1135 propius
1679 1067 1975 1130 accedunt,

284 1154 462 1207 llebili
495 1155 709 1207 ululatu
744 1170 987 1223 puerum
1024 1156 1130 1206 huc
1165 1154 1487 1224 illucqnein
1526 1155 1847 1224 pavimento
1882 1172 1977 1206 vo-

285 1243 455 1295 lutari
508 1248 772 1302 cernunt,
826 1258 999 1312 seque
1043 1242 1231 1311 ipsum
1258 1243 1504 1312 propriis
1551 1243 1840 1312 unguibus
1887 1260 1979 1297 co-

2087 555 2289 591 manus
2316 539 2374 591 in
2405 540 2590 592 volam
2615 543 2905 591 contracta
2936 538 3277 603 extenditur,
3325 538 3636 591 incurvata
3671 553 3786 589 cer-
3812 518 3813 593 l

2084 629 2171 681 vix
2206 629 2494 697 erigitur:
2530 628 2825 681 sinistrum
2867 644 3098 697 quoque
3139 643 3290 696 genu
3340 644 3469 680 cum
3516 627 3677 696 pede
3728 628 3815 681 adt

2086 718 2283 770 tibiam
2331 718 2597 786 supinato
2637 718 2879 771 laxapr.
2930 721 2983 771 ct
3034 717 3226 785 planta
3275 717 3437 785 pedis
3487 716 3683 769 dextri
3730 718 3792 768 ab
3814 706 3817 787 λ

2086 807 2223 876 ipsis
2271 807 2497 859 natibus
2556 806 2764 875 quibus
2804 806 3081 876 inipiessa
3143 806 3349 869 fuerat,
3400 806 3590 857 fracto
3649 820 3817 873 gena

2088 912 2215 947 cum
2250 894 2545 961 sanguinis
2576 894 2853 947 etinsione
2910 894 3232 963 prosiliens,
3283 893 3560 962 episcopo
3626 886 3819 945 etiaml

2087 988 2305 1036 astante
2355 984 2751 1053 liymnumqne
2801 987 2873 1036 Te
2934 984 3108 1035 Deum
3166 982 3453 1035 laudamus
3522 987 3821 1043 canente,

2087 1072 2413 1141 corrigitur.
2440 1072 2497 1123 In
2527 1087 2789 1140 processu
2824 1086 2960 1140 ergo
3002 1070 3279 1139 temporis
3326 1085 3474 1138 puer
3504 1068 3638 1137 ipse
3682 1084 3790 1120 am-

2090 1162 2286 1214 bulare
2326 1161 2515 1229 coepit,
2566 1165 2617 1211 et
2666 1159 2837 1213 modo
2888 1159 2947 1212 in
3000 1158 3349 1212 monasterio
3399 1159 3568 1210 novis
3632 1164 3791 1209 utens

2091 1248 2402 1319 gressibus,
2436 1247 2605 1316 hujus
2645 1246 2907 1300 miraculi
2940 1246 3178 1299 idoneus
3207 1245 3363 1298 testis
3402 1245 3620 1299 existit.

285 1336 453 1401 gente
485 1331 748 1384 molestia
797 1332 1044 1384 lacerare
1076 1335 1131 1383 et
1174 1332 1338 1401 quasi
1388 1332 1713 1402 discerpere
1768 1333 1983 1403 perspi-

1628 1577 1912 1648 LIBER
1971 1576 2496 1648 SECUNDUS.

940 1788 1323 1841 PRIEFATIO.

287 1905 357 1956 De
377 1905 657 1956 miraculis
689 1918 807 1971 qua:
835 1907 956 1963 post
977 1905 1229 1955 iteratam
1273 1905 1453 1957 sancti
1500 1904 1749 1957 Otlimari
1801 1908 1979 1957 trans-

550 1974 807 2029 lationem
836 1978 895 2027 in
925 1972 1042 2042 ejus
1073 1974 1297 2027 basilica
1319 1979 1445 2027 sunt
1474 1980 1703 2027 ostensa.

357 2087 545 2141 Sancti
599 2087 774 2143 Patris
831 2088 1007 2140 nostri
1076 2088 1349 2141 miracula
1401 2088 1676 2141 hactenus
1726 2105 1760 2142 a
1816 2088 1982 2142 nobis

285 2176 384 2229 vili
415 2192 747 2229 sermonum
774 2176 1062 2228 schemate
1097 2178 1338 2245 prolata,
1391 2193 1721 2246 quanquam
1756 2178 1981 2231 lectori-

284 2266 390 2319 bus
428 2262 716 2318 benevolis
763 2264 833 2318 ad
868 2265 1205 2317 declaranda
1238 2265 1551 2318 sanctitatis
1602 2270 1723 2333 ejus
1774 2283 1983 2334 praeco-

285 2355 380 2408 nia
411 2353 671 2407 sufﬁcere
704 2369 819 2406 non
850 2353 1198 2419 dubitemus,
1236 2359 1430 2407 tamen
1468 2355 1601 2423 quia
1641 2355 1891 2408 basilicm
1922 2355 1981 2407 in

286 2443 408 2511 ejus
439 2444 714 2495 honorem
755 2441 1103 2495 aediﬁcandae
1138 2442 1310 2511 paulo
1355 2443 1619 2511 superius
1644 2445 1861 2496 mentio
1903 2444 1985 2496 in-

288 2532 442 2595 cidit,
481 2531 729 2600 qualiter
760 2536 987 2599 peracta
1019 2530 1143 2597 ejus
1174 2531 1597 2583 constructione
1644 2538 1870 2584 sanctus
1900 2533 1985 2584 vir

288 2621 347 2673 in
379 2635 505 2673 eam
538 2618 845 2672 translatus
876 2618 1065 2677 fuerit,
1103 2618 1312 2688 quibus
1349 2618 1754 2672 miraculorum
1791 2625 1983 2673 osten-

288 2709 545 2763 sionibus
591 2707 946 2761 sanctitatem
1000 2708 1122 2776 ejus
1175 2707 1366 2760 divina
1421 2708 1722 2760 clementia
1771 2708 1983 2762 ibidem

289 2803 484 2867 postea
517 2794 981 2856 manifestaverit,
1031 2812 1100 2848 ne
1142 2795 1428 2849 oblivione
1473 2797 1805 2865 depereant,
1859 2814 1983 2850 suc-

288 2884 608 2938 cessoribus
679 2884 886 2936 nostris
952 2883 1203 2937 breviter
1260 2884 1592 2938 contradere
1654 2886 1809 2949 libet,
1868 2902 1983 2939 non

290 2988 564 3040 pomposa
614 2971 917 3024 verborum
974 2971 1371 3040 complexione
1412 2989 1821 3041 supervacuam
1876 2975 1987 3027 lau-

289 3060 547 3113 dantium
605 3059 848 3128 gloriam
908 3065 1277 3128 aucupantes,
1315 3061 1411 3113 sed
1448 3063 1729 3115 dictorum
1762 3068 1982 3116 tantum

294 3149 459 3201 modo
480 3147 839 3216 simplicitate
856 3148 1149 3202 veritatem
1171 3164 1362 3200 rerum
1390 3152 1780 3217 quaerentibus
1795 3157 1986 3204 osten-

292 3238 424 3289 dere
453 3237 766 3305 cupientes.
802 3237 995 3305 Neque
1045 3235 1200 3288 enim
1252 3242 1484 3300 nostrae,
1536 3239 1631 3290 sed
1682 3240 1835 3291 illius
1883 3256 1985 3292 nos

292 3325 492 3394 glorise
554 3324 737 3393 potius
799 3324 1029 3376 studere
1092 3324 1382 3391 condecet,
1455 3325 1554 3395 qui
1627 3328 1818 3380 electis
1874 3330 1987 3381 suis

295 3415 483 3483 primo
517 3412 733 3465 bonum
784 3414 944 3477 velle,
1000 3412 1208 3465 deinde
1261 3413 1459 3467 tribuit
1517 3415 1807 3479 inchoare,
1866 3425 1987 3470 tum

295 3503 465 3555 etiam
502 3501 649 3553 vires
684 3500 961 3569 implendi
994 3516 1323 3571 suggerere,
1371 3519 1435 3555 ac
1483 3511 1770 3572 postremo
1817 3506 1991 3575 digna

296 3609 392 3645 eos
422 3590 679 3644 mercede
712 3606 1109 3655 remunerans,
1149 3591 1507 3645 sanctitatem
1561 3610 1759 3646 eorum
1809 3596 1991 3648 virtu-

299 3680 447 3732 tibus
478 3684 532 3731 et
560 3677 738 3746 signis
770 3683 1035 3747 patenter
1068 3678 1341 3747 dignatur
1372 3681 1691 3734 ostendere.
1726 3682 1991 3751 Quapro-

295 3774 422 3837 pter
451 3767 637 3836 ipsum
674 3782 777 3836 per
802 3767 997 3819 omnia
1026 3766 1203 3820 totius
1250 3768 1387 3820 boni
1425 3769 1643 3823 fontem
1676 3770 1984 3824 bonorum-

296 3872 406 3925 que
429 3856 689 3907 omnium
723 3855 1053 3925 largitorem
1095 3854 1153 3907 in
1195 3855 1345 3909 beati
1387 3858 1565 3925 patris
1599 3859 1777 3911 nostri
1817 3860 1993 3913 mira-

294 3944 437 3997 culis
461 3944 693 3997 laudare
724 3944 1135 4009 desideramus,
1170 3944 1497 3998 Davidicum
1530 3947 1671 4000 illud
1700 3948 1951 4002 dicentes
1978 3966 1990 4003 :

298 4035 416 4087 Non
443 4033 613 4094 nobis,
655 4032 900 4097 Domine,
934 4047 1039 4085 non
1068 4032 1241 4090 nobis.
1273 4033 1368 4087 sed
1401 4036 1615 4090 nomini
1642 4040 1733 4090 tuo
1763 4036 1837 4091 da
1879 4039 1993 4105 glo-

300 4124 441 4174 riam
465 4121 641 4188 (Psal.
671 4123 845 4185 cxui).

860 4225 1084 4279 CAPUT
1127 4227 1417 4280 PRIMUM.

2028 1789 2068 1841 B
2099 1786 2294 1857 positis
2354 1791 2713 1856 compertum
2770 1787 2973 1840 fuisset
3022 1787 3285 1840 videlicet
3315 1788 3469 1857 quod
3544 1790 3793 1846 sanctus,

2090 1876 2174 1928 vir
2205 1876 2273 1928 de
2320 1875 2551 1928 basilica
2581 1876 2635 1929 S.
2686 1877 2829 1930 Galli
2875 1876 2936 1928 in
2978 1892 3147 1929 suum
3204 1875 3602 1945 deportandus
3656 1885 3796 1927 esset

2091 1964 2422 2029 oratorium,
2457 1964 2627 2016 sacris
2657 1963 2779 2032 ejus
2811 1964 3093 2033 exsequiis
3133 1964 3409 2017 interesse
3470 1962 3791 2032 cupientes,

2092 2053 2503 2106 monasterium
2535 2053 2863 2105 catervatim
2903 2052 3061 2105 adire
3103 2058 3420 2121 cceperunt.
3480 2052 3795 2121 Episcopus

2093 2146 2279 2193 autem
2314 2140 2403 2193 die
2431 2145 2639 2193 statuto
2671 2141 3099 2210 superveniens,
3136 2140 3431 2192 ecclesiam
3475 2139 3584 2191 sub
3620 2139 3796 2207 ipsius

2093 2227 2323 2279 nomine
2349 2226 2681 2279 solemniter
2713 2225 3008 2291 dedicavit,
3045 2242 3106 2277 ac
3156 2225 3362 2279 deinde
3412 2225 3623 2276 sacrati
3678 2238 3793 2275 cor-

2093 2315 2246 2384 poris
2280 2316 2534 2367 membra
2567 2331 2887 2384 aggressus,
2938 2314 3215 2383 quasdam
3267 2330 3330 2366 ex
3377 2330 3442 2365 eo
3486 2312 3796 2382 particulas

2093 2420 2196 2472 pro
2249 2402 2504 2472 reliquiis
2545 2404 2813 2471 deinceps
2862 2400 3259 2455 condonandis
3307 2417 3567 2453 seorsum
3638 2417 3797 2470 repo-

2094 2493 2234 2558 suit;
2272 2500 2475 2545 caztera
2508 2497 2696 2543 autem
2730 2507 2902 2544 manu
2952 2508 3051 2543 sua
3102 2490 3415 2543 lionoritice
3472 2490 3791 2551 involvens,

2094 2582 2152 2634 in
2184 2581 2534 2650 sarcophago
2580 2596 2724 2632 novo
2756 2579 3069 2632 collocavit.
3108 2579 3233 2631 Illas
3270 2594 3500 2648 quoque
3552 2578 3791 2641 oblatas,

2094 2687 2234 2740 quas
2281 2668 2595 2721 narrationi
2640 2668 2925 2737 superiori
2968 2667 3026 2719 in
3072 2668 3194 2736 ejus
3226 2666 3448 2718 tumulo
3489 2666 3792 2718 retulimus

2095 2759 2267 2811 fuisse
2291 2762 2565 2827 repertas,
2600 2764 2836 2809 eatenus
2879 2758 3244 2825 incorruptas
3283 2762 3454 2824 atque
3501 2755 3793 2806 omnimo-

2095 2847 2180 2899 dis
2231 2847 2432 2899 illzesas
2477 2846 2815 2914 perdurasse
2869 2845 3129 2909 miratur,
3181 2848 3236 2896 et
3268 2843 3544 2913 quasdam
3600 2859 3671 2895 ex
3716 2843 3791 2893 eis

2096 2936 2379 2988 involutas
2436 2950 2594 2986 sacro
2634 2933 2831 2986 itidem
2883 2933 3108 3002 corpori
3172 2932 3573 3001 superposuit;
3657 2931 3792 2983 alias

2096 3041 2227 3077 vero
2278 3023 2481 3092 pyxide
2540 3022 2877 3087 recondens,
2937 3021 3369 3091 superventuris
3436 3021 3791 3090 temporibus

2098 3129 2197 3183 pro
2222 3111 2532 3165 sanctitatis
2561 3110 2685 3180 ejus
2730 3110 3061 3163 testimonio
3108 3126 3441 3163 conservare
3496 3109 3787 3177 praecepit.

2099 3204 2231 3255 Post
2258 3202 2379 3254 haec
2410 3205 2601 3252 autem
2639 3199 2801 3252 nobis
2851 3198 3117 3251 omnibus
3166 3199 3339 3251 sacris
3391 3198 3644 3249 vestibus
3701 3213 3787 3247 so-

2098 3287 2364 3341 lemniter
2393 3287 2628 3356 paratis,
2664 3286 2872 3355 praesul
2899 3285 3018 3353 ipse
3051 3284 3180 3337 data
3217 3285 3275 3337 in
3310 3285 3489 3337 altum
3531 3282 3790 3335 oratione

2098 3376 2461 3446 presbyteros
2491 3375 2587 3446 qui
2620 3376 2901 3440 astabant,
2945 3374 3129 3425 virum
3167 3372 3265 3427 Dei
3309 3374 3461 3427 foras
3491 3373 3790 3442 deportan-

2096 3464 2233 3517 dum
2266 3465 2450 3516 lcvare
2481 3463 2853 3515 commonuit.
2889 3461 2998 3513 Nec
3043 3477 3201 3513 mora
3246 3477 3375 3513 cum
3427 3460 3696 3513 crucibus
3740 3462 3791 3509 et

2100 3552 2278 3605 cereis
2330 3557 2499 3621 atque
2544 3550 2850 3604 thuribulis
2897 3553 3124 3602 sanctus
3163 3549 3247 3601 vir
3284 3548 3354 3601 ab
3401 3549 3640 3600 ecclesia
3700 3548 3791 3599 de-

2101 3646 2381 3709 portatur,
2406 3640 2721 3708 eademque
2754 3638 2891 3691 hora
2924 3642 3117 3690 mutus
3150 3636 3381 3706 quidam
3406 3636 3548 3705 ejus,
3584 3640 3651 3688 ut
3688 3651 3794 3687 cre-

2103 3730 2313 3795 dimus,
2358 3728 2575 3781 meritis
2632 3726 2905 3797 loquendi
2953 3726 3144 3780 ofticio
3206 3730 3563 3780 muneratur.
3628 3726 3793 3794 Cujus

2102 3824 2297 3869 tamen
2340 3832 2609 3885 persona,
2652 3820 2849 3884 utpote
2881 3814 3027 3879 vilis,
3062 3814 3197 3885 quia
3240 3813 3403 3867 nobis
3442 3820 3681 3867 eatenus
3713 3816 3793 3866 in-

2105 3906 2331 3975 cognita
2360 3906 2669 3971 exstiterat,
2718 3904 2847 3957 ideo
2904 3904 3243 3957 miraculum
3288 3904 3438 3972 quod
3492 3904 3550 3955 in
3599 3920 3664 3956 se
3704 3918 3793 3972 pa-

2104 4000 2316 4047 tratum
2386 3994 2689 4058 referebat,
2753 3994 2943 4061 primo
3004 3993 3233 4045 credere
3285 3992 3791 4045 dissimulavimus.

2104 4083 2211 4137 Sed
2243 4098 2373 4136 cum
2403 4098 2470 4135 ex
2515 4098 2681 4152 pago,
2729 4081 2828 4151 qui
2872 4085 3106 4133 vocatur
3141 4081 3393 4145 Arigewe
3438 4088 3481 4144 ⁸,
3516 4097 3575 4134 se
3627 4080 3795 4133 fuisse

2106 4176 2400 4237 assereret,
2429 4190 2460 4224 a
2491 4170 2825 4241 parentibus
2870 4171 2991 4238 ejus
3041 4170 3279 4239 aliisque
3330 4169 3430 4238 qui
3480 4186 3615 4222 eum
3662 4171 3797 4223 bene

2106 4265 2401 4327 noverant,
2444 4266 2774 4313 nostrorum
2815 4265 3013 4328 postea
3057 4258 3429 4327 inquisitione
3467 4274 3670 4312 verum
3701 4260 3797 4312 hoc

302 4340 850 4425 De‘ipsius‘ecclesia:
893 4342 1332 4425 consecratione.
1367 4348 1415 4395 et
1469 4345 1730 4425 quomoda
1770 4347 1826 4398 in
1877 4348 1998 4425 ipsa
2037 4372 2079 4425 Ι)
2107 4366 2225 4402 esse
2252 4347 2575 4400 didicimus.
2617 4348 2757 4400 Tum
2795 4362 2923 4398 vero
2958 4362 3156 4398 omnes
3200 4363 3304 4398 nos
3352 4345 3547 4398 Iaudes
3576 4362 3643 4398 ac
3686 4363 3796 4398 nie-

371 4412 728 4536 tdranséatione
794 4416 973 4463 mulus
1035 4411 1261 4479 quidam
1314 4413 1570 4480 loquendi
1633 4431 1849 4469 munere
1894 4411 1999 4471 ’δίε

415 4498 519 4536 ana
548 4496 629 4535 us.

415 4496 629 4536 enatus.

376 4617 507 4669 Post
534 4611 966 4666 translationem
999 4612 1180 4683 igitur
1215 4629 1389 4683 supra
1429 4621 1827 4683 memoratam,
1863 4633 1993 4671 evo-

304 4705 439 4757 lutis
470 4703 644 4757 trium
678 4717 824 4771 pene
882 4718 1168 4757 annorum
1214 4703 1433 4772 spatiis,
1487 4720 1616 4757 cum
1664 4704 1816 4759 beati
1858 4706 1996 4761 Oth-

305 4792 449 4846 mari
496 4790 732 4845 basilica
789 4790 994 4844 studiis
1040 4793 1239 4845 devote
1288 4808 1414 4845 eam
1461 4792 1870 4847 aaditicantium
1909 4794 2000 4847 de-

304 4887 499 4936 center
524 4881 644 4949 jam
685 4878 932 4950 perfecta
966 4878 1185 4946 fuisset,
1215 4880 1409 4934 senior
1455 4888 1648 4934 noster
1678 4882 2000 4936 Grimaldus
2050 4912 2055 4923 -

306 4967 565 5023 Ludovici
611 4968 759 5037 regis
799 4967 1312 5037 archicapellanus,
1366 4970 1668 5039 praefatum
1724 4971 1999 5025 Constan-

306 5058 502 5112 tieusis
554 5056 809 5110 Ecclesiae
856 5056 1161 5126 praesulem
1207 5060 1279 5111 ad
1319 5059 1645 5127 peragenda
1698 5076 2000 5113 consecra-

306 5146 478 5200 tionis
510 5146 632 5214 ejus
660 5144 939 5199 solemnia
970 5147 1383 5199 monasterium
1412 5146 1614 5201 itidem
1667 5148 1861 5202 venire
1910 5164 1999 5201 ro-

310 5235 483 5303 gavit.
540 5233 702 5297 Quod
734 5234 870 5286 dum
919 5232 1072 5286 fama
1119 5233 1389 5304 vulgante
1440 5236 1667 5305 populis
1713 5236 1773 5289 in
1821 5235 2004 5289 vicino

380 5400 405 5425 ι
457 5390 724 5464 Goldasto
779 5391 1093 5464 Aragoewe.
1150 5392 1268 5445 Huc
1327 5392 1460 5446 facit
1514 5394 1884 5464 Hepidannns
1946 5395 2007 5448 in

310 5462 433 5513 Vita
466 5461 520 5513 S.
550 5460 861 5513 Wiboradaa
893 5461 991 5534 lib.
1031 5477 1243 5534 11,,cap.
1281 5466 1331 5526 9,
1361 5466 1419 5516 in
1454 5460 1729 5534 pago'qui
1757 5468 2007 5531 Erigowe

310 5534 678 5599 nuncupatur,
727 5546 881 5598 quem
931 5533 1131 5585 Araris
1150 5535 1348 5598 ﬂuvius
1392 5549 1460 5587 ea:
1505 5550 1609 5588 uno
1641 5533 1822 5589 latere
1860 5552 2003 5605 pra:-

2109 4437 2288 4491 lodias
2317 4436 2596 4501 canendo,
2619 4435 2927 4488 comitante
2952 4450 3255 4487 numerosa
3277 4437 3622 4503 populorum
3656 4437 3797 4487 mul-

2108 4526 2373 4589 titudine,
2407 4524 2598 4579 debita
2624 4540 2751 4577 cum
2777 4523 3143 4576 veneratione
3174 4538 3382 4591 Corpus
3412 4522 3575 4576 chari
3623 4523 3800 4575 Patris

2109 4614 2531 4686 prosequimur.
2568 4615 2624 4665 lu
2659 4614 2819 4682 prato
2850 4617 3039 4664 autem
3084 4612 3615 4675 Orientem,versus
3666 4627 3795 4663 con-

2110 4704 2306 4757 stituto
2340 4702 2636 4773 paululum
2690 4717 2884 4770 presso
2922 4700 3104 4769 gradu
3153 4705 3477 4754 terrateuus
3533 4686 3801 4769 prostrati

2110 4792 2489 4855 adoravimus,
2526 4794 2942 4860 surgentesque
2976 4790 3099 4859 pias
3127 4790 3249 4858 ejus
3280 4790 3508 4842 exuvias
3549 4789 3799 4857 singula-

2110 4882 2212 4935 tim
2246 4880 2459 4945 subire,
2487 4896 2551 4934 ac
2582 4880 2902 4947 superjecta
2936 4877 3222 4931 velamina
3259 4878 3565 4931 devotione
3601 4877 3801 4931 humili

2111 4970 2389 5041 coepimus
2419 4968 2683 5023 osculari.
2720 4968 2841 5031 Quo
2871 4967 3041 5031 facto,
3067 4983 3197 5020 cum
3224 4966 3597 5019 veneratione
3635 4966 3802 5021 maxi-

2115 5076 2208 5113 ma
2260 5059 2329 5112 ad
2377 5058 2792 5111 monasterium
2853 5060 3245 5126 properantes,
3297 5060 3639 5124 sanctasque
3692 5056 3803 5123 ejus

2116 5147 2385 5218 reliquias
2415 5146 2475 5201 in
2535 5162 2695 5199 suam
2748 5145 3040 5201 basilicam
3086 5144 3541 5207 introducentes,
3601 5143 3803 5213 gratias

2118 5238 2255 5297 Deo,
2306 5236 2405 5306 qui
2448 5240 2641 5289 tamen
2688 5234 2851 5288 nobis
2910 5232 3164 5288 laetitiam
3223 5232 3481 5285 conferre
3540 5232 3804 5301 dignatus

2118 5394 2337 5459 terﬂuit,
2387 5406 2454 5443 em
2503 5390 2671 5443 altera
2728 5389 2964 5442 Rhenus.
3014 5386 3154 5441 Hinc
3204 5387 3541 5441 Ekkehardo
3609 5388 3807 5442 dicitur

2113 5478 2296 5588 ﬁgas
2322 5463 2543 5527 Araris,
2576 5461 2749 5529 vulgo
2784 5460 2927 5525 l’Ar,
2950 5474 3125 5528 quam
3157 5459 3325 5512 modo
3355 5460 3587 5512 Arolam
3618 5464 3809 5514 vocant

2222 5549 2322 5587 im.

2222 5549 2322 5587 1111.
