3868 6228
12 348 132 399 793

1112 345 1203 401 DE
1246 342 1627 399 MIRACULIS
1667 345 1722 398 S.
1766 343 2098 399 ΟΤΗΜΑΒΙ.
2132 344 2359 400 —LIB.
2406 346 2473 399 Ii.

3439 346 3541 400 794

12 482 131 539 est,
165 475 369 529 debita
392 491 524 529 cum
559 476 725 529 laude
778 475 1095 529 retulimus.
1147 474 1355 538 Quanti
1397 474 1477 527 ibi
1518 474 1727 544 jucun-
1765 476 1812 527 A
1840 490 1954 527 non
1994 474 2193 545 utique
2225 475 2418 528 omnia
2460 492 2587 545 quae
2611 475 2697 528 vel
2722 476 2829 545 ipsi
2860 475 3002 529 facta
3035 475 3303 540 vidimus,
3352 476 3440 529 vel
3470 476 3541 529 ab

12 564 296 617 dentium
340 566 534 629 ﬂetus,
584 565 901 634 quantique
951 564 1335 617 exsulantium
1389 564 1573 617 oborti
1618 563 1739 616 fue-

12 654 144 706 rint
166 654 486 722 singultus,
523 668 886 723 nequaquam
916 667 1181 705 enarrare
1199 653 1490 704 valemus:
1526 652 1742 722 quippe

12 743 130 811 qui
164 757 270 795 nec
304 744 460 811 ipsas
515 742 611 794 Dei
662 741 855 795 laudes
904 740 1117 793 crebris
1168 740 1521 810 singultibus
1572 742 1745 791 inter-

12 831 179 899 cepti
223 830 444 900 absque
487 829 750 899 Iacrymis
823 829 1077 898 proferre
1149 829 1461 898 potuimus.
1532 828 1739 882 Praeci-

12 935 265 988 pueque
317 920 681 971 venerandus
722 925 887 988 pater
945 924 1135 971 noster
1189 919 1509 971 Grimaldus
1558 918 1742 986 tripu-

14 1009 324 1060 diautium
379 1008 582 1061 laetitia
670 1013 861 1060 motus
921 1024 953 1060 a
1012 1006 1273 1076 Iacrymis
1331 1023 1388 1059 se
1450 1007 1743 1059 continere

18 1096 315 1166 nequivit,
350 1112 529 1165 agens
564 1097 677 1149 Deo
706 1096 919 1165 gratias
950 1095 1105 1165 quod
1136 1095 1253 1147 suis
1284 1095 1639 1164 temporibus
1686 1094 1743 1146 in

17 1186 162 1238 loco
188 1185 370 1237 etiam
396 1185 506 1237 sibi
545 1185 948 1237 commendato
997 1188 1219 1236 tantum
1273 1184 1443 1236 decus
1497 1183 1743 1252 taliaque

22 1272 458 1342 omnipotentis
492 1272 591 1326 Dei
619 1273 893 1326 beneﬁcia
924 1272 1113 1325 videre
1147 1272 1485 1340 promeruit.
1518 1271 1600 1325 Ad
1635 1272 1743 1323 hu-

22 1364 127 1428 jus
150 1376 390 1431 quoque
422 1360 637 1413 laetitiae
661 1362 957 1414 cumulum
980 1360 1277 1429 Augiensis
1303 1360 1552 1413 ccrnobii
1575 1359 1745 1413 abbas

24 1465 167 1500 cum
203 1448 556 1519 quibusdam
580 1448 759 1517 ipsius
786 1447 893 1501 loci
927 1447 1200 1501 fiatribus
1229 1448 1423 1500 eadem
1471 1448 1606 1500 hora
1650 1463 1745 1499 su-

30 1538 331 1605 pervenit;
360 1537 682 1607 fratresque
714 1553 782 1590 ex
815 1536 1160 1589 monasterio
1206 1537 1357 1607 quod
1400 1537 1747 1606 Campidona

30 1631 292 1693 vocatur,
335 1626 407 1678 ab
466 1625 675 1679 abbate
708 1641 812 1679 suo
858 1625 1032 1691 missi,
1075 1625 1407 1694 hujusmodi
1459 1624 1747 1695 exsequiis

33 1714 370 1785 talibusque
401 1731 462 1769 se
509 1715 782 1768 interesse
828 1715 1057 1785 gaudiis
1106 1715 1563 1785 gratulabantur.
1616 1715 1745 1784 Epi-

34 1818 247 1871 scopus
288 1808 487 1855 autem
534 1802 754 1856 interea
800 1818 986 1855 sacras
1042 1802 1125 1872 pii
1181 1802 1360 1872 patris
1404 1802 1635 1855 exuvias
1684 1802 1744 1856 in

38 1905 169 1941 arca
224 1905 395 1943 saxea
441 1890 780 1956 recondens,
834 1889 1034 1942 altario
1078 1898 1102 1923 ⁸
1150 1890 1497 1959 supposuit:
1552 1891 1744 1960 sicque

40 1980 350 2031 missarum
384 1977 772 2032 celebratione
824 1978 1161 2031 solemniter
1209 1987 1458 2047 peracta,
1508 1979 1747 2032 benedi-

42 2084 172 2119 cens
200 2068 509 2136 populum,
547 2067 704 2119 abire
731 2068 1006 2135 permisit.
1046 2068 1208 2119 Facta
1239 2073 1370 2119 sunt
1395 2072 1588 2120 autem
1629 2068 1747 2121 haec

40 2172 193 2208 anno
245 2155 667 2209 incarnationis
698 2155 1005 2208 Dominicaa
1054 2156 1527 2225 octingentesimo
1584 2172 1745 2209 sexa-

44 2245 260 2311 gesimo
292 2245 565 2313 septimo,
594 2244 699 2297 sub
732 2244 993 2314 piissimo
1036 2260 1168 2314 rege
1216 2244 1524 2309 Ludovico,
1574 2261 1747 2314 supra

44 2338 379 2385 memoratis
410 2332 765 2402 principibus
795 2333 1093 2401 pastoralis
1122 2332 1292 2385 ofﬁcii
1327 2333 1621 2386 functione
1649 2350 1745 2386 cu-

47 2438 161 2473 ram
195 2422 583 2474 Ecclesiarum
619 2421 715 2474 Dei
747 2427 977 2474 strenue
1020 2421 1347 2491 agentibus;
1397 2428 1591 2474 octavo
1638 2423 1744 2476 Ka-

50 2510 350 2562 lendarum
405 2509 734 2563 Octobrium
778 2509 891 2573 die,
934 2516 1140 2580 quarta
1200 2511 1362 2575 feria,
1435 2510 1745 2564 indictione

48 2600 228 2666 prima
258 2601 302 2650 b.
344 2598 447 2650 Die
474 2614 606 2650 vero
633 2598 916 2668 sequenti,
947 2604 1011 2651 ut
1043 2599 1231 2651 honor
1264 2598 1415 2651 beati
1448 2599 1554 2651 viri
1578 2600 1746 2651 latius

51 2685 213 2738 etiam
242 2691 739 2754 augmentaretur,
773 2691 1122 2739 memoratus
1154 2687 1361 2755 praesul
1394 2702 1458 2739 ex
1489 2688 1747 2757 reliquiis

47 2790 163 2839 ejus
193 2789 339 2843 quas
380 2773 607 2842 pridem
636 2774 808 2842 hujus
836 2774 917 2826 rei
950 2774 1135 2843 gratia
1166 2790 1419 2826 seorsum
1469 2791 1602 2827 eum
1643 2790 1745 2843 po-

50 2862 219 2914 suisse
259 2862 587 2927 retulimus,
640 2862 826 2932 primo
865 2862 972 2915 sibi
1023 2862 1172 2927 tulit,
1220 2862 1425 2915 deinde
1457 2863 1647 2916 abbati
1681 2878 1745 2915 ex

48 2951 221 3019 Augia
252 2958 308 3002 et
342 2950 615 3002 fratribus
665 2950 734 3003 de
787 2950 1160 3019 Campidona,
1214 2951 1550 3021 cwterisque
1609 2950 1747 3003 reli-

1851 564 1975 617 aliis
2023 564 2297 616 veraciter
2343 568 2563 633 patrata
2614 580 2733 616 esse
2782 564 3169 629 comperimus
3212 560 3346 614 huic
3390 575 3541 630 opu-

1851 653 2005 705 sculo
2036 653 2380 719 inserentes;
2413 653 2508 704 sed
2555 668 2621 705 ex
2656 652 2847 704 multis
2895 668 3091 721 pauca,
3126 656 3298 721 atque
3354 667 3385 702 a
3436 665 3539 701 uo-

1851 742 1935 793 bis
1978 748 2272 811 perspecta
2324 742 2380 792 in
2425 756 2603 792 unum
2670 740 2936 807 colligere
2985 740 3257 793 volentes.
3328 738 3542 793 Cuncta

1851 830 2004 882 cnim
2036 830 2155 883 haec
2186 830 2347 881 facile
2381 828 2632 881 enarrari
2668 843 2833 897 posse
2870 844 2982 880 non
3031 828 3336 889 credimus,
3392 841 3542 895 prm-

1852 920 2046 971 sertini
2070 936 2196 972 cum
2230 918 2287 971 in
2325 918 2460 971 locis
2494 917 2755 987 plurimis
2789 933 2903 969 non
2935 917 3001 970 ad
3038 933 3136 969 nos
3167 921 3410 981 tantum,
3444 915 3538 967 sed

1851 1010 1920 1061 ad
1955 1009 2092 1061 alios
2123 1024 2354 1078 quoque
2381 1007 2820 1076 pertinentibus,
2846 1022 2972 1075 qua:
3003 1006 3173 1058 sacris
3188 1006 3310 1074 ejus
3337 1006 3541 1073 pigno-

1854 1098 2009 1150 ribus
2065 1097 2414 1163 dilabantur,
2448 1102 2564 1148 tam
2609 1096 2787 1147 multa
2823 1094 3081 1165 quotidie
3138 1094 3542 1147 miraculorum

1851 1187 2014 1255 signa
2043 1184 2381 1250 elfulserint,
2417 1189 2479 1236 ut
2510 1200 2613 1236 nec
2646 1184 2950 1236 verborum
2983 1182 3247 1235 facundia
3278 1179 3542 1249 proferri,

1854 1291 1956 1329 nec
2015 1275 2142 1344 styli
2197 1272 2466 1326 instantia
2514 1272 2726 1342 absque
2784 1272 2973 1324 labore
3032 1272 3256 1323 valeant
3289 1283 3543 1338 compre-

1854 1362 2045 1415 hendi.
2080 1363 2437 1430 Quapropter
2467 1360 2554 1413 his
2588 1360 2818 1413 interim
2850 1358 3094 1424 omissis,
3129 1358 3199 1411 ad
3228 1372 3293 1409 ea
3324 1361 3545 1409 tantum

1854 1467 1959 1503 nos
1986 1449 2283 1502 scribenda
2310 1455 2723 1513 convertemus,
2756 1464 2883 1518 quae
2918 1454 2975 1500 et
3016 1446 3314 1500 nobiscum
3354 1444 3545 1497 omni-

1855 1538 2039 1591 modis
2080 1538 2227 1591 facta
2282 1537 2672 1607 cognovimus,
2726 1544 2782 1589 et
2831 1537 2983 1606 apud
3038 1535 3233 1589 livoris
3285 1538 3546 1603 expertes

1856 1626 2201 1679 attestationi
2255 1626 2571 1679 sanctitatis
2618 1625 2739 1695 ejus
2784 1625 3043 1678 sufﬁcere
3091 1639 3259 1693 posse
3307 1620 3547 1675 conﬁdi-

1860 1731 2008 1768 mus.

2525 1785 2751 1841 CAPUT
2793 1784 2885 1839 III.

1925 1892 2115 1948 Pedem
2157 1894 2373 1946 saucius
2425 1897 2474 1945 et
2523 1893 2845 1957 tumefactus
2897 1891 3187 1943 sanitatem
3225 1886 3479 1956 indeptus

2351 1968 2428 2017 est
2450 1962 2599 2031 apud
2626 1963 2888 2015 tumulum
2912 1961 3047 2029 ejus.

1925 2068 2166 2132 Quidam
2198 2068 2604 2138 paterfamilias
2654 2068 2969 2119 multorum
3019 2065 3168 2134 apud
3218 2079 3323 2117 nos
3364 2061 3551 2131 cogni-

1856 2155 2011 2209 tione
2045 2157 2397 2221 notissimus,
2429 2172 2653 2208 servum
2681 2154 2992 2225 quemdam
3018 2151 3235 2213 habuit,
3273 2150 3373 2220 qui
3404 2164 3547 2218 ope—

1856 2247 1932 2299 ris
1983 2247 2279 2315 quidpiam
2328 2246 2539 2299 faciens
2603 2261 2733 2297 casu
2792 2244 2997 2313 pedem
3045 2239 3386 2295 vulneravit.
3444 2239 3547 2291 Pes

1855 2351 1988 2387 vero
2018 2335 2138 2404 ipse
2167 2335 2429 2404 protinus
2461 2335 2829 2397 intuniorem
2862 2347 3076 2396 versus,
3113 2330 3253 2383 adeo
3276 2342 3547 2381 venarum

1854 2423 2245 2475 contractione
2278 2423 2610 2476 debilitatus
2639 2427 2741 2486 est,
2793 2417 2856 2473 iit
2905 2417 3239 2474 ambulandi
3282 2416 3550 2469 facultate

1855 2512 2084 2581 penitus
2122 2511 2460 2581 privaretur.
2510 2511 2667 2564 Hauc
2714 2510 2785 2563 ob
2834 2524 3060 2562 causam
3103 2504 3550 2560 sustentaculum

1856 2600 2139 2669 quoddam
2174 2600 2455 2669 genuculo
2489 2614 2839 2668 supponens,
2882 2612 3140 2666 gressum
3182 2610 3355 2665 quem
3390 2591 3551 2661 pedis

1856 2689 2160 2741 inﬁrmitas
2205 2688 2546 2758 denegabat,
2604 2703 2707 2756 per
2766 2702 2981 2739 annum
3040 2685 3216 2737 ferme
3261 2682 3550 2751 integrum

1856 2784 1977 2829 arte
2034 2777 2317 2830 fulcienda
2374 2777 2669 2829 sublevare
2731 2775 2984 2828 curabat.
3048 2775 3095 2827 Is
3152 2788 3281 2825 cum
3358 2769 3429 2822 ad
3491 2769 3547 2821 Β.

1858 2866 2114 2920 Othmari
2165 2866 2434 2935 suffragia
2479 2864 2744 2929 venisset,
2800 2869 2933 2917 ante
2991 2862 3115 2932 ejus
3169 2861 3347 2914 altare
3414 2873 3548 2927 pro~

1858 2960 2065 3008 stratus
2107 2955 2306 3021 oravit,
2359 2953 2772 3023 confestimque
2822 2953 3005 3005 soluto
3052 2950 3194 3020 pede
3242 2948 3551 3016 relictoque

52 3040 217 3107 giosis
256 3038 464 3109 utique
513 3055 577 3091 ac
634 3038 1055 3091 venerabilibus
1102 3039 1234 3091 viris
1280 3039 1501 3109 aliquas
1555 3055 1620 3092 ex
1667 3038 1747 3091 eis
1787 3048 1826 3102 C
1857 3044 2241 3097 sustentaculo
2273 3058 2443 3096 sanus
2480 3041 2764 3096 abscessit.

53 3128 375 3194 particulas,
419 3132 594 3197 prout
648 3126 755 3180 sibi
809 3128 995 3180 visum
1052 3127 1259 3194 fuerat,
1302 3128 1743 3191 commendavit,

52 3216 205 3268 nobis
242 3214 626 3286 prmseutibus
680 3231 878 3268 omnes
918 3232 1014 3269 eos
1061 3216 1303 3269 sollicite
1352 3232 1740 3282 commonens,

53 3310 107 3357 ut
134 3320 234 3372 per
264 3304 465 3357 omnia
496 3304 813 3358 honoriﬁce
842 3306 1128 3375 digneque
1165 3321 1259 3359 eas
1301 3310 1541 3359 tractare
1589 3322 1748 3359 cura-

53 3399 187 3445 rent.
239 3392 463 3455 Quibus
525 3393 789 3461 peractis,
845 3394 993 3447 beati
1074 3394 1361 3447 Michaelis
1417 3394 1743 3463 archangeli

56 3482 337 3534 ecclesiam
384 3481 737 3533 consecravit
782 3496 794 3535 :
851 3483 1175 3551 multosque
1225 3498 1385 3534 sacro
1440 3482 1744 3535 chrismate

57 3570 411 3636 conﬁrmans,
444 3569 702 3623 salutatis
733 3570 1002 3623 fratribus
1034 3570 1197 3623 laetus
1228 3586 1355 3623 cum
1388 3571 1504 3624 suis
1545 3588 1743 3625 mona-

58 3660 214 3711 sterio
246 3656 526 3710 discessit.
561 3658 752 3711 Altera
785 3664 974 3710 autem
1007 3658 1096 3711 die
1138 3659 1405 3712 abbatem
1455 3675 1523 3711 ex
1563 3658 1746 3729 Augia

58 3746 361 3816 fratresque
378 3762 447 3799 ex
479 3746 833 3815 Campidona
864 3762 992 3799 cum
1025 3747 1292 3799 laudibus
1322 3753 1379 3799 et
1406 3747 1705 3800 cantilenis
1727 3755 1747 3781 °

60 3841 198 3887 extra
227 3834 644 3887 monasterium
689 3841 1121 3905 prosequentes,
1176 3840 1303 3904 post
1349 3836 1615 3888 fraternae
1660 3835 1744 3889 di-

61 3922 306 3976 lectionis
346 3924 654 3993 colloquia,
704 3923 834 3976 dato
880 3924 1034 3993 pacis
1087 3925 1277 3976 osculo
1327 3924 1395 3976 ad
1438 3940 1558 3977 'sua
1612 3940 1745 3978 cum

63 4011 252 4077 gaudio
287 4026 545 4065 remeare
576 4012 965 4081 permisimus.

725 4118 953 4172 CAPUT
994 4118 1064 4172 II.

65 4204 201 4267 Quod
243 4206 301 4257 in
332 4205 590 4273 plurimis
644 4205 769 4258 locis
814 4208 958 4343 (ἰένσὲ
1006 4206 1270 4275 reliquias
1314 4206 1430 4274 ejus
1478 4208 1746 4261 miracula

724 4292 812 4328 mu
839 4282 895 4329 ιιι
953 4282 1067 4329 anl.

724 4282 895 4329 multa
914 4282 1067 4329 ﬁant.

123 4363 303 4417 Finita
330 4363 612 4417 relatione
644 4364 891 4434 qualiter
912 4364 999 4417 vir
1038 4364 1239 4418 beatus
1275 4364 1334 4417 in
1370 4381 1533 4418 suam
1563 4370 1748 4417 trans-

71 4450 191 4504 latus
253 4452 428 4505 fuerit
484 4452 800 4517 basilicam,
863 4468 933 4505 ne
992 4452 1286 4506 fastidiose
1344 4453 1487 4506 forte
1549 4454 1750 4507 lectori

72 4546 369 4603 protractus
408 4540 470 4592 in
514 4541 751 4611 longum
796 4556 982 4593 sermo
1031 4541 1258 4594 turbata
1306 4546 1496 4594 mente
1546 4557 1751 4611 rugam

74 4626 252 4681 frontis
283 4628 601 4697 ingereret,
656 4628 847 4699 aliqua
877 4646 943 4683 ex
994 4629 1311 4683 sanctitatis
1358 4631 1480 4700 ejus
1527 4630 1751 4684 iudiciis

75 4730 172 4781 quae
201 4718 386 4785 ipsius
418 4718 864 4771 clarescentibus
891 4718 1111 4771 meritis
1144 4718 1360 4772 ibidem
1402 4724 1597 4789 postea
1631 4735 1753 4772 ma-

78 4804 255 4859 nifesta
289 4807 472 4859 fuisse
512 4807 931 4876 perspeximus,
979 4808 1038 4861 in
1086 4810 1235 4861 calce
1284 4809 1456 4877 hujus
1501 4802 1748 4861 conscri-

76 4893 265 4957 ptionis
304 4894 550 4949 strictim
584 4912 647 4948 ac
690 4896 972 4950 succincte
1004 4897 1350 4967 subjungere
1382 4897 1703 4950 curavimus
1737 4912 1749 4949 :

132 5025 151 5048 ⁸
174 5018 313 5071 Nota
344 5034 567 5072 morem
600 5018 945 5072 recondendi
976 5024 1301 5072 sanctorum
1338 5019 1609 5089 reliquias
1645 5020 1752 5073 sub

82 5086 250 5141 altare.
288 5090 433 5158 Lege
466 5089 870 5143 Praefationem
901 5090 970 5143 ad
997 5090 1267 5143 saeculum
1294 5107 1352 5143 ii.

131 5162 149 5199 δ
177 5161 446 5213 lncboata
477 5160 699 5211 scilicet
731 5160 1039 5213 lndiclione
1071 5162 1255 5229 prima
1287 5179 1319 5213 a
1351 5160 1441 5213 die
1473 5160 1753 5230 vigesima

84 5240 261 5294 quarta
306 5230 685 5300 Septembris,
720 5247 851 5301 quo
904 5232 1075 5284 modo
1124 5232 1459 5301 explicanda
1514 5232 1750 5285 indictio

85 5301 221 5353 tertia
250 5302 473 5354 decima
504 5317 685 5369 supra
716 5300 772 5353 in
802 5302 895 5354 lib.
934 5318 970 5367 ι,
1006 5318 1129 5369 cap.
1164 5300 1216 5356 5.

132 5372 254 5424 ‘Sic
302 5374 454 5424 viros
516 5372 645 5440 pios
712 5372 1026 5441 antiquitus
1100 5372 1454 5440 excipiebant
1500 5373 1750 5425 deduce-

83 5436 296 5513 bantque
328 5459 461 5496 cum
505 5436 745 5494 canticis
775 5436 963 5507 sacris,
1008 5436 1297 5512 praecipue
1351 5459 1483 5496 vero
1531 5443 1751 5512 episco-

83 5523 171 5572 pos.
206 5512 533 5568 Athanasio
582 5512 964 5566 Alexandrino
1010 5514 1080 5568 ad
1112 5513 1570 5568 Tabenuensinm
1619 5529 1751 5566 mo-

85 5585 355 5640 nasterium
414 5583 726 5639 accedenti
779 5584 1001 5638 obviam
1065 5586 1341 5656 processit
1413 5584 1751 5639 Pachomius

2532 3166 2756 3221 CAPUT
2790 3165 2876 3219 IV.

2292 3284 2446 3339 Tibia
2475 3296 2736 3352 suspensa
2757 3280 3128 3351 protenditur.

1929 3404 2039 3456 Nec
2071 3401 2251 3455 multo
2311 3404 2433 3471 post
2492 3398 2636 3451 alius
2687 3397 2923 3468 quidam
2978 3395 3183 3465 pedem
3234 3408 3365 3446 cum
3409 3390 3551 3445 tibia

1855 3493 2023 3546 altius
2072 3509 2101 3544 a
2149 3496 2301 3543 terra
2349 3490 2618 3553 levatum,
2672 3488 2736 3539 ad
2788 3484 3110 3555 posteriora
3170 3485 3550 3545 contractum,

1858 3598 1970 3635 non
2017 3580 2085 3633 ad
2116 3578 2433 3631 subsidium
2462 3576 2701 3641 itineris,
2764 3574 2858 3627 sed
2916 3574 2985 3626 ad
3036 3570 3307 3642 ponderis
3366 3568 3555 3638 potius

1856 3668 2276 3738 gravitudinem
2307 3664 2541 3718 ferebat.
2597 3663 2693 3716 Hic
2723 3662 2814 3715 die
2845 3661 3097 3731 quadam
3154 3658 3369 3711 baculis
3445 3656 3558 3708 suf-

1854 3758 2030 3811 fultus
2062 3753 2471 3809 monasterium
2527 3750 2774 3813 devenit,
2828 3755 2878 3802 et
2942 3750 3001 3804 B.
3059 3745 3319 3802 Othmari
3364 3749 3554 3797 orato-

1857 3846 2006 3899 rium
2038 3843 2328 3912 ingressus
2355 3855 2547 3893 coram
2588 3838 2756 3892 altari
2801 3838 2922 3907 ejus
2964 3835 3163 3890 stando
3213 3850 3344 3887 cum
3400 3849 3552 3886 oras-

1857 3939 1960 3999 set,
2004 3948 2103 4001 pes
2158 3930 2278 4000 ipse
2326 3944 2458 3982 cum
2507 3927 2645 3981 tibia
2696 3927 2919 3979 solutus
2969 3922 3361 3995 protenditur,
3409 3920 3558 3974 soni-

1855 4027 2095 4092 tumque
2121 4020 2179 4073 in
2214 4018 2445 4072 modum
2484 4016 2645 4070 fracti
2678 4015 2979 4085 cujusdam
3028 4012 3172 4084 ligni
3222 4009 3557 4081 crepitando

1856 4110 2125 4164 emittens
2172 4107 2496 4176 corrigitur.
2534 4106 2643 4160 Nec
2696 4121 2859 4159 mora
2912 4120 3013 4158 suo
3071 4103 3366 4156 restitutus
3434 4100 3554 4153 loco

1855 4199 2133 4252 ferentem
2167 4212 2223 4249 se
2256 4194 2490 4259 ferebat,
2523 4196 2965 4263 portantemque
2997 4206 3055 4244 se
3096 4194 3256 4260 grata
3297 4185 3557 4241 mercede

1858 4300 2230 4341 remunerans
2259 4283 2614 4353 deportabat.

2543 4406 2769 4461 CAPUT
2809 4406 2872 4457 V.

1999 4515 2210 4571 Celebre
2246 4514 2574 4568 miraculum
2610 4511 3042 4567 sanctimonialis
3076 4510 3413 4563 illuminalaa.

1929 4631 2045 4685 Sub
2076 4630 2257 4701 ipsius
2305 4628 2439 4682 anni
2472 4628 2656 4697 spatio
2700 4624 3150 4678 sanctimonialis
3190 4622 3454 4692 quaedam
3486 4620 3557 4673 de

1861 4719 2074 4789 oppido
2103 4718 2258 4789 quod
2292 4717 2495 4771 Basula
2526 4715 2649 4786 [al.,
2703 4713 2941 4777 Basilea,
2972 4711 3121 4779 Bdle]
3157 4710 3383 4771 dicitur,
3425 4712 3557 4761 ante

1861 4824 2044 4861 annos
2094 4812 2339 4878 quatuor
2383 4805 2643 4873 utrisque
2704 4800 3017 4855 luminibus
3073 4800 3289 4860 orbata,
3350 4797 3559 4851 sororis

1861 4912 1978 4949 suae
2012 4895 2218 4949 ducatu
2250 4894 2316 4947 ad
2352 4890 2762 4945 monasterium
2797 4886 3085 4942 tendendo
3122 4884 3403 4957 pervenit,
3447 4883 3553 4938 ibi-

1862 5035 1993 5072 cum
2026 5017 2324 5070 monachis
2356 5013 2492 5074 suis,
2526 5028 2774 5081 eumque
2808 5010 3059 5077 suscepit
3085 5025 3204 5064 cum
3246 5009 3473 5081 psalmis
3508 5013 3558 5061 et

1863 5091 2099 5158 hymnis.
2142 5085 2432 5141 Monachis
2480 5086 2654 5158 etiam
2682 5080 2693 5081 ί
2722 5098 2841 5158 mos
2887 5088 3015 5158 erat
3054 5080 3296 5158 solemni
3348 5094 3557 5158 pompa

1862 5150 2181 5227 eicipiendi
2210 5158 2445 5210 abbates
2476 5172 2542 5207 ex
2600 5153 2914 5227 longinquo
2944 5150 3557 5227 _diuturnove__itinere

1864 5220 2185 5282 redeuntes.
2248 5229 2308 5279 In
2341 5227 2577 5277 vetustis
2632 5220 2989 5277 Corbeiensis
3022 5221 3355 5275 monasterii
3402 5220 3557 5273 Acti-

1859 5301 1967 5352 bus
2004 5314 2016 5351 :
2051 5298 2237 5351 Abbas
2276 5299 2500 5350 Romam
2527 5296 2823 5364 profectus,
2856 5295 2938 5346 vel
2974 5295 3033 5345 in
3063 5295 3204 5347 alias
3237 5298 3430 5357 terras,
3463 5307 3559 5360 per

1859 5384 2059 5423 annum
2085 5373 2346 5427 moratus,
2376 5381 2495 5418 cum
2535 5366 2760 5419 redierit
2790 5367 3053 5431 recipitur
3082 5364 3329 5419 omnibus
3369 5364 3559 5431 cappis

1858 5440 2178 5507 generaliter
2208 5437 2416 5491 inclutis
2437 5452 2557 5490 cum
2599 5438 2948 5507 processione.
2985 5436 3066 5489 Ita
3105 5437 3222 5489 fere
3266 5434 3561 5489 Udalricus

1857 5506 1917 5565 in
1948 5510 2093 5564 libro
2139 5526 2177 5563 ii
2217 5509 2709 5565 Consuetudinum
2760 5506 3223 5561 Cluuiacensium
3266 5523 3387 5576 cap.
3423 5508 3477 5571 3,
3526 5521 3558 5558 a

1858 5598 1971 5654 quo
2002 5580 2371 5638 Corbeienses
2402 5578 2547 5633 ritus
2576 5594 2711 5632 suos
2738 5577 2985 5632 mutuati
3013 5584 3166 5632 sunt.
