3868 6228
315 283 418 333 795
1449 286 1789 342 GRIMALDI
1833 288 2360 343 SANGALLENSIS
2398 289 2690 344 ABBATIS
3729 294 3807 343 796

315 430 426 485 que
448 414 626 467 tribus
645 415 763 468 fere
785 415 1237 470 hebdomadibus
1260 417 1528 471 cwcitatis
1552 419 1802 472 tenebris
1827 420 2011 474 adhuc
2048 425 2094 475 Α
2124 420 2575 474 sanctimonialis
2617 421 2758 491 ipsa,
2806 421 2955 475 inter
2996 422 3134 475 alios
3184 422 3284 492 qui
3330 425 3643 486 venerant,
3699 420 3810 473 hora

316 502 571 556 involuta
617 505 952 573 permansit.
994 510 1200 559 Annuo
1250 512 1440 559 autem
1495 524 1666 561 cursu
1712 510 2012 563 accedente
2124 508 2237 562 diei
2268 510 2431 579 quasi
2479 517 2704 580 quarta,
2757 516 2886 564 ante
2934 510 3083 565 beati
3127 512 3232 564 viri
3281 512 3548 564 tumbam
3602 518 3809 564 oratura

314 591 639 659 festivitate,
669 610 781 663 qua
810 595 1090 647 catholica
1130 611 1232 664 per
1281 596 1477 649 orbein
1528 597 1777 650 Ecclesia
1832 596 2014 650 sancti
2120 599 2526 668 prosternitur,
2552 600 2746 670 ibique
2767 600 3182 670 aliquantisper
3206 600 3423 653 orando
3446 601 3655 653 lumen
3680 601 3809 668 quod

316 680 562 748 Spiritus
589 682 836 735 adventu
869 685 1113 748 laetatur,
1138 684 1194 736 in
1228 684 1471 737 Sabbato
1503 686 1653 755 quod
1688 687 2014 755 praecedens
2124 688 2392 741 amisorat
2417 689 2651 758 recepit,
2687 690 2998 759 multisque
3028 691 3086 742 in
3120 706 3298 742 unum
3348 688 3811 742 convenientibus

317 783 441 822 eam
494 769 602 839 ipsi
634 787 861 840 quoque
919 772 1200 837 imminet,
1253 790 1381 826 cum
1456 774 1763 827 multitudo
1812 774 2013 845 populi
2122 776 2528 846 perspicuitate
2558 777 2727 845 hujus
2762 777 3020 831 miraculi
3067 794 3289 848 magna:
3328 779 3655 831 admodum
3688 778 3812 831 leti-

318 872 475 911 morc
535 858 700 912 solito
765 860 1041 912 orationis
1099 877 1268 914 causa
1329 863 1742 916 monasterium
1806 863 2011 930 adiret,
2126 865 2220 918 tim
2245 881 2413 917 causa
2441 866 2569 918 fuit.

1630 1180 1946 1255 ISONIS
2007 1181 2521 1256 FORMULE.

1313 1333 1491 1411 (Vide
1521 1334 1890 1415 Patrologz'a:
1920 1347 2059 1396 tom.
2095 1335 2490 1409 LXXXVII,
2526 1338 2636 1397 col.
2666 1314 2834 1413 875.)

1646 1647 1818 1691 ANNO
1867 1648 2094 1692 DOMINI
2142 1648 2287 1692 DCCC
2297 1648 2496 1693 LXXII.

1399 1820 2753 1998 GRIMALDUS

1594 2106 2077 2174 SANGALLEN
2087 2109 2205 2175 SIS
2252 2110 2515 2175 ABBAS
2525 2159 2540 2174 .

1077 2379 1571 2480 LIBER
1676 2378 3069 2484 SACBAMENTORUM

1405 2559 1478 2598 EX
1523 2558 1836 2599 OPERIBUS
1878 2558 1965 2599 SS.
2013 2559 2271 2598 PATRUM
2330 2558 2717 2599 EXCERPTUS.

1122 2672 1291 2733 (Apud
1312 2672 1567 2721 Jacobum
1593 2669 1880 2720 Pamelium
1896 2708 1908 2727 ,
1932 2671 2231 2734 Liturgicon
2256 2671 2501 2720 Ecclesiae
2535 2671 2731 2720 Latinas
2754 2676 2896 2721 tomo
2922 2673 3007 2725 Il.)

1596 2933 1988 3007 PAMELII
2059 2932 2538 3029 MONITUM,

386 3211 537 3266 Libri
569 3210 740 3279 hujus
762 3227 891 3264 cum
922 3210 1268 3279 prmeedenti
1306 3212 1379 3275 (ιι)
1420 3210 1479 3264 in
1509 3211 1630 3265 haec
1671 3211 1843 3264 verba
1890 3226 2004 3264 me-
2044 3212 2082 3265 Β
2112 3209 2294 3272 Quare
2324 3213 2473 3263 recte
2507 3209 2584 3262 sic
2603 3210 2706 3263 hac
2737 3210 2805 3262 de
2839 3225 2919 3275 re,
2952 3208 3047 3262 lib.
3086 3227 3123 3277 i,
3153 3226 3280 3280 cap.
3326 3214 3411 3275 l8,
3438 3210 3756 3263 Amalarius
3784 3224 3795 3261 :

314 3282 481 3336 minit
510 3283 870 3345 Micrologus,
904 3283 971 3335 de
1006 3281 1181 3335 divin.
1209 3282 1466 3345 Observ.,
1494 3297 1616 3351 cap.
1660 3284 1746 3335 60.
1784 3303 1809 3330 ι(
1855 3281 2005 3335 Fecit

314 3359 507 3407 tamen
534 3353 688 3407 idem
715 3353 954 3406 Albinus
986 3354 1044 3405 in
1076 3358 1271 3405 sancta
1324 3352 1565 3406 Ecclesia
1598 3368 1715 3406 non
1754 3358 2006 3406 contem-

312 3425 566 3477 nendum
618 3440 782 3492 opus.
817 3425 956 3477 Nam
1000 3422 1374 3489 Gregorianas
1405 3424 1694 3476 orationes
1736 3423 1796 3476 in
1844 3424 2003 3476 libris

313 3496 810 3549 Sacramentorum
858 3494 1154 3563 collegisse
1197 3494 1487 3557 asseritur,
1524 3494 1718 3563 paucis
1749 3494 1875 3547 aliis
1906 3494 2005 3547 ad-

307 3565 493 3635 jectis,
522 3582 663 3636 quas
694 3572 887 3619 tamen
918 3567 1022 3619 sub
1050 3566 1214 3618 obelo
1248 3566 1521 3618 notandus
1544 3581 1665 3618 esse
1711 3565 2000 3636 indicavit.

314 3635 715 3691 Deinde’alias
772 3637 1058 3690 orationes
1116 3638 1232 3689 sive
1306 3636 1687 3706 praefationes,
1740 3635 1844 3688 etsi
1889 3651 2006 3689 non

314 3709 709 3775 Gregorianas,
742 3708 1133 3761 ecclesiastica:
1166 3712 1357 3760 tanien
1400 3707 1716 3761 celebritati
1747 3707 2004 3771 idoneas,

313 3778 559 3849 collegit,
596 3778 742 3831 sicut
773 3780 1044 3847 prologus
1093 3785 1351 3840 testatur,
1407 3795 1577 3849 quem
1622 3786 1746 3848 post
1791 3778 2002 3849 Grego-

315 3848 501 3901 rianas
533 3849 821 3902 orationes
850 3849 907 3902 in
939 3849 1127 3903 medio
1168 3848 1433 3917 ejusdem,
1454 3850 1584 3903 libri
1627 3848 1943 3901 collocavit.
1976 3866 2002 3897 ››

317 3921 595 3972 Hactenus
629 3921 758 3973 ille:
797 3922 893 3988 qui
924 3921 1029 3973 etsi
1061 3921 1301 3973 Alcuino
1349 3928 1499 3987 (nam
1558 3921 1707 3974 idem
1759 3920 1853 3972 ille
1910 3918 2004 3971 Al-

313 3992 515 4043 cuinus
543 3991 782 4043 Albinus
820 3991 1045 4044 Flaccus
1093 3992 1551 4060 cognominatur)
1610 3990 1870 4051 ascribat,
1904 4006 2005 4043 nos

313 4067 504 4114 tamen
555 4061 1070 4114 vetustissimorum
1118 4077 1250 4113 mss.
1305 4062 1563 4114 codicum
1612 4062 1771 4131 sequi
1832 4060 2007 4114 tidem

313 4132 650 4197 maluimus;
682 4138 863 4199 potest
913 4133 1066 4184 enim
1117 4133 1174 4184 in
1209 4132 1513 4202 Micrologo
1562 4147 1720 4185 error
1769 4148 1891 4185 esse
1936 4131 2005 4183 li-

316 4202 656 4260 brariorum,
691 4202 898 4271 quibus
927 4202 1199 4255 Grimaldi
1234 4217 1434 4255 nomen
1474 4208 1594 4255 erat
1624 4202 2002 4271 incognitum.

314 4272 439 4325 Sive
467 4272 694 4324 interim
731 4272 877 4335 huic,
927 4273 1040 4324 sive
1072 4273 1155 4325 illi
1200 4272 1532 4337 ascribatur,
1583 4272 1810 4327 videtur
1854 4278 2006 4326 certe

314 4343 385 4395 ad
419 4358 548 4395 eum
604 4342 855 4395 alludere
902 4343 1242 4408 Amalarius,
1306 4342 1400 4395 lib.
1452 4360 1488 4406 ι,
1541 4359 1665 4412 cap.
1699 4346 1767 4397 22
1809 4348 1865 4395 et
1915 4345 2003 4396 24.

318 4432 344 4462 α
390 4414 500 4467 Pro
540 4414 660 4479 illo,
714 4412 917 4481 inquit,
969 4418 1236 4483 precatur
1285 4431 1316 4465 a
1361 4415 1651 4467 sacerdote
1702 4414 1763 4466 in
1806 4414 2005 4468 Sacra-

316 4485 599 4537 mentario
631 4500 643 4537 :
681 4486 747 4537 Ut
766 4484 834 4537 ab
865 4485 1211 4567 immaculato
1250 4486 1463 4567 Domini
1508 4486 1678 4567 [antis
1727 4490 1917 4567 utero,‘
1952 4487 2009 4538 in
2048 4512 2088 4567 ε

314 4572 507 4609 novam
540 4562 731 4608 renata
761 4560 1086 4620 creaturam,
1117 4557 1397 4624 proyeuies
1437 4556 1656 4608 catastis
1684 4560 1940 4622 emergat.
1977 4576 2003 4606 »

317 4627 509 4696 Neque
557 4627 706 4679 enim
770 4626 967 4693 priori,
1005 4627 1100 4678 sed
1152 4627 1257 4679 hoc
1291 4626 1431 4679 libro
1481 4627 1805 4678 continetur
1859 4625 2009 4679 cerei

317 4697 595 4766 paschalis
625 4698 996 4761 consecratio,
1066 4697 1227 4765 cujus
1303 4696 1473 4749 verba
1530 4698 1700 4750 latius
1762 4702 2008 4765 utroque

316 4769 500 4836 capite
519 4768 781 4838 eXplicat.
814 4768 987 4837 Cujus
1004 4769 1145 4822 adeo
1172 4769 1417 4837 primum
1442 4768 1860 4821 institutionem
1886 4784 2010 4836 per-

316 4855 514 4907 peram
551 4839 787 4909 quidam
817 4839 1036 4893 Zosimo
1067 4855 1229 4908 papae
1254 4839 1558 4904 ascribunt,
1605 4855 1734 4893 cum
1758 4840 1878 4908 jam
1911 4840 2008 4892 diu

316 4914 507 4975 antea,
543 4915 599 4962 et
629 4910 685 4962 in
724 4910 1012 4979 Hispaniis
1040 4910 1386 4963 Prudentius
1414 4910 1654 4976 hvmno,
1681 4926 1791 4979 quo
1817 4909 2010 4962 etiam-

316 4995 454 5033 num
489 4980 727 5045 utimur,
759 4998 884 5034 eam
926 4981 1317 5045 celebraverit,
1360 4986 1417 5034 et
1446 4980 1744 5035 Mediolani
1783 4981 1844 5034 Ι).
1882 4984 2010 5033 Am-

316 5049 540 5104 brosius
571 5052 842 5120 peculiari
887 5068 1116 5121 quoque
1143 5052 1290 5105 cerei
1324 5052 1722 5106 benedictione
1752 5052 1825 5105 sit
1853 5068 2004 5105 usus.

390 5202 466 5274 (α)
508 5200 768 5274 [ηιθηίεθ
816 5202 1330 5274 sacramentarium
1377 5204 1812 5273 Gregorianum,
1858 5203 2008 5274 quod

318 5271 470 5337 apud
507 5272 822 5324 Pamelium
863 5272 1008 5326 libro
1038 5272 1311 5327 Grimaldi
1350 5271 1723 5344 praemittitur
1757 5282 1813 5329 et
1848 5271 2008 5329 recu-

2120 3303 2138 3328 ε
2178 3282 2449 3334 Romanis
2496 3282 2575 3332 ita
2608 3281 2927 3349 agentibus,
2964 3280 3128 3333 nobis
3185 3296 3415 3351 quoque
3456 3287 3795 3350 praeceptum

2114 3358 2193 3403 est
2223 3368 2254 3403 a
2287 3368 2434 3421 papa
2457 3352 2677 3404 Zosimo
2720 3352 3054 3404 benedicere
3086 3367 3333 3405 cereum.
3366 3374 3391 3400 υ
3439 3355 3514 3406 Ac
3563 3352 3611 3404 si
3661 3353 3797 3403 dicat

2113 3427 2281 3474 antea
2313 3422 2546 3492 quidem
2574 3423 2769 3475 Romae
2801 3422 2853 3474 id
2890 3422 3185 3486 usitatum,
3219 3423 3315 3475 sed
3345 3439 3377 3475 a
3401 3423 3624 3475 Zosimo
3661 3438 3795 3491 papa

2114 3492 2173 3545 in
2206 3493 2331 3545 aliis
2367 3509 2594 3563 quoque
2648 3492 2915 3545 omnibus
2962 3492 3218 3546 Ecclesiis
3262 3493 3386 3547 ﬁeri
3435 3493 3741 3546 decretum.
3770 3510 3790 3535 ιτ

2116 3564 2324 3615 Verum
2383 3566 2487 3636 etsi
2537 3565 2686 3636 base
2720 3570 2985 3636 παρεργώς
3046 3564 3390 3636 dictasint,
3424 3634 3430 3636 Α
3470 3563 3795 3636 conﬁrmant

2116 3640 2308 3686 tamen
2339 3635 2487 3704 quod
2536 3635 2593 3687 iu
2636 3634 2803 3687 dicto
2835 3634 3071 3704 prologo
3110 3635 3303 3688 scribit
3343 3634 3686 3700 Grimaldus,
3717 3650 3791 3683 ve-

2116 3705 2356 3757 tustiora
2387 3722 2531 3775 pene
2571 3722 2691 3758 esse
2722 3706 3088 3774 Gregorianis
3131 3722 3258 3775 quae
3292 3707 3349 3758 in
3378 3706 3488 3759 hoc
3532 3722 3675 3774 opus
3715 3704 3791 3755 di-

2115 3776 2309 3846 gessit.
2354 3798 2370 3823 ι
2406 3776 2515 3831 Sed
2548 3776 2706 3846 quia,
2734 3777 2941 3846 inquit,
2984 3783 3117 3829 sunt
3143 3784 3199 3830 et
3230 3777 3340 3830 alia
3382 3777 3643 3846 quaedam
3675 3776 3790 3844 qui-

2114 3845 2220 3898 bus
2276 3845 2593 3899 necessario
2651 3845 2841 3899 sancta
2905 3847 3086 3899 utitur
3141 3845 3412 3911 Ecclesia,
3462 3864 3592 3917 quas
3659 3848 3790 3917 idem

2116 3918 2300 3981 Pater,
2335 3918 2406 3970 ab
2440 3917 2563 3969 aliis
2602 3917 2721 3985 jam
2755 3935 2876 3970 esse
2929 3919 3080 3969 edita
3124 3917 3451 3987 inspiciens,
3480 3916 3794 3987 praetermi-

2116 3987 2208 4050 sit,
2256 3988 2466 4041 idcirco
2512 4005 2699 4057 opera:
2747 3989 2997 4058 pretium
3039 3989 3307 4042 duximus
3371 4005 3436 4041 ea
3486 3990 3607 4042 vult
3644 3990 3792 4041 tlores

2114 4066 2415 4127 pratorum
2459 4066 2761 4112 vernantes
2805 4075 3037 4127 carpere
3087 4065 3144 4113 et
3189 4062 3249 4113 in
3295 4076 3471 4113 unum
3518 4060 3789 4126 colligere.

2115 4134 2287 4198 atque
2318 4136 2571 4202 correcta
2617 4135 2671 4182 et
2722 4130 3309 4202 emendata.suisque
3362 4132 3624 4200 capitulis
3666 4144 3789 4199 prie,

2117 4207 2332 4271 notata,
2367 4201 2426 4253 in
2460 4201 2631 4270 hujus
2661 4217 2898 4271 corpore
2943 4200 3154 4255 codicis
3200 4200 3457 4256 seorsum
3497 4216 3704 4271 ponere
3737 4204 3789 4250 ut

2117 4270 2173 4322 in
2211 4272 2315 4324 hoc
2346 4288 2518 4341 opere
2541 4278 2745 4325 cuncta
2776 4273 3059 4325 inVeniret
3090 4274 3318 4326 lectoris
3348 4270 3628 4325 industria
3649 4285 3785 4341 quae-

2117 4356 2364 4411 cumque
2398 4343 2602 4395 nostris
2634 4343 2992 4413 temporibus
3019 4344 3339 4397 necessaria
3361 4360 3481 4396 esse
3515 4342 3785 4413 perspexi-

2119 4427 2264 4484 mus.
2300 4434 2326 4461 ››
2362 4414 2424 4466 Et
2454 4419 2606 4465 certe
2659 4420 2881 4467 constat
2910 4414 3079 4484 hujus
3122 4415 3252 4468 libri
3301 4416 3625 4484 complures
3678 4428 3785 4465 ora-

2117 4482 2303 4556 tiones
2362 4484 2784 4537 Dominicarum
2851 4482 3002 4553 post'
3038 4482 3449 4556 Epiphaniam,
3492 4485 3697 4537 Pascha
3742 4488 3788 4532 et

2118 4554 2510 4621 Pentecosten,
2569 4572 2633 4607 ex
2679 4557 2741 4608 Ι).
2802 4554 3103 4609 Ambrosio
3142 4554 3462 4609 vmutuatas.
3520 4558 3687 4608 Porro
3742 4558 3787 4604 et

2120 4624 2230 4696 alio
2256 4625 2382 4696 loco
2415 4625 2615 4678 alludit
2649 4626 2719 4678 ad
2751 4627 2920 4693 huius
2951 4627 3076 4679 libri
3112 4643 3234 4696 cap.
3293 4629 3392 4680 102
3442 4625 3744 4680 Amalarius
3774 4638 3783 4672 :

2121 4712 2144 4743 α
2176 4694 2476 4767 Habemus,
2506 4696 2714 4765 inquit,
2759 4698 3031 4767 scriptum
3085 4698 3140 4749 in
3176 4694 3427 4767 quodam
3476 4697 3784 4751 Sacramen-

2117 4766 2262 4838 tario
2294 4767 2449 4838 quod
2475 4767 2661 4820 ofticia
2692 4766 3046 4821 mortuorum
3096 4766 3317 4838 agenda
3365 4768 3476 4820 sint
3510 4768 3656 4820 circa
3683 4772 3786 4838 ter—

2120 4837 2260 4909 tiam
2317 4837 2491 4909 diem,
2553 4846 2607 4889 et
2663 4839 2991 4907 septimam,
3050 4846 3106 4891 et
3142 4836 3541 4909 'trigesimam.
3588 4857 3614 4887 ι)
3669 4836 3786 4909 Qua!

2117 4907 2289 4979 yerba
2323 4908 2526 4961 deinde
2564 4909 2799 4976 pulchre
2832 4915 2887 4961 et
2926 4912 3035 4962 late
3079 4907 3341 4979 explicat,
3374 4926 3440 4962 ac
3477 4908 3787 4962 auctoritate

2118 4977 2541 5047 Scripturarum
2574 4980 2924 5033 corroborat.

2118 5221 2244 5258 sum
2274 5207 2452 5260 exstat
2485 5205 2547 5259 in
2576 5206 2827 5259 editione
2858 5211 3052 5259 nostra
3082 5207 3338 5275 Operum
3388 5203 3567 5258 sancti
3610 5203 3789 5271 Grego-

2118 5277 2191 5329 rii
2223 5276 2429 5346 Magni.
2464 5282 2582 5330 tom
2616 5278 2700 5330 IV.
2742 5278 2884 5330 Enrr.
2926 5279 3149 5330 PATROL.

1537 5486 2591 5535 ..ψ-.-
