3868 6228
1350 324 1558 382 LIBER
1597 324 2239 382 SACRAMENTORUM.

3447 318 3549 373 798

1258 550 1726 624 GBIMALDI
1785 549 2317 622 PB/EFATIO.

116 840 422 909 [lucusque
479 841 811 910 pracedens
869 841 1360 894 Sacramentorum
1431 839 1657 893 libellus
1709 854 1742 890 a
1779 835 2286 890 Ainstitutionum
2348 841 2672 888 sanctarum
2735 850 3100 905 nequaquam
3159 835 3400 904 dignum
3465 836 3554 889 vel

57 931 106 982 Β.
157 944 308 998 papa
347 929 631 999 Gregorio
679 935 898 982 constat
949 945 1069 982 esse
1121 929 1323 991 editus,
1371 929 1618 998 exceptis
1657 927 1746 980 his

57 1034 168 1088 quae
198 1021 259 1070 in
291 1019 498 1071 eodem
529 1017 587 1071 in
631 1019 928 1071 nativitate
968 1017 1051 1070 vel
1099 1017 1488 1087 assumptione
1535 1018 1588 1070 Β.
1633 1017 1745 1070 Ma—

59 1107 162 1171 riae,
195 1107 490 1177 praecipue
530 1123 665 1160 vero
709 1107 766 1159 in
803 1106 1269 1176 Quadragesima,
1302 1105 1538 1174 virgulis
1587 1110 1750 1159 ante-

59 1197 261 1266 positis,
329 1195 564 1248 lectoris
622 1195 902 1248 invenerit
953 1196 1239 1266 jngulata,
1303 1195 1552 1248 solertia.
1613 1197 1748 1248 Nam

61 1285 188 1337 sicut
236 1285 628 1354 quorumdam
673 1284 854 1336 relatu
897 1283 1222 1350 didicimus,
1264 1282 1470 1336 domus
1515 1287 1746 1352 aposto-

59 1373 185 1425 licus
220 1372 281 1424 in
343 1372 563 1426 eisdem
605 1372 805 1426 diebus
848 1389 879 1425 a
919 1372 1259 1425 stationibus
1304 1371 1531 1440 penitus
1567 1375 1747 1437 vacat,

64 1480 119 1514 eo
181 1461 338 1530 quod
403 1462 626 1514 cmteris
693 1462 952 1530 septimae
1020 1461 1177 1514 feriis
1252 1460 1593 1514 stationibus
1653 1477 1752 1512 va-

66 1549 228 1600 cando
261 1547 562 1618 fatigatus,
596 1547 811 1602 eisdem
839 1548 1161 1618 requiescat
1190 1548 1411 1613 diebus,
1445 1548 1516 1600 ob
1551 1547 1605 1600 id
1648 1547 1751 1600 sci-

69 1639 182 1691 licet
217 1644 275 1690 ut
320 1637 775 1691 tumultuatione
813 1638 1083 1707 populari
1113 1653 1311 1690 carens
1351 1642 1408 1691 et
1438 1637 1749 1707 eleemosy-

70 1744 158 1778 nas
213 1727 569 1796 pauperibus
627 1726 989 1793 distribuere,
1065 1731 1121 1779 et
1174 1725 1405 1797 negotia
1469 1726 1754 1778 exteriora

71 1814 287 1868 liberius
341 1815 524 1868 valeat
573 1816 898 1886 disponere.
960 1815 1182 1870 Missam
1234 1830 1365 1868 vero
1431 1813 1754 1884 praetitnla-

74 1911 193 1967 tam,
251 1905 315 1958 In
371 1905 551 1957 natali
625 1904 866 1972 ejusdem
941 1904 1086 1956 beati
1153 1903 1421 1970 Gregorii,
1491 1902 1751 1972 virgulis-

75 2009 169 2062 que
215 1996 350 2044 ante
417 1992 618 2061 positis
662 1992 1005 2062 jugulatam,
1064 2009 1092 2042 a
1152 1989 1572 2043 successoribus
1611 1989 1751 2058 ejus,

77 2098 227 2134 causa
281 2080 520 2144 amoris,
578 2081 695 2134 imo
749 2079 1126 2136 venerationis
1188 2095 1325 2144 sum,
1401 2079 1588 2131 eidem
1655 2093 1756 2129 suo

80 2168 217 2238 operi
250 2185 368 2221 non
418 2168 660 2221 dubium
701 2184 820 2221 esse
860 2168 1284 2237 interpositam.
1322 2166 1594 2220 Prmfatus
1623 2181 1757 2218 sane

80 2256 564 2308 Sacramentorum
605 2255 856 2320 libellus,
905 2256 1034 2308 licet
1078 2273 1107 2306 a
1158 2254 1470 2324 plerisque,
1513 2253 1760 2323 scripto-

80 2361 187 2396 rum
240 2345 378 2396 vitio
426 2344 795 2412 depravante,
851 2359 966 2395 non
1007 2347 1070 2394 ut
1121 2342 1191 2394 ab
1221 2342 1467 2411 {auctore
1526 2357 1628 2394 suo
1677 2345 1763 2393 est

83 2432 246 2484 editus
287 2433 621 2500 haberetur,
655 2448 759 2501 pro
796 2437 962 2501 captu
999 2437 1190 2484 tamen
1238 2430 1474 2500 ingenii,
1508 2430 1579 2482 ob
1614 2429 1759 2482 mul-

85 2529 251 2572 torum
296 2520 630 2584 utilitatem,
669 2519 840 2572 studii
893 2518 1072 2571 nostri
1106 2517 1216 2571 fuit
1246 2518 1401 2570 enim
1447 2517 1584 2570 artis
1615 2517 1760 2586 stylo

85 2606 368 2675 corrigere.
403 2606 583 2669 Quem
616 2621 746 2658 cum
776 2605 1028 2675 prudens
1068 2605 1247 2658 lector
1272 2603 1537 2672 ;studiose
1575 2603 1759 2672 perle-

87 2695 228 2763 get-it,
257 2711 456 2748 verum
490 2711 595 2747 nos
647 2695 833 2747 dicere
879 2694 1028 2746 illico
1060 2692 1470 2760 comprobabit,
1518 2691 1626 2744 nisi
1660 2693 1758 2744 ite-

88 2800 195 2836 rum
227 2785 572 2854 scriptorum
613 2783 750 2836 vitio
799 2783 1163 2853 depravetnr.
1214 2783 1321 2836 Sed
1379 2780 1513 2851 quia
1547 2786 1680 2834 sunt
1710 2785 1764 2833 et

88 2873 179 2924 alia
208 2874 488 2942 quaedam,
523 2873 733 2943 quibus
782 2871 1099 2924 necessario
1131 2875 1321 2924 sancta
1369 2869 1548 2922 utitur
1579 2871 1764 2923 Eccle-

91 2961 175 3023 sia,
216 2978 342 3032 quin
382 2961 539 3014 idem
579 2963 746 3014 Pater
789 2961 859 3013 ab
903 2959 1028 3012 aliis
1067 2959 1187 3029 jam
1233 2959 1386 3012 edita
1425 2975 1543 3011 esse
1586 2958 1763 3028 inspi-

93 3050 243 3110 ciens,
275 3050 666 3120 praetermisit,
703 3049 914 3102 idcirco
947 3064 1135 3118 operte
1175 3048 1425 3118 pretium
1473 3047 1761 3114 duximus,

93 3154 146 3189 ea
189 3139 338 3192 velut
380 3140 553 3192 ﬂores
602 3143 902 3208 pratorum
957 3143 1263 3191 vernantes
1321 3151 1553 3206 carpere
1604 3141 1659 3189 et
1706 3137 1764 3189 in

96 3243 252 3280 unum
281 3243 610 3298 congerere,
643 3232 814 3296 atque
847 3231 1096 3280 correcta
1129 3232 1186 3280 et
1216 3226 1517 3279 emendata
1537 3225 1766 3295 suisque

94 3315 330 3382 capitulis
362 3321 684 3386 praenotata
715 3317 772 3367 in
802 3315 973 3385 hujus
1002 3331 1239 3385 corpore
1273 3314 1483 3368 codicis
1511 3329 1764 3368 seorsum

1801 2135 1839 2189 Β

1856 926 2125 996 possibile
2157 941 2275 978 esse
2303 925 2652 988 censuimus,
2679 923 2867 977 saltim
2900 939 3095 976 eorum
3119 924 3377 976 omnium
3409 941 3550 978 con-

1857 1015 2045 1084 dignis
2089 1012 2381 1066 desideriis
2417 1014 2473 1065 in
2507 1012 2753 1066 evidenti
2789 1012 2961 1080 hujus
2996 1011 3186 1080 operis
3230 1013 3392 1082 copia
3422 1013 3555 1066 satis

1858 1101 2191 1155 faceremus.
2238 1100 2295 1154 Si
2339 1100 2432 1154 cui
2479 1106 2669 1153 autem
2714 1101 2944 1169 placent
2986 1117 3052 1152 ea
3093 1117 3218 1170 quae
3256 1102 3376 1154 sine
3408 1100 3551 1154 fastu

1862 1190 2206 1259 arrogantiae.
2235 1205 2460 1242 summo
2491 1188 2681 1241 studio
2716 1188 2924 1259 pioque
2973 1189 3308 1258 collegimus
3338 1205 3552 1256 amore,

1862 1281 2170 1350 suscipere,
2220 1293 2527 1347 precamur
2566 1280 2630 1329 ut
2670 1293 2785 1330 non
2832 1277 3090 1346 ingratus
3131 1281 3326 1330 nostro
3357 1276 3559 1330 existat

1860 1368 2064 1432 labori,
2095 1367 2188 1420 sed
2223 1367 2412 1436 potius
2445 1381 2556 1418 una
2577 1365 2871 1418 nobiscum
2905 1365 3116 1434 gratias
3143 1369 3275 1436 agat
3296 1365 3557 1418 omnium

1864 1461 2145 1512 bonorum
2180 1455 2455 1525 largitori.
2489 1454 2546 1508 Si
2575 1471 2704 1508 vero
2727 1455 3018 1523 superﬂua
3039 1455 3124 1507 vel
3150 1470 3268 1507 non
3299 1470 3556 1507 necessa-

1865 1548 1948 1601 ria
1976 1547 2083 1601 sibi
2117 1545 2214 1599 illa
2239 1544 2601 1613 judicaverit,
2637 1549 2828 1597 utatur
2859 1549 3080 1597 tantum
3123 1543 3343 1613 praefati
3377 1542 3559 1596 Patris

1865 1636 2162 1706 opusculo,
2196 1634 2348 1705 quod
2382 1633 2617 1686 minime
2649 1647 2920 1701 respuere
2951 1631 3072 1685 sine
3107 1631 3193 1685 sui
3225 1631 3557 1684 discrimine

1863 1728 2066 1796 potest;
2101 1729 2156 1776 et
2176 1739 2239 1777 ea
2261 1721 2673 1792 querentibus,
2704 1721 2904 1791 hisque
2930 1719 3023 1789 pio
3047 1717 3224 1772 animi
3247 1718 3450 1772 affectu
3474 1717 3558 1772 uti

1864 1813 2209 1878 volentibus,
2234 1811 2446 1866 utenda
2474 1810 2756 1864 admittat.
2789 1809 2908 1862 Non
2930 1807 3111 1877 igitur
3131 1806 3370 1877 ingratis
3391 1812 3448 1859 et
3472 1807 3557 1860 fa-

1865 1903 2136 1969 stidiosis,
2176 1902 2274 1955 sed
2319 1901 2507 1972 potius
2549 1898 2814 1952 studiosis
2845 1913 2909 1950 ac
2939 1895 3176 1960 devotis,
3208 1895 3302 1949 illa
3332 1893 3560 1964 colligi-

1868 2009 2014 2057 mus,
2036 1992 2094 2045 in
2116 1990 2346 2062 quibus,
2362 1989 2453 2042 cui
2469 1989 2663 2042 animo
2686 1988 2908 2052 sedent,
2934 1990 3125 2057 potest
3137 1985 3386 2056 reperire
3409 1984 3560 2038 unde

1867 2086 1925 2134 et
1955 2079 2145 2134 debita
2175 2084 2305 2132 vota
2337 2095 2439 2132 sua
2469 2085 2524 2131 et
2555 2077 2808 2132 ofﬁcium
2851 2074 3032 2129 divini
3073 2075 3256 2127 cultus
3301 2073 3471 2143 digne
3498 2090 3562 2128 ac

1869 2168 2220 2240 placabiliter
2256 2167 2494 2221 Domino
2529 2168 2713 2218 valeat
2764 2164 3050 2217 exhibere.
3090 2162 3318 2215 Noverit
3367 2161 3562 2231 itaque

1870 2275 1973 2311 nos
2025 2256 2428 2326 perspicacitas
2481 2253 2707 2308 lectoris
2761 2269 2876 2307 non
2923 2252 3035 2305 alia
3081 2250 3214 2304 huic
3253 2250 3561 2303 inseruisse

1871 2345 2047 2414 operi,
2093 2343 2202 2396 nisi
2247 2360 2314 2395 ea
2353 2358 2480 2413 quae
2523 2357 2556 2394 a
2603 2339 3021 2410 probatissimis
3061 2344 3118 2392 et
3163 2337 3563 2393 eruditissimis

1872 2447 2080 2500 magna
2111 2429 2429 2499 dilligentia
2459 2435 2689 2483 exarata
2716 2433 2848 2482 sunt
2877 2428 3030 2481 viris.
3070 2429 3142 2482 Ex
3190 2426 3383 2480 multis
3427 2441 3563 2496 ergo

1870 2520 2052 2573 multa
2094 2519 2447 2588 collegimus,
2491 2526 2552 2570 ut
2590 2518 2898 2571 multorum
2949 2514 3179 2568 utilitati
3210 2513 3563 2585 prospicere-

1879 2625 2021 2662 mns.
2072 2610 2424 2673 Prae/titiones
2472 2621 2667 2676 porro,
2709 2621 2850 2676 quas
2890 2604 2949 2656 in
2999 2605 3110 2657 fine
3150 2603 3321 2681 hujus
3366 2600 3565 2671 posui—

1873 2713 1999 2750 mus
2029 2696 2257 2758 codicis,
2285 2697 2610 2766 flagitamns
2631 2700 2695 2747 ut
2720 2694 2790 2747 ab
2819 2693 2906 2746 his
2927 2693 3132 2763 quibus
3162 2692 3405 2760 placent,
3434 2704 3564 2741 cum

1872 2785 2147 2839 charitate
2180 2785 2583 2856 suscipiantur,
2619 2789 2675 2837 et
2717 2786 3014 2836 conantur.
3048 2781 3132 2836 Ab
3182 2780 3269 2834 his
3300 2795 3432 2832 vero
3465 2778 3565 2848 qui

1873 2874 2329 2944 easintelligunt,
2351 2891 2455 2927 nec
2478 2879 2670 2927 tamen
2693 2873 3047 2927 delectantur
3061 2885 3287 2923 necnon
3311 2867 3454 2922 etab
3477 2867 3568 2920 his

1874 2963 1973 3032 qui
2004 2979 2097 3016 eas
2119 2965 2334 3027 volunt,
2360 2979 2462 3015 nec
2481 2967 2669 3016 tamen
2691 2961 3042 3030 intelligunt,
3068 2957 3356 3028 poscimus
3379 2961 3567 3008 utnec

1872 3056 2242 3104 assumantur
2282 3067 2386 3104 nec
2417 3055 2714 3102 canentur.
2752 3047 3026 3101 Addimus
3058 3045 3228 3100 etiam
3261 3050 3318 3098 et
3348 3043 3567 3099 Benedi-

1873 3145 2072 3196 ctiones
2088 3141 2157 3194 ab
2176 3141 2443 3210 episcopo
2467 3155 2641 3209 super
2664 3138 2940 3209 populum
2965 3136 3251 3201 dicendas,
3273 3150 3491 3188 necnon
3515 3137 3570 3186 et

1873 3229 2015 3283 illud
2041 3229 2194 3299 quod
2220 3229 2279 3281 in
2303 3227 2540 3297 prtcfuto
2563 3225 2754 3280 codice
2781 3227 2837 3278 Β.
2862 3223 3139 3294 Gregorii,
3162 3224 3228 3277 ad
3253 3223 3463 3289 gradus
3485 3221 3570 3274 in-

1875 3319 2112 3373 feriores
2139 3319 2197 3371 in
2221 3317 2466 3371 Ecclesia
2488 3316 2940 3380 constituendos,
2969 3330 3084 3366 non
3107 3313 3368 3366 habetur.
3395 3311 3566 3366 Obse-

94 3419 308 3471 ponere,
361 3411 424 3457 ut
479 3404 542 3457 in
595 3405 704 3458 hoc
743 3420 916 3474 opere
962 3410 1166 3457 cuncta
1206 3403 1490 3456 inveniret
1549 3403 1768 3456 lectoris
1806 3433 1847 3488 C
1877 3424 2102 3461 eramus
2139 3407 2330 3477 itaque
2386 3423 2501 3467 vos,
2549 3405 2876 3475 quicunque
2917 3404 3067 3456 hunc
3101 3402 3349 3456 codicem
3384 3400 3450 3454 ad
3483 3400 3567 3453 le-

97 3492 368 3559 industria,
411 3499 773 3564 quaecunque
818 3493 1025 3546 nostris
1056 3493 1412 3562 temporibus
1454 3493 1768 3545 necessaria

96 3597 199 3634 esse
229 3583 638 3652 perspeximus,
668 3599 998 3653 quanquam
1028 3583 1192 3652 plura
1214 3582 1385 3636 etiam
1420 3582 1478 3634 in
1509 3581 1634 3634 aliis
1665 3583 1765 3635 Sa-

97 3680 498 3726 cramentorum
533 3673 738 3726 libellis
770 3673 1184 3726 invenissemus
1215 3672 1446 3725 inserta.
1484 3673 1634 3724 Hanc
1667 3688 1764 3724 ve-

99 3776 149 3811 ro
179 3760 530 3815 discretionis
561 3762 742 3831 gratia
765 3761 1264 3831 praefatiunculam
1287 3761 1343 3813 in
1379 3760 1565 3812 medio
1592 3761 1764 3812 collo-

100 3851 344 3915 cavimns,
378 3856 445 3903 ut
476 3850 711 3902 alterius
739 3850 890 3916 linis,
925 3849 1160 3902 alterius
1196 3865 1424 3919 quoque
1467 3848 1766 3901 exordium

101 3942 224 3991 esset
254 3938 456 4004 libelli;
492 3939 588 4002 ita,
622 3938 903 4007 videlicet,
937 3945 1000 3992 ut
1037 3939 1169 3992 hinc
1215 3939 1346 3991 inde
1388 3937 1768 3990 formabiliter

102 4025 294 4079 eisdem
323 4028 521 4098 positis
553 4027 760 4081 libellis
787 4028 1009 4081 noverit
1037 4027 1280 4098 quisque
1312 4044 1427 4096 qua
1457 4043 1488 4079 a
1531 4028 1585 4080 Β.
1625 4027 1763 4080 Gre-

103 4114 266 4181 gorio,
298 4131 490 4185 quasve
520 4116 635 4169 sint
655 4115 725 4169 ab
758 4116 881 4168 aliis
902 4116 1054 4169 edita
1085 4115 1374 4178 Patribns;
1406 4119 1462 4168 et
1489 4115 1763 4185 quoniam

104 4202 456 4258 excludendos
533 4210 820 4258 tantarum
890 4204 1225 4275 quaesitores
1294 4202 1763 4273 diversarumque

1879 3496 2130 3564 gendum
2161 3494 2278 3546 sive
2312 3492 2804 3546 transcribendum
2837 3489 3218 3560 sumpseritis,
3253 3493 3314 3541 ut
3345 3504 3449 3557 pro
3478 3502 3570 3540 me

1877 3600 2073 3654 preces
2103 3583 2170 3636 ad
2207 3581 2517 3636 Dominum
2548 3581 2820 3645 fundatis,
2856 3579 2953 3649 qui
2996 3579 3066 3631 ob
3104 3577 3406 3630 utilitatem
3441 3576 3568 3644 plu-

1873 3672 2155 3725 rimorum
2206 3687 2272 3724 ea
2331 3669 2595 3738 colligere
2657 3675 2828 3739 atque
2882 3667 3165 3735 corrigere
3224 3665 3562 3718 studuimus.

1876 3763 2299 3828 Precamurque
2356 3761 2416 3809 ut
2475 3772 2605 3810 eum
2668 3755 2747 3808 ita
2801 3755 3110 3822 diligenter
3153 3751 3567 3819 transcribatis,

1877 3853 2160 3920 quatenus
2193 3847 2314 3916 ejus
2355 3849 2555 3910 tectus,
2607 3849 2664 3897 et
2710 3844 3071 3897 eruditorum
3120 3858 3288 3896 aures
3339 3841 3558 3894 demul-

1875 3942 2014 4002 ceat,
2050 3941 2102 3990 et
2139 3933 2513 4004 simpliciores
2543 3947 2799 4003 quosque
2845 3947 3034 3984 errare
3066 3946 3183 3984 non
3215 3929 3383 3983 sinat.
3418 3928 3570 3984 Nihil

1874 4025 2050 4091 enim,
2087 4029 2150 4078 ut
2177 4024 2256 4076 ait
2289 4025 2343 4077 Β.
2380 4022 2779 4091 Hieronymus,
2823 4018 3083 4087 proderit
3125 4018 3458 4073 emendasse
3497 4016 3568 4071 li-

1874 4116 2065 4181 brum,
2099 4114 2208 4167 nisi
2235 4113 2560 4167 emendatio
2593 4111 2954 4165 librariorum
3006 4107 3302 4181 diligentia
3346 4121 3570 4162 conser-

1873 4207 2055 4256 vetur.

1315 4519 1720 4585 CAPITULA
1767 4517 2017 4583 HUJUS
2067 4517 2307 4582 LIBRI.

110 4679 141 4729 l.
471 4679 772 4735 Benedictio
799 4681 958 4733 cerei.

471 4753 753 4808 Orationes
799 4766 896 4814 per
937 4750 1187 4816 singulas
1230 4750 1474 4803 lectiones
1530 4751 1588 4802 in
1631 4748 1768 4803 Sab-

538 4822 658 4874 bato
716 4825 918 4887 sancto,
967 4823 1182 4890 require
1228 4825 1371 4874 retro
1422 4823 1478 4872 in
1536 4819 1770 4874 Sabbato

570 4896 756 4946 sancto
778 4893 1012 4946 Pascha.

471 4965 593 5017 Item
670 4965 936 5016 orationes
993 4965 1054 5017 in
1137 4963 1348 5028 Vigilia
1413 4960 1767 5028 Pentecostes,

536 5035 750 5100 require
793 5038 936 5087 retro
983 5036 1042 5088 in
1080 5033 1316 5089 Sabbato
1358 5037 1542 5086 sancto
1583 5034 1769 5085 Pente-

539 5108 722 5157 costas.

469 5174 893 5230 Benedictio-nem
930 5173 1078 5226 'salis
1123 5173 1198 5226 ad
1251 5173 1565 5238 faciendum
1621 5177 1769 5226 cate-

538 5246 875 5308 chumenum,
909 5249 959 5297 et
1002 5245 1128 5297 inde
1161 5260 1279 5312 quae
1308 5249 1608 5312 sequuntur
1641 5259 1772 5296 ora-

540 5319 730 5380 tiones,
756 5315 988 5384 quatiter
1021 5316 1370 5382 buptizentur
1405 5316 1462 5367 hi
1482 5317 1579 5384 qui
1600 5315 1774 5382 bapti-

539 5386 708 5439 zandi
751 5391 895 5450 sunt,
931 5388 1147 5454 require
1199 5389 1255 5439 in
1298 5386 1536 5439 Sabbato
1588 5389 1772 5439 sancto

539 5459 887 5510 Pentescotes.

117 5523 167 5576 γ.
484 5527 769 5582 Dominica
793 5526 814 5579 I
842 5532 963 5594 post
992 5528 1189 5581 Natale
1219 5529 1452 5582 Domini.

469 5600 748 5653 Dominica
771 5597 817 5650 II
842 5602 965 5666 post
992 5599 1187 5653 Natale
1215 5600 1450 5654 Domini.

1806 4678 1848 4731 Ι)
1875 4677 1989 4729 Vll.
2265 4678 2550 4731 Dominica
2585 4675 2768 4742 prima
2792 4675 2915 4741 post
2948 4669 3369 4742 Theophaniam.

1879 4748 2026 4802 VIII.
2270 4749 2548 4802 Dominica
2588 4740 2635 4797 II
2667 4740 2804 4812 post
2822 4740 3242 4812 Theopttaniam.

1879 4819 1962 4872 IX.
2273 4818 2547 4872 Dominico
2587 4815 2655 4868 Ill
2670 4810 2799 4881 post
2831 4810 3250 4881 Theophaniam.

1879 4890 1939 4943 Χ.
2271 4889 2558 4941 Dominica
2597 4884 2666 4938 IV
2679 4880 2814 4950 ipost
2850 4880 3266 4948 Theophaniam.

1879 4961 1968 5015 XI.
2271 4959 2548 5012 Dominica
2588 4955 2768 5023 Vpost
2801 4953 3220 5023 Theophaniam.

1879 5032 1993 5084 XII.
2276 5029 2560 5082 Domi-nica
2600 5022 2667 5078 VI
2691 5030 2814 5093 post
2848 5022 3270 5089 Theophaniam.

1881 5103 2018 5155 Xltl.
2279 5098 2562 5151 Dominica
2602 5097 2621 5149 I
2652 5100 2772 5164 post
2802 5093 2952 5147 octab
3006 5093 3240 5164 Paschaz.

1881 5173 2011 5225 XIV.
2275 5169 2563 5222 Dominica
2605 5163 2663 5219 II’
2677 5170 2798 5234 post
2824 5164 2993 5217 octab.
3023 5163 3261 5234 Pascha.

1880 5243 1985 5295 XV.
2275 5240 2560 5293 Dominica
2601 5233 2691 5291 III’
2706 5242 2827 5304 post
2857 5235 3030 5288 octab.
3062 5233 3296 5288 Poschae.

1879 5313 2015 5365 XVI.
2277 5309 2561 5362 Dominica
2601 5308 2686 5360 ιν.
2719 5311 2841 5374 post
2868 5305 3036 5359 octab.
3062 5305 3305 5358 Pascha.

1882 5382 2038 5436 XVII.
2280 5381 2562 5432 Dominica
2606 5379 2623 5431 l
2654 5382 2776 5446 post
2800 5380 3042 5430 Ascensa
3077 5376 3302 5429 Domini.

1883 5453 2065 5508 XVIII.
2282 5451 2566 5504 Dominica
2606 5449 2626 5501 l
2657 5453 2779 5517 post
2805 5451 3094 5502 Pentecost.

1881 5523 2021 5580 XIX.
2275 5522 2558 5575 Dominica
2598 5519 2647 5575 II
2675 5524 2796 5589 post
2825 5521 3118 5574 Pentecost.

1883 5595 1987 5650 XX.
2281 5593 2562 5647 Dominica
2601 5592 2678 5648 III
2701 5593 2824 5661 post
2851 5591 3142 5646 Pentecost.
