3868 6228
60 318 144 369 801
1369 314 1577 370 LIBER
1618 314 2249 371 SACRAMENTORUM.

3445 320 3547 371 802

60 454 147 500 net
192 448 474 501 salutaris.
519 447 781 501 Gaudeat
820 445 992 500 tantis
1036 446 1205 499 tellus
1250 444 1521 498 irradiata
1552 444 1738 515 iulgo-
1777 449 1824 502 A
1849 446 2014 512 ceris,
2046 461 2218 515 quam
2249 445 2308 499 in
2341 446 2715 499 substantiam
2744 446 3011 515 pretiosas
3046 446 3216 515 hujus
3271 446 3549 517 lampadis

60 537 223 600 ribus,
272 542 325 588 et
376 535 585 588 aeterni
643 535 793 603 regis
846 534 1150 604 splendore
1210 534 1513 602 illustrata,
1574 536 1748 587 totius

61 625 229 677 noctis
290 642 346 677 se
415 624 629 677 sentiat
689 622 947 676 amisisse
1001 623 1323 691 caliginem.
1388 624 1629 676 Laetetur
1693 628 1749 676 et

61 717 230 765 mater
262 713 507 765 Ecclesia
548 712 695 764 tanti
738 710 973 764 luminis
1004 711 1278 763 adornata
1322 711 1660 781 fulgoribus,
1695 716 1750 764 et

62 800 274 869 magnis
313 801 666 870 populorum
708 799 948 852 vocibus
988 800 1106 852 haec
1149 800 1279 852 aula
1318 800 1573 852 resultet.
1605 800 1751 863 Qua-

63 895 288 959 propter
330 888 651 942 astantibus
690 887 873 951 vobis,
915 888 1117 941 fratres
1157 888 1496 955 charissimi,
1533 888 1601 941 ad
1633 894 1749 941 tam

64 981 257 1032 miram
290 979 473 1031 sancti
504 977 676 1047 hujus
710 976 947 1030 luminis
985 977 1323 1041 claritatem,
1358 993 1471 1029 una
1503 993 1747 1043 mecum,

64 1083 268 1137 quaeso,
312 1067 411 1121 Dei
444 1066 859 1136 omnipotentis
892 1064 1343 1119 misericordiam
1376 1066 1655 1130 invocata,
1690 1071 1753 1118 nt

63 1156 150 1224 qui
181 1172 273 1209 me
308 1172 427 1209 non
460 1155 605 1209 meis
634 1154 855 1208 meritis
886 1154 1035 1207 intra
1078 1154 1401 1208 Levitarum
1443 1169 1751 1208 numerum

64 1246 318 1313 dignatus
346 1250 433 1297 est
476 1258 813 1313 aggregare,
861 1242 1097 1296 luminis
1138 1243 1224 1296 sui
1269 1243 1513 1312 gratiam
1553 1242 1752 1296 infun-

64 1333 255 1398 dendo,
318 1332 469 1386 cerei
525 1333 698 1401 hujus
754 1331 923 1385 laude
968 1332 1210 1401 implere
1268 1331 1529 1399 perficiat
1588 1330 1751 1400 [alias

66 1422 281 1475 laudem
338 1421 580 1491 implere
618 1420 956 1490 praecipiat].
996 1421 1102 1473 Per
1142 1420 1450 1474 Dominum
1493 1425 1751 1473 nostrum

66 1512 243 1564 Jesum
299 1510 591 1564 Christum
644 1510 848 1563 Filium
894 1514 1081 1574 tuum,
1138 1509 1236 1579 qui
1280 1512 1471 1562 tecum
1520 1509 1655 1562 vivit
1699 1512 1751 1562 et

68 1604 252 1668 regnat
286 1601 436 1653 Deus
466 1599 525 1652 in
557 1599 775 1652 unitate
806 1597 1053 1667 Spiritus
1080 1598 1279 1650 sancti.

130 1690 233 1742 Per
262 1689 459 1742 omnia
488 1689 697 1741 saacula
728 1688 1090 1740 saeculorum.
1133 1687 1195 1739 Β.
1227 1691 1429 1740 Amen.

133 1777 403 1829 Dominus
438 1776 753 1831 vobiscum.
792 1777 856 1829 Β.
892 1775 958 1828 Et
989 1791 1117 1827 cum
1148 1775 1365 1843 Spiritu
1400 1780 1519 1828 tuo.

132 1864 367 1918 Sursum
397 1864 587 1918 corda.
623 1864 688 1918 Β.
724 1865 1009 1917 Habemus
1036 1863 1106 1916 ad
1142 1864 1468 1917 Dominum.

133 1953 349 2005 Gratias
389 1968 630 2022 agamus
676 1954 920 2006 Domino
967 1954 1081 2007 Deo
1132 1958 1345 2006 nostro.
1393 1952 1458 2005 Β.
1506 1951 1755 2020 Dignum

76 2045 121 2092 et
144 2041 360 2109 justum
394 2046 498 2095 est.

137 2128 196 2180 D.
238 2127 383 2191 Quia
423 2129 665 2199 dignum
709 2133 765 2182 et
790 2130 1008 2199 justum
1042 2133 1144 2193 est,
1178 2128 1521 2183 invisibilem
1555 2130 1753 2193 Deum,

80 2218 517 2287 omnipotentem
564 2220 809 2283 Patrem,
848 2219 1166 2288 Filiumque
1213 2219 1335 2289 ejus
1392 2218 1753 2287 unigenitum

83 2306 370 2359 Dominum
410 2312 670 2360 nostrum
700 2308 891 2361 Jesum
926 2306 1234 2373 Christum,
1288 2306 1572 2378 [sanctum
1608 2323 1757 2377 quo-

79 2410 174 2461 que
208 2393 510 2467 Spiritum]
545 2400 664 2449 toto
695 2397 883 2449 cordis
914 2412 979 2449 ac
1027 2396 1234 2450 mentis
1276 2396 1478 2450 atl'ectu
1520 2401 1577 2449 et
1606 2395 1758 2448 vocis

82 2483 381 2538 ministerio
430 2500 758 2555 personare.
814 2486 921 2549 Qui
975 2502 1080 2555 pro
1131 2485 1298 2539 nobis
1351 2489 1566 2538 aeterno
1606 2484 1759 2538 Patri

82 2574 197 2625 Adae
242 2573 503 2627 debitum
552 2574 741 2641 solvit,
769 2578 825 2627 et
882 2575 1088 2628 veteris
1143 2574 1355 2645 piaculi
1412 2573 1757 2635 cautionem,

81 2662 163 2730 pio
196 2678 399 2716 cruore
441 2664 695 2717 detersit.
742 2664 868 2717 Hasc
908 2669 1041 2717 sunt
1079 2664 1233 2717 enim
1278 2663 1417 2717 festa
1448 2663 1758 2734 paschalia,

83 2752 130 2803 in
176 2751 380 2815 quibus
422 2768 589 2806 verus
631 2751 729 2805 ille
767 2755 962 2822 Agnus
1010 2753 1308 2819 occiditur,
1355 2752 1591 2822 ejusque
1630 2767 1760 2805 san-

85 2840 241 2907 guine
303 2846 490 2911 postes
543 2848 965 2895 consecrantur.
1028 2843 1155 2894 Haec
1198 2858 1315 2895 nox
1365 2846 1468 2907 est,
1530 2841 1589 2894 in
1648 2857 1763 2911 qua

87 2930 316 2995 primum
356 2934 546 3000 patres
575 2933 803 2983 nostros
853 2929 1000 2982 filios
1042 2930 1214 2983 Israel
1246 2929 1477 2981 eductos
1510 2928 1577 2980 de
1611 2933 1763 2981 terra

87 3019 312 3088 .Egypti,
350 3019 613 3073 Rubrum
644 3034 800 3071 mare
833 3018 981 3071 sicco
1012 3017 1249 3087 vestigio
1285 3016 1523 3069 transire
1554 3016 1757 3069 fecisti.

90 3108 202 3159 Haec
245 3107 419 3177 igitur
464 3123 573 3161 nox
615 3111 720 3173 est,
771 3123 899 3177 qua:
952 3111 1315 3177 peccatorum
1365 3105 1628 3159 tenebras
1668 3123 1799 3159 co-.

90 3194 280 3248 lumnae
324 3195 750 3249 illuminatione
803 3195 1090 3266 purgavit.
1146 3196 1276 3248 Haec
1314 3212 1429 3248 nox
1487 3200 1587 3260 est,
1631 3210 1761 3265 qua:

92 3284 242 3339 hodie
272 3302 373 3355 per
412 3286 745 3340 universum
786 3286 1066 3339 mundum
1113 3284 1171 3337 in
1215 3284 1438 3339 Christo
1466 3285 1763 3337 credentes

92 3374 291 3443 afviiiis
334 3374 550 3440 saeculi,
594 3379 651 3429 et
702 3374 947 3444 caligine
996 3379 1362 3444 peccatorum
1402 3378 1758 3443 segregatos,

92 3463 255 3516 reddit
304 3464 528 3532 gratiae,
588 3463 770 3517 sociat
820 3462 1127 3516 sanctitati.
1192 3463 1316 3515 Haec
1373 3478 1485 3515 nox
1541 3466 1649 3529 est,
1703 3461 1762 3515 in

93 3566 189 3621 qua
236 3552 535 3605 destructis
573 3551 836 3619 vinculis,
884 3551 1108 3618 mortis,
1149 3550 1403 3605 Christus
1443 3550 1513 3603 ab
1567 3549 1763 3603 inferis

92 3642 245 3694 victor
275 3641 547 3696 ascendit.
600 3641 749 3695 Nihil
782 3640 935 3694 enim
981 3640 1148 3693 nobis
1188 3639 1344 3692 nasci
1368 3639 1621 3710 |profuit,
1657 3638 1765 3691 nisi

94 3728 274 3782 redimi
306 3729 632 3800 profuisset.
668 3729 711 3783 Ο
747 3729 889 3782 mira
928 3729 1076 3782 circa
1120 3744 1225 3781 nos
1257 3733 1371 3782 tuae
1411 3728 1640 3799 pietatis
1679 3728 1764 3782 di-

95 3816 290 3884 gnatio!
351 3818 393 3872 Ο
438 3816 747 3871 ineli‘abilis
795 3815 1023 3870 dilectio
1069 3815 1389 3870 charitatis!
1427 3820 1489 3868 ut
1538 3830 1764 3869 servum

96 3905 401 3971 redimeres,
454 3906 659 3958 Filium
703 3904 1011 3958 tradidisti.
1045 3904 1087 3959 Ο
1127 3904 1293 3958 beata
1318 3919 1453 3968 nox,
1486 3919 1616 3973 que
1646 3902 1767 3956 sola

98 3994 283 4047 meruit
322 3994 468 4046 scire
524 3999 756 4062 tempus
805 3998 861 4045 et
901 3992 1099 4045 horam
1149 3992 1207 4045 in
1251 4008 1366 4062 qua
1406 3992 1663 4045 Christus
1696 3990 1765 4045 ab

100 4079 270 4134 inferis
319 4081 661 4135 resurrexit!
728 4082 856 4134 Hec
903 4096 1015 4133 nox
1061 4080 1279 4148 est,{de
1325 4096 1439 4149 qua
1488 4079 1767 4149 scriptum

99 4174 167 4221 est
192 4185 205 4221 :
236 4170 296 4223 Et
327 4185 438 4222 nox
468 4173 535 4223 ut
564 4169 685 4223 dies
721 4168 1167 4235 illuminabitur,
1197 4173 1252 4220 et
1281 4184 1393 4220 nox
1422 4166 1767 4221 illuminatio

102 4270 207 4309 mea
233 4257 289 4310 in
319 4258 538 4311 deliciis
579 4256 741 4311 meis.
801 4258 976 4327 llujus
1014 4256 1192 4327 igitur
1234 4255 1605 4310 sanctificatio
1657 4271 1767 4309 no-

101 4344 200 4411 ctis,
239 4344 394 4415 fugat
436 4346 672 4411 scelera,
717 4345 914 4414 culpas
953 4345 1123 4411 lavat,
1166 4348 1221 4397 et
1262 4344 1453 4398 reddit
1492 4343 1766 4397 innocen-

100 4431 215 4485 tiam
254 4433 441 4504 lapsis,
507 4434 726 4487 mosstis
786 4432 1064 4486 laetitiam.
1119 4433 1299 4502 Fugat
1344 4431 1489 4497 odia,
1534 4447 1767 4486 concor-

100 4519 230 4574 diam
262 4526 445 4591 parat,
479 4527 539 4575 et
577 4526 777 4576 curvat
817 4521 1080 4591 imperia.
1122 4523 1185 4575 In
1227 4521 1397 4591 hujus
1442 4520 1620 4590 igitur
1658 4536 1769 4573 no-

102 4609 184 4661 ctis
206 4611 404 4679 gratia,
438 4611 687 4680 suscipe,
720 4616 911 4664 sancte
946 4611 1129 4677 Pater,
1166 4610 1381 4663 incensi
1408 4608 1582 4679 hujus
1604 4610 1769 4662 sacri-

104 4695 267 4751 ﬁcium
295 4699 714 4770 vespertinum,
747 4699 900 4769 quod
930 4698 1035 4752 tibi
1062 4698 1120 4751 in
1149 4699 1255 4751 hac
1293 4698 1443 4751 cerei
1479 4697 1769 4751 oblatione

105 4787 317 4855 solenni,
352 4805 455 4859 per
485 4787 883 4842 ministrorum
931 4803 1135 4840 manus
1168 4787 1236 4841 de
1291 4786 1559 4857 operibus
1597 4800 1772 4856 apum

105 4883 427 4930 sacrosancta
466 4875 664 4930 reddit
714 4875 975 4930 Ecclesia.
1019 4875 1126 4929 Sed
1165 4874 1287 4944 jam
1330 4876 1615 4929 columnae
1663 4875 1770 4927 hu-

100 4962 176 5029 jus
200 4965 479 5035 prazconia
510 4964 806 5033 novimus,
836 4981 1010 5035 quam
1038 4964 1097 5017 in
1132 4964 1351 5017 honore
1386 4963 1485 5017 Dei
1527 4963 1772 5017 rutilaus

105 5052 227 5121 ignis
264 5054 545 5108 accendit.
588 5053 697 5117 Qui
736 5053 869 5107 licet
908 5053 1123 5107 divisus
1171 5053 1232 5106 in
1262 5057 1473 5123 partes,
1524 5051 1774 5105 mutuati

106 5138 309 5196 luminis
375 5142 729 5197 detrimenta
784 5157 899 5195 non
939 5142 1117 5195 novit.
1175 5141 1361 5195 Alitur
1420 5140 1775 5212 liquentibus

106 5297 207 5336 cum
239 5289 400 5337 antea
432 5282 821 5337 Ambrosiana
846 5298 981 5335 usus
1011 5282 1176 5346 foret,
1210 5282 1329 5351 ipse
1368 5280 1731 5351 descripserit
1760 5298 1773 5335 :

107 5361 290 5408 constat
318 5356 473 5407 enim
509 5360 567 5407 et
596 5354 654 5406 in
687 5353 1087 5406 Mediolanensi
1124 5353 1366 5405 Ecclesia
1394 5369 1425 5405 a
1466 5353 1596 5406 divo
1641 5355 1776 5405 Am-

105 5424 263 5479 brosio
286 5428 404 5495 jam
444 5432 569 5479 tum
607 5426 918 5492 visitatam,
961 5430 1018 5477 et
1054 5424 1112 5475 in
1148 5424 1419 5495 Hispania
1448 5439 1679 5493 quoque
1711 5439 1778 5476 ea

107 5502 240 5549 (etate
286 5494 532 5550 testatur
584 5495 933 5548 Prudentius
991 5496 1205 5563 hymno
1262 5510 1328 5547 ea
1385 5494 1455 5547 de
1511 5509 1573 5547 re
1622 5508 1775 5547 com-

106 5568 274 5634 posito.

1857 534 1980 603 apis
2010 537 2193 586 mater
2222 534 2431 587 eduxit.
2467 534 2507 587 Ο
2541 550 2669 587 vere
2715 535 2876 587 beata
2907 533 3045 588 nox!
3085 552 3214 605 quae
3265 534 3547 605 exspolia-

1857 623 1937 675 vit
1966 622 2273 692 zEgyptios,
2308 623 2505 676 ditavit
2545 623 2823 676 Hebrmos.
2877 624 3013 687 Nox,
3056 625 3110 677 in
3164 640 3277 693 qua
3309 624 3550 677 terrenis

1858 712 2130 776 cmlestia,
2160 712 2411 765 humana
2442 712 2644 764 divinis
2673 712 3012 782 junguntur.
3051 714 3289 767 Oramus
3331 720 3404 779 te,
3438 713 3549 766 Do-

1860 800 2034 867 mine,
2072 806 2133 853 ut
2164 817 2361 854 cereus
2383 800 2488 853 iste
2516 800 2575 852 in
2611 801 2824 853 honore
2854 801 3104 854 nominis
3137 801 3218 853 tui
3249 817 3550 854 consecra-

1859 894 1971 954 tus,
2002 890 2067 943 ad
2101 889 2283 943 noctis
2313 889 2485 959 hujus
2530 889 2836 958 caliginem
2881 889 3308 955 destruendam,
3343 888 3551 943 indefi-

1859 978 2036 1045 ciens,
2076 986 2443 1048 perseveret:
2491 980 2673 1048 fatque
2704 978 2764 1031 in
2812 979 3068 1031 ordinem
3121 978 3414 1031 suavitatis
3455 994 3553 1031 ac-

1859 1073 2057 1137 ceptus
2089 1065 2203 1139 [al.,
2234 1066 2550 1134 accensus],
2584 1068 2849 1136 supernis
2897 1067 3275 1120 luminaribus
3317 1066 3551 1120 miscea-

1858 1161 1970 1209 tur.
2018 1157 2298 1209 Flammas
2339 1156 2461 1225 ejus
2494 1156 2713 1209 Lucifer
2744 1154 3059 1208 mututinus
3111 1154 3384 1208 inveniat.
3430 1154 3553 1219 Ille,

1860 1245 2118 1315 inquam,
2153 1244 2376 1299 Lucifer
2405 1244 2503 1315 qui
2538 1244 2719 1297 nescit
2750 1260 3042 1310 occasum;
3080 1244 3174 1297 ille
3206 1242 3307 1313 qui
3341 1258 3559 1311 regres-

1860 1350 1956 1387 sus
1988 1334 2057 1387 ab
2089 1333 2304 1399 inferis,
2348 1333 2601 1386 humano
2642 1333 2838 1403 generi
2896 1348 3134 1385 serenus
3175 1332 3381 1386 illuxit.
3424 1333 3557 1385 Pre-

1861 1437 2060 1475 camur
2088 1437 2223 1491 ergo
2257 1426 2332 1487 te,
2362 1421 2623 1487 Domine,
2656 1427 2719 1475 ut
2751 1437 2854 1474 nos
2883 1422 3128 1475 famulos
3149 1426 3299 1486 tuos,
3326 1435 3558 1474 omnem

1863 1510 2102 1574 clerum,
2149 1514 2204 1563 et
2249 1510 2678 1563 devotissimnm
2737 1511 3035 1579 populum,
3085 1526 3202 1563 una
3233 1525 3364 1562 cum
3408 1524 3559 1579 papa

1864 1604 2060 1659 nostro
2095 1599 2157 1651 N.
2188 1602 2246 1651 et
2275 1598 2688 1667 gloriosissimo
2734 1614 2865 1667 rege
2908 1604 3102 1651 nostro
3138 1599 3200 1651 N.
3246 1612 3471 1651 necnon
3502 1600 3558 1649 et

1865 1687 2117 1741 antistite
2144 1692 2342 1740 nostro
2371 1689 2433 1741 N.
2462 1686 2653 1756 quiete
2686 1691 3011 1757 temporum
3055 1702 3339 1746 concessa,
3381 1686 3439 1738 in
3470 1684 3558 1737 his

1864 1776 2230 1847 paschalibus
2265 1776 2490 1844 gaudiis
2528 1791 2867 1829 conservare
2909 1775 3179 1844 digneris.
3226 1775 3331 1827 Per
3372 1773 3561 1827 Domi-

1864 1880 2005 1919 num
2036 1870 2295 1918 nostrum
2330 1866 2523 1919 Jesum
2555 1864 2843 1917 Christum
2896 1865 3097 1917 Filium
3129 1869 3313 1924 tuum,
3348 1862 3447 1933 qui
3475 1867 3560 1914 te-

1864 1970 1994 2008 cum
2020 1954 2159 2007 vivit
2188 1959 2244 2008 et
2273 1958 2474 2022 regnat
2513 1954 2662 2007 Deus
2707 1953 2765 2005 in
2816 1952 3033 2006 unitate
3085 1952 3330 2024 Spiritus
3359 1950 3557 2004 sancti.

1868 2044 1973 2096 Per
2002 2042 2195 2096 omnia
2222 2043 2428 2095 saecula
2460 2041 2822 2093 saeculorum.
2858 2042 3061 2093 Amen.

1940 2132 2064 2195 (Hic
2094 2131 2286 2184 desunt
2317 2146 2517 2183 numm.
2548 2131 2613 2191 ll,
2648 2130 2736 2191 Ill,
2761 2130 2843 2183 IV.
2879 2132 3115 2183 Ecrstant
3146 2127 3363 2196 quidem
3393 2130 3452 2180 in
3472 2128 3560 2180 In-

1868 2202 1985 2254 dice
2032 2204 2415 2270 cupitulorum,
2456 2201 2549 2253 sed
2596 2203 2815 2254 nonnisi
2860 2201 3070 2253 lectoris
3126 2200 3198 2253 ad
3246 2200 3360 2252 alia
3410 2213 3559 2252 revo-

1869 2272 2033 2325 candi
2058 2272 2265 2342 causa.)

2694 2344 2756 2395 V.

2186 2458 2211 2482 ⁸
2251 2465 2521 2502 DOMINICA
2561 2465 2575 2501 ῐ
2619 2463 2745 2502 POST
2785 2464 2986 2501 NATALE
3026 2463 3235 2500 DOMINI.

1942 2558 2110 2621 Deus,
2160 2556 2259 2625 qui
2294 2554 2493 2608 salutis
2522 2559 2752 2609 aeterna:
2786 2554 2846 2609 B.
2901 2552 3092 2606 Mariae
3122 2550 3455 2621 virginitate
3482 2550 3563 2604 fe-

1868 2646 2055 2699 cunda
2117 2645 2371 2698 humano
2440 2644 2637 2713 generi
2706 2642 2945 2714 praemia
2998 2640 3291 2711 prmstisti,
3351 2639 3561 2703 tribue,

1871 2749 2219 2804 quaesumus,
2256 2738 2316 2785 ut
2358 2732 2540 2802 ipsam
2586 2747 2689 2801 pro
2729 2730 2891 2783 nobis
2936 2728 3287 2782 intercedere
3345 2726 3560 2780 sentia-

1872 2838 2019 2885 mus,
2048 2836 2151 2890 per
2182 2836 2355 2890 quam
2397 2819 2713 2873 meruimus
2758 2822 3049 2871 auctorem
3096 2817 3225 2870 vitae
3257 2814 3564 2885 suscipere,

1872 2910 2182 2965 Dominum
2214 2915 2475 2963 nostrum
2502 2909 2693 2962 Jesum
2723 2906 3031 2962 Christum.

2596 3014 2829 3069 Secreta.

1942 3103 2271 3158 Muneribus
2324 3101 2554 3167 nostris,
2615 3102 2878 3170 Domine,
2946 3100 3327 3171 precibusque
3383 3114 3565 3153 susce-

1872 3193 2006 3263 ptis,
2037 3198 2093 3245 et
2132 3191 2454 3245 coelestibus
2490 3206 2594 3244 nos
2633 3190 2849 3244 munda
2882 3188 3187 3259 mysteriis,
3229 3193 3285 3243 et
3322 3189 3571 3242 clemen-

1872 3287 1960 3336 ter
1989 3281 2217 3335 exaudi.
2252 3282 2379 3335 Per.

2411 3385 2535 3437 Post
2563 3384 3013 3439 Communionem.

1945 3490 2027 3543 Da
2056 3489 2244 3555 nobis,
2277 3504 2626 3558 quaesumus,
2673 3487 2915 3541 Domine
2955 3488 3101 3541 Deus
3133 3489 3343 3551 noster,
3376 3489 3440 3539 ut
3470 3485 3570 3555 qui

1872 3579 2231 3632 nativitatem
2266 3578 2495 3631 Domini
2525 3577 2705 3631 nostri
2742 3577 2869 3630 Iesu
2908 3575 3116 3630 Christi
3160 3590 3262 3627 nos
3290 3574 3561 3644 frequen-

1872 3673 1993 3721 tare
2020 3667 2355 3736 gaudemus,
2389 3664 2577 3736 dignis
2604 3663 3153 3727 conversationibus,
3185 3662 3254 3716 ad
3284 3662 3408 3731 ejus
3455 3678 3571 3715 me-

1872 3771 2103 3809 reamur
2160 3755 2447 3826 pertinere
2500 3752 2869 3807 consortium.
2933 3752 3038 3805 Per
3095 3750 3401 3804 Dominum
3459 3766 3568 3803 no-

1876 3850 2075 3898 strum.

2672 3913 2758 3965 Vl.

2215 4033 2481 4073 DOMINICA
2520 4034 2560 4071 ιι
2600 4032 2735 4071 POST
2774 4032 2976 4072 NATALE
3016 4031 3227 4069 DOMlNl.

1948 4124 2325 4196 Omnipotens
2354 4124 2698 4195 sempiterne
2732 4124 2900 4188 Deus,
2933 4122 3115 4193 dirige
3148 4126 3307 4180 actus
3339 4124 3566 4175 nostros

1874 4213 1937 4267 in
1987 4213 2342 4284 beneplacito
2386 4218 2505 4278 tuo,
2560 4217 2623 4267 ut
2674 4211 2734 4264 in
2790 4211 3022 4265 nomine
3081 4210 3208 4263 Filii
3260 4209 3345 4264 tui
3385 4209 3575 4264 dilecti

1808 4318 2203 4382 Dmereamur
2251 4301 2418 4356 bonis
2463 4300 2733 4372 operibus
2782 4300 3092 4354 abundare.
3140 4301 3245 4353 Per
3284 4299 3573 4354 eumdem.

2608 4408 2841 4462 Secreta.

1950 4515 2231 4583 Concede,
2266 4530 2619 4585 quaesumus,
2653 4519 2717 4567 ut
2744 4512 2921 4567 oculis
2950 4516 3065 4565 tuae
3093 4508 3410 4578 majestatis
3442 4524 3579 4562 mu—

1878 4620 1989 4659 nus
2019 4604 2295 4670 oblatum,
2345 4609 2403 4657 et
2442 4603 2684 4674 gratiam
2736 4600 2900 4654 nobis
2949 4598 3262 4652 devotionis
3300 4595 3577 4662 obtineat,

1880 4698 1937 4748 et
1994 4692 2258 4748 effectum
2324 4692 2505 4746 beatas
2552 4687 2923 4761 perennitatis
2976 4685 3255 4757 acquirat.
3310 4686 3417 4738 Per
3474 4686 3581 4738 Do-

1883 4782 2127 4836 minum.

2431 4851 2555 4904 Post
2581 4848 3028 4904 Communionem.

1953 4959 2060 5013 Per
2087 4958 2279 5028 hujus,
2311 4955 2573 5023 Domine,
2610 4952 3005 5023 operationem
3047 4948 3330 5019 mysterii,
3362 4953 3418 5004 et
3446 4949 3580 5003 vitia

1881 5052 2079 5101 nostra
2123 5048 2467 5116 purgentur,
2521 5048 2577 5097 et
2626 5042 2783 5109 justa
2828 5037 3109 5094 desideria
3151 5038 3575 5109 compleantur.

1885 5138 2009 5190 Per.

1954 5276 2067 5328 ‘Et
2091 5274 2137 5327 si
2168 5274 2319 5327 solus
2348 5272 2473 5326 cod.
2516 5271 2709 5327 Colon.
2755 5270 2965 5324 librum
3012 5267 3166 5322 hunc
3221 5285 3257 5321 ιι
3290 5268 3583 5323 contineat

1883 5348 2184 5417 plerasque
2216 5350 2629 5417 tamenpmnes
2656 5342 2941 5417 ogatioues
2969 5338 3079 5393 hoc
3110 5339 3254 5417 libro
3283 5346 3582 5417 contentas

1889 5410 2108 5471 habent
2136 5415 2249 5469 duo
2292 5415 2355 5467 D.
2402 5413 2646 5467 Banonis
2694 5410 2969 5467 Ganensis
3014 5418 3071 5465 et
3125 5410 3413 5480 Ultraject.
3455 5410 3580 5465 cod.
