3868 6228
300 336 401 389 803

876 467 1067 540 [Super
1090 468 1362 537 populum
1391 476 1430 519 ι.

370 578 707 648 Propitiare,
758 575 1085 630 misericors
1139 576 1305 639 Deus,
1356 579 1481 639 etc.,
1533 579 1594 627 ut
1638 590 1808 643 supra
1859 576 2002 628 inter

298 676 544 731 Oration.
575 672 810 745 quotid.]

1100 762 1218 816 VII.

684 885 939 922 DOMINICA
980 885 996 921 Ι
1039 884 1164 921 POST
1203 882 1605 920 THEOPHANIAM.

368 977 527 1042 Vota,
570 991 922 1046 quaesumus,
952 974 1196 1028 Domine
1239 972 1613 1043 supplicantis
1651 971 1853 1042 populi
1883 986 1998 1024 cae-

297 1064 423 1119 lesti
455 1064 666 1134 pietate
697 1078 1065 1133 prosequere,
1100 1068 1180 1122 ut,
1220 1066 1277 1114 et
1308 1077 1435 1130 quae
1467 1060 1687 1129 agenda
1720 1065 1874 1127 sunt,
1909 1059 1999 1111 νίν

298 1153 503 1219 deant;
540 1159 597 1206 et
647 1152 717 1205 ad
760 1151 1054 1222 implenda
1093 1166 1221 1219 quae
1256 1150 1522 1213 viderint,
1572 1150 1985 1202 convalescant.

302 1244 425 1296 Per.

1025 1327 1259 1381 Secreta.

370 1436 637 1490 Oblatum
690 1434 791 1489 tibi
866 1434 1107 1487 Domine
1161 1434 1527 1497 sacriﬁcium,
1592 1432 1837 1486 viviﬁcet
1893 1448 1998 1486 nos

298 1540 526 1595 semper
554 1529 608 1577 et
641 1524 883 1577 muniat.
922 1524 1028 1575 Per
1068 1524 1396 1575 Dominum.

1011 1633 1292 1696 Praefatio.

372 1734 435 1786 D.
472 1736 540 1788 Et
573 1736 797 1803 justum
843 1740 945 1794 est.
992 1751 1178 1803 usque,
1224 1741 1437 1789 teterne
1474 1737 1641 1789 Deus.
1681 1736 1822 1800 Quia
1868 1752 1995 1789 cum

300 1823 646 1892 unigenitus,
682 1829 813 1887 etc.,
848 1830 907 1876 ut
937 1839 1108 1892 supra
1130 1827 1186 1876 in
1214 1826 1302 1876 die
1330 1826 1673 1893 Epiphaniae.

842 1932 961 1983 Post
993 1932 1442 1985 Communionem.

371 2031 670 2103 Supplices
697 2040 751 2087 te
796 2052 1086 2105 rogamus,
1135 2037 1501 2105 omnipotens
1539 2038 1706 2104 Deus,
1736 2041 1821 2101 ut,
1854 2052 1997 2105 quos

298 2120 411 2173 tuis
439 2123 626 2174 reﬁcis
681 2125 1075 2191 sacramentis,
1109 2125 1215 2177 tibi
1258 2126 1426 2178 etiam
1471 2125 1693 2195 placitis
1745 2126 1998 2178 moribus

297 2208 600 2278 dignanter
654 2211 939 2264 deservire
996 2213 1294 2265 concedas.
1357 2214 1465 2266 Per
1529 2214 1835 2266 Dominum
1898 2228 1994 2264 no-

299 2301 497 2350 strum.

917 2388 1090 2456 Super
1114 2390 1395 2457 papulum.

370 2490 673 2557 Conserva,
701 2508 1051 2562 quaesumus,
1072 2495 1335 2557 Domine,
1356 2494 1633 2548 familiam
1656 2499 1837 2561 tuam,
1862 2500 1996 2562 etc.,

298 2584 360 2633 ut
384 2596 557 2648 supra
590 2584 731 2634 inter
758 2586 897 2635 orat.
930 2581 1163 2653 quolid.]

1088 2706 1222 2757 VIII.

682 2824 939 2863 DOMINICA
979 2826 1016 2863 ll
1060 2826 1181 2864 POST
1217 2827 1615 2864 THEOPHANIAM.

370 2915 749 2985 Omnipotens
789 2915 1137 2984 sempiterna
1182 2916 1345 2982 Deus,
1392 2916 1490 2985 qui
1534 2915 1785 2968 caelestia
1828 2915 1995 2969 simul

299 3008 357 3056 et
388 3011 615 3056 terrena
660 3004 992 3065 moderaris,
1039 3004 1483 3073 supplicationes
1514 3004 1713 3073 p0puli
1738 3003 1825 3057 tui
1872 3005 1988 3056 cle-

298 3098 521 3145 menter
549 3093 772 3155 exaudi,
806 3101 859 3146 et
892 3108 1091 3161 pacem
1124 3100 1281 3145 tuam
1321 3093 1528 3145 nostris
1560 3094 1806 3146 concede
1856 3097 1995 3145 tem-

302 3180 555 3250 poribus.
592 3182 699 3233 Per
730 3180 1038 3233 Dominum
1070 3185 1349 3233 nostrum.

1034 3296 1266 3349 Secreta.

376 3403 594 3469 Oblata,
662 3400 921 3466 Domine,
990 3416 1230 3454 munera
1305 3402 1612 3469 sanctiﬁca,
1680 3420 1898 3475 nosque
1964 3421 1997 3458 a

302 3496 669 3562 peccatorum
705 3496 1031 3544 nostrorum
1054 3490 1292 3543 maculis
1322 3491 1585 3544 emunda.
1620 3493 1744 3545 Per.

849 3597 973 3649 Post
1002 3595 1451 3650 Communionem.

371 3708 663 3774 Augeatur
711 3702 769 3757 in
798 3701 982 3768 nobis,
1038 3701 1296 3766 Domine,
1334 3717 1685 3772 quaesumus,
1741 3705 1853 3756 ture
1884 3702 1996 3756 vir-

301 3792 440 3847 tutis
490 3793 765 3863 operatio,
797 3797 871 3862 [ut
930 3791 1139 3845 divinis
1198 3791 1444 3860 vegetati
1485 3792 1873 3859 sacramentis,
1927 3793 1995 3845 ad

303 3898 500 3936 eorum
536 3881 817 3951 promissa
856 3880 1134 3950 capienda
1176 3884 1276 3933 tuo
1311 3895 1552 3934 munere
1581 3896 1995 3951 praeparemur.

302 3974 423 4026 Per.

898 4056 1100 4128 [Super
1125 4059 1406 4126 populum.

376 4164 668 4221 Auxiliare
700 4164 941 4218 Domine
968 4165 1180 4234 populo
1225 4170 1343 4231 tuo,
1376 4169 1506 4232 etc.,
1535 4171 1595 4219 ut
1636 4180 1827 4235 supra,
1854 4169 1998 4223 inter

305 4258 449 4307 orat.
486 4252 719 4320 quotid.]

1112 4359 1194 4412 IX.

678 4477 931 4516 DOMINICA
974 4478 1031 4517 Ill
1070 4479 1197 4516 POST
1232 4474 1629 4517 THEOPHANIAM.

375 4568 753 4639 Omnipotens
805 4569 1153 4640 sempiterno
1209 4571 1377 4634 Deus,
1433 4569 1830 4624 inﬁrmitatem
1894 4587 1997 4624 no-

308 4662 481 4712 stram
520 4658 801 4729 propitius
826 4659 1064 4728 respice,
1094 4665 1263 4730 atque
1311 4658 1378 4712 ad
1422 4658 1845 4729 protegendum
1875 4676 1995 4722 nos,

306 4746 594 4801 dexteram
630 4752 739 4801 tuae
770 4747 1083 4817 majestatis
1110 4748 1371 4802 extende.
1408 4750 1513 4801 Per
1545 4748 1875 4801 Dominum.

1038 4866 1252 4919 Secreta

378 4972 507 5025 Hec
531 4970 741 5039 hostia,
785 4970 1045 5037 Domine,
1089 4986 1439 5041 quaesumus,
1480 4970 1756 5024 emundet
1810 4974 2002 5024 nostra

307 5060 532 5125 delicta,
571 5064 629 5112 et
677 5059 1019 5112 sacriﬁcium
1066 5060 1471 5113 celebrandum
1502 5059 1863 5113 subditorum
1897 5058 2001 5112 tibi

307 5162 544 5217 corpora
572 5158 909 5217 mentesque
943 5148 1271 5201 sanctiﬁcat.
1306 5149 1431 5202 Per.

851 5254 975 5307 Post
1004 5254 1451 5309 Communionem.

380 5358 528 5420 Quos
564 5360 755 5425 tantis,
804 5359 1068 5425 Domine,
1111 5360 1337 5429 largiris
1375 5359 1458 5413 uti
1498 5360 1801 5431 mysteriis,
1849 5376 2005 5431 quaa-

379 5526 403 5551 ⁸
437 5520 565 5573 Hmc
595 5524 852 5588 spectant
898 5519 967 5572 ad
1006 5514 1520 5573 Sacramentarium
1563 5520 2002 5586 Gregorianum,

310 5588 485 5661 quod,
528 5593 591 5642 ut
622 5593 741 5659 jam
787 5588 1129 5652 monuimus,
1174 5590 1440 5657 praesenti
1486 5592 1630 5643 libro
1676 5591 1999 5643 Grimaldus

1442 328 1784 385 GRIMALDI
1828 326 2350 386 SANGALLENSIS
2389 330 2686 386 ABBATIS
3708 341 3785 391 Sili

2048 470 2093 521 A
2117 485 2334 535 sumus,
2378 474 2439 522 nt
2480 469 2772 524 effectibus
2816 487 3014 525 eorum
3053 473 3327 527 veraciter
3363 478 3569 545 aptare
3623 476 3787 545 digne—

2112 557 2207 610 ris.
2242 558 2366 613 Per.

2716 648 2891 717 Super
2915 652 3197 719 populum.

2180 753 2359 817 Adsit,
2407 754 2666 808 Domine.
2708 770 3059 824 quaesumus,
3102 762 3231 817 etc.,
3272 763 3333 811 ut
3369 774 3543 827 supra
3586 760 3696 813 loco

2110 842 2286 912 tatio.]

2928 934 2986 985 Χ.

2474 1044 2731 1081 ΒΟΜΙΝΙΟΑ
2771 1043 2823 1083 ιν
2864 1044 2990 1081 Ρο5Τ
3025 1043 3429 1083 ΤΗΕΟΡΗΑΝΙΑΧ.

2183 1128 2352 1192 Deus,
2387 1126 2487 1196 qui
2534 1142 2637 1179 nos
2689 1126 2747 1179 in
2786 1128 2956 1179 tantis
2985 1126 3254 1195 periculis
3287 1126 3661 1191 constitutos,
3706 1145 3793 1198 per

2108 1213 2362 1267 humana
2390 1213 2497 1265 scis
2528 1212 2838 1282 fragilitate
2878 1230 2995 1267 non
3026 1230 3188 1283 posse
3232 1214 3562 1282 subsistere,
3601 1216 3673 1268 da
3702 1232 3792 1268 no.

2107 1301 2193 1355 bis
2225 1303 2467 1355 salutem
2508 1302 2717 1354 mentis
2763 1309 2819 1354 et
2860 1301 3136 1372 corporis,
3173 1308 3329 1356 utea
3377 1319 3508 1372 qua:
3561 1308 3792 1373 peccatis

2109 1391 2318 1445 nostris
2373 1391 2644 1461 patimur,
2695 1396 2748 1444 te
2798 1392 3124 1461 adjuvante,
3177 1392 3495 1447 vincamus.
3541 1396 3656 1447 Per
3710 1394 3794 1445 Do-

2108 1481 2352 1534 minum.

2834 1552 3064 1606 Secreta.

2182 1658 2459 1725 Concede,
2503 1675 2849 1729 quaesumus,
2899 1659 3264 1728 omnipotens
3310 1660 3478 1722 Deus,
3517 1664 3579 1711 ut
3638 1660 3789 1728 hujus

2039 1764 2079 1818 Β
2110 1748 2367 1799 sacriﬁcii
2421 1763 2628 1799 munus
2671 1748 2946 1811 oblatum,
2989 1747 3358 1817 fragilitatem
3409 1754 3687 1805 nostram,
3733 1750 3791 1801 ab

2108 1836 2264 1888 omni
2297 1837 2447 1888 malo
2480 1840 2684 1904 purget
2718 1852 2961 1905 semper,
2992 1842 3047 1889 et
3080 1836 3317 1889 muniat.
3356 1837 3477 1890 Per.

2646 1944 2770 1995 Post
2798 1943 3245 1997 Communioncm.

2178 2050 2414 2101 Munera
2470 2054 2564 2101 tua
2601 2064 2723 2111 nos,
2783 2048 2949 2113 Deus,
2984 2066 3017 2100 a
3052 2048 3526 2101 delectationibus
3557 2050 3791 2101 terrenis

2106 2136 2431 2205 expediant,
2455 2135 2853 2188 etcaslestibus
2885 2151 3112 2203 semper
3156 2136 3442 2190 instruant
3489 2137 3795 2189 alimentis.

2711 2240 2903 2311 [Super
2929 2243 3209 2309 populum.

2178 2351 2290 2403 Vox
2339 2349 2638 2403 clamantis
2686 2348 2973 2413 Ecclesim,
3029 2354 3160 2413 etc.,
3202 2354 3262 2401 ut
3316 2364 3487 2418 supra
3532 2350 3645 2403 loco
3689 2351 3795 2417 jam

2108 2440 2297 2506 dicta]

2484 2659 2741 2697 DONINICA
2780 2659 2812 2695 ν
2854 2658 2979 2695 Ροδτ
3014 2657 3421 2696 ΤΒΕΟΡΗΑΝΙΑΙΙ.

2182 2750 2476 2803 Familiam
2541 2756 2719 2814 tuam,
2798 2763 3148 2818 quaesumus,
3208 2746 3471 2807 Domine,
3529 2746 3792 2797 continua

2107 2840 2320 2910 pietate
2366 2839 2607 2904 custodi,
2639 2843 2702 2891 ut
2732 2854 2860 2907 qua:
2908 2840 2967 2889 in
3007 2838 3126 2888 sola
3172 2852 3269 2906 spe
3313 2835 3513 2903 gratiae
3558 2834 3791 2886 caelestis

2107 2926 2396 2990 innititur,
2461 2930 2559 2978 tua
2611 2940 2839 2993 semper
2887 2922 3240 2992 protectione
3297 2921 3613 2975 muniatur.
3676 2924 3787 2974 Per.

2833 3029 3065 3083 Secreta.

2181 3139 2400 3193 Hostias
2454 3137 2577 3203 tibi,
2612 3137 2871 3201 Domine,
2913 3136 3249 3206 placationis
3286 3137 3601 3201 offerimus,
3638 3143 3701 3188 ut
3741 3140 3790 3187 et

2107 3228 2309 3280 delicta
2338 3232 2529 3279 nostra
2578 3225 2883 3278 miseratus
2912 3224 3188 3288 absolvas,
3234 3229 3289 3277 et
3329 3224 3593 3277 nutantia
3629 3224 3787 3275 corda

2105 3322 2164 3368 tu
2202 3315 2431 3385 dirigas.
2468 3315 2592 3367 Per.

2648 3403 2771 3455 Post
2802 3402 3251 3457 Communionem.

2180 3516 2277 3579 Da,
2312 3526 2665 3584 quaesumus,
2696 3510 3062 3580 omnipotens
3096 3511 3263 3576 Deus,
3310 3514 3371 3562 ut
3401 3510 3554 3563 illius
3586 3509 3787 3563 saluta-

2108 3605 2181 3658 ris
2237 3603 2527 3673 capiamus
2586 3600 2877 3668 etfectum,
2945 3600 3107 3669 cujus
3169 3614 3271 3669 per
3336 3598 3459 3651 haec
3525 3597 3788 3667 mysteria

2104 3693 2317 3763 pignus
2348 3690 2687 3761 accepimus.

2696 3795 2897 3867 [Super
2921 3796 3200 3863 populum.

2178 3903 2437 3959 Ecclesize
2465 3908 2599 3970 tuae,
2635 3903 2898 3969 Domine,
2948 3917 3129 3967 voces,
3162 3904 3288 3965 etc.,
3323 3905 3383 3953 ut
3423 3915 3594 3969 supra
3621 3899 3789 3953 eodem

2104 3994 2260 4063 loco]

2895 4079 3008 4133 XII.

2473 4184 2732 4224 DOIINICA
2771 4184 2823 4220 νι
2864 4183 2990 4221 POST
3025 4182 3427 4220 ΤΗΕΟΡΗΔΝΙΑΜ.

2177 4261 2459 4315 Conserva
2484 4258 2764 4328 populum
2796 4262 2979 4323 tuum,
3012 4256 3176 4323 Deus,
3219 4260 3276 4309 et
3323 4259 3422 4308 tuo
3456 4254 3681 4309 nomini
3714 4254 3790 4307 fac

2035 4364 2080 4421 Ι)
2107 4351 2395 4415 devotum,
2451 4354 2515 4401 ut
2545 4346 2753 4400 divinis
2801 4346 3090 4415 subjectus
3123 4345 3340 4405 ofﬁciis,
3377 4349 3431 4398 et
3458 4344 3791 4414 temporalia

2105 4440 2368 4505 viriliter,
2402 4443 2459 4492 et
2488 4443 2702 4492 aeterna
2732 4435 2881 4489 dona
2910 4434 3200 4505 percipiat.
3240 4436 3364 4487 Per.

2842 4542 3072 4597 Secreta.

2180 4636 2308 4689 Haec
2359 4652 2461 4688 nos
2519 4633 2752 4695 oblatio,
2804 4634 2971 4697 Deus,
3024 4629 3278 4696 mundet,
3336 4645 3691 4700 quaesumus,
3748 4633 3797 4679 et

2109 4730 2364 4789 renovet,
2401 4729 2457 4777 et
2478 4724 2779 4793 gubernet,
2814 4726 2869 4773 et
2897 4726 3177 4791 protegat.
3216 4720 3339 4771 Per.

2646 4829 2774 4883 Post
2809 4829 3267 4881 Communionem.

2181 4917 2534 4980 Ccelestibus,
2572 4916 2834 4976 Domine,
2886 4916 3033 4985 pasti
3065 4913 3303 4975 deliciis,
3357 4929 3709 4983 quaesumus,
3742 4917 3797 4964 ut

2111 5023 2337 5079 semper
2371 5006 2592 5071 eadem,
2628 5020 2730 5075 per
2769 5020 2897 5074 quae
2938 5005 3212 5057 veraciter
3262 5003 3529 5069 vivimus,
3574 5008 3798 5073 appeta-

2112 5114 2260 5153 mus.
2295 5098 2417 5150 Per.

2697 5182 2892 5255 [Super
2919 5183 3195 5251 populum.

2183 5278 2414 5341 Praesta,
2463 5289 2815 5344 quaesumus,
2852 5271 3218 5340 omnipotens
3256 5272 3421 5335 Deus,
3457 5277 3593 5338 etc.,
3632 5276 3691 5323 ut
3719 5285 3800 5322 su-

2110 5382 2213 5434 pra
2243 5365 2422 5417 eodem
2457 5359 2609 5433 loco.]

2115 5524 2306 5572 noster
2365 5517 2739 5587 praemiserat.
2793 5514 3314 5571 Sacramentarium
3369 5516 3629 5585 Gregorii
3686 5513 3799 5568 vide

2114 5589 2264 5642 inter
2292 5592 2414 5658 ejus
2445 5604 2635 5657 opera.
2673 5589 2819 5641 Εῡιτ.
