  <div class='ocr_page' id='page_1' title='image "/cluster/home/n/w/nwhite01/storage/ocr_20150623/121/uva.x000827051/414.png"; bbox 0 0 3868 6228; ppageno 0'>
   <div class='ocr_carea' id='block_1_1' title="bbox 44 309 2255 370">
    <p class='ocr_par' dir='ltr' id='par_1_1' title="bbox 44 309 2255 370">
     <span class='ocr_line' id='line_1_1' title="bbox 44 309 2255 370; baseline 0.003 -9"><span class='ocrx_word' id='word_1_1' title='bbox 44 310 144 362; x_wconf 69' lang='grc'>805</span> <span class='ocrx_word' id='word_1_2' title='bbox 1367 309 1570 365; x_wconf 85' lang='lat' dir='ltr'><strong>LIBER</strong></span> <span class='ocrx_word' id='word_1_3' title='bbox 1609 310 2255 370; x_wconf 76' lang='lat' dir='ltr'>SACRAMENTOBUM.</span> 
     </span>
    </p>
   </div>
   <div class='ocr_carea' id='block_1_2' title="bbox 372 544 1404 585">
    <p class='ocr_par' dir='ltr' id='par_1_2' title="bbox 372 544 1404 585">
     <span class='ocr_line' id='line_1_2' title="bbox 372 544 1404 585; baseline 0.001 -4"><span class='ocrx_word' id='word_1_4' title='bbox 372 545 639 584; x_wconf 69' lang='grc' dir='ltr'>οοιιΝιεΑ</span> <span class='ocrx_word' id='word_1_5' title='bbox 679 547 693 583; x_wconf 85' lang='grc'><strong>1</strong></span> <span class='ocrx_word' id='word_1_6' title='bbox 737 545 861 582; x_wconf 79' lang='lat' dir='ltr'>POST</span> <span class='ocrx_word' id='word_1_7' title='bbox 898 544 1129 582; x_wconf 75' lang='lat' dir='ltr'>OCTAVAS</span> <span class='ocrx_word' id='word_1_8' title='bbox 1171 544 1404 585; x_wconf 75' lang='lat' dir='ltr'>PASCH/E.</span> 
     </span>
    </p>
   </div>
   <div class='ocr_carea' id='block_1_3' title="bbox 121 634 1747 706">
    <p class='ocr_par' dir='ltr' id='par_1_3' title="bbox 121 634 1747 706">
     <span class='ocr_line' id='line_1_3' title="bbox 121 634 1747 706; baseline 0 -17"><span class='ocrx_word' id='word_1_9' title='bbox 121 638 283 699; x_wconf 86' lang='lat' dir='ltr'>Deus,</span> <span class='ocrx_word' id='word_1_10' title='bbox 324 636 426 706; x_wconf 86' lang='lat' dir='ltr'>qui</span> <span class='ocrx_word' id='word_1_11' title='bbox 460 637 521 689; x_wconf 89' lang='lat' dir='ltr'>in</span> <span class='ocrx_word' id='word_1_12' title='bbox 559 636 682 690; x_wconf 86' lang='lat' dir='ltr'>Filii</span> <span class='ocrx_word' id='word_1_13' title='bbox 703 635 783 689; x_wconf 92' lang='lat' dir='ltr'>tui</span> <span class='ocrx_word' id='word_1_14' title='bbox 808 634 1132 688; x_wconf 89' lang='lat' dir='ltr'>humilitate</span> <span class='ocrx_word' id='word_1_15' title='bbox 1155 636 1438 702; x_wconf 89' lang='lat' dir='ltr'>jacentem</span> <span class='ocrx_word' id='word_1_16' title='bbox 1465 635 1747 689; x_wconf 89' lang='lat' dir='ltr'>mundum</span> 
     </span>
    </p>
   </div>
   <div class='ocr_carea' id='block_1_4' title="bbox 50 724 1747 794">
    <p class='ocr_par' dir='ltr' id='par_1_4' title="bbox 50 724 1747 794">
     <span class='ocr_line' id='line_1_4' title="bbox 50 724 1747 794; baseline -0.001 -16"><span class='ocrx_word' id='word_1_17' title='bbox 50 726 293 791; x_wconf 76' lang='lat' dir='ltr'>erexisti,</span> <span class='ocrx_word' id='word_1_18' title='bbox 335 725 609 779; x_wconf 79' lang='lat' dir='ltr'>ﬁdelibus</span> <span class='ocrx_word' id='word_1_19' title='bbox 650 724 763 777; x_wconf 85' lang='lat' dir='ltr'>tuis</span> <span class='ocrx_word' id='word_1_20' title='bbox 801 729 1139 794; x_wconf 85' lang='lat' dir='ltr'>perpetuam</span> <span class='ocrx_word' id='word_1_21' title='bbox 1182 725 1429 777; x_wconf 88' lang='lat' dir='ltr'>concede</span> <span class='ocrx_word' id='word_1_22' title='bbox 1460 725 1747 792; x_wconf 71' lang='lat' dir='ltr'>lmtitiam,</span> 
     </span>
    </p>
   </div>
   <div class='ocr_carea' id='block_1_5' title="bbox 52 812 1750 883">
    <p class='ocr_par' dir='ltr' id='par_1_5' title="bbox 52 812 1750 883">
     <span class='ocr_line' id='line_1_5' title="bbox 52 812 1750 883; baseline -0.002 -15"><span class='ocrx_word' id='word_1_23' title='bbox 52 822 114 868; x_wconf 84' lang='lat' dir='ltr'>nt</span> <span class='ocrx_word' id='word_1_24' title='bbox 149 830 287 883; x_wconf 89' lang='lat' dir='ltr'>quos</span> <span class='ocrx_word' id='word_1_25' title='bbox 338 820 642 883; x_wconf 66' lang='lat' dir='ltr'>perpetuae</span> <span class='ocrx_word' id='word_1_26' title='bbox 699 813 897 865; x_wconf 86' lang='lat' dir='ltr'>mortis</span> <span class='ocrx_word' id='word_1_27' title='bbox 939 812 1199 882; x_wconf 83' lang='lat' dir='ltr'>eripuisti</span> <span class='ocrx_word' id='word_1_28' title='bbox 1240 813 1483 879; x_wconf 88' lang='lat' dir='ltr'>casibus,</span> <span class='ocrx_word' id='word_1_29' title='bbox 1526 814 1750 883; x_wconf 80' lang='lat' dir='ltr'>gaudiis</span> 
     </span>
    </p>
   </div>
   <div class='ocr_carea' id='block_1_6' title="bbox 56 901 1744 972">
    <p class='ocr_par' dir='ltr' id='par_1_6' title="bbox 56 901 1744 972">
     <span class='ocr_line' id='line_1_6' title="bbox 56 901 1744 972; baseline -0.001 -16"><span class='ocrx_word' id='word_1_30' title='bbox 56 905 217 956; x_wconf 78' lang='lat' dir='ltr'>facias</span> <span class='ocrx_word' id='word_1_31' title='bbox 269 902 640 972; x_wconf 75' lang='lat' dir='ltr'>sempiternis</span> <span class='ocrx_word' id='word_1_32' title='bbox 678 901 915 971; x_wconf 80' lang='lat' dir='ltr'>perfrui.</span> <span class='ocrx_word' id='word_1_33' title='bbox 961 902 1068 955; x_wconf 90' lang='lat' dir='ltr'>Per</span> <span class='ocrx_word' id='word_1_34' title='bbox 1106 901 1375 955; x_wconf 86' lang='lat' dir='ltr'>eumdem</span> <span class='ocrx_word' id='word_1_35' title='bbox 1410 902 1744 956; x_wconf 90' lang='lat' dir='ltr'>Dominum.</span> 
     </span>
    </p>
   </div>
   <div class='ocr_carea' id='block_1_7' title="bbox 791 1009 1024 1063">
    <p class='ocr_par' dir='ltr' id='par_1_7' title="bbox 791 1009 1024 1063">
     <span class='ocr_line' id='line_1_7' title="bbox 791 1009 1024 1063; baseline -0.013 0"><span class='ocrx_word' id='word_1_36' title='bbox 791 1009 1024 1063; x_wconf 86' lang='lat' dir='ltr'>Secreta.</span> 
     </span>
    </p>
   </div>
   <div class='ocr_carea' id='block_1_8' title="bbox 123 1096 1747 1162">
    <p class='ocr_par' dir='ltr' id='par_1_8' title="bbox 123 1096 1747 1162">
     <span class='ocr_line' id='line_1_8' title="bbox 123 1096 1747 1162; baseline -0.001 -11"><span class='ocrx_word' id='word_1_37' title='bbox 123 1098 579 1151; x_wconf 84' lang='lat' dir='ltr'>Benedictionem</span> <span class='ocrx_word' id='word_1_38' title='bbox 623 1103 803 1162; x_wconf 88' lang='lat' dir='ltr'>tuam,</span> <span class='ocrx_word' id='word_1_39' title='bbox 852 1096 1115 1161; x_wconf 90' lang='lat' dir='ltr'>Domine,</span> <span class='ocrx_word' id='word_1_40' title='bbox 1157 1096 1324 1149; x_wconf 90' lang='lat' dir='ltr'>nobis</span> <span class='ocrx_word' id='word_1_41' title='bbox 1372 1096 1629 1150; x_wconf 87' lang='lat' dir='ltr'>conferat</span> <span class='ocrx_word' id='word_1_42' title='bbox 1657 1113 1747 1149; x_wconf 90' lang='lat' dir='ltr'>sa-</span> 
     </span>
    </p>
   </div>
   <div class='ocr_carea' id='block_1_9' title="bbox 58 1185 1745 1256">
    <p class='ocr_par' dir='ltr' id='par_1_9' title="bbox 58 1185 1745 1256">
     <span class='ocr_line' id='line_1_9' title="bbox 58 1185 1745 1256; baseline 0 -16"><span class='ocrx_word' id='word_1_43' title='bbox 58 1191 286 1241; x_wconf 82' lang='lat' dir='ltr'>lutarem</span> <span class='ocrx_word' id='word_1_44' title='bbox 322 1202 482 1241; x_wconf 88' lang='lat' dir='ltr'>sacra</span> <span class='ocrx_word' id='word_1_45' title='bbox 518 1202 746 1255; x_wconf 87' lang='lat' dir='ltr'>semper</span> <span class='ocrx_word' id='word_1_46' title='bbox 778 1185 1011 1251; x_wconf 89' lang='lat' dir='ltr'>oblatio,</span> <span class='ocrx_word' id='word_1_47' title='bbox 1048 1191 1125 1248; x_wconf 87' lang='lat' dir='ltr'>ut,</span> <span class='ocrx_word' id='word_1_48' title='bbox 1177 1186 1331 1254; x_wconf 91' lang='lat' dir='ltr'>quod</span> <span class='ocrx_word' id='word_1_49' title='bbox 1373 1186 1489 1255; x_wconf 84' lang='lat' dir='ltr'>agit</span> <span class='ocrx_word' id='word_1_50' title='bbox 1532 1192 1745 1256; x_wconf 77' lang='lat' dir='ltr'>myste-</span> 
     </span>
    </p>
   </div>
   <div class='ocr_carea' id='block_1_10' title="bbox 54 1274 871 1345">
    <p class='ocr_par' dir='ltr' id='par_1_10' title="bbox 54 1274 871 1345">
     <span class='ocr_line' id='line_1_10' title="bbox 54 1274 871 1345; baseline -0.002 -16"><span class='ocrx_word' id='word_1_51' title='bbox 54 1278 153 1339; x_wconf 79' lang='lat' dir='ltr'>rio.</span> <span class='ocrx_word' id='word_1_52' title='bbox 192 1276 399 1329; x_wconf 84' lang='lat' dir='ltr'>virtute</span> <span class='ocrx_word' id='word_1_53' title='bbox 429 1274 714 1345; x_wconf 88' lang='lat' dir='ltr'>perﬁciat.</span> <span class='ocrx_word' id='word_1_54' title='bbox 749 1275 871 1327; x_wconf 90' lang='lat' dir='ltr'>Per.</span> 
     </span>
    </p>
   </div>
   <div class='ocr_carea' id='block_1_11' title="bbox 598 1381 1200 1436">
    <p class='ocr_par' dir='ltr' id='par_1_11' title="bbox 598 1381 1200 1436">
     <span class='ocr_line' id='line_1_11' title="bbox 598 1381 1200 1436; baseline -0.003 -1"><span class='ocrx_word' id='word_1_55' title='bbox 598 1382 720 1435; x_wconf 91' lang='lat' dir='ltr'>Post</span> <span class='ocrx_word' id='word_1_56' title='bbox 750 1381 1200 1436; x_wconf 86' lang='lat' dir='ltr'>Communionem.</span> 
     </span>
    </p>
   </div>
   <div class='ocr_carea' id='block_1_12' title="bbox 123 1466 1746 1537">
    <p class='ocr_par' dir='ltr' id='par_1_12' title="bbox 123 1466 1746 1537">
     <span class='ocr_line' id='line_1_12' title="bbox 123 1466 1746 1537; baseline -0.002 -14"><span class='ocrx_word' id='word_1_57' title='bbox 123 1472 326 1523; x_wconf 65' lang='lat' dir='ltr'>Praesta</span> <span class='ocrx_word' id='word_1_58' title='bbox 376 1468 563 1534; x_wconf 83' lang='lat' dir='ltr'>nobis,</span> <span class='ocrx_word' id='word_1_59' title='bbox 605 1467 969 1537; x_wconf 90' lang='lat' dir='ltr'>omnipotens</span> <span class='ocrx_word' id='word_1_60' title='bbox 1010 1468 1177 1533; x_wconf 90' lang='lat' dir='ltr'>Deus,</span> <span class='ocrx_word' id='word_1_61' title='bbox 1209 1467 1310 1537; x_wconf 52' lang='lat' dir='ltr'>tut,</span> <span class='ocrx_word' id='word_1_62' title='bbox 1351 1466 1746 1521; x_wconf 86' lang='lat' dir='ltr'>viviﬁcationis</span> 
     </span>
    </p>
   </div>
   <div class='ocr_carea' id='block_1_13' title="bbox 56 1556 1744 1627">
    <p class='ocr_par' dir='ltr' id='par_1_13' title="bbox 56 1556 1744 1627">
     <span class='ocr_line' id='line_1_13' title="bbox 56 1556 1744 1627; baseline -0.001 -17"><span class='ocrx_word' id='word_1_63' title='bbox 56 1564 156 1610; x_wconf 64' lang='lat' dir='ltr'>tum.</span> <span class='ocrx_word' id='word_1_64' title='bbox 214 1557 454 1627; x_wconf 81' lang='lat' dir='ltr'>gloriam</span> <span class='ocrx_word' id='word_1_65' title='bbox 496 1561 939 1625; x_wconf 84' lang='lat' dir='ltr'>consequentes,</span> <span class='ocrx_word' id='word_1_66' title='bbox 989 1556 1049 1609; x_wconf 89' lang='lat' dir='ltr'>in</span> <span class='ocrx_word' id='word_1_67' title='bbox 1098 1560 1196 1609; x_wconf 93' lang='lat' dir='ltr'>tuo</span> <span class='ocrx_word' id='word_1_68' title='bbox 1237 1571 1465 1625; x_wconf 82' lang='lat' dir='ltr'>semper</span> <span class='ocrx_word' id='word_1_69' title='bbox 1505 1572 1744 1609; x_wconf 89' lang='lat' dir='ltr'>munere</span> 
     </span>
    </p>
   </div>
   <div class='ocr_carea' id='block_1_14' title="bbox 60 1656 375 1726">
    <p class='ocr_par' dir='ltr' id='par_1_14' title="bbox 60 1656 375 1726">
     <span class='ocr_line' id='line_1_14' title="bbox 60 1656 375 1726; baseline 0 -18"><span class='ocrx_word' id='word_1_70' title='bbox 60 1656 375 1726; x_wconf 77' lang='lat' dir='ltr'>gloriemur.</span> 
     </span>
    </p>
   </div>
   <div class='ocr_carea' id='block_1_15' title="bbox 643 1724 1150 1793">
    <p class='ocr_par' dir='ltr' id='par_1_15' title="bbox 643 1724 1150 1793">
     <span class='ocr_line' id='line_1_15' title="bbox 643 1724 1150 1793; baseline 0 -16"><span class='ocrx_word' id='word_1_71' title='bbox 643 1724 841 1793; x_wconf 78' lang='lat' dir='ltr'>[Super</span> <span class='ocrx_word' id='word_1_72' title='bbox 869 1724 1150 1793; x_wconf 78' lang='lat' dir='ltr'>populum.</span> 
     </span>
    </p>
   </div>
   <div class='ocr_carea' id='block_1_16' title="bbox 126 1813 1139 1881">
    <p class='ocr_par' dir='ltr' id='par_1_16' title="bbox 126 1813 1139 1881">
     <span class='ocr_line' id='line_1_16' title="bbox 126 1813 1139 1881; baseline -0.006 -12"><span class='ocrx_word' id='word_1_73' title='bbox 126 1816 405 1869; x_wconf 77' lang='lat' dir='ltr'>Familiam</span> <span class='ocrx_word' id='word_1_74' title='bbox 440 1820 623 1878; x_wconf 89' lang='lat' dir='ltr'>tuam,</span> <span class='ocrx_word' id='word_1_75' title='bbox 672 1820 804 1878; x_wconf 88' lang='lat' dir='ltr'>etc.,</span> <span class='ocrx_word' id='word_1_76' title='bbox 836 1818 895 1865; x_wconf 88' lang='lat' dir='ltr'>ut</span> <span class='ocrx_word' id='word_1_77' title='bbox 924 1813 1139 1881; x_wconf 85' lang='lat' dir='ltr'>supra.]</span> 
     </span>
    </p>
   </div>
   <div class='ocr_carea' id='block_1_17' title="bbox 363 2048 1410 2087">
    <p class='ocr_par' dir='ltr' id='par_1_17' title="bbox 363 2048 1410 2087">
     <span class='ocr_line' id='line_1_17' title="bbox 363 2048 1410 2087; baseline 0.002 -2"><span class='ocrx_word' id='word_1_78' title='bbox 363 2050 622 2086; x_wconf 66' lang='lat' dir='ltr'>DOMINICA</span> <span class='ocrx_word' id='word_1_79' title='bbox 664 2048 699 2086; x_wconf 89' lang='lat' dir='ltr'>II</span> <span class='ocrx_word' id='word_1_80' title='bbox 742 2048 867 2085; x_wconf 82' lang='lat' dir='ltr'>POST</span> <span class='ocrx_word' id='word_1_81' title='bbox 905 2048 1134 2085; x_wconf 77' lang='lat' dir='ltr'>OCTAVAS</span> <span class='ocrx_word' id='word_1_82' title='bbox 1176 2048 1410 2087; x_wconf 67' lang='lat' dir='ltr'>PASCHA’J.</span> 
     </span>
    </p>
   </div>
   <div class='ocr_carea' id='block_1_18' title="bbox 125 2138 1738 2209">
    <p class='ocr_par' dir='ltr' id='par_1_18' title="bbox 125 2138 1738 2209">
     <span class='ocr_line' id='line_1_18' title="bbox 125 2138 1738 2209; baseline -0.001 -16"><span class='ocrx_word' id='word_1_83' title='bbox 125 2141 281 2201; x_wconf 89' lang='lat' dir='ltr'>Deus,</span> <span class='ocrx_word' id='word_1_84' title='bbox 332 2140 431 2209; x_wconf 87' lang='lat' dir='ltr'>qui</span> <span class='ocrx_word' id='word_1_85' title='bbox 478 2138 802 2193; x_wconf 79' lang='lat' dir='ltr'>errantibus</span> <span class='ocrx_word' id='word_1_86' title='bbox 851 2144 913 2191; x_wconf 92' lang='lat' dir='ltr'>ut</span> <span class='ocrx_word' id='word_1_87' title='bbox 958 2140 1017 2192; x_wconf 91' lang='lat' dir='ltr'>in</span> <span class='ocrx_word' id='word_1_88' title='bbox 1071 2140 1218 2192; x_wconf 81' lang='lat' dir='ltr'>viam</span> <span class='ocrx_word' id='word_1_89' title='bbox 1264 2139 1485 2208; x_wconf 86' lang='lat' dir='ltr'>possint</span> <span class='ocrx_word' id='word_1_90' title='bbox 1534 2140 1738 2204; x_wconf 87' lang='lat' dir='ltr'>redire,</span> 
     </span>
    </p>
   </div>
   <div class='ocr_carea' id='block_1_19' title="bbox 59 2227 1743 2297">
    <p class='ocr_par' dir='ltr' id='par_1_19' title="bbox 59 2227 1743 2297">
     <span class='ocr_line' id='line_1_19' title="bbox 59 2227 1743 2297; baseline 0.001 -18"><span class='ocrx_word' id='word_1_91' title='bbox 59 2229 274 2295; x_wconf 68' lang='lat' dir='ltr'>justitia)</span> <span class='ocrx_word' id='word_1_92' title='bbox 296 2234 407 2280; x_wconf 70' lang='lat' dir='ltr'>tua:</span> <span class='ocrx_word' id='word_1_93' title='bbox 436 2228 630 2280; x_wconf 88' lang='lat' dir='ltr'>lumen</span> <span class='ocrx_word' id='word_1_94' title='bbox 655 2228 925 2292; x_wconf 74' lang='lat' dir='ltr'>ostendis,</span> <span class='ocrx_word' id='word_1_95' title='bbox 952 2227 1024 2280; x_wconf 88' lang='lat' dir='ltr'>da</span> <span class='ocrx_word' id='word_1_96' title='bbox 1044 2228 1261 2280; x_wconf 87' lang='lat' dir='ltr'>cunctis</span> <span class='ocrx_word' id='word_1_97' title='bbox 1292 2228 1392 2297; x_wconf 90' lang='lat' dir='ltr'>qui</span> <span class='ocrx_word' id='word_1_98' title='bbox 1423 2228 1743 2281; x_wconf 85' lang='lat' dir='ltr'>Christiana</span> 
     </span>
    </p>
   </div>
   <div class='ocr_carea' id='block_1_20' title="bbox 64 2316 1741 2386">
    <p class='ocr_par' dir='ltr' id='par_1_20' title="bbox 64 2316 1741 2386">
     <span class='ocr_line' id='line_1_20' title="bbox 64 2316 1741 2386; baseline 0 -17"><span class='ocrx_word' id='word_1_99' title='bbox 64 2318 392 2386; x_wconf 82' lang='lat' dir='ltr'>professione</span> <span class='ocrx_word' id='word_1_100' title='bbox 423 2326 754 2380; x_wconf 76' lang='lat' dir='ltr'>censentur,</span> <span class='ocrx_word' id='word_1_101' title='bbox 790 2323 847 2369; x_wconf 90' lang='lat' dir='ltr'>et</span> <span class='ocrx_word' id='word_1_102' title='bbox 888 2316 986 2369; x_wconf 82' lang='lat' dir='ltr'>illa</span> <span class='ocrx_word' id='word_1_103' title='bbox 1016 2332 1287 2386; x_wconf 87' lang='lat' dir='ltr'>respuere</span> <span class='ocrx_word' id='word_1_104' title='bbox 1314 2333 1442 2386; x_wconf 68' lang='lat' dir='ltr'>quas</span> <span class='ocrx_word' id='word_1_105' title='bbox 1471 2317 1605 2370; x_wconf 87' lang='lat' dir='ltr'>huic</span> <span class='ocrx_word' id='word_1_106' title='bbox 1630 2317 1741 2369; x_wconf 91' lang='lat' dir='ltr'>ini-</span> 
     </span>
    </p>
   </div>
   <div class='ocr_carea' id='block_1_21' title="bbox 68 2405 1743 2475">
    <p class='ocr_par' dir='ltr' id='par_1_21' title="bbox 68 2405 1743 2475">
     <span class='ocr_line' id='line_1_21' title="bbox 68 2405 1743 2475; baseline 0 -18"><span class='ocrx_word' id='word_1_107' title='bbox 68 2408 195 2458; x_wconf 87' lang='lat' dir='ltr'>mica</span> <span class='ocrx_word' id='word_1_108' title='bbox 224 2412 356 2458; x_wconf 90' lang='lat' dir='ltr'>sunt</span> <span class='ocrx_word' id='word_1_109' title='bbox 385 2405 632 2471; x_wconf 86' lang='lat' dir='ltr'>nomini,</span> <span class='ocrx_word' id='word_1_110' title='bbox 668 2411 723 2458; x_wconf 88' lang='lat' dir='ltr'>et</span> <span class='ocrx_word' id='word_1_111' title='bbox 752 2420 817 2459; x_wconf 85' lang='lat' dir='ltr'>ea</span> <span class='ocrx_word' id='word_1_112' title='bbox 848 2421 976 2475; x_wconf 70' lang='lat' dir='ltr'>qua:</span> <span class='ocrx_word' id='word_1_113' title='bbox 1019 2410 1152 2458; x_wconf 88' lang='lat' dir='ltr'>sunt</span> <span class='ocrx_word' id='word_1_114' title='bbox 1200 2410 1337 2474; x_wconf 84' lang='lat' dir='ltr'>apta</span> <span class='ocrx_word' id='word_1_115' title='bbox 1374 2405 1595 2459; x_wconf 87' lang='lat' dir='ltr'>sectari.</span> <span class='ocrx_word' id='word_1_116' title='bbox 1636 2407 1743 2458; x_wconf 88' lang='lat' dir='ltr'>Per</span> 
     </span>
    </p>
   </div>
   <div class='ocr_carea' id='block_1_22' title="bbox 773 2512 1009 2565">
    <p class='ocr_par' dir='ltr' id='par_1_22' title="bbox 773 2512 1009 2565">
     <span class='ocr_line' id='line_1_22' title="bbox 773 2512 1009 2565; baseline -0.004 -2"><span class='ocrx_word' id='word_1_117' title='bbox 773 2512 1009 2565; x_wconf 84' lang='lat' dir='ltr'>Secreta.</span> 
     </span>
    </p>
   </div>
   <div class='ocr_carea' id='block_1_23' title="bbox 127 2614 1741 2686">
    <p class='ocr_par' dir='ltr' id='par_1_23' title="bbox 127 2614 1741 2686">
     <span class='ocr_line' id='line_1_23' title="bbox 127 2614 1741 2686; baseline -0.001 -17"><span class='ocrx_word' id='word_1_118' title='bbox 127 2617 217 2670; x_wconf 82' lang='lat' dir='ltr'>His</span> <span class='ocrx_word' id='word_1_119' title='bbox 241 2616 408 2669; x_wconf 89' lang='lat' dir='ltr'>nobis</span> <span class='ocrx_word' id='word_1_120' title='bbox 452 2614 741 2685; x_wconf 75' lang='lat' dir='ltr'>mysteriis</span> <span class='ocrx_word' id='word_1_121' title='bbox 782 2615 1130 2680; x_wconf 89' lang='lat' dir='ltr'>conferatur,</span> <span class='ocrx_word' id='word_1_122' title='bbox 1174 2631 1288 2686; x_wconf 91' lang='lat' dir='ltr'>quo</span> <span class='ocrx_word' id='word_1_123' title='bbox 1338 2620 1565 2669; x_wconf 90' lang='lat' dir='ltr'>terrena</span> <span class='ocrx_word' id='word_1_124' title='bbox 1594 2615 1741 2669; x_wconf 88' lang='lat' dir='ltr'>desi-</span> 
     </span>
    </p>
   </div>
   <div class='ocr_carea' id='block_1_24' title="bbox 73 2704 1589 2776">
    <p class='ocr_par' dir='ltr' id='par_1_24' title="bbox 73 2704 1589 2776">
     <span class='ocr_line' id='line_1_24' title="bbox 73 2704 1589 2776; baseline 0 -18"><span class='ocrx_word' id='word_1_125' title='bbox 73 2707 206 2759; x_wconf 82' lang='lat' dir='ltr'>deria</span> <span class='ocrx_word' id='word_1_126' title='bbox 238 2705 586 2776; x_wconf 75' lang='lat' dir='ltr'>mitigantes,</span> <span class='ocrx_word' id='word_1_127' title='bbox 621 2704 907 2758; x_wconf 86' lang='lat' dir='ltr'>discamus</span> <span class='ocrx_word' id='word_1_128' title='bbox 936 2720 1129 2758; x_wconf 89' lang='lat' dir='ltr'>amare</span> <span class='ocrx_word' id='word_1_129' title='bbox 1163 2704 1429 2758; x_wconf 77' lang='lat' dir='ltr'>cmlestia.</span> <span class='ocrx_word' id='word_1_130' title='bbox 1463 2706 1589 2758; x_wconf 83' lang='lat' dir='ltr'>Per.</span> 
     </span>
    </p>
   </div>
   <div class='ocr_carea' id='block_1_25' title="bbox 591 2814 1202 2868">
    <p class='ocr_par' dir='ltr' id='par_1_25' title="bbox 591 2814 1202 2868">
     <span class='ocr_line' id='line_1_25' title="bbox 591 2814 1202 2868; baseline -0.005 -1"><span class='ocrx_word' id='word_1_131' title='bbox 591 2814 719 2867; x_wconf 83' lang='lat' dir='ltr'>Post</span> <span class='ocrx_word' id='word_1_132' title='bbox 754 2814 1202 2868; x_wconf 85' lang='lat' dir='ltr'>Communionem.</span> 
     </span>
    </p>
   </div>
   <div class='ocr_carea' id='block_1_26' title="bbox 132 2899 1739 2970">
    <p class='ocr_par' dir='ltr' id='par_1_26' title="bbox 132 2899 1739 2970">
     <span class='ocr_line' id='line_1_26' title="bbox 132 2899 1739 2970; baseline 0 -17"><span class='ocrx_word' id='word_1_133' title='bbox 132 2901 481 2954; x_wconf 84' lang='lat' dir='ltr'>Sacramenta</span> <span class='ocrx_word' id='word_1_134' title='bbox 520 2915 649 2970; x_wconf 69' lang='lat' dir='ltr'>qua:</span> <span class='ocrx_word' id='word_1_135' title='bbox 694 2900 1062 2967; x_wconf 82' lang='lat' dir='ltr'>sumpsimus,</span> <span class='ocrx_word' id='word_1_136' title='bbox 1103 2914 1455 2969; x_wconf 65' lang='lat' dir='ltr'>quaesumus,</span> <span class='ocrx_word' id='word_1_137' title='bbox 1482 2899 1739 2967; x_wconf 88' lang='lat' dir='ltr'>Domine,</span> 
     </span>
    </p>
   </div>
   <div class='ocr_carea' id='block_1_27' title="bbox 77 2986 1743 3058">
    <p class='ocr_par' dir='ltr' id='par_1_27' title="bbox 77 2986 1743 3058">
     <span class='ocr_line' id='line_1_27' title="bbox 77 2986 1743 3058; baseline 0 -17"><span class='ocrx_word' id='word_1_138' title='bbox 77 2994 124 3041; x_wconf 84' lang='lat' dir='ltr'>et</span> <span class='ocrx_word' id='word_1_139' title='bbox 149 2987 486 3058; x_wconf 85' lang='lat' dir='ltr'>spiritalibus</span> <span class='ocrx_word' id='word_1_140' title='bbox 518 3004 623 3041; x_wconf 90' lang='lat' dir='ltr'>nos</span> <span class='ocrx_word' id='word_1_141' title='bbox 661 2987 947 3040; x_wconf 90' lang='lat' dir='ltr'>instruant</span> <span class='ocrx_word' id='word_1_142' title='bbox 988 2986 1294 3051; x_wconf 84' lang='lat' dir='ltr'>alimentis,</span> <span class='ocrx_word' id='word_1_143' title='bbox 1338 2992 1394 3040; x_wconf 87' lang='lat' dir='ltr'>et</span> <span class='ocrx_word' id='word_1_144' title='bbox 1437 2988 1743 3057; x_wconf 90' lang='lat' dir='ltr'>corporali-</span> 
     </span>
    </p>
   </div>
   <div class='ocr_carea' id='block_1_28' title="bbox 78 3074 1524 3131">
    <p class='ocr_par' dir='ltr' id='par_1_28' title="bbox 78 3074 1524 3131">
     <span class='ocr_line' id='line_1_28' title="bbox 78 3074 1524 3131; baseline 0 -4"><span class='ocrx_word' id='word_1_145' title='bbox 78 3080 162 3130; x_wconf 83' lang='lat' dir='ltr'>bus</span> <span class='ocrx_word' id='word_1_146' title='bbox 191 3082 456 3131; x_wconf 83' lang='lat' dir='ltr'>tueantur</span> <span class='ocrx_word' id='word_1_147' title='bbox 483 3076 733 3129; x_wconf 82' lang='lat' dir='ltr'>auxiliis.</span> <span class='ocrx_word' id='word_1_148' title='bbox 770 3075 874 3129; x_wconf 88' lang='lat' dir='ltr'>Per</span> <span class='ocrx_word' id='word_1_149' title='bbox 905 3074 1213 3128; x_wconf 89' lang='lat' dir='ltr'>Dominum</span> <span class='ocrx_word' id='word_1_150' title='bbox 1244 3079 1524 3128; x_wconf 90' lang='lat' dir='ltr'>nostrum.</span> 
     </span>
    </p>
   </div>
   <div class='ocr_carea' id='block_1_29' title="bbox 657 3182 1153 3251">
    <p class='ocr_par' dir='ltr' id='par_1_29' title="bbox 657 3182 1153 3251">
     <span class='ocr_line' id='line_1_29' title="bbox 657 3182 1153 3251; baseline -0.002 -15"><span class='ocrx_word' id='word_1_151' title='bbox 657 3183 848 3251; x_wconf 85' lang='lat' dir='ltr'>[Super</span> <span class='ocrx_word' id='word_1_152' title='bbox 873 3182 1153 3250; x_wconf 84' lang='lat' dir='ltr'>populum.</span> 
     </span>
    </p>
   </div>
   <div class='ocr_carea' id='block_1_30' title="bbox 134 3270 888 3339">
    <p class='ocr_par' dir='ltr' id='par_1_30' title="bbox 134 3270 888 3339">
     <span class='ocr_line' id='line_1_30' title="bbox 134 3270 888 3339; baseline -0.003 -14"><span class='ocrx_word' id='word_1_153' title='bbox 134 3272 385 3338; x_wconf 84' lang='lat' dir='ltr'>Gaudeat,</span> <span class='ocrx_word' id='word_1_154' title='bbox 422 3277 554 3336; x_wconf 90' lang='lat' dir='ltr'>etc.,</span> <span class='ocrx_word' id='word_1_155' title='bbox 585 3276 647 3324; x_wconf 87' lang='lat' dir='ltr'>ut</span> <span class='ocrx_word' id='word_1_156' title='bbox 676 3270 888 3339; x_wconf 81' lang='lat' dir='ltr'>supra.]</span> 
     </span>
    </p>
   </div>
   <div class='ocr_carea' id='block_1_31' title="bbox 845 3376 951 3430">
    <p class='ocr_par' dir='ltr' id='par_1_31' title="bbox 845 3376 951 3430">
     <span class='ocr_line' id='line_1_31' title="bbox 845 3376 951 3430; baseline -0.028 0"><span class='ocrx_word' id='word_1_157' title='bbox 845 3376 951 3430; x_wconf 80' lang='lat' dir='ltr'>XV.</span> 
     </span>
    </p>
   </div>
   <div class='ocr_carea' id='block_1_32' title="bbox 364 3497 1419 3538">
    <p class='ocr_par' dir='ltr' id='par_1_32' title="bbox 364 3497 1419 3538">
     <span class='ocr_line' id='line_1_32' title="bbox 364 3497 1419 3538; baseline -0.003 -1"><span class='ocrx_word' id='word_1_158' title='bbox 364 3498 624 3538; x_wconf 63' lang='lat' dir='ltr'>DOIINICA</span> <span class='ocrx_word' id='word_1_159' title='bbox 665 3498 724 3537; x_wconf 73' lang='lat' dir='ltr'>III</span> <span class='ocrx_word' id='word_1_160' title='bbox 767 3499 889 3537; x_wconf 81' lang='lat' dir='ltr'>POST</span> <span class='ocrx_word' id='word_1_161' title='bbox 926 3498 1155 3535; x_wconf 72' lang='lat' dir='ltr'>OCTAVAS</span> <span class='ocrx_word' id='word_1_162' title='bbox 1188 3497 1419 3535; x_wconf 67' lang='lat' dir='ltr'>PASCHE.</span> 
     </span>
    </p>
   </div>
   <div class='ocr_carea' id='block_1_33' title="bbox 136 3586 1740 3658">
    <p class='ocr_par' dir='ltr' id='par_1_33' title="bbox 136 3586 1740 3658">
     <span class='ocr_line' id='line_1_33' title="bbox 136 3586 1740 3658; baseline 0 -17"><span class='ocrx_word' id='word_1_163' title='bbox 136 3588 282 3651; x_wconf 87' lang='lat' dir='ltr'>Deus,</span> <span class='ocrx_word' id='word_1_164' title='bbox 317 3587 414 3658; x_wconf 91' lang='lat' dir='ltr'>qui</span> <span class='ocrx_word' id='word_1_165' title='bbox 443 3587 701 3641; x_wconf 86' lang='lat' dir='ltr'>fidelium</span> <span class='ocrx_word' id='word_1_166' title='bbox 742 3591 963 3640; x_wconf 90' lang='lat' dir='ltr'>mentes</span> <span class='ocrx_word' id='word_1_167' title='bbox 994 3586 1162 3640; x_wconf 89' lang='lat' dir='ltr'>unius</span> <span class='ocrx_word' id='word_1_168' title='bbox 1196 3586 1373 3640; x_wconf 83' lang='lat' dir='ltr'>efﬁcis</span> <span class='ocrx_word' id='word_1_169' title='bbox 1406 3586 1740 3652; x_wconf 82' lang='lat' dir='ltr'>voluntatis,</span> 
     </span>
    </p>
   </div>
   <div class='ocr_carea' id='block_1_34' title="bbox 78 3673 1731 3745">
    <p class='ocr_par' dir='ltr' id='par_1_34' title="bbox 78 3673 1731 3745">
     <span class='ocr_line' id='line_1_34' title="bbox 78 3673 1731 3745; baseline 0 -18"><span class='ocrx_word' id='word_1_170' title='bbox 78 3674 133 3727; x_wconf 79' lang='lat' dir='ltr'>ds</span> <span class='ocrx_word' id='word_1_171' title='bbox 161 3676 375 3745; x_wconf 87' lang='lat' dir='ltr'>populis</span> <span class='ocrx_word' id='word_1_172' title='bbox 411 3676 547 3740; x_wconf 86' lang='lat' dir='ltr'>tuis,</span> <span class='ocrx_word' id='word_1_173' title='bbox 581 3675 636 3728; x_wconf 90' lang='lat' dir='ltr'>id</span> <span class='ocrx_word' id='word_1_174' title='bbox 670 3690 862 3728; x_wconf 88' lang='lat' dir='ltr'>amare</span> <span class='ocrx_word' id='word_1_175' title='bbox 908 3673 1062 3743; x_wconf 90' lang='lat' dir='ltr'>quod</span> <span class='ocrx_word' id='word_1_176' title='bbox 1100 3673 1382 3743; x_wconf 62' lang='lat' dir='ltr'>praecipis,</span> <span class='ocrx_word' id='word_1_177' title='bbox 1418 3673 1477 3727; x_wconf 86' lang='lat' dir='ltr'>id</span> <span class='ocrx_word' id='word_1_178' title='bbox 1522 3673 1731 3727; x_wconf 89' lang='lat' dir='ltr'>deside-</span> 
     </span>
    </p>
   </div>
   <div class='ocr_carea' id='block_1_35' title="bbox 83 3761 1744 3833">
    <p class='ocr_par' dir='ltr' id='par_1_35' title="bbox 83 3761 1744 3833">
     <span class='ocr_line' id='line_1_35' title="bbox 83 3761 1744 3833; baseline 0.001 -20"><span class='ocrx_word' id='word_1_179' title='bbox 83 3763 368 3833; x_wconf 62' lang='lat' dir='ltr'>rat-equod</span> <span class='ocrx_word' id='word_1_180' title='bbox 407 3762 717 3833; x_wconf 88' lang='lat' dir='ltr'>promittis,</span> <span class='ocrx_word' id='word_1_181' title='bbox 768 3766 830 3815; x_wconf 91' lang='lat' dir='ltr'>ut</span> <span class='ocrx_word' id='word_1_182' title='bbox 884 3761 1035 3814; x_wconf 90' lang='lat' dir='ltr'>inter</span> <span class='ocrx_word' id='word_1_183' title='bbox 1076 3762 1397 3815; x_wconf 90' lang='lat' dir='ltr'>mundanas</span> <span class='ocrx_word' id='word_1_184' title='bbox 1444 3762 1744 3816; x_wconf 87' lang='lat' dir='ltr'>varietates</span> 
     </span>
    </p>
   </div>
   <div class='ocr_carea' id='block_1_36' title="bbox 82 3850 1745 3921">
    <p class='ocr_par' dir='ltr' id='par_1_36' title="bbox 82 3850 1745 3921">
     <span class='ocr_line' id='line_1_36' title="bbox 82 3850 1745 3921; baseline 0.001 -18"><span class='ocrx_word' id='word_1_185' title='bbox 82 3851 142 3903; x_wconf 86' lang='lat' dir='ltr'>ibi</span> <span class='ocrx_word' id='word_1_186' title='bbox 172 3858 353 3905; x_wconf 86' lang='lat' dir='ltr'>nostra</span> <span class='ocrx_word' id='word_1_187' title='bbox 379 3852 489 3905; x_wconf 87' lang='lat' dir='ltr'>ﬁxa</span> <span class='ocrx_word' id='word_1_188' title='bbox 520 3850 638 3904; x_wconf 79' lang='lat' dir='ltr'>sint</span> <span class='ocrx_word' id='word_1_189' title='bbox 684 3850 874 3916; x_wconf 89' lang='lat' dir='ltr'>corda,</span> <span class='ocrx_word' id='word_1_190' title='bbox 909 3850 1009 3904; x_wconf 85' lang='lat' dir='ltr'>ubi</span> <span class='ocrx_word' id='word_1_191' title='bbox 1046 3866 1179 3904; x_wconf 90' lang='lat' dir='ltr'>vera</span> <span class='ocrx_word' id='word_1_192' title='bbox 1212 3853 1345 3904; x_wconf 91' lang='lat' dir='ltr'>sunt</span> <span class='ocrx_word' id='word_1_193' title='bbox 1373 3851 1603 3921; x_wconf 85' lang='lat' dir='ltr'>gaudia.</span> <span class='ocrx_word' id='word_1_194' title='bbox 1638 3853 1745 3905; x_wconf 87' lang='lat' dir='ltr'>Per</span> 
     </span>
    </p>
   </div>
   <div class='ocr_carea' id='block_1_37' title="bbox 86 3938 668 3995">
    <p class='ocr_par' dir='ltr' id='par_1_37' title="bbox 86 3938 668 3995">
     <span class='ocr_line' id='line_1_37' title="bbox 86 3938 668 3995; baseline 0.005 -4"><span class='ocrx_word' id='word_1_195' title='bbox 86 3938 356 3993; x_wconf 89' lang='lat' dir='ltr'>Dominum</span> <span class='ocrx_word' id='word_1_196' title='bbox 384 3944 668 3995; x_wconf 89' lang='lat' dir='ltr'>nostrum.</span> 
     </span>
    </p>
   </div>
   <div class='ocr_carea' id='block_1_38' title="bbox 776 4027 1013 4082">
    <p class='ocr_par' dir='ltr' id='par_1_38' title="bbox 776 4027 1013 4082">
     <span class='ocr_line' id='line_1_38' title="bbox 776 4027 1013 4082; baseline -0.004 0"><span class='ocrx_word' id='word_1_197' title='bbox 776 4027 1013 4082; x_wconf 87' lang='lat' dir='ltr'>Secreta.</span> 
     </span>
    </p>
   </div>
   <div class='ocr_carea' id='block_1_39' title="bbox 145 4114 1745 4187">
    <p class='ocr_par' dir='ltr' id='par_1_39' title="bbox 145 4114 1745 4187">
     <span class='ocr_line' id='line_1_39' title="bbox 145 4114 1745 4187; baseline 0.004 -21"><span class='ocrx_word' id='word_1_198' title='bbox 145 4114 288 4178; x_wconf 87' lang='lat' dir='ltr'>Deus,</span> <span class='ocrx_word' id='word_1_199' title='bbox 317 4115 416 4185; x_wconf 91' lang='lat' dir='ltr'>qui</span> <span class='ocrx_word' id='word_1_200' title='bbox 445 4132 553 4169; x_wconf 90' lang='lat' dir='ltr'>nos</span> <span class='ocrx_word' id='word_1_201' title='bbox 581 4133 685 4187; x_wconf 89' lang='lat' dir='ltr'>per</span> <span class='ocrx_word' id='word_1_202' title='bbox 723 4116 894 4186; x_wconf 83' lang='lat' dir='ltr'>hujus</span> <span class='ocrx_word' id='word_1_203' title='bbox 928 4116 1193 4170; x_wconf 74' lang='lat' dir='ltr'>sacriﬁcii</span> <span class='ocrx_word' id='word_1_204' title='bbox 1238 4117 1560 4171; x_wconf 87' lang='lat' dir='ltr'>veneranda</span> <span class='ocrx_word' id='word_1_205' title='bbox 1591 4134 1745 4172; x_wconf 89' lang='lat' dir='ltr'>com-</span> 
     </span>
    </p>
   </div>
   <div class='ocr_carea' id='block_1_40' title="bbox 89 4203 1742 4276">
    <p class='ocr_par' dir='ltr' id='par_1_40' title="bbox 89 4203 1742 4276">
     <span class='ocr_line' id='line_1_40' title="bbox 89 4203 1742 4276; baseline 0.004 -23"><span class='ocrx_word' id='word_1_206' title='bbox 89 4203 267 4257; x_wconf 83' lang='lat' dir='ltr'>mercia</span> <span class='ocrx_word' id='word_1_207' title='bbox 306 4205 474 4257; x_wconf 91' lang='lat' dir='ltr'>unius</span> <span class='ocrx_word' id='word_1_208' title='bbox 526 4220 768 4258; x_wconf 60' lang='lat' dir='ltr'>summa:</span> <span class='ocrx_word' id='word_1_209' title='bbox 824 4204 1135 4258; x_wconf 85' lang='lat' dir='ltr'>divinitatis</span> <span class='ocrx_word' id='word_1_210' title='bbox 1188 4206 1493 4276; x_wconf 90' lang='lat' dir='ltr'>participes</span> <span class='ocrx_word' id='word_1_211' title='bbox 1546 4207 1742 4275; x_wconf 86' lang='lat' dir='ltr'>efﬁcis,</span> 
     </span>
    </p>
   </div>
   <div class='ocr_carea' id='block_1_41' title="bbox 88 4295 1744 4365">
    <p class='ocr_par' dir='ltr' id='par_1_41' title="bbox 88 4295 1744 4365">
     <span class='ocr_line' id='line_1_41' title="bbox 88 4295 1744 4365; baseline 0.005 -23"><span class='ocrx_word' id='word_1_212' title='bbox 88 4299 277 4359; x_wconf 67' lang='lat' dir='ltr'>praesta,</span> <span class='ocrx_word' id='word_1_213' title='bbox 310 4310 660 4364; x_wconf 60' lang='lat' dir='ltr'>quaesumus,</span> <span class='ocrx_word' id='word_1_214' title='bbox 696 4300 774 4359; x_wconf 85' lang='lat' dir='ltr'>ut,</span> <span class='ocrx_word' id='word_1_215' title='bbox 809 4295 953 4347; x_wconf 91' lang='lat' dir='ltr'>sicut</span> <span class='ocrx_word' id='word_1_216' title='bbox 977 4299 1133 4348; x_wconf 87' lang='lat' dir='ltr'>tuam</span> <span class='ocrx_word' id='word_1_217' title='bbox 1164 4296 1559 4365; x_wconf 89' lang='lat' dir='ltr'>cognoscimus</span> <span class='ocrx_word' id='word_1_218' title='bbox 1596 4296 1744 4350; x_wconf 90' lang='lat' dir='ltr'>veri-</span> 
     </span>
    </p>
   </div>
   <div class='ocr_carea' id='block_1_42' title="bbox 90 4382 1610 4454">
    <p class='ocr_par' dir='ltr' id='par_1_42' title="bbox 90 4382 1610 4454">
     <span class='ocr_line' id='line_1_42' title="bbox 90 4382 1610 4454; baseline 0.005 -25"><span class='ocrx_word' id='word_1_219' title='bbox 90 4386 252 4446; x_wconf 83' lang='lat' dir='ltr'>tatem,</span> <span class='ocrx_word' id='word_1_220' title='bbox 280 4382 356 4435; x_wconf 94' lang='lat' dir='ltr'>sic</span> <span class='ocrx_word' id='word_1_221' title='bbox 386 4398 512 4436; x_wconf 89' lang='lat' dir='ltr'>eam</span> <span class='ocrx_word' id='word_1_222' title='bbox 545 4382 737 4452; x_wconf 87' lang='lat' dir='ltr'>dignis</span> <span class='ocrx_word' id='word_1_223' title='bbox 768 4383 1026 4437; x_wconf 87' lang='lat' dir='ltr'>moribus</span> <span class='ocrx_word' id='word_1_224' title='bbox 1058 4399 1449 4454; x_wconf 80' lang='lat' dir='ltr'>assequamur.</span> <span class='ocrx_word' id='word_1_225' title='bbox 1484 4387 1610 4439; x_wconf 89' lang='lat' dir='ltr'>Per.</span> 
     </span>
    </p>
   </div>
   <div class='ocr_carea' id='block_1_43' title="bbox 580 4490 1200 4545">
    <p class='ocr_par' dir='ltr' id='par_1_43' title="bbox 580 4490 1200 4545">
     <span class='ocr_line' id='line_1_43' title="bbox 580 4490 1200 4545; baseline 0.002 -3"><span class='ocrx_word' id='word_1_226' title='bbox 580 4490 713 4543; x_wconf 86' lang='lat' dir='ltr'>Post</span> <span class='ocrx_word' id='word_1_227' title='bbox 741 4491 1200 4545; x_wconf 81' lang='lat' dir='ltr'>Communionem.</span> 
     </span>
    </p>
   </div>
   <div class='ocr_carea' id='block_1_44' title="bbox 141 4575 1740 4651">
    <p class='ocr_par' dir='ltr' id='par_1_44' title="bbox 141 4575 1740 4651">
     <span class='ocr_line' id='line_1_44' title="bbox 141 4575 1740 4651; baseline 0.004 -23"><span class='ocrx_word' id='word_1_228' title='bbox 141 4575 346 4641; x_wconf 75' lang='lat' dir='ltr'>Adesto,</span> <span class='ocrx_word' id='word_1_229' title='bbox 389 4578 633 4632; x_wconf 86' lang='lat' dir='ltr'>Domine</span> <span class='ocrx_word' id='word_1_230' title='bbox 675 4580 820 4632; x_wconf 87' lang='lat' dir='ltr'>Deus</span> <span class='ocrx_word' id='word_1_231' title='bbox 861 4584 1073 4644; x_wconf 86' lang='lat' dir='ltr'>noster,</span> <span class='ocrx_word' id='word_1_232' title='bbox 1116 4584 1179 4631; x_wconf 92' lang='lat' dir='ltr'>ut</span> <span class='ocrx_word' id='word_1_233' title='bbox 1216 4596 1319 4650; x_wconf 91' lang='lat' dir='ltr'>per</span> <span class='ocrx_word' id='word_1_234' title='bbox 1362 4581 1483 4633; x_wconf 71' lang='lat' dir='ltr'>licec</span> <span class='ocrx_word' id='word_1_235' title='bbox 1516 4596 1643 4651; x_wconf 63' lang='lat' dir='ltr'>quae</span> <span class='ocrx_word' id='word_1_236' title='bbox 1672 4580 1740 4633; x_wconf 86' lang='lat' dir='ltr'>ti-</span> 
     </span>
    </p>
   </div>
   <div class='ocr_carea' id='block_1_45' title="bbox 89 4662 1743 4740">
    <p class='ocr_par' dir='ltr' id='par_1_45' title="bbox 89 4662 1743 4740">
     <span class='ocr_line' id='line_1_45' title="bbox 89 4662 1743 4740; baseline 0.006 -27"><span class='ocrx_word' id='word_1_237' title='bbox 89 4662 255 4718; x_wconf 82' lang='lat' dir='ltr'>deliter</span> <span class='ocrx_word' id='word_1_238' title='bbox 282 4668 651 4737; x_wconf 85' lang='lat' dir='ltr'>sumpsimus,</span> <span class='ocrx_word' id='word_1_239' title='bbox 693 4673 750 4721; x_wconf 90' lang='lat' dir='ltr'>et</span> <span class='ocrx_word' id='word_1_240' title='bbox 790 4684 1105 4737; x_wconf 85' lang='lat' dir='ltr'>purgemur</span> <span class='ocrx_word' id='word_1_241' title='bbox 1156 4684 1188 4721; x_wconf 91' lang='lat' dir='ltr'>a</span> <span class='ocrx_word' id='word_1_242' title='bbox 1229 4669 1402 4731; x_wconf 84' lang='lat' dir='ltr'>vitiis,</span> <span class='ocrx_word' id='word_1_243' title='bbox 1446 4674 1501 4723; x_wconf 89' lang='lat' dir='ltr'>et</span> <span class='ocrx_word' id='word_1_244' title='bbox 1533 4687 1563 4723; x_wconf 92' lang='lat' dir='ltr'>a</span> <span class='ocrx_word' id='word_1_245' title='bbox 1594 4670 1743 4740; x_wconf 89' lang='lat' dir='ltr'>peri-</span> 
     </span>
    </p>
   </div>
   <div class='ocr_carea' id='block_1_46' title="bbox 87 4754 966 4813">
    <p class='ocr_par' dir='ltr' id='par_1_46' title="bbox 87 4754 966 4813">
     <span class='ocr_line' id='line_1_46' title="bbox 87 4754 966 4813; baseline 0.013 -11"><span class='ocrx_word' id='word_1_246' title='bbox 87 4754 196 4805; x_wconf 87' lang='lat' dir='ltr'>culis</span> <span class='ocrx_word' id='word_1_247' title='bbox 222 4756 475 4809; x_wconf 87' lang='lat' dir='ltr'>omnibus</span> <span class='ocrx_word' id='word_1_248' title='bbox 510 4772 808 4810; x_wconf 89' lang='lat' dir='ltr'>exuamur.</span> <span class='ocrx_word' id='word_1_249' title='bbox 842 4758 966 4813; x_wconf 86' lang='lat' dir='ltr'>Per.</span> 
     </span>
    </p>
   </div>
   <div class='ocr_carea' id='block_1_47' title="bbox 823 4872 952 4925">
    <p class='ocr_par' dir='ltr' id='par_1_47' title="bbox 823 4872 952 4925">
     <span class='ocr_line' id='line_1_47' title="bbox 823 4872 952 4925; baseline 0 0"><span class='ocrx_word' id='word_1_250' title='bbox 823 4872 952 4925; x_wconf 83' lang='lat' dir='ltr'><strong>XVI.</strong></span> 
     </span>
    </p>
   </div>
   <div class='ocr_carea' id='block_1_48' title="bbox 358 4990 1415 5031">
    <p class='ocr_par' dir='ltr' id='par_1_48' title="bbox 358 4990 1415 5031">
     <span class='ocr_line' id='line_1_48' title="bbox 358 4990 1415 5031; baseline 0.002 -2"><span class='ocrx_word' id='word_1_251' title='bbox 358 4990 617 5029; x_wconf 68' lang='lat' dir='ltr'>DOHINICA</span> <span class='ocrx_word' id='word_1_252' title='bbox 659 4990 711 5030; x_wconf 80' lang='lat' dir='ltr'><strong>IV</strong></span> <span class='ocrx_word' id='word_1_253' title='bbox 752 4991 878 5029; x_wconf 82' lang='lat' dir='ltr'><strong>POST</strong></span> <span class='ocrx_word' id='word_1_254' title='bbox 916 4992 1145 5030; x_wconf 76' lang='lat' dir='ltr'>OCTAVAS</span> <span class='ocrx_word' id='word_1_255' title='bbox 1187 4993 1415 5031; x_wconf 75' lang='lat' dir='ltr'>PASCB.E.</span> 
     </span>
    </p>
   </div>
   <div class='ocr_carea' id='block_1_49' title="bbox 142 5080 1738 5156">
    <p class='ocr_par' dir='ltr' id='par_1_49' title="bbox 142 5080 1738 5156">
     <span class='ocr_line' id='line_1_49' title="bbox 142 5080 1738 5156; baseline 0.004 -23"><span class='ocrx_word' id='word_1_256' title='bbox 142 5080 282 5147; x_wconf 87' lang='lat' dir='ltr'>Deus,</span> <span class='ocrx_word' id='word_1_257' title='bbox 312 5099 342 5135; x_wconf 91' lang='lat' dir='ltr'>a</span> <span class='ocrx_word' id='word_1_258' title='bbox 372 5099 489 5153; x_wconf 91' lang='lat' dir='ltr'>quo</span> <span class='ocrx_word' id='word_1_259' title='bbox 530 5082 683 5136; x_wconf 89' lang='lat' dir='ltr'>bona</span> <span class='ocrx_word' id='word_1_260' title='bbox 729 5086 929 5136; x_wconf 87' lang='lat' dir='ltr'>cuncta</span> <span class='ocrx_word' id='word_1_261' title='bbox 962 5082 1302 5152; x_wconf 90' lang='lat' dir='ltr'>procedunt,</span> <span class='ocrx_word' id='word_1_262' title='bbox 1350 5083 1559 5155; x_wconf 86' lang='lat' dir='ltr'>largire</span> <span class='ocrx_word' id='word_1_263' title='bbox 1604 5102 1738 5156; x_wconf 90' lang='lat' dir='ltr'>sup-</span> 
     </span>
    </p>
   </div>
   <div class='ocr_carea' id='block_1_50' title="bbox 137 5234 1733 5309">
    <p class='ocr_par' dir='ltr' id='par_1_50' title="bbox 137 5234 1733 5309">
     <span class='ocr_line' id='line_1_50' title="bbox 137 5234 1733 5309; baseline 0.003 -19"><span class='ocrx_word' id='word_1_264' title='bbox 137 5234 249 5291; x_wconf 65' lang='lat' dir='ltr'>aIta</span> <span class='ocrx_word' id='word_1_265' title='bbox 294 5239 551 5293; x_wconf 87' lang='lat' dir='ltr'>inscribit</span> <span class='ocrx_word' id='word_1_266' title='bbox 611 5239 844 5309; x_wconf 88' lang='lat' dir='ltr'>quidem</span> <span class='ocrx_word' id='word_1_267' title='bbox 902 5241 1003 5293; x_wconf 88' lang='lat' dir='ltr'>has</span> <span class='ocrx_word' id='word_1_268' title='bbox 1062 5238 1386 5295; x_wconf 87' lang='lat' dir='ltr'>Dominicas</span> <span class='ocrx_word' id='word_1_269' title='bbox 1423 5240 1544 5295; x_wconf 93' lang='lat' dir='ltr'>cod.</span> <span class='ocrx_word' id='word_1_270' title='bbox 1604 5258 1733 5308; x_wconf 90' lang='lat' dir='ltr'>ms.,</span> 
     </span>
    </p>
   </div>
   <div class='ocr_carea' id='block_1_51' title="bbox 86 5311 1737 5381">
    <p class='ocr_par' dir='ltr' id='par_1_51' title="bbox 86 5311 1737 5381">
     <span class='ocr_line' id='line_1_51' title="bbox 86 5311 1737 5381; baseline 0.006 -24"><span class='ocrx_word' id='word_1_271' title='bbox 86 5321 243 5362; x_wconf 64' lang='lat' dir='ltr'>rerum</span> <span class='ocrx_word' id='word_1_272' title='bbox 276 5312 465 5380; x_wconf 89' lang='lat' dir='ltr'>plures</span> <span class='ocrx_word' id='word_1_273' title='bbox 510 5311 759 5364; x_wconf 77' lang='lat' dir='ltr'>Missales</span> <span class='ocrx_word' id='word_1_274' title='bbox 789 5312 965 5365; x_wconf 89' lang='lat' dir='ltr'>libros</span> <span class='ocrx_word' id='word_1_275' title='bbox 1008 5311 1216 5364; x_wconf 88' lang='lat' dir='ltr'>habere</span> <span class='ocrx_word' id='word_1_276' title='bbox 1250 5315 1531 5366; x_wconf 82' lang='lat' dir='ltr'>Dominica</span> <span class='ocrx_word' id='word_1_277' title='bbox 1569 5315 1593 5367; x_wconf 87' lang='lat'><strong><em>1</em></strong></span> <span class='ocrx_word' id='word_1_278' title='bbox 1616 5320 1737 5381; x_wconf 84' lang='lat' dir='ltr'>post</span> 
     </span>
    </p>
   </div>
   <div class='ocr_carea' id='block_1_52' title="bbox 86 5381 1735 5437">
    <p class='ocr_par' dir='ltr' id='par_1_52' title="bbox 86 5381 1735 5437">
     <span class='ocr_line' id='line_1_52' title="bbox 86 5381 1735 5437; baseline 0.005 -9"><span class='ocrx_word' id='word_1_279' title='bbox 86 5384 159 5430; x_wconf 68' lang='lat' dir='ltr'>oet.</span> <span class='ocrx_word' id='word_1_280' title='bbox 206 5381 485 5436; x_wconf 79' lang='lat' dir='ltr'>Pentecost.</span> <span class='ocrx_word' id='word_1_281' title='bbox 542 5388 600 5435; x_wconf 90' lang='lat' dir='ltr'>et</span> <span class='ocrx_word' id='word_1_282' title='bbox 659 5382 717 5433; x_wconf 91' lang='lat' dir='ltr'>in</span> <span class='ocrx_word' id='word_1_283' title='bbox 763 5381 916 5434; x_wconf 87' lang='lat' dir='ltr'>hunc</span> <span class='ocrx_word' id='word_1_284' title='bbox 956 5382 1192 5435; x_wconf 89' lang='lat' dir='ltr'>modum</span> <span class='ocrx_word' id='word_1_285' title='bbox 1240 5384 1444 5436; x_wconf 91' lang='lat' dir='ltr'>melius</span> <span class='ocrx_word' id='word_1_286' title='bbox 1502 5400 1735 5437; x_wconf 91' lang='lat' dir='ltr'>concor-</span> 
     </span>
    </p>
   </div>
   <div class='ocr_carea' id='block_1_53' title="bbox 88 5446 1736 5521">
    <p class='ocr_par' dir='ltr' id='par_1_53' title="bbox 88 5446 1736 5521">
     <span class='ocr_line' id='line_1_53' title="bbox 88 5446 1736 5521; baseline 0.005 -24"><span class='ocrx_word' id='word_1_287' title='bbox 88 5446 205 5501; x_wconf 83' lang='lat' dir='ltr'>diam</span> <span class='ocrx_word' id='word_1_288' title='bbox 233 5452 357 5505; x_wconf 91' lang='lat' dir='ltr'>iniri</span> <span class='ocrx_word' id='word_1_289' title='bbox 386 5468 519 5505; x_wconf 92' lang='lat' dir='ltr'>cum</span> <span class='ocrx_word' id='word_1_290' title='bbox 548 5452 784 5521; x_wconf 81' lang='lat' dir='ltr'>Antipb.</span> <span class='ocrx_word' id='word_1_291' title='bbox 821 5458 875 5505; x_wconf 90' lang='lat' dir='ltr'>et</span> <span class='ocrx_word' id='word_1_292' title='bbox 904 5453 1030 5506; x_wconf 89' lang='lat' dir='ltr'>lect.</span> <span class='ocrx_word' id='word_1_293' title='bbox 1067 5454 1134 5506; x_wconf 76' lang='lat'>23</span> <span class='ocrx_word' id='word_1_294' title='bbox 1168 5454 1615 5519; x_wconf 87' lang='lat' dir='ltr'>Dominicarum,</span> <span class='ocrx_word' id='word_1_295' title='bbox 1648 5471 1736 5506; x_wconf 86' lang='lat' dir='ltr'>as-</span> 
     </span>
    </p>
   </div>
   <div class='ocr_carea' id='block_1_54' title="bbox 89 5522 1735 5589">
    <p class='ocr_par' dir='ltr' id='par_1_54' title="bbox 89 5522 1735 5589">
     <span class='ocr_line' id='line_1_54' title="bbox 89 5522 1735 5589; baseline 0.006 -22"><span class='ocrx_word' id='word_1_296' title='bbox 89 5522 189 5571; x_wconf 72' lang='lat' dir='ltr'>serit</span> <span class='ocrx_word' id='word_1_297' title='bbox 218 5522 408 5589; x_wconf 88' lang='lat' dir='ltr'>Berno,</span> <span class='ocrx_word' id='word_1_298' title='bbox 444 5526 479 5575; x_wconf 95' lang='grc' dir='ltr'>Ι.</span> <span class='ocrx_word' id='word_1_299' title='bbox 514 5524 585 5576; x_wconf 92' lang='lat' dir='ltr'>de</span> <span class='ocrx_word' id='word_1_300' title='bbox 627 5522 799 5586; x_wconf 75' lang='lat' dir='ltr'>Mtss.,</span> <span class='ocrx_word' id='word_1_301' title='bbox 849 5539 895 5576; x_wconf 90' lang='lat' dir='ltr'>c.</span> <span class='ocrx_word' id='word_1_302' title='bbox 940 5526 988 5589; x_wconf 83' lang='lat'>5,</span> <span class='ocrx_word' id='word_1_303' title='bbox 1044 5526 1381 5577; x_wconf 89' lang='lat' dir='ltr'>nominatim</span> <span class='ocrx_word' id='word_1_304' title='bbox 1415 5525 1735 5577; x_wconf 87' lang='lat' dir='ltr'>orationem</span> 
     </span>
    </p>
   </div>
   <div class='ocr_carea' id='block_1_55' title="bbox 88 5592 1732 5665">
    <p class='ocr_par' dir='ltr' id='par_1_55' title="bbox 88 5592 1732 5665">
     <span class='ocr_line' id='line_1_55' title="bbox 88 5592 1732 5665; baseline 0.005 -26"><span class='ocrx_word' id='word_1_305' title='bbox 88 5592 345 5659; x_wconf 79' lang='lat' dir='ltr'>explicans,</span> <span class='ocrx_word' id='word_1_306' title='bbox 386 5600 444 5647; x_wconf 87' lang='lat' dir='ltr'>et</span> <span class='ocrx_word' id='word_1_307' title='bbox 482 5594 852 5647; x_wconf 87' lang='lat' dir='ltr'>concordiam</span> <span class='ocrx_word' id='word_1_308' title='bbox 883 5596 1003 5662; x_wconf 87' lang='lat' dir='ltr'>ejus</span> <span class='ocrx_word' id='word_1_309' title='bbox 1035 5594 1291 5647; x_wconf 88' lang='lat' dir='ltr'>indicans</span> <span class='ocrx_word' id='word_1_310' title='bbox 1321 5612 1448 5648; x_wconf 93' lang='lat' dir='ltr'>cum</span> <span class='ocrx_word' id='word_1_311' title='bbox 1483 5596 1732 5665; x_wconf 81' lang='lat' dir='ltr'>Evange-</span> 
     </span>
    </p>
   </div>
   <div class='ocr_carea' id='block_1_56' title="bbox 3454 328 3555 381">
    <p class='ocr_par' dir='ltr' id='par_1_56' title="bbox 3454 328 3555 381">
     <span class='ocr_line' id='line_1_56' title="bbox 3454 328 3555 381; baseline -0.01 0"><span class='ocrx_word' id='word_1_312' title='bbox 3454 328 3555 381; x_wconf 84' lang='lat'>806</span> 
     </span>
    </p>
   </div>
   <div class='ocr_carea' id='block_1_57' title="bbox 1790 442 3546 526">
    <p class='ocr_par' dir='ltr' id='par_1_57' title="bbox 1790 442 3546 526">
     <span class='ocr_line' id='line_1_57' title="bbox 1790 442 3546 526; baseline 0.01 -31"><span class='ocrx_word' id='word_1_313' title='bbox 1790 446 1835 497; x_wconf 85' lang='grc' dir='ltr'><strong>Α</strong></span> <span class='ocrx_word' id='word_1_314' title='bbox 1858 442 2121 513; x_wconf 92' lang='lat' dir='ltr'>plicibus,</span> <span class='ocrx_word' id='word_1_315' title='bbox 2151 450 2213 499; x_wconf 90' lang='lat' dir='ltr'>ut</span> <span class='ocrx_word' id='word_1_316' title='bbox 2241 448 2557 518; x_wconf 91' lang='lat' dir='ltr'>cogitemus</span> <span class='ocrx_word' id='word_1_317' title='bbox 2588 455 2643 504; x_wconf 91' lang='lat' dir='ltr'>te</span> <span class='ocrx_word' id='word_1_318' title='bbox 2673 450 2989 522; x_wconf 86' lang='lat' dir='ltr'>inspirante</span> <span class='ocrx_word' id='word_1_319' title='bbox 3028 472 3155 525; x_wconf 69' lang='lat' dir='ltr'>quae</span> <span class='ocrx_word' id='word_1_320' title='bbox 3206 462 3357 511; x_wconf 85' lang='lat' dir='ltr'>recta</span> <span class='ocrx_word' id='word_1_321' title='bbox 3390 464 3546 526; x_wconf 89' lang='lat' dir='ltr'>sunt,</span> 
     </span>
    </p>
   </div>
   <div class='ocr_carea' id='block_1_58' title="bbox 1863 535 3098 604">
    <p class='ocr_par' dir='ltr' id='par_1_58' title="bbox 1863 535 3098 604">
     <span class='ocr_line' id='line_1_58' title="bbox 1863 535 3098 604; baseline 0.009 -18"><span class='ocrx_word' id='word_1_322' title='bbox 1863 537 1918 586; x_wconf 89' lang='lat' dir='ltr'>et</span> <span class='ocrx_word' id='word_1_323' title='bbox 1948 537 2002 587; x_wconf 90' lang='lat' dir='ltr'>te</span> <span class='ocrx_word' id='word_1_324' title='bbox 2032 535 2393 604; x_wconf 87' lang='lat' dir='ltr'>gubernante</span> <span class='ocrx_word' id='word_1_325' title='bbox 2424 538 2623 593; x_wconf 88' lang='lat' dir='ltr'>eadem</span> <span class='ocrx_word' id='word_1_326' title='bbox 2648 540 2942 596; x_wconf 86' lang='lat' dir='ltr'>faciamus.</span> <span class='ocrx_word' id='word_1_327' title='bbox 2976 544 3098 597; x_wconf 85' lang='lat' dir='ltr'>Per.</span> 
     </span>
    </p>
   </div>
   <div class='ocr_carea' id='block_1_59' title="bbox 2588 642 2818 696">
    <p class='ocr_par' dir='ltr' id='par_1_59' title="bbox 2588 642 2818 696">
     <span class='ocr_line' id='line_1_59' title="bbox 2588 642 2818 696; baseline 0.004 -1"><span class='ocrx_word' id='word_1_328' title='bbox 2588 642 2818 696; x_wconf 85' lang='lat' dir='ltr'>Secreta.</span> 
     </span>
    </p>
   </div>
   <div class='ocr_carea' id='block_1_60' title="bbox 1930 740 3557 815">
    <p class='ocr_par' dir='ltr' id='par_1_60' title="bbox 1930 740 3557 815">
     <span class='ocr_line' id='line_1_60' title="bbox 1930 740 3557 815; baseline 0.008 -23"><span class='ocrx_word' id='word_1_329' title='bbox 1930 740 2187 810; x_wconf 86' lang='lat' dir='ltr'>Suscipe,</span> <span class='ocrx_word' id='word_1_330' title='bbox 2215 742 2475 807; x_wconf 83' lang='lat' dir='ltr'>Domine,</span> <span class='ocrx_word' id='word_1_331' title='bbox 2509 744 2765 799; x_wconf 83' lang='lat' dir='ltr'>ﬁdelium</span> <span class='ocrx_word' id='word_1_332' title='bbox 2798 762 2992 815; x_wconf 84' lang='lat' dir='ltr'>preces</span> <span class='ocrx_word' id='word_1_333' title='bbox 3016 765 3145 803; x_wconf 92' lang='lat' dir='ltr'>cum</span> <span class='ocrx_word' id='word_1_334' title='bbox 3169 750 3557 807; x_wconf 88' lang='lat' dir='ltr'>oblationibus</span> 
     </span>
    </p>
   </div>
   <div class='ocr_carea' id='block_1_61' title="bbox 1860 828 3553 903">
    <p class='ocr_par' dir='ltr' id='par_1_61' title="bbox 1860 828 3553 903">
     <span class='ocr_line' id='line_1_61' title="bbox 1860 828 3553 903; baseline 0.009 -23"><span class='ocrx_word' id='word_1_335' title='bbox 1860 828 2198 896; x_wconf 88' lang='lat' dir='ltr'>hostiarum,</span> <span class='ocrx_word' id='word_1_336' title='bbox 2233 836 2294 883; x_wconf 92' lang='lat' dir='ltr'>ut</span> <span class='ocrx_word' id='word_1_337' title='bbox 2324 848 2427 901; x_wconf 88' lang='lat' dir='ltr'>per</span> <span class='ocrx_word' id='word_1_338' title='bbox 2456 833 2577 885; x_wconf 70' lang='lat' dir='ltr'>haec</span> <span class='ocrx_word' id='word_1_339' title='bbox 2609 834 2720 903; x_wconf 70' lang='lat' dir='ltr'>pIZB</span> <span class='ocrx_word' id='word_1_340' title='bbox 2754 835 3073 889; x_wconf 82' lang='lat' dir='ltr'>devotionis</span> <span class='ocrx_word' id='word_1_341' title='bbox 3112 840 3298 893; x_wconf 84' lang='lat' dir='ltr'>ofﬁcia</span> <span class='ocrx_word' id='word_1_342' title='bbox 3344 841 3413 895; x_wconf 88' lang='lat' dir='ltr'>ad</span> <span class='ocrx_word' id='word_1_343' title='bbox 3446 857 3553 895; x_wconf 73' lang='lat' dir='ltr'>cm-</span> 
     </span>
    </p>
   </div>
   <div class='ocr_carea' id='block_1_62' title="bbox 1862 914 2894 981">
    <p class='ocr_par' dir='ltr' id='par_1_62' title="bbox 1862 914 2894 981">
     <span class='ocr_line' id='line_1_62' title="bbox 1862 914 2894 981; baseline 0.008 -15"><span class='ocrx_word' id='word_1_344' title='bbox 1862 914 2056 967; x_wconf 91' lang='lat' dir='ltr'>lestem</span> <span class='ocrx_word' id='word_1_345' title='bbox 2088 916 2328 981; x_wconf 80' lang='lat' dir='ltr'>gloriam</span> <span class='ocrx_word' id='word_1_346' title='bbox 2361 924 2737 972; x_wconf 87' lang='lat' dir='ltr'>transeamus.</span> <span class='ocrx_word' id='word_1_347' title='bbox 2770 922 2894 975; x_wconf 88' lang='lat' dir='ltr'>Per.</span> 
     </span>
    </p>
   </div>
   <div class='ocr_carea' id='block_1_63' title="bbox 2408 1036 3007 1091">
    <p class='ocr_par' dir='ltr' id='par_1_63' title="bbox 2408 1036 3007 1091">
     <span class='ocr_line' id='line_1_63' title="bbox 2408 1036 3007 1091; baseline 0.008 -5"><span class='ocrx_word' id='word_1_348' title='bbox 2408 1036 2533 1087; x_wconf 82' lang='lat' dir='ltr'>Post</span> <span class='ocrx_word' id='word_1_349' title='bbox 2561 1036 3007 1091; x_wconf 83' lang='lat' dir='ltr'>Communiouem.</span> 
     </span>
    </p>
   </div>
   <div class='ocr_carea' id='block_1_64' title="bbox 1924 1137 3548 1207">
    <p class='ocr_par' dir='ltr' id='par_1_64' title="bbox 1924 1137 3548 1207">
     <span class='ocr_line' id='line_1_64' title="bbox 1924 1137 3548 1207; baseline 0.009 -18"><span class='ocrx_word' id='word_1_350' title='bbox 1924 1137 2131 1191; x_wconf 86' lang='lat' dir='ltr'>Tribue</span> <span class='ocrx_word' id='word_1_351' title='bbox 2186 1138 2372 1206; x_wconf 90' lang='lat' dir='ltr'>nobis,</span> <span class='ocrx_word' id='word_1_352' title='bbox 2434 1141 2691 1207; x_wconf 89' lang='lat' dir='ltr'>Domine,</span> <span class='ocrx_word' id='word_1_353' title='bbox 2754 1144 2995 1197; x_wconf 67' lang='lat' dir='ltr'>caelestis</span> <span class='ocrx_word' id='word_1_354' title='bbox 3064 1162 3278 1200; x_wconf 68' lang='lat' dir='ltr'>mensae</span> <span class='ocrx_word' id='word_1_355' title='bbox 3340 1148 3548 1203; x_wconf 83' lang='lat' dir='ltr'>virtute</span> 
     </span>
    </p>
   </div>
   <div class='ocr_carea' id='block_1_65' title="bbox 1856 1224 3551 1301">
    <p class='ocr_par' dir='ltr' id='par_1_65' title="bbox 1856 1224 3551 1301">
     <span class='ocr_line' id='line_1_65' title="bbox 1856 1224 3551 1301; baseline 0.008 -24"><span class='ocrx_word' id='word_1_356' title='bbox 1856 1224 2235 1294; x_wconf 24' lang='lat' dir='ltr'>[aluccelestis</span> <span class='ocrx_word' id='word_1_357' title='bbox 2285 1243 2497 1281; x_wconf 68' lang='lat' dir='ltr'>mensas</span> <span class='ocrx_word' id='word_1_358' title='bbox 2542 1230 2818 1301; x_wconf 80' lang='lat' dir='ltr'>satietate]</span> <span class='ocrx_word' id='word_1_359' title='bbox 2864 1232 3100 1299; x_wconf 86' lang='lat' dir='ltr'>satiatis,</span> <span class='ocrx_word' id='word_1_360' title='bbox 3135 1242 3190 1289; x_wconf 92' lang='lat' dir='ltr'>et</span> <span class='ocrx_word' id='word_1_361' title='bbox 3224 1235 3551 1289; x_wconf 89' lang='lat' dir='ltr'>desiderare</span> 
     </span>
    </p>
   </div>
   <div class='ocr_carea' id='block_1_66' title="bbox 1854 1318 3545 1391">
    <p class='ocr_par' dir='ltr' id='par_1_66' title="bbox 1854 1318 3545 1391">
     <span class='ocr_line' id='line_1_66' title="bbox 1854 1318 3545 1391; baseline 0.008 -25"><span class='ocrx_word' id='word_1_362' title='bbox 1854 1329 1984 1383; x_wconf 71' lang='lat' dir='ltr'>qum</span> <span class='ocrx_word' id='word_1_363' title='bbox 2013 1319 2167 1368; x_wconf 88' lang='lat' dir='ltr'>recta</span> <span class='ocrx_word' id='word_1_364' title='bbox 2197 1322 2348 1382; x_wconf 86' lang='lat' dir='ltr'>sunt,</span> <span class='ocrx_word' id='word_1_365' title='bbox 2395 1322 2451 1371; x_wconf 89' lang='lat' dir='ltr'>et</span> <span class='ocrx_word' id='word_1_366' title='bbox 2488 1318 2805 1373; x_wconf 83' lang='lat' dir='ltr'>desiderata</span> <span class='ocrx_word' id='word_1_367' title='bbox 2844 1322 3159 1391; x_wconf 88' lang='lat' dir='ltr'>percipere.</span> <span class='ocrx_word' id='word_1_368' title='bbox 3209 1326 3315 1377; x_wconf 88' lang='lat' dir='ltr'>Per</span> <span class='ocrx_word' id='word_1_369' title='bbox 3352 1324 3545 1378; x_wconf 90' lang='lat' dir='ltr'>Domi-</span> 
     </span>
    </p>
   </div>
   <div class='ocr_carea' id='block_1_67' title="bbox 1857 1409 2308 1459">
    <p class='ocr_par' dir='ltr' id='par_1_67' title="bbox 1857 1409 2308 1459">
     <span class='ocr_line' id='line_1_67' title="bbox 1857 1409 2308 1459; baseline 0.009 -4"><span class='ocrx_word' id='word_1_370' title='bbox 1857 1418 1993 1457; x_wconf 90' lang='lat' dir='ltr'>num</span> <span class='ocrx_word' id='word_1_371' title='bbox 2028 1409 2308 1459; x_wconf 89' lang='lat' dir='ltr'>nostrum.</span> 
     </span>
    </p>
   </div>
   <div class='ocr_carea' id='block_1_68' title="bbox 2617 1496 2780 1550">
    <p class='ocr_par' dir='ltr' id='par_1_68' title="bbox 2617 1496 2780 1550">
     <span class='ocr_line' id='line_1_68' title="bbox 2617 1496 2780 1550; baseline -0.006 -1"><span class='ocrx_word' id='word_1_372' title='bbox 2617 1496 2780 1550; x_wconf 80' lang='lat' dir='ltr'><strong>XVII.</strong></span> 
     </span>
    </p>
   </div>
   <div class='ocr_carea' id='block_1_69' title="bbox 2226 1626 3171 1669">
    <p class='ocr_par' dir='ltr' id='par_1_69' title="bbox 2226 1626 3171 1669">
     <span class='ocr_line' id='line_1_69' title="bbox 2226 1626 3171 1669; baseline 0.005 -6"><span class='ocrx_word' id='word_1_373' title='bbox 2226 1626 2483 1663; x_wconf 76' lang='lat' dir='ltr'>DOMINICA</span> <span class='ocrx_word' id='word_1_374' title='bbox 2523 1626 2648 1663; x_wconf 73' lang='lat' dir='ltr'>I’OST</span> <span class='ocrx_word' id='word_1_375' title='bbox 2686 1627 2917 1665; x_wconf 71' lang='lat' dir='ltr'>ASCENSA</span> <span class='ocrx_word' id='word_1_376' title='bbox 2959 1630 3171 1669; x_wconf 72' lang='lat' dir='ltr'><strong>DOMINI.</strong></span> 
     </span>
    </p>
   </div>
   <div class='ocr_carea' id='block_1_70' title="bbox 1785 1720 3548 1802">
    <p class='ocr_par' dir='ltr' id='par_1_70' title="bbox 1785 1720 3548 1802">
     <span class='ocr_line' id='line_1_70' title="bbox 1785 1720 3548 1802; baseline 0.008 -30"><span class='ocrx_word' id='word_1_377' title='bbox 1785 1738 1825 1791; x_wconf 74' lang='grc' dir='ltr'>Β</span> <span class='ocrx_word' id='word_1_378' title='bbox 1926 1720 2299 1791; x_wconf 90' lang='lat' dir='ltr'>Omnipotens</span> <span class='ocrx_word' id='word_1_379' title='bbox 2320 1722 2667 1792; x_wconf 80' lang='lat' dir='ltr'>sempiterna</span> <span class='ocrx_word' id='word_1_380' title='bbox 2696 1724 2867 1794; x_wconf 90' lang='lat' dir='ltr'>Deus,</span> <span class='ocrx_word' id='word_1_381' title='bbox 2899 1726 2983 1779; x_wconf 86' lang='lat' dir='ltr'>fac</span> <span class='ocrx_word' id='word_1_382' title='bbox 3004 1728 3170 1781; x_wconf 91' lang='lat' dir='ltr'>nobis</span> <span class='ocrx_word' id='word_1_383' title='bbox 3198 1729 3295 1782; x_wconf 90' lang='lat' dir='ltr'>tibi</span> <span class='ocrx_word' id='word_1_384' title='bbox 3320 1747 3548 1802; x_wconf 89' lang='lat' dir='ltr'>semper</span> 
     </span>
    </p>
   </div>
   <div class='ocr_carea' id='block_1_71' title="bbox 1854 1809 3546 1885">
    <p class='ocr_par' dir='ltr' id='par_1_71' title="bbox 1854 1809 3546 1885">
     <span class='ocr_line' id='line_1_71' title="bbox 1854 1809 3546 1885; baseline 0.008 -24"><span class='ocrx_word' id='word_1_385' title='bbox 1854 1814 1905 1861; x_wconf 89' lang='lat' dir='ltr'>et</span> <span class='ocrx_word' id='word_1_386' title='bbox 1939 1809 2199 1863; x_wconf 81' lang='lat' dir='ltr'>devotam</span> <span class='ocrx_word' id='word_1_387' title='bbox 2232 1827 2430 1880; x_wconf 85' lang='lat' dir='ltr'>gerere</span> <span class='ocrx_word' id='word_1_388' title='bbox 2461 1812 2832 1879; x_wconf 88' lang='lat' dir='ltr'>voluntatem,</span> <span class='ocrx_word' id='word_1_389' title='bbox 2875 1822 2930 1867; x_wconf 88' lang='lat' dir='ltr'>et</span> <span class='ocrx_word' id='word_1_390' title='bbox 2963 1815 3245 1885; x_wconf 85' lang='lat' dir='ltr'>majestati</span> <span class='ocrx_word' id='word_1_391' title='bbox 3276 1824 3389 1872; x_wconf 69' lang='lat' dir='ltr'>tum</span> <span class='ocrx_word' id='word_1_392' title='bbox 3431 1821 3546 1874; x_wconf 90' lang='lat' dir='ltr'>sin-</span> 
     </span>
    </p>
   </div>
   <div class='ocr_carea' id='block_1_72' title="bbox 1852 1898 2607 1953">
    <p class='ocr_par' dir='ltr' id='par_1_72' title="bbox 1852 1898 2607 1953">
     <span class='ocr_line' id='line_1_72' title="bbox 1852 1898 2607 1953; baseline 0.003 -2"><span class='ocrx_word' id='word_1_393' title='bbox 1852 1914 1982 1951; x_wconf 88' lang='lat' dir='ltr'>cero</span> <span class='ocrx_word' id='word_1_394' title='bbox 2014 1898 2185 1952; x_wconf 90' lang='lat' dir='ltr'>corde</span> <span class='ocrx_word' id='word_1_395' title='bbox 2216 1900 2445 1953; x_wconf 81' lang='lat' dir='ltr'>servire.</span> <span class='ocrx_word' id='word_1_396' title='bbox 2482 1901 2607 1953; x_wconf 88' lang='lat' dir='ltr'>Per.</span> 
     </span>
    </p>
   </div>
   <div class='ocr_carea' id='block_1_73' title="bbox 2588 2017 2819 2070">
    <p class='ocr_par' dir='ltr' id='par_1_73' title="bbox 2588 2017 2819 2070">
     <span class='ocr_line' id='line_1_73' title="bbox 2588 2017 2819 2070; baseline 0.004 -1"><span class='ocrx_word' id='word_1_397' title='bbox 2588 2017 2819 2070; x_wconf 81' lang='lat' dir='ltr'>Secreta.</span> 
     </span>
    </p>
   </div>
   <div class='ocr_carea' id='block_1_74' title="bbox 1921 2120 3551 2195">
    <p class='ocr_par' dir='ltr' id='par_1_74' title="bbox 1921 2120 3551 2195">
     <span class='ocr_line' id='line_1_74' title="bbox 1921 2120 3551 2195; baseline 0.004 -20"><span class='ocrx_word' id='word_1_398' title='bbox 1921 2120 2206 2175; x_wconf 77' lang='lat' dir='ltr'>Sacriﬁcia</span> <span class='ocrx_word' id='word_1_399' title='bbox 2246 2139 2371 2189; x_wconf 76' lang='lat' dir='ltr'>nos,</span> <span class='ocrx_word' id='word_1_400' title='bbox 2419 2123 2681 2187; x_wconf 85' lang='lat' dir='ltr'>Domine,</span> <span class='ocrx_word' id='word_1_401' title='bbox 2728 2123 3095 2178; x_wconf 76' lang='lat' dir='ltr'>immaculata</span> <span class='ocrx_word' id='word_1_402' title='bbox 3135 2128 3461 2195; x_wconf 85' lang='lat' dir='ltr'>puriﬁcent,</span> <span class='ocrx_word' id='word_1_403' title='bbox 3493 2135 3551 2182; x_wconf 90' lang='lat' dir='ltr'>et</span> 
     </span>
    </p>
   </div>
   <div class='ocr_carea' id='block_1_75' title="bbox 1853 2209 3541 2283">
    <p class='ocr_par' dir='ltr' id='par_1_75' title="bbox 1853 2209 3541 2283">
     <span class='ocr_line' id='line_1_75' title="bbox 1853 2209 3541 2283; baseline 0.005 -22"><span class='ocrx_word' id='word_1_404' title='bbox 1853 2209 2136 2261; x_wconf 85' lang='lat' dir='ltr'>mentibus</span> <span class='ocrx_word' id='word_1_405' title='bbox 2169 2214 2374 2263; x_wconf 82' lang='lat' dir='ltr'>nostris</span> <span class='ocrx_word' id='word_1_406' title='bbox 2401 2226 2662 2279; x_wconf 68' lang='lat' dir='ltr'>superum</span> <span class='ocrx_word' id='word_1_407' title='bbox 2694 2210 2893 2279; x_wconf 69' lang='lat' dir='ltr'>gratiae</span> <span class='ocrx_word' id='word_1_408' title='bbox 2930 2214 3081 2282; x_wconf 18' lang='lat' dir='ltr'>vdent</span> <span class='ocrx_word' id='word_1_409' title='bbox 3110 2216 3383 2283; x_wconf 87' lang='lat' dir='ltr'>vigorem.</span> <span class='ocrx_word' id='word_1_410' title='bbox 3418 2217 3541 2269; x_wconf 86' lang='lat' dir='ltr'>Per.</span> 
     </span>
    </p>
   </div>
   <div class='ocr_carea' id='block_1_76' title="bbox 2393 2335 2999 2388">
    <p class='ocr_par' dir='ltr' id='par_1_76' title="bbox 2393 2335 2999 2388">
     <span class='ocr_line' id='line_1_76' title="bbox 2393 2335 2999 2388; baseline 0.002 -1"><span class='ocrx_word' id='word_1_411' title='bbox 2393 2336 2515 2387; x_wconf 82' lang='lat' dir='ltr'>Post</span> <span class='ocrx_word' id='word_1_412' title='bbox 2547 2335 2999 2388; x_wconf 79' lang='lat' dir='ltr'>Communionem.</span> 
     </span>
    </p>
   </div>
   <div class='ocr_carea' id='block_1_77' title="bbox 1921 2446 3546 2521">
    <p class='ocr_par' dir='ltr' id='par_1_77' title="bbox 1921 2446 3546 2521">
     <span class='ocr_line' id='line_1_77' title="bbox 1921 2446 3546 2521; baseline 0.003 -21"><span class='ocrx_word' id='word_1_413' title='bbox 1921 2446 2167 2516; x_wconf 86' lang='lat' dir='ltr'>Repleti,</span> <span class='ocrx_word' id='word_1_414' title='bbox 2230 2448 2491 2513; x_wconf 88' lang='lat' dir='ltr'>Domine,</span> <span class='ocrx_word' id='word_1_415' title='bbox 2542 2448 2876 2502; x_wconf 88' lang='lat' dir='ltr'>muneribus</span> <span class='ocrx_word' id='word_1_416' title='bbox 2926 2450 3119 2516; x_wconf 87' lang='lat' dir='ltr'>sacris,</span> <span class='ocrx_word' id='word_1_417' title='bbox 3172 2451 3265 2515; x_wconf 89' lang='lat' dir='ltr'>da,</span> <span class='ocrx_word' id='word_1_418' title='bbox 3317 2467 3546 2521; x_wconf 66' lang='lat' dir='ltr'>quaesu-</span> 
     </span>
    </p>
   </div>
   <div class='ocr_carea' id='block_1_78' title="bbox 1851 2536 3541 2607">
    <p class='ocr_par' dir='ltr' id='par_1_78' title="bbox 1851 2536 3541 2607">
     <span class='ocr_line' id='line_1_78' title="bbox 1851 2536 3541 2607; baseline 0.003 -19"><span class='ocrx_word' id='word_1_419' title='bbox 1851 2550 1999 2601; x_wconf 90' lang='lat' dir='ltr'>mus,</span> <span class='ocrx_word' id='word_1_420' title='bbox 2044 2541 2106 2589; x_wconf 90' lang='lat' dir='ltr'>ut</span> <span class='ocrx_word' id='word_1_421' title='bbox 2152 2536 2212 2589; x_wconf 88' lang='lat' dir='ltr'>in</span> <span class='ocrx_word' id='word_1_422' title='bbox 2266 2536 2583 2606; x_wconf 86' lang='lat' dir='ltr'>gratiarum</span> <span class='ocrx_word' id='word_1_423' title='bbox 2638 2553 2864 2607; x_wconf 89' lang='lat' dir='ltr'>semper</span> <span class='ocrx_word' id='word_1_424' title='bbox 2908 2539 3130 2592; x_wconf 86' lang='lat' dir='ltr'>actione</span> <span class='ocrx_word' id='word_1_425' title='bbox 3187 2554 3541 2595; x_wconf 87' lang='lat' dir='ltr'>maneamus.</span> 
     </span>
    </p>
   </div>
   <div class='ocr_carea' id='block_1_79' title="bbox 1854 2624 1976 2678">
    <p class='ocr_par' dir='ltr' id='par_1_79' title="bbox 1854 2624 1976 2678">
     <span class='ocr_line' id='line_1_79' title="bbox 1854 2624 1976 2678; baseline 0.008 -1"><span class='ocrx_word' id='word_1_426' title='bbox 1854 2624 1976 2678; x_wconf 88' lang='lat' dir='ltr'>Per.</span> 
     </span>
    </p>
   </div>
   <div class='ocr_carea' id='block_1_80' title="bbox 2444 2714 2945 2784">
    <p class='ocr_par' dir='ltr' id='par_1_80' title="bbox 2444 2714 2945 2784">
     <span class='ocr_line' id='line_1_80' title="bbox 2444 2714 2945 2784; baseline -0.004 -15"><span class='ocrx_word' id='word_1_427' title='bbox 2444 2714 2641 2784; x_wconf 82' lang='lat' dir='ltr'>[Super</span> <span class='ocrx_word' id='word_1_428' title='bbox 2665 2717 2945 2784; x_wconf 81' lang='lat' dir='ltr'>populum.</span> 
     </span>
    </p>
   </div>
   <div class='ocr_carea' id='block_1_81' title="bbox 1925 2801 3543 2873">
    <p class='ocr_par' dir='ltr' id='par_1_81' title="bbox 1925 2801 3543 2873">
     <span class='ocr_line' id='line_1_81' title="bbox 1925 2801 3543 2873; baseline 0.002 -20"><span class='ocrx_word' id='word_1_429' title='bbox 1925 2802 2071 2853; x_wconf 87' lang='lat' dir='ltr'>Deus</span> <span class='ocrx_word' id='word_1_430' title='bbox 2101 2801 2215 2854; x_wconf 87' lang='lat' dir='ltr'>vita</span> <span class='ocrx_word' id='word_1_431' title='bbox 2253 2801 2531 2868; x_wconf 89' lang='lat' dir='ltr'>ﬁdelium,</span> <span class='ocrx_word' id='word_1_432' title='bbox 2563 2804 2741 2873; x_wconf 89' lang='lat' dir='ltr'>gloria</span> <span class='ocrx_word' id='word_1_433' title='bbox 2779 2804 3108 2870; x_wconf 90' lang='lat' dir='ltr'>humilium,</span> <span class='ocrx_word' id='word_1_434' title='bbox 3154 2808 3210 2857; x_wconf 91' lang='lat' dir='ltr'>et</span> <span class='ocrx_word' id='word_1_435' title='bbox 3249 2803 3543 2857; x_wconf 90' lang='lat' dir='ltr'>beatitudo</span> 
     </span>
    </p>
   </div>
   <div class='ocr_carea' id='block_1_82' title="bbox 1844 2890 3545 2963">
    <p class='ocr_par' dir='ltr' id='par_1_82' title="bbox 1844 2890 3545 2963">
     <span class='ocr_line' id='line_1_82' title="bbox 1844 2890 3545 2963; baseline 0.003 -23"><span class='ocrx_word' id='word_1_436' title='bbox 1844 2890 2153 2958; x_wconf 85' lang='lat' dir='ltr'>justorum,</span> <span class='ocrx_word' id='word_1_437' title='bbox 2205 2890 2487 2960; x_wconf 79' lang='lat' dir='ltr'>propitius</span> <span class='ocrx_word' id='word_1_438' title='bbox 2535 2891 2758 2963; x_wconf 88' lang='lat' dir='ltr'>suscipe</span> <span class='ocrx_word' id='word_1_439' title='bbox 2812 2893 3139 2963; x_wconf 89' lang='lat' dir='ltr'>supplicum</span> <span class='ocrx_word' id='word_1_440' title='bbox 3187 2908 3422 2962; x_wconf 83' lang='lat' dir='ltr'>preces;</span> <span class='ocrx_word' id='word_1_441' title='bbox 3481 2897 3545 2945; x_wconf 90' lang='lat' dir='ltr'>ut</span> 
     </span>
    </p>
   </div>
   <div class='ocr_carea' id='block_1_83' title="bbox 1852 2979 3546 3052">
    <p class='ocr_par' dir='ltr' id='par_1_83' title="bbox 1852 2979 3546 3052">
     <span class='ocr_line' id='line_1_83' title="bbox 1852 2979 3546 3052; baseline 0.001 -19"><span class='ocrx_word' id='word_1_442' title='bbox 1852 2979 2058 3034; x_wconf 71' lang='lat' dir='ltr'>animas</span> <span class='ocrx_word' id='word_1_443' title='bbox 2089 2997 2216 3050; x_wconf 68' lang='lat' dir='ltr'>qua:</span> <span class='ocrx_word' id='word_1_444' title='bbox 2248 2980 2659 3051; x_wconf 89' lang='lat' dir='ltr'>promissiones</span> <span class='ocrx_word' id='word_1_445' title='bbox 2695 2987 2821 3035; x_wconf 89' lang='lat' dir='ltr'>tuas</span> <span class='ocrx_word' id='word_1_446' title='bbox 2852 2982 3069 3048; x_wconf 91' lang='lat' dir='ltr'>sitiunt,</span> <span class='ocrx_word' id='word_1_447' title='bbox 3102 2983 3172 3037; x_wconf 92' lang='lat' dir='ltr'>de</span> <span class='ocrx_word' id='word_1_448' title='bbox 3198 2988 3294 3036; x_wconf 87' lang='lat' dir='ltr'>tua</span> <span class='ocrx_word' id='word_1_449' title='bbox 3319 2998 3546 3052; x_wconf 86' lang='lat' dir='ltr'>semper</span> 
     </span>
    </p>
   </div>
   <div class='ocr_carea' id='block_1_84' title="bbox 1852 3069 3109 3141">
    <p class='ocr_par' dir='ltr' id='par_1_84' title="bbox 1852 3069 3109 3141">
     <span class='ocr_line' id='line_1_84' title="bbox 1852 3069 3109 3141; baseline 0.001 -17"><span class='ocrx_word' id='word_1_450' title='bbox 1852 3069 2204 3124; x_wconf 86' lang='lat' dir='ltr'>abundantia</span> <span class='ocrx_word' id='word_1_451' title='bbox 2240 3070 2586 3141; x_wconf 82' lang='lat' dir='ltr'>repleantur.</span> <span class='ocrx_word' id='word_1_452' title='bbox 2619 3072 2725 3125; x_wconf 89' lang='lat' dir='ltr'>Per</span> <span class='ocrx_word' id='word_1_453' title='bbox 2754 3071 3109 3140; x_wconf 69' lang='lat' dir='ltr'>Dominum]</span> 
     </span>
    </p>
   </div>
   <div class='ocr_carea' id='block_1_85' title="bbox 2611 3205 2795 3258">
    <p class='ocr_par' dir='ltr' id='par_1_85' title="bbox 2611 3205 2795 3258">
     <span class='ocr_line' id='line_1_85' title="bbox 2611 3205 2795 3258; baseline 0.005 -1"><span class='ocrx_word' id='word_1_454' title='bbox 2611 3205 2795 3258; x_wconf 77' lang='lat' dir='ltr'><strong>XVIII.</strong></span> 
     </span>
    </p>
   </div>
   <div class='ocr_carea' id='block_1_86' title="bbox 2198 3329 3198 3374">
    <p class='ocr_par' dir='ltr' id='par_1_86' title="bbox 2198 3329 3198 3374">
     <span class='ocr_line' id='line_1_86' title="bbox 2198 3329 3198 3374; baseline 0.002 -2"><span class='ocrx_word' id='word_1_455' title='bbox 2198 3329 2223 3352; x_wconf 72' lang='grc'>⁸</span> <span class='ocrx_word' id='word_1_456' title='bbox 2261 3334 2520 3374; x_wconf 70' lang='grc' dir='ltr'>ΒΟΠΙΝΙΟΑ</span> <span class='ocrx_word' id='word_1_457' title='bbox 2559 3334 2576 3373; x_wconf 83' lang='grc'><strong>1</strong></span> <span class='ocrx_word' id='word_1_458' title='bbox 2618 3336 2746 3373; x_wconf 74' lang='grc' dir='ltr'>Ροετ</span> <span class='ocrx_word' id='word_1_459' title='bbox 2787 3337 3198 3374; x_wconf 72' lang='grc' dir='ltr'>ΡεΝτεεεοετεΝ.</span> 
     </span>
    </p>
   </div>
   <div class='ocr_carea' id='block_1_87' title="bbox 1929 3434 3547 3506">
    <p class='ocr_par' dir='ltr' id='par_1_87' title="bbox 1929 3434 3547 3506">
     <span class='ocr_line' id='line_1_87' title="bbox 1929 3434 3547 3506; baseline 0.001 -18"><span class='ocrx_word' id='word_1_460' title='bbox 1929 3437 2074 3488; x_wconf 89' lang='lat' dir='ltr'>Deus</span> <span class='ocrx_word' id='word_1_461' title='bbox 2106 3434 2165 3487; x_wconf 91' lang='lat' dir='ltr'>in</span> <span class='ocrx_word' id='word_1_462' title='bbox 2198 3439 2255 3488; x_wconf 91' lang='lat' dir='ltr'>te</span> <span class='ocrx_word' id='word_1_463' title='bbox 2295 3436 2648 3504; x_wconf 85' lang='lat' dir='ltr'>sperantium</span> <span class='ocrx_word' id='word_1_464' title='bbox 2689 3436 2987 3503; x_wconf 87' lang='lat' dir='ltr'>fortitudo,</span> <span class='ocrx_word' id='word_1_465' title='bbox 3028 3436 3223 3489; x_wconf 89' lang='lat' dir='ltr'>adesto</span> <span class='ocrx_word' id='word_1_466' title='bbox 3263 3435 3547 3506; x_wconf 86' lang='lat' dir='ltr'>propitius</span> 
     </span>
    </p>
   </div>
   <div class='ocr_carea' id='block_1_88' title="bbox 1852 3523 3545 3594">
    <p class='ocr_par' dir='ltr' id='par_1_88' title="bbox 1852 3523 3545 3594">
     <span class='ocr_line' id='line_1_88' title="bbox 1852 3523 3545 3594; baseline 0 -18"><span class='ocrx_word' id='word_1_467' title='bbox 1852 3523 2307 3577; x_wconf 89' lang='lat' dir='ltr'>invocationibus</span> <span class='ocrx_word' id='word_1_468' title='bbox 2356 3524 2584 3589; x_wconf 90' lang='lat' dir='ltr'>nostris,</span> <span class='ocrx_word' id='word_1_469' title='bbox 2621 3530 2676 3576; x_wconf 90' lang='lat' dir='ltr'>et</span> <span class='ocrx_word' id='word_1_470' title='bbox 2718 3524 2854 3594; x_wconf 90' lang='lat' dir='ltr'>quia</span> <span class='ocrx_word' id='word_1_471' title='bbox 2906 3524 3027 3576; x_wconf 90' lang='lat' dir='ltr'>sine</span> <span class='ocrx_word' id='word_1_472' title='bbox 3071 3529 3125 3577; x_wconf 93' lang='lat' dir='ltr'>te</span> <span class='ocrx_word' id='word_1_473' title='bbox 3174 3524 3316 3578; x_wconf 89' lang='lat' dir='ltr'>nihil</span> <span class='ocrx_word' id='word_1_474' title='bbox 3358 3530 3545 3594; x_wconf 91' lang='lat' dir='ltr'>potest</span> 
     </span>
    </p>
   </div>
   <div class='ocr_carea' id='block_1_89' title="bbox 1854 3610 3545 3682">
    <p class='ocr_par' dir='ltr' id='par_1_89' title="bbox 1854 3610 3545 3682">
     <span class='ocr_line' id='line_1_89' title="bbox 1854 3610 3545 3682; baseline 0 -17"><span class='ocrx_word' id='word_1_475' title='bbox 1854 3613 2108 3665; x_wconf 90' lang='lat' dir='ltr'>mortalis</span> <span class='ocrx_word' id='word_1_476' title='bbox 2148 3610 2470 3675; x_wconf 89' lang='lat' dir='ltr'>inﬁrmitas,</span> <span class='ocrx_word' id='word_1_477' title='bbox 2513 3616 2720 3681; x_wconf 69' lang='lat' dir='ltr'>prmsta</span> <span class='ocrx_word' id='word_1_478' title='bbox 2761 3612 3037 3665; x_wconf 82' lang='lat' dir='ltr'>auxilium</span> <span class='ocrx_word' id='word_1_479' title='bbox 3086 3612 3285 3682; x_wconf 67' lang='lat' dir='ltr'>gratias</span> <span class='ocrx_word' id='word_1_480' title='bbox 3313 3618 3447 3679; x_wconf 66' lang='lat' dir='ltr'>tuae,</span> <span class='ocrx_word' id='word_1_481' title='bbox 3482 3617 3545 3665; x_wconf 90' lang='lat' dir='ltr'>ut</span> 
     </span>
    </p>
   </div>
   <div class='ocr_carea' id='block_1_90' title="bbox 1852 3700 3546 3771">
    <p class='ocr_par' dir='ltr' id='par_1_90' title="bbox 1852 3700 3546 3771">
     <span class='ocr_line' id='line_1_90' title="bbox 1852 3700 3546 3771; baseline 0.001 -17"><span class='ocrx_word' id='word_1_482' title='bbox 1852 3702 1911 3755; x_wconf 90' lang='lat' dir='ltr'>in</span> <span class='ocrx_word' id='word_1_483' title='bbox 1958 3701 2332 3771; x_wconf 83' lang='lat' dir='ltr'>exsequendis</span> <span class='ocrx_word' id='word_1_484' title='bbox 2382 3700 2663 3753; x_wconf 89' lang='lat' dir='ltr'>mandatis</span> <span class='ocrx_word' id='word_1_485' title='bbox 2717 3701 2850 3767; x_wconf 90' lang='lat' dir='ltr'>tuis,</span> <span class='ocrx_word' id='word_1_486' title='bbox 2894 3706 2947 3753; x_wconf 92' lang='lat' dir='ltr'>et</span> <span class='ocrx_word' id='word_1_487' title='bbox 2998 3701 3287 3754; x_wconf 88' lang='lat' dir='ltr'>voluntate</span> <span class='ocrx_word' id='word_1_488' title='bbox 3338 3702 3443 3756; x_wconf 90' lang='lat' dir='ltr'>tibi</span> <span class='ocrx_word' id='word_1_489' title='bbox 3489 3707 3546 3755; x_wconf 90' lang='lat' dir='ltr'>et</span> 
     </span>
    </p>
   </div>
   <div class='ocr_carea' id='block_1_91' title="bbox 1855 3788 3244 3859">
    <p class='ocr_par' dir='ltr' id='par_1_91' title="bbox 1855 3788 3244 3859">
     <span class='ocr_line' id='line_1_91' title="bbox 1855 3788 3244 3859; baseline -0.001 -16"><span class='ocrx_word' id='word_1_490' title='bbox 1855 3789 2074 3843; x_wconf 90' lang='lat' dir='ltr'>actione</span> <span class='ocrx_word' id='word_1_491' title='bbox 2104 3789 2451 3859; x_wconf 89' lang='lat' dir='ltr'>placeamus.</span> <span class='ocrx_word' id='word_1_492' title='bbox 2483 3789 2589 3841; x_wconf 87' lang='lat' dir='ltr'>Per</span> <span class='ocrx_word' id='word_1_493' title='bbox 2626 3788 2934 3842; x_wconf 90' lang='lat' dir='ltr'>Dominum</span> <span class='ocrx_word' id='word_1_494' title='bbox 2965 3793 3244 3842; x_wconf 90' lang='lat' dir='ltr'>nostrum.</span> 
     </span>
    </p>
   </div>
   <div class='ocr_carea' id='block_1_92' title="bbox 2578 3900 2811 3956">
    <p class='ocr_par' dir='ltr' id='par_1_92' title="bbox 2578 3900 2811 3956">
     <span class='ocr_line' id='line_1_92' title="bbox 2578 3900 2811 3956; baseline 0 0"><span class='ocrx_word' id='word_1_495' title='bbox 2578 3900 2811 3956; x_wconf 85' lang='lat' dir='ltr'>Secreta.</span> 
     </span>
    </p>
   </div>
   <div class='ocr_carea' id='block_1_93' title="bbox 1924 4007 3539 4079">
    <p class='ocr_par' dir='ltr' id='par_1_93' title="bbox 1924 4007 3539 4079">
     <span class='ocr_line' id='line_1_93' title="bbox 1924 4007 3539 4079; baseline 0 -16"><span class='ocrx_word' id='word_1_496' title='bbox 1924 4008 2144 4063; x_wconf 86' lang='lat' dir='ltr'>Hostias</span> <span class='ocrx_word' id='word_1_497' title='bbox 2171 4013 2416 4074; x_wconf 85' lang='lat' dir='ltr'>nostras,</span> <span class='ocrx_word' id='word_1_498' title='bbox 2462 4007 2724 4073; x_wconf 88' lang='lat' dir='ltr'>Domine,</span> <span class='ocrx_word' id='word_1_499' title='bbox 2770 4008 2873 4061; x_wconf 89' lang='lat' dir='ltr'>tibi</span> <span class='ocrx_word' id='word_1_500' title='bbox 2914 4007 3126 4062; x_wconf 89' lang='lat' dir='ltr'>dicatas</span> <span class='ocrx_word' id='word_1_501' title='bbox 3168 4008 3424 4079; x_wconf 84' lang='lat' dir='ltr'>placatus</span> <span class='ocrx_word' id='word_1_502' title='bbox 3451 4024 3539 4063; x_wconf 84' lang='lat' dir='ltr'>as-</span> 
     </span>
    </p>
   </div>
   <div class='ocr_carea' id='block_1_94' title="bbox 1854 4096 3545 4167">
    <p class='ocr_par' dir='ltr' id='par_1_94' title="bbox 1854 4096 3545 4167">
     <span class='ocr_line' id='line_1_94' title="bbox 1854 4096 3545 4167; baseline -0.001 -16"><span class='ocrx_word' id='word_1_503' title='bbox 1854 4113 2035 4165; x_wconf 89' lang='lat' dir='ltr'>sume,</span> <span class='ocrx_word' id='word_1_504' title='bbox 2068 4102 2123 4150; x_wconf 89' lang='lat' dir='ltr'>et</span> <span class='ocrx_word' id='word_1_505' title='bbox 2149 4096 2219 4151; x_wconf 90' lang='lat' dir='ltr'>ad</span> <span class='ocrx_word' id='word_1_506' title='bbox 2252 4102 2594 4167; x_wconf 89' lang='lat' dir='ltr'>perpetuum</span> <span class='ocrx_word' id='word_1_507' title='bbox 2649 4096 2812 4150; x_wconf 90' lang='lat' dir='ltr'>nobis</span> <span class='ocrx_word' id='word_1_508' title='bbox 2846 4096 3031 4151; x_wconf 90' lang='lat' dir='ltr'>tribue</span> <span class='ocrx_word' id='word_1_509' title='bbox 3070 4097 3373 4166; x_wconf 88' lang='lat' dir='ltr'>provenire</span> <span class='ocrx_word' id='word_1_510' title='bbox 3412 4096 3545 4150; x_wconf 43' lang='lat' dir='ltr'>sub-</span> 
     </span>
    </p>
   </div>
   <div class='ocr_carea' id='block_1_95' title="bbox 1856 4186 2242 4240">
    <p class='ocr_par' dir='ltr' id='par_1_95' title="bbox 1856 4186 2242 4240">
     <span class='ocr_line' id='line_1_95' title="bbox 1856 4186 2242 4240; baseline 0 -1"><span class='ocrx_word' id='word_1_511' title='bbox 1856 4186 2085 4240; x_wconf 88' lang='lat' dir='ltr'>sidium.</span> <span class='ocrx_word' id='word_1_512' title='bbox 2118 4188 2242 4240; x_wconf 87' lang='lat' dir='ltr'>Per.</span> 
     </span>
    </p>
   </div>
   <div class='ocr_carea' id='block_1_96' title="bbox 2398 4289 3011 4345">
    <p class='ocr_par' dir='ltr' id='par_1_96' title="bbox 2398 4289 3011 4345">
     <span class='ocr_line' id='line_1_96' title="bbox 2398 4289 3011 4345; baseline 0 -3"><span class='ocrx_word' id='word_1_513' title='bbox 2398 4289 2533 4343; x_wconf 90' lang='lat' dir='ltr'>Post</span> <span class='ocrx_word' id='word_1_514' title='bbox 2564 4290 3011 4345; x_wconf 83' lang='lat' dir='ltr'>Communionem.</span> 
     </span>
    </p>
   </div>
   <div class='ocr_carea' id='block_1_97' title="bbox 1924 4395 3545 4466">
    <p class='ocr_par' dir='ltr' id='par_1_97' title="bbox 1924 4395 3545 4466">
     <span class='ocr_line' id='line_1_97' title="bbox 1924 4395 3545 4466; baseline -0.001 -16"><span class='ocrx_word' id='word_1_515' title='bbox 1924 4395 2137 4463; x_wconf 88' lang='lat' dir='ltr'>Tantis,</span> <span class='ocrx_word' id='word_1_516' title='bbox 2175 4395 2435 4463; x_wconf 91' lang='lat' dir='ltr'>Domine,</span> <span class='ocrx_word' id='word_1_517' title='bbox 2476 4396 2681 4466; x_wconf 86' lang='lat' dir='ltr'>repleti</span> <span class='ocrx_word' id='word_1_518' title='bbox 2719 4397 3074 4462; x_wconf 88' lang='lat' dir='ltr'>muneribus,</span> <span class='ocrx_word' id='word_1_519' title='bbox 3120 4400 3346 4466; x_wconf 75' lang='lat' dir='ltr'>praesta,</span> <span class='ocrx_word' id='word_1_520' title='bbox 3380 4412 3545 4466; x_wconf 69' lang='lat' dir='ltr'>quae-</span> 
     </span>
    </p>
   </div>
   <div class='ocr_carea' id='block_1_98' title="bbox 1851 4484 3542 4556">
    <p class='ocr_par' dir='ltr' id='par_1_98' title="bbox 1851 4484 3542 4556">
     <span class='ocr_line' id='line_1_98' title="bbox 1851 4484 3542 4556; baseline -0.001 -18"><span class='ocrx_word' id='word_1_521' title='bbox 1851 4500 2067 4551; x_wconf 88' lang='lat' dir='ltr'>sumus,</span> <span class='ocrx_word' id='word_1_522' title='bbox 2100 4488 2160 4538; x_wconf 93' lang='lat' dir='ltr'>ut</span> <span class='ocrx_word' id='word_1_523' title='bbox 2194 4490 2250 4537; x_wconf 89' lang='lat' dir='ltr'>et</span> <span class='ocrx_word' id='word_1_524' title='bbox 2280 4484 2548 4538; x_wconf 87' lang='lat' dir='ltr'>salutaria</span> <span class='ocrx_word' id='word_1_525' title='bbox 2583 4484 2733 4537; x_wconf 88' lang='lat' dir='ltr'>dona</span> <span class='ocrx_word' id='word_1_526' title='bbox 2763 4486 3073 4556; x_wconf 86' lang='lat' dir='ltr'>capiamus,</span> <span class='ocrx_word' id='word_1_527' title='bbox 3108 4490 3162 4537; x_wconf 88' lang='lat' dir='ltr'>et</span> <span class='ocrx_word' id='word_1_528' title='bbox 3191 4500 3223 4537; x_wconf 88' lang='lat' dir='ltr'>a</span> <span class='ocrx_word' id='word_1_529' title='bbox 3266 4490 3361 4537; x_wconf 89' lang='lat' dir='ltr'>tua</span> <span class='ocrx_word' id='word_1_530' title='bbox 3393 4500 3542 4537; x_wconf 88' lang='lat' dir='ltr'>nun-</span> 
     </span>
    </p>
   </div>
   <div class='ocr_carea' id='block_1_99' title="bbox 1851 4572 3350 4644">
    <p class='ocr_par' dir='ltr' id='par_1_99' title="bbox 1851 4572 3350 4644">
     <span class='ocr_line' id='line_1_99' title="bbox 1851 4572 3350 4644; baseline -0.002 -18"><span class='ocrx_word' id='word_1_531' title='bbox 1851 4588 2023 4644; x_wconf 89' lang='lat' dir='ltr'>quam</span> <span class='ocrx_word' id='word_1_532' title='bbox 2061 4572 2228 4626; x_wconf 89' lang='lat' dir='ltr'>laude</span> <span class='ocrx_word' id='word_1_533' title='bbox 2259 4588 2563 4626; x_wconf 88' lang='lat' dir='ltr'>cessemus.</span> <span class='ocrx_word' id='word_1_534' title='bbox 2598 4573 2703 4625; x_wconf 87' lang='lat' dir='ltr'>Per</span> <span class='ocrx_word' id='word_1_535' title='bbox 2732 4573 3040 4625; x_wconf 88' lang='lat' dir='ltr'>Dominum</span> <span class='ocrx_word' id='word_1_536' title='bbox 3073 4575 3350 4624; x_wconf 91' lang='lat' dir='ltr'>nostrum.</span> 
     </span>
    </p>
   </div>
   <div class='ocr_carea' id='block_1_100' title="bbox 2453 4712 2948 4784">
    <p class='ocr_par' dir='ltr' id='par_1_100' title="bbox 2453 4712 2948 4784">
     <span class='ocr_line' id='line_1_100' title="bbox 2453 4712 2948 4784; baseline -0.004 -17"><span class='ocrx_word' id='word_1_537' title='bbox 2453 4712 2643 4784; x_wconf 87' lang='lat' dir='ltr'>[Super</span> <span class='ocrx_word' id='word_1_538' title='bbox 2668 4714 2948 4781; x_wconf 86' lang='lat' dir='ltr'>populum.</span> 
     </span>
    </p>
   </div>
   <div class='ocr_carea' id='block_1_101' title="bbox 1922 4816 3543 4886">
    <p class='ocr_par' dir='ltr' id='par_1_101' title="bbox 1922 4816 3543 4886">
     <span class='ocr_line' id='line_1_101' title="bbox 1922 4816 3543 4886; baseline -0.003 -11"><span class='ocrx_word' id='word_1_539' title='bbox 1922 4821 2139 4875; x_wconf 88' lang='lat' dir='ltr'>Fideles</span> <span class='ocrx_word' id='word_1_540' title='bbox 2189 4825 2331 4886; x_wconf 89' lang='lat' dir='ltr'>tuos,</span> <span class='ocrx_word' id='word_1_541' title='bbox 2378 4818 2635 4881; x_wconf 90' lang='lat' dir='ltr'>Domine,</span> <span class='ocrx_word' id='word_1_542' title='bbox 2682 4816 3004 4871; x_wconf 87' lang='lat' dir='ltr'>benedictio</span> <span class='ocrx_word' id='word_1_543' title='bbox 3048 4816 3372 4870; x_wconf 87' lang='lat' dir='ltr'>desiderata</span> <span class='ocrx_word' id='word_1_544' title='bbox 3403 4832 3543 4870; x_wconf 91' lang='lat' dir='ltr'>con-</span> 
     </span>
    </p>
   </div>
   <div class='ocr_carea' id='block_1_102' title="bbox 1847 4906 3540 4980">
    <p class='ocr_par' dir='ltr' id='par_1_102' title="bbox 1847 4906 3540 4980">
     <span class='ocr_line' id='line_1_102' title="bbox 1847 4906 3540 4980; baseline -0.003 -16"><span class='ocrx_word' id='word_1_545' title='bbox 1847 4910 2056 4977; x_wconf 89' lang='lat' dir='ltr'>ﬁrmet,</span> <span class='ocrx_word' id='word_1_546' title='bbox 2090 4925 2218 4980; x_wconf 66' lang='lat' dir='ltr'>quae</span> <span class='ocrx_word' id='word_1_547' title='bbox 2254 4924 2349 4961; x_wconf 88' lang='lat' dir='ltr'>eos</span> <span class='ocrx_word' id='word_1_548' title='bbox 2388 4914 2445 4961; x_wconf 88' lang='lat' dir='ltr'>et</span> <span class='ocrx_word' id='word_1_549' title='bbox 2482 4924 2515 4960; x_wconf 89' lang='lat' dir='ltr'>a</span> <span class='ocrx_word' id='word_1_550' title='bbox 2544 4913 2641 4961; x_wconf 87' lang='lat' dir='ltr'>tua</span> <span class='ocrx_word' id='word_1_551' title='bbox 2680 4908 2967 4959; x_wconf 88' lang='lat' dir='ltr'>voluntate</span> <span class='ocrx_word' id='word_1_552' title='bbox 3008 4906 3194 4969; x_wconf 86' lang='lat' dir='ltr'>faciat,</span> <span class='ocrx_word' id='word_1_553' title='bbox 3241 4920 3540 4975; x_wconf 89' lang='lat' dir='ltr'>nunquam</span> 
     </span>
    </p>
   </div>
   <div class='ocr_carea' id='block_1_103' title="bbox 1846 4994 3538 5069">
    <p class='ocr_par' dir='ltr' id='par_1_103' title="bbox 1846 4994 3538 5069">
     <span class='ocr_line' id='line_1_103' title="bbox 1846 4994 3538 5069; baseline -0.004 -15"><span class='ocrx_word' id='word_1_554' title='bbox 1846 5000 2186 5069; x_wconf 78' lang='lat' dir='ltr'>discrepare,</span> <span class='ocrx_word' id='word_1_555' title='bbox 2232 5003 2286 5050; x_wconf 87' lang='lat' dir='ltr'>et</span> <span class='ocrx_word' id='word_1_556' title='bbox 2324 4997 2435 5051; x_wconf 90' lang='lat' dir='ltr'>tuis</span> <span class='ocrx_word' id='word_1_557' title='bbox 2474 5012 2699 5066; x_wconf 87' lang='lat' dir='ltr'>semper</span> <span class='ocrx_word' id='word_1_558' title='bbox 2740 4995 3041 5065; x_wconf 86' lang='lat' dir='ltr'>indulgeat</span> <span class='ocrx_word' id='word_1_559' title='bbox 3083 4994 3377 5049; x_wconf 89' lang='lat' dir='ltr'>beneﬁciis</span> <span class='ocrx_word' id='word_1_560' title='bbox 3404 5010 3538 5064; x_wconf 87' lang='lat' dir='ltr'>gra-</span> 
     </span>
    </p>
   </div>
   <div class='ocr_carea' id='block_1_104' title="bbox 1848 5084 2547 5155">
    <p class='ocr_par' dir='ltr' id='par_1_104' title="bbox 1848 5084 2547 5155">
     <span class='ocr_line' id='line_1_104' title="bbox 1848 5084 2547 5155; baseline -0.007 -13"><span class='ocrx_word' id='word_1_561' title='bbox 1848 5089 2038 5142; x_wconf 90' lang='lat' dir='ltr'>tulari.</span> <span class='ocrx_word' id='word_1_562' title='bbox 2074 5090 2180 5141; x_wconf 83' lang='lat' dir='ltr'>Per</span> <span class='ocrx_word' id='word_1_563' title='bbox 2202 5084 2547 5155; x_wconf 78' lang='lat' dir='ltr'>Dominum]</span> 
     </span>
    </p>
   </div>
   <div class='ocr_carea' id='block_1_105' title="bbox 1847 5238 3537 5307">
    <p class='ocr_par' dir='ltr' id='par_1_105' title="bbox 1847 5238 3537 5307">
     <span class='ocr_line' id='line_1_105' title="bbox 1847 5238 3537 5307; baseline -0.001 -12"><span class='ocrx_word' id='word_1_564' title='bbox 1847 5241 1922 5295; x_wconf 92' lang='lat' dir='ltr'>lio</span> <span class='ocrx_word' id='word_1_565' title='bbox 1953 5242 2023 5295; x_wconf 88' lang='lat' dir='ltr'>de</span> <span class='ocrx_word' id='word_1_566' title='bbox 2064 5242 2293 5304; x_wconf 88' lang='lat' dir='ltr'>Lazaro,</span> <span class='ocrx_word' id='word_1_567' title='bbox 2342 5244 2398 5292; x_wconf 88' lang='lat' dir='ltr'>et</span> <span class='ocrx_word' id='word_1_568' title='bbox 2447 5238 2687 5291; x_wconf 88' lang='lat' dir='ltr'>introitu</span> <span class='ocrx_word' id='word_1_569' title='bbox 2723 5254 2735 5291; x_wconf 95' lang='lat'>:</span> <span class='ocrx_word' id='word_1_570' title='bbox 2788 5240 3003 5292; x_wconf 81' lang='lat' dir='ltr'>Domine</span> <span class='ocrx_word' id='word_1_571' title='bbox 3044 5242 3100 5292; x_wconf 83' lang='lat' dir='ltr'>in</span> <span class='ocrx_word' id='word_1_572' title='bbox 3138 5239 3537 5307; x_wconf 80' lang='lat' dir='ltr'>misericordia,</span> 
     </span>
    </p>
   </div>
   <div class='ocr_carea' id='block_1_106' title="bbox 1845 5309 3535 5380">
    <p class='ocr_par' dir='ltr' id='par_1_106' title="bbox 1845 5309 3535 5380">
     <span class='ocr_line' id='line_1_106' title="bbox 1845 5309 3535 5380; baseline 0 -15"><span class='ocrx_word' id='word_1_573' title='bbox 1845 5312 2011 5365; x_wconf 90' lang='lat' dir='ltr'>sicuti</span> <span class='ocrx_word' id='word_1_574' title='bbox 2053 5327 2221 5380; x_wconf 86' lang='lat' dir='ltr'>supra</span> <span class='ocrx_word' id='word_1_575' title='bbox 2264 5310 2546 5363; x_wconf 85' lang='lat' dir='ltr'>habentur</span> <span class='ocrx_word' id='word_1_576' title='bbox 2588 5309 2647 5361; x_wconf 89' lang='lat' dir='ltr'>in</span> <span class='ocrx_word' id='word_1_577' title='bbox 2691 5310 3009 5364; x_wconf 87' lang='lat' dir='ltr'>Lectionar.</span> <span class='ocrx_word' id='word_1_578' title='bbox 3053 5317 3111 5363; x_wconf 91' lang='lat' dir='ltr'>et</span> <span class='ocrx_word' id='word_1_579' title='bbox 3154 5311 3535 5380; x_wconf 81' lang='lat' dir='ltr'>Antiphonar.</span> 
     </span>
    </p>
   </div>
   <div class='ocr_carea' id='block_1_107' title="bbox 1848 5380 3540 5453">
    <p class='ocr_par' dir='ltr' id='par_1_107' title="bbox 1848 5380 3540 5453">
     <span class='ocr_line' id='line_1_107' title="bbox 1848 5380 3540 5453; baseline -0.001 -16"><span class='ocrx_word' id='word_1_580' title='bbox 1848 5384 2009 5437; x_wconf 91' lang='lat' dir='ltr'>Dom.</span> <span class='ocrx_word' id='word_1_581' title='bbox 2044 5383 2065 5434; x_wconf 90' lang='grc' dir='ltr'>Ι</span> <span class='ocrx_word' id='word_1_582' title='bbox 2098 5386 2228 5450; x_wconf 88' lang='lat' dir='ltr'>post</span> <span class='ocrx_word' id='word_1_583' title='bbox 2266 5386 2369 5433; x_wconf 89' lang='lat' dir='ltr'>oct.</span> <span class='ocrx_word' id='word_1_584' title='bbox 2418 5381 2735 5453; x_wconf 83' lang='lat' dir='ltr'>Pentecost.</span> <span class='ocrx_word' id='word_1_585' title='bbox 2778 5380 2962 5453; x_wconf 86' lang='lat' dir='ltr'>Quare</span> <span class='ocrx_word' id='word_1_586' title='bbox 3009 5387 3065 5453; x_wconf 82' lang='lat' dir='ltr'>et</span> <span class='ocrx_word' id='word_1_587' title='bbox 3117 5382 3206 5434; x_wconf 88' lang='lat' dir='ltr'>hic</span> <span class='ocrx_word' id='word_1_588' title='bbox 3241 5382 3319 5434; x_wconf 89' lang='lat' dir='ltr'>ita</span> <span class='ocrx_word' id='word_1_589' title='bbox 3349 5382 3540 5453; x_wconf 88' lang='lat' dir='ltr'>legen-</span> 
     </span>
    </p>
   </div>
   <div class='ocr_carea' id='block_1_108' title="bbox 1846 5452 3539 5524">
    <p class='ocr_par' dir='ltr' id='par_1_108' title="bbox 1846 5452 3539 5524">
     <span class='ocr_line' id='line_1_108' title="bbox 1846 5452 3539 5524; baseline 0 -17"><span class='ocrx_word' id='word_1_590' title='bbox 1846 5455 1982 5507; x_wconf 91' lang='lat' dir='ltr'>dum</span> <span class='ocrx_word' id='word_1_591' title='bbox 2028 5468 2250 5515; x_wconf 90' lang='lat' dir='ltr'>censeo,</span> <span class='ocrx_word' id='word_1_592' title='bbox 2283 5462 2337 5524; x_wconf 81' lang='lat' dir='ltr'>et</span> <span class='ocrx_word' id='word_1_593' title='bbox 2383 5452 2853 5524; x_wconf 24' lang='lat' dir='ltr'>conformiternin</span> <span class='ocrx_word' id='word_1_594' title='bbox 2897 5453 2966 5524; x_wconf 77' lang='lat'>23</span> <span class='ocrx_word' id='word_1_595' title='bbox 3022 5452 3351 5519; x_wconf 87' lang='lat' dir='ltr'>Dominicis,</span> <span class='ocrx_word' id='word_1_596' title='bbox 3397 5452 3539 5524; x_wconf 68' lang='lat' dir='ltr'>prm-</span> 
     </span>
    </p>
   </div>
   <div class='ocr_carea' id='block_1_109' title="bbox 1845 5522 3539 5579">
    <p class='ocr_par' dir='ltr' id='par_1_109' title="bbox 1845 5522 3539 5579">
     <span class='ocr_line' id='line_1_109' title="bbox 1845 5522 3539 5579; baseline 0.001 -2"><span class='ocrx_word' id='word_1_597' title='bbox 1845 5526 2038 5577; x_wconf 89' lang='lat' dir='ltr'>sertim</span> <span class='ocrx_word' id='word_1_598' title='bbox 2071 5540 2199 5575; x_wconf 88' lang='lat' dir='ltr'>cum</span> <span class='ocrx_word' id='word_1_599' title='bbox 2245 5523 2325 5574; x_wconf 79' lang='lat' dir='ltr'>sic</span> <span class='ocrx_word' id='word_1_600' title='bbox 2373 5524 2547 5574; x_wconf 84' lang='lat' dir='ltr'>etiam</span> <span class='ocrx_word' id='word_1_601' title='bbox 2602 5522 2918 5575; x_wconf 83' lang='lat' dir='ltr'>inscribant</span> <span class='ocrx_word' id='word_1_602' title='bbox 2956 5523 3061 5578; x_wconf 87' lang='lat' dir='ltr'>has</span> <span class='ocrx_word' id='word_1_603' title='bbox 3100 5522 3423 5578; x_wconf 82' lang='lat' dir='ltr'>Dominicas</span> <span class='ocrx_word' id='word_1_604' title='bbox 3452 5539 3539 5579; x_wconf 87' lang='lat' dir='ltr'>su-</span> 
     </span>
    </p>
   </div>
   <div class='ocr_carea' id='block_1_110' title="bbox 1846 5593 2527 5666">
    <p class='ocr_par' dir='ltr' id='par_1_110' title="bbox 1846 5593 2527 5666">
     <span class='ocr_line' id='line_1_110' title="bbox 1846 5593 2527 5666; baseline -0.004 -18"><span class='ocrx_word' id='word_1_605' title='bbox 1846 5596 2088 5666; x_wconf 88' lang='lat' dir='ltr'>pradicti</span> <span class='ocrx_word' id='word_1_606' title='bbox 2118 5599 2232 5647; x_wconf 80' lang='lat' dir='ltr'>tres</span> <span class='ocrx_word' id='word_1_607' title='bbox 2265 5610 2367 5646; x_wconf 87' lang='lat' dir='ltr'>ms.</span> <span class='ocrx_word' id='word_1_608' title='bbox 2401 5593 2527 5645; x_wconf 90' lang='lat' dir='ltr'>cod.</span> 
     </span>
    </p>
   </div>
  </div>
