3868 6228
309 290 411 341 807

1085 422 1213 475 XIX.

501 544 753 582 noumcs
798 544 833 582 ll
876 545 1002 581 rosr
1044 542 1413 582 PENTECOSTEN
1457 528 1594 596 [οετ.
1634 524 1807 597 ΡΕΝΤ.]

376 634 564 689 Sancti
598 634 846 687 nominis
895 634 1001 700 tui,
1055 634 1314 699 Domine,
1375 634 1643 686 timorem
1690 633 1908 701 pariter
1951 636 2005 684 et

308 739 559 777 amorem
593 723 677 777 fac
709 739 811 775 nos
859 722 1067 776 habere
1110 729 1474 794 perpetuum,
1524 722 1657 792 quia
1708 737 2002 791 nunquam

306 814 403 864 tua
434 810 849 882 gubernatione
881 811 1141 863 destituis
1191 827 1334 881 quos
1376 810 1434 862 in
1466 809 1744 862 soliditate
1774 814 1887 862 tua:
1918 808 2003 862 di-

307 900 568 953 lectionis
600 899 869 952 instituis.
906 900 1030 952 Per.

1038 1005 1271 1059 Secreta.

379 1102 603 1157 Oblatio
638 1117 763 1165 nos,
798 1101 1059 1165 Domine,
1094 1106 1191 1154 tuo
1224 1100 1445 1154 nomini
1492 1100 1756 1168 dicanda,
1800 1100 2004 1170 purifi-

312 1198 418 1257 cet,
453 1197 509 1244 et
552 1192 620 1245 de
663 1191 754 1243 die
797 1191 856 1243 in
906 1190 1057 1243 diem
1113 1190 1179 1244 ad
1231 1190 1474 1243 caelestis
1518 1190 1648 1243 vitae
1699 1190 2006 1244 transferat

308 1280 613 1333 actionem.
642 1281 748 1332 Per
774 1279 1105 1331 Dominum.

849 1386 971 1438 Post
1003 1384 1457 1438 Communionem.

379 1499 628 1567 Sumptis
674 1498 1031 1566 muneribus,
1074 1498 1340 1563 Domine,
1384 1514 1737 1568 quwsumus,
1781 1502 1843 1551 ut
1872 1514 2000 1551 cum

307 1588 764 1657 frequentatione
823 1588 1077 1657 mysterii
1136 1593 1349 1639 crescat
1400 1593 1608 1640 nostra}
1666 1588 1863 1639 salutis
1917 1588 2004 1641 ef-

307 1676 506 1729 fectus.
543 1678 667 1729 Per.

904 1763 1101 1833 [Super
1124 1762 1404 1831 populum.

383 1882 551 1946 Deus,
586 1879 684 1949 qui
718 1883 770 1932 te
815 1878 874 1931 in
905 1878 1072 1931 rectis
1114 1894 1176 1930 ac
1225 1878 1460 1931 sinceris
1504 1894 1734 1932 manere
1766 1881 2007 1949 pectori-

309 1968 415 2022 bus
458 1968 683 2032 asseris,
741 1968 812 2021 da
861 1966 1023 2020 nobis
1068 1972 1165 2018 tua
1213 1967 1395 2035 gratia
1443 1968 1583 2019 tales
1636 1968 1896 2033 existere,
1948 1970 2003 2023 in

311 2056 519 2128 quibus
549 2056 804 2109 habitare
839 2055 1113 2125 digneris.
1155 2056 1259 2107 Per
1294 2054 1647 2125 Dominum]

664 2258 687 2283 ⁸
720 2264 975 2303 ῡοιιιικιεΑ
1006 2263 1063 2301 ιιι
1100 2264 1227 2301 POST
1256 2264 1638 2302 PENTECOSTEN.

385 2356 850 2426 Deprecationem
899 2359 1177 2421 nostram,
1207 2371 1557 2424 quaesumus,
1604 2355 1863 2421 Domine,
1908 2356 2005 2409 be-

312 2444 524 2513 nignus
555 2443 780 2506 exaudi,
823 2447 879 2495 et
933 2444 1139 2512 quibus
1189 2443 1547 2512 supplicandi
1594 2449 1831 2513 prazstas
1876 2444 2005 2498 affe-

311 2537 486 2597 ctum,
518 2530 707 2585 tribue
733 2531 1080 2585 defensionis
1110 2532 1407 2585 auxilium.
1442 2533 1569 2585 Per.

1036 2638 1267 2691 Secreta.

381 2735 631 2801 Munera,
685 2735 945 2801 Domine,
1005 2734 1193 2787 oblata
1245 2734 1553 2802 sanctifica,
1602 2740 1664 2789 ut
1710 2736 1797 2790 tui
1836 2737 2005 2791 nobis

309 2824 597 2895 unigeniti
624 2841 834 2895 corpus
865 2829 920 2876 et
950 2824 1181 2895 sanguis
1220 2824 1379 2877 fiant.
1416 2825 1523 2878 Per
1553 2825 1841 2880 eumdem.

855 2917 984 2985 Post
1006 2933 1455 2987 Commum’onem.

383 3040 509 3092 Haec
550 3054 656 3091 nos
705 3038 1034 3090 communio
1072 3036 1312 3090 Domine
1353 3042 1563 3107 purget
1596 3054 1628 3091 a
1654 3038 1913 3107 crimine,
1950 3041 2007 3093 et
2044 3014 2085 3069 θ

311 3127 556 3181 caelestis
586 3125 826 3179 remedii
855 3125 1021 3178 faciat
1051 3141 1171 3178 esse
1203 3130 1513 3179 consortes.
1549 3127 1672 3179 Per.

903 3232 1095 3300 [Super
1122 3232 1399 3300 populum.

382 3320 569 3375 Plebis
590 3324 724 3387 tuae,
748 3334 1099 3389 quaesumus,
1131 3319 1391 3383 Domine,
1414 3318 1487 3372 ad
1509 3325 1563 3372 te
1586 3335 1813 3389 semper
1837 3321 2007 3374 corda

311 3416 596 3475 converte,
632 3412 693 3462 ut
742 3424 913 3479 quam
972 3407 1144 3460 tantis
1184 3406 1319 3460 facis
1352 3407 1684 3477 patrociniis
1724 3408 2003 3479 adjuvari,

308 3499 599 3571 perpetuis
631 3513 746 3552 non
789 3495 1015 3550 desinas
1057 3495 1383 3565 gubernare
1412 3496 1714 3567 praesidiis.
1760 3500 1866 3552 Per
1898 3499 2003 3552 Do-

309 3590 554 3645 minum.

1091 3674 1223 3729 XXI.

652 3780 907 3820 nonnum
946 3780 998 3818 IV
1040 3779 1165 3817 POS'r
1204 3779 1575 3817 ramacosreu
1602 3765 1647 3815 Ι).

381 3856 672 3909 Protector
711 3854 769 3906 in
809 3858 864 3906 te
911 3851 1266 3922 sperantium
1322 3853 1490 3920 Deus,
1539 3867 1639 3904 sne
1679 3867 1794 3922 quo
1860 3851 2004 3905 nihil

311 3948 395 3997 est
454 3942 728 4008 validum,
788 3941 930 3994 nihil
979 3945 1257 4007 sanctum,
1315 3940 1631 4011 multiplica
1680 3956 1853 4010 super
1906 3958 2005 3995 nos

311 4031 760 4086 misericordiam
825 4034 1004 4090 tuam,
1072 4034 1137 4083 ut
1195 4034 1250 4082 te
1304 4033 1541 4094 rectore,
1601 4034 1655 4082 te
1717 4029 1879 4097 duce,
1929 4031 2007 4084 sic

310 4126 667 4174 transeamus
714 4134 819 4188 per
872 4118 1021 4171 bona
1067 4117 1427 4187 temporalia,
1487 4122 1553 4171 ut
1601 4134 1717 4172 non
1772 4119 2005 4174 amitta-

311 4223 439 4263 mus
469 4213 703 4262 aaterna.
739 4206 864 4259 Per.

1046 4293 1279 4347 Secreta.

384 4382 642 4453 Respice,
691 4380 956 4446 Domine,
1009 4396 1251 4436 munera
1299 4381 1676 4452 supplicantis
1721 4384 2004 4453 Ecclesiaa,

314 4479 371 4527 et
398 4471 569 4527 saluti
598 4470 956 4525 credentium
996 4475 1273 4540 perpetua
1297 4471 1745 4526 sanctificatione
1778 4490 2005 4528 sumen-

312 4562 383 4616 da
412 4562 673 4616 concede.
712 4562 834 4615 Per.

864 4650 985 4702 Post
1014 4648 1464 4703 Communionem.

383 4739 587 4795 Sancta
644 4742 743 4792 tua
792 4754 919 4806 nos,
982 4737 1241 4803 Domine,
1302 4739 1534 4806 sumpta
1591 4734 1897 4800 viviﬁcent,
1956 4738 2012 4787 et

313 4827 719 4884 misericordia
768 4826 1129 4897 sempiternae
1178 4828 1512 4895 pmparent
1544 4822 1819 4894 expiatos.
1881 4824 2007 4877 Per.

912 4933 1106 5002 [Super
1129 4932 1419 5001 populum.

388 5022 727 5094 Propitiare,
776 5021 1038 5091 Domine,
1080 5020 1295 5092 populo
1343 5024 1466 5087 tuo,
1516 5023 1571 5073 et
1618 5019 1689 5073 ab
1741 5019 2013 5073 omnibus

386 5207 556 5260 ltHoc
620 5204 873 5259 officium
944 5203 1037 5257 hic
1098 5201 1479 5256 omittendum
1563 5204 1618 5253 et
1696 5199 1755 5254 in
1820 5205 2011 5253 octava

318 5279 677 5333 Pentescotes
715 5274 1043 5345 ponendum
1076 5275 1302 5345 videtur
1341 5288 1408 5326 eo
1452 5272 1613 5345 quod
1646 5271 2013 5345 superfluum

320 5364 439 5400 esse
494 5352 649 5417 patet
702 5342 943 5399 numero
974 5416 981 5417 ί
1010 5343 1212 5413 viginti
1236 5414 1248 5417 Α
1276 5342 1525 5414 quatuor
1560 5342 2013 5417 _Dominicarum

319 5433 449 5471 cum
496 5412 731 5469 'constet
785 5416 988 5485 viginti
1049 5412 1163 5467 tres
1219 5412 1496 5467 duntaxat
1557 5412 1887 5485 Dominicas
1954 5413 2014 5465 in

319 5487 555 5557 Antiph.
602 5490 657 5557 et
700 5484 951 5557 Sacram,
1017 5484 1326 5557 ordinatas,
1374 5484 1692 5553 praesertim
1750 5498 1879 5536 cum
1927 5498 2016 5535 ea-

321 5554 731 5612 dem'inculcet
760 5556 967 5608 Microl.
1000 5570 1047 5607 c.
1082 5556 1169 5605 6t.

1442 285 1775 340 GRIMALDI
1817 282 2325 339 SANGALLENSIS
2364 282 2663 338 ABBATIS
3709 288 3781 338 808

2040 420 2086 473 Α
2117 418 2279 471 illum
2310 419 2537 472 absolve
2573 418 2845 489 peccatis;
2893 422 2974 483 ut,
3029 420 3181 489 quod
3224 419 3439 473 nostris
3484 418 3781 472 offensioni

2112 508 2217 561 bus
2268 524 2689 578 promeremur,
2748 512 2847 561 tua
2906 508 3265 579 indulgentia
3320 509 3656 578 repellatur.
3710 510 3819 562 Per:

2116 597 2472 666 Dominum.]

2505 808 2760 845 DOMINICA
2796 808 2826 843 Υ
2864 808 2985 844 POST
3024 807 3420 844 PENTECOSTEN.

2186 897 2263 950 Da
2289 897 2473 961 nobis,
2509 897 2769 963 Domine,
2804 912 3156 967 quaesumus,
3187 901 3253 949 ut
3291 900 3349 949 et
3378 896 3591 950 mundi
3622 913 3793 948 cursus

2111 984 2347 1056 paciﬁce
2386 986 2550 1038 nobis
2581 990 2678 1038 tuo
2720 985 2923 1038 ordine
2972 984 3276 1053 dirigatur,
3317 989 3373 1037 et
3413 985 3663 1039 Ecclesia
3715 990 3793 1035 tua

2112 1073 2423 1143 tranquilla
2455 1072 2752 1126 devotione
2784 1073 3029 1126 laetetur.

2844 1179 3078 1233 Secreta.

2185 1265 2599 1331 Oblationibus,
2647 1282 3003 1336 quaesumus,
3050 1266 3309 1331 Domine,
3351 1266 3579 1335 placate
3629 1282 3794 1316 susce-

2112 1355 2245 1427 ptis,
2279 1361 2331 1408 et
2363 1356 2432 1409 ad
2462 1360 2517 1408 te
2552 1362 2776 1409 nostras
2807 1356 2975 1409 etiam
3023 1356 3267 1409 rebelles
3310 1355 3597 1424 compelle
3640 1354 3801 1423 propi-

2112 1438 2222 1491 tius
2254 1441 2595 1495 voluntates.
2630 1444 2735 1496 Per
2766 1443 3075 1497 Dominum
3109 1448 3386 1497 nostrum.

2658 1552 2783 1603 Post
2817 1552 3266 1606 Communionem.

2182 1635 2441 1704 Mysteria
2502 1653 2626 1702 nos,
2680 1639 2941 1703 Domine,
3003 1644 3197 1690 sancta
3242 1636 3549 1706 purificent
3616 1642 3671 1689 et
3714 1653 3798 1689 suo

2046 1717 2085 1771 Β
2121 1740 2355 1778 munere
2388 1731 2673 1781 tueantur.
2710 1729 2816 1780 Per
2842 1727 3169 1781 Dominum.

2718 1833 2892 1899 Super
2917 1832 3196 1899 populum.

2184 1917 2409 1980 Adesto,
2452 1918 2711 1983 Domine,
2756 1920 2966 1989 populo
3010 1925 3128 1985 tuo,
3164 1922 3219 1971 et
3262 1918 3404 1971 nihil
3433 1918 3503 1971 de
3537 1935 3643 1974 sua
3676 1935 3800 1971 con-

2116 2007 2351 2059 scientia
2417 2008 2806 2076 przrsumcnti,
2890 2007 3166 2060 ineffabili
3248 2007 3623 2060 miseratione
3692 2023 3802 2058 suc-

2115 2111 2308 2159 curre;
2358 2099 2438 2157 ut,
2485 2096 2635 2163 quod
2696 2111 2810 2147 non
2852 2095 3022 2148 habet
3062 2095 3270 2148 fiducia
3314 2096 3677 2159 meritorum,
3722 2101 3805 2146 tua

2114 2180 2367 2235 conferat
2398 2183 2629 2252 largitas
2664 2183 2873 2237 invicta
2905 2184 3208 2238 donorum.
3246 2185 3352 2238 Per
3387 2182 3739 2253 Dominum]

2871 2308 3051 2361 XXIII.

2489 2428 2747 2466 DOMINICA
2787 2430 2839 2466 VI
2880 2429 3007 2467 POST
3046 2428 3433 2466 PENTECOSTBN.

2186 2526 2204 2551 ε
2237 2520 2405 2579 Deus,
2439 2519 2539 2588 qui
2568 2520 2941 2589 diligentibus
2972 2524 3026 2572 te
3065 2519 3214 2573 bona
3244 2518 3555 2572 invisibilia
3585 2534 3805 2587 praepa-

2115 2607 2272 2669 rasti,
2304 2607 2541 2661 infunde
2580 2608 2847 2661 cordibus
2886 2608 3092 2661 nostris
3132 2609 3216 2661 tui
3255 2609 3472 2661 amoris
3518 2609 3796 2663 affectum.

2115 2701 2177 2749 ut
2206 2700 2260 2749 te
2286 2696 2343 2749 in
2376 2697 2644 2750 omnibus
2674 2703 2731 2751 et
2760 2714 2932 2766 super
2962 2698 3157 2751 omnia
3191 2697 3515 2766 diligentes,
3554 2699 3797 2768 promis-

2116 2786 2305 2839 siones
2345 2790 2471 2839 tuas
2501 2802 2627 2855 quae
2667 2803 2838 2841 omne
2884 2786 3236 2841 desiderium
3274 2792 3572 2855 superant,
3606 2802 3797 2839 conse-

2116 2889 2381 2946 quamur.
2416 2875 2522 2927 Per
2552 2875 2885 2929 Dominum.

2845 2982 3079 3035 Secreta.

2186 3067 2525 3137 Propitiare,
2586 3067 2849 3133 Domine,
2906 3063 3424 3138 supplicationibus
3475 3068 3698 3131 nostris,
3756 3071 3803 3119 et

2115 3156 2219 3210 has
2248 3156 2564 3209 oblationes
2597 3156 2941 3210 famulorum
2975 3157 3438 3227 famularumque
3462 3162 3689 3210 tuarum
3714 3156 3802 3208 be-

2116 3245 2320 3315 nignus
2353 3261 2595 3310 assume,
2629 3250 2691 3298 ut
2723 3246 2877 3315 quod
2912 3246 3120 3314 singuli
3151 3246 3501 3312 jobtulerunt
3529 3246 3601 3300 ad
3634 3246 3803 3299 hono-

2114 3349 2235 3388 rem
2281 3333 2531 3386 nominis
2570 3334 2673 3400 tui,
2711 3334 2928 3387 cunctis
2963 3334 3223 3404 proﬁciat
3271 3334 3341 3388 ad
3383 3334 3648 3388 salutem.
3687 3336 3800 3387 Per.

2659 3443 2782 3497 Post
2811 3442 3269 3497 Communionem.

2186 3530 2338 3593 Quos
2367 3528 2601 3590 ccelesti,
2638 3530 2900 3595 Domine,
2936 3529 3087 3584 dono
3117 3528 3356 3595 satiasti,
3391 3535 3618 3599 praesta.
3653 3545 3799 3599 qua?-

2114 3624 2335 3676 sumus,
2376 3612 2439 3661 ut
2483 3624 2516 3661 a
2558 3608 2766 3661 nostris
2805 3609 3155 3663 mundemur
3208 3609 3467 3675 occultis,
3512 3615 3570 3661 et
3609 3609 3681 3661 ab
3711 3609 3801 3661 ho-

2116 3697 2287 3751 stium
2321 3696 2636 3751 liberemur
2665 3697 2913 3750 insidiis.
2947 3699 3073 3751 Per.

2712 3786 2906 3856 [Super
2932 3787 3211 3855 populum.

2188 3876 2267 3929 Da
2305 3891 2655 3947 qumsumus,
2707 3875 2965 3939 Domine,
2997 3875 3216 3943 populo
3258 3879 3357 3927 tuo
3406 3877 3661 3927 mentem
3705 3888 3809 3941 qua

2114 3964 2218 4018 tibi
2262 3965 2500 4019 devotus
2553 3965 2780 4029 existat;
2822 3967 2877 4016 et
2929 3962 3306 4025 intellectum,
3360 3979 3474 4032 quo
3509 3964 3667 4032 justa
3709 3963 3803 4013 de-

2114 4058 2339 4123 poscat;
2391 4059 2447 4107 et
2478 4051 2947 4123 propitiationem
2992 4068 3173 4118 suam,
3209 4068 3323 4122 qua
3367 4051 3458 4122 pie
3488 4052 3809 4105 desideran-

2115 4141 2267 4195 tibus
2297 4141 2595 4212 profutura
2623 4139 2906 4210 perficias.
2941 4140 3049 4193 Per
3079 4140 3427 4209 Dominum]

2871 4265 3055 4319 XXIV.

2486 4387 2741 4427 DO‘MINICA
2780 4388 2855 4425 VII
2898 4386 3028 4426 POST
3066 4387 3461 4426 PENTECOSTEN.

2191 4479 2337 4532 Deus
2393 4476 2689 4543 virtutum,
2734 4479 2894 4547 cujus
2932 4482 3017 4531 est
3074 4481 3259 4531 totum
3311 4476 3464 4547 quod
3525 4481 3611 4529 est
3668 4477 3812 4547 opti-

2116 4583 2298 4632 mum,
2340 4566 2526 4620 insere
2573 4566 2900 4637 pectoribus
2945 4566 3156 4620 nostris
3196 4581 3454 4620 amorem
3496 4565 3582 4618 tui
3628 4565 3810 4619 nomi-

2119 4656 2226 4723 nis,
2263 4661 2321 4709 et
2372 4659 2582 4725 praesta
2633 4655 2692 4707 in
2742 4654 2905 4708 nobis
2948 4654 3251 4725 religionis
3291 4659 3696 4722 augmentum.
3740 4660 3817 4719 ut,

2120 4760 2249 4816 quae
2293 4748 2427 4797 sunt
2483 4748 2649 4810 bona,
2697 4742 2938 4806 nutrias,
2994 4758 3057 4796 ac
3104 4742 3363 4812 vigilanti
3419 4742 3650 4809 studio,
3697 4759 3818 4814 quae

2120 4838 2253 4888 sunt
2288 4831 2519 4894 nutrita,
2554 4831 2855 4884 custodias.
2892 4832 3018 4884 Per.

2852 4938 3084 4991 Secreta.

2192 5024 2526 5094 Propitiare,
2583 5024 2847 5091 Domine,
2900 5021 3416 5094 supplicationibus
3478 5025 3714 5090 nostris,
3770 5029 3820 5077 et

2194 5204 2218 5245 b
2250 5202 2583 5271 Legendum
2631 5205 2820 5272 puto:
2874 5204 3081 5256 Domin.
3132 5203 3234 5269 111,
3268 5206 3391 5271 post
3438 5207 3545 5256 oct.
3596 5204 3819 5263 Ρεηιεε..

2122 5277 2177 5326 et
2202 5273 2577 5326 conformiter
2610 5272 2665 5325 in
2701 5288 2822 5344 seq.

2193 5352 2213 5377 ο
2241 5344 2618 5398 Concordiam
2661 5342 2834 5414 hujus
2874 5342 3047 5397 officii
3096 5360 3225 5397 cum
3270 5344 3398 5397 lect.
3445 5343 3756 5397 Dominicze
3788 5343 3822 5391 ν

2123 5420 2254 5482 post
2281 5420 2389 5467 oet.
2421 5416 2582 5469 Pent.
2617 5414 2741 5469 vide
2773 5416 2925 5485 apud
2962 5416 3148 5480 Bern.,
3175 5416 3212 5467 Ι.
3246 5415 3313 5467 de
3343 5414 3552 5480 Missa,
3588 5432 3637 5468 c.
3672 5419 3722 5469 5.
