3868 6228
24 312 137 363 809

29 534 245 586 nullius
282 534 357 588 sit
386 535 619 589 irritum
647 543 836 591 votum
863 545 918 592 et
941 541 1152 595 nullius
1191 560 1367 598 vacua
1388 548 1722 616 postulatio,

24 630 233 691 priesta
264 628 327 676 ut
383 625 541 694 quod
593 624 842 679 ﬁdeliter
876 629 1147 697 petimus,
1181 632 1485 687 efficaciter
1525 652 1722 689 conse-

25 726 294 778 quamur.
329 712 457 766 Per.

584 800 709 853 Post
730 801 1181 858 Communionem.

103 910 323 979 Repleti
351 927 574 977 sumus,
634 914 895 979 Domine,
934 917 1270 971 muneribus
1322 921 1465 987 tuis;
1512 922 1721 989 tribue,

28 1014 378 1067 quaesumus,
415 1005 479 1052 ut
509 1016 709 1054 eorum
755 1007 809 1055 et
860 1004 1209 1058 Inundemur
1247 1007 1468 1073 effectu,
1505 1018 1561 1064 et
1590 1028 1723 1066 mu—

30 1086 258 1138 niamur
285 1088 527 1142 auxilio.
567 1090 672 1142 Per
692 1090 1000 1145 Dominum
1024 1099 1304 1147 nostrum.

630 1203 832 1275 [Super
855 1208 1133 1274 populum.

100 1310 362 1376 Absolve,
405 1325 755 1379 quaesumus,
803 1311 1067 1380 Domine,
1097 1314 1307 1368 delicta
1337 1319 1719 1386 populorum;

30 1400 85 1446 et
114 1411 145 1447 a
176 1401 540 1464 peccatorum
564 1402 889 1450 nostrorum
938 1399 1198 1467 nexibus,
1233 1418 1357 1471 quae
1388 1419 1491 1473 pro
1526 1412 1723 1459 nostra

34 1484 339 1552 fragilitate
360 1485 768 1551 contraximus,
798 1492 895 1539 tua
921 1486 1273 1558 benignitate
1303 1490 1632 1546 liberemur.

34 1572 137 1624 Per
163 1572 524 1641 Dominum.]

790 1662 933 1715 XXV.

391 1791 652 1827 DOIINICA
692 1791 787 1829 VIII
823 1792 947 1829 POST
974 1794 1363 1832 PENTECOSTEN.

100 1897 122 1919 ⁸
154 1889 322 1951 Deus,
356 1890 520 1958 cujus
564 1890 922 1960 providentia
964 1892 1024 1945 in
1069 1893 1157 1946 sui
1188 1894 1563 1964 dispositione
1606 1914 1721 1951 non

34 1976 260 2041 fallitur,
292 1982 349 2030 te
380 1979 666 2047 supplices
699 1995 1023 2047 exoramus,
1060 1986 1121 2035 ut
1153 1982 1321 2036 noxia
1350 1989 1552 2037 cuncta
1586 1986 1718 2039 sub-

36 2079 273 2129 moveas,
328 2069 383 2119 et
424 2067 620 2119 omnia
679 2066 839 2120 nobis
902 2068 1203 2138 profutura
1249 2072 1542 2125 concedas.
1614 2074 1721 2126 Per

42 2151 361 2206 Dominum.

761 2244 993 2297 Secreta.

104 2356 262 2421 Deus,
299 2354 400 2424 qui
454 2354 724 2424 legalium
756 2356 1139 2411 differentiam
1172 2359 1491 2414 hostiarum
1544 2362 1717 2415 unius

40 2439 290 2493 sacriﬁcii
336 2440 690 2510 perfectione
739 2443 998 2507 sanxisti,
1052 2444 1242 2514 accipe
1298 2447 1636 2501 sacriﬁcium
1689 2465 1719 2500 a

39 2527 237 2579 devotis
263 2526 369 2580 tibi
400 2527 653 2591 famulis,
686 2534 741 2580 et
790 2529 913 2598 pari
961 2531 1382 2597 benedictione,
1416 2534 1559 2587 sicut
1589 2551 1713 2588 mu-

41 2632 163 2668 nera
192 2615 352 2682 Abel,
406 2616 711 2677 sanctiﬁca,
762 2623 824 2669 ut
845 2617 1001 2686 quod
1032 2619 1245 2688 singuli
1278 2622 1613 2677 obtulerunt
1646 2625 1713 2678 ad

44 2704 335 2771 majestatis
364 2709 479 2756 tum.
528 2703 831 2767 honorem,
871 2706 1090 2757 cunctis
1139 2707 1403 2775 proﬁciat
1444 2708 1514 2761 ad
1568 2710 1713 2763 salu-

40 2796 159 2842 tem.
195 2792 315 2844 Per.

567 2881 693 2933 Post
721 2880 1174 2935 Communionem.

100 2995 167 3046 Tu
230 2994 413 3060 nobis,
482 2992 748 3059 Domine,
815 2994 1143 3047 communio
1215 3000 1577 3066 sacramenti,
1656 3008 1710 3055 et

45 3081 479 3149 puriﬁcationem
507 3082 783 3147 conferat,
818 3089 871 3136 et
896 3083 1111 3137 tribuat
1143 3085 1443 3140 unitatem.
1480 3088 1603 3142 Per.

610 3196 809 3268 [Super
836 3198 1117 3266 populum.

99 3304 315 3364 Adesto.
358 3303 626 3367 Domine,
668 3304 895 3373 populis
925 3303 1059 3371 tuis,
1088 3310 1216 3371 etc.,
1273 3312 1332 3360 ut
1360 3324 1530 3378 supra
1571 3314 1711 3366 inter

44 3396 163 3443 orat.
190 3388 446 3459 quotid.].

780 3486 959 3541 XXVI.

391 3607 648 3645 DOMINICA
692 3608 743 3644 IX
786 3608 912 3645 POST
952 3608 1340 3648 PENTECOSTEN.

99 3707 314 3778 Largire
353 3706 543 3771 nobis,
590 3706 855 3772 Domine,
889 3723 1235 3777 quazsumus,
1272 3726 1498 3781 semper
1540 3712 1705 3782 spiri-

48 3802 143 3849 tum
170 3795 463 3865 cogitandi
499 3810 625 3863 quae
677 3800 831 3847 recta
860 3800 1015 3861 sunt,
1046 3797 1351 3866 propitius,
1379 3803 1435 3851 et
1474 3801 1701 3869 agendi,

46 3891 89 3936 ut
116 3886 206 3955 qui
235 3886 357 3938 sine
380 3890 439 3937 te
472 3899 593 3936 esse
620 3898 735 3936 non
759 3899 1080 3952 possumus,
1113 3886 1426 3940 secundum
1448 3892 1501 3941 te
1518 3888 1705 3943 vivere

44 3974 318 4028 valeamus.
350 3974 460 4026 Per
488 3971 822 4026 Dominum.

733 4104 953 4157 Secreta
965 4146 977 4157 .

97 4221 316 4291 Suscipe
348 4235 611 4284 munera,
655 4233 1008 4288 quaesumus.
1044 4217 1304 4286 Domine,
1338 4236 1466 4290 quae
1500 4222 1604 4275 tibi
1636 4224 1705 4276 de

1332 322 1543 376 LIBER
1583 324 2220 383 SACRAMENTORUM.

26 445 135 497 has
166 446 360 515 populi
408 449 496 501 tui
551 448 869 504 oblationes
918 452 1204 524 benignus
1262 472 1507 523 assume,
1560 465 1613 513 et
1666 466 1726 515 ut
1764 462 1811 515 Α

3426 344 3527 395 810

2226 587 2482 626 DOMINICA
2513 590 2545 626 Χ
2585 592 2710 628 POST
2749 593 3128 633 PENTECOSTEN.

1908 675 2144 729 Pateant
2192 692 2355 729 aures
2401 678 2805 733 misericordiae
2859 687 2991 747 tuae,
3038 684 3296 749 Domine,
3342 687 3522 756 preci-

1834 762 1939 814 bus
1970 764 2437 832 supplicantium,
2481 772 2538 818 et
2570 772 2634 818 ut
2663 767 2986 834 petentibus
3028 769 3345 825 desiderata
3386 790 3517 827 con-

1833 850 2019 915 cedas,
2088 852 2173 904 fac
2232 852 2336 906 tibi
2384 870 2501 917 eos,
2547 869 2896 922 qumsumus,
2957 857 3163 924 placita
3207 862 3519 928 postulare.

1835 940 1955 991 Per.

2560 1015 2793 1067 Secreta.

1904 1114 2163 1167 Concede
2194 1115 2359 1168 nobis
2398 1117 2537 1183 haec,
2571 1133 2922 1187 quaesumus,
2951 1120 3215 1188 Domine,
3249 1123 3516 1193 frequen-

1834 1205 1950 1254 tare
1983 1203 2272 1271 mysterio,
2308 1204 2441 1273 quia
2472 1205 2700 1273 quoties
2724 1206 2893 1273 hujus
2928 1207 3127 1261 hostiae
3172 1225 3523 1266 commemo-

1833 1288 1974 1341 ratio
2004 1290 2341 1357 celebratur,
2374 1308 2519 1361 opus
2563 1298 2775 1346 nostra:
2827 1294 3242 1365 redemptionis
3292 1316 3518 1354 exerce-

1834 1381 1944 1428 tur.
1974 1379 2079 1431 Per
2111 1379 2439 1433 Dominum.

2372 1488 2497 1540 Post
2524 1487 2971 1543 Communionem.

1900 1587 2037 1650 Tua,
2099 1602 2228 1651 nos,
2293 1589 2557 1657 Domine,
2610 1592 2967 1645 medicinalis
3024 1596 3301 1665 Operatio,
3377 1606 3431 1652 et
3492 1616 3523 1652 a

1831 1675 2040 1727 nostris
2074 1676 2543 1744 perversitatibus
2597 1679 2910 1734 clementer
2939 1684 3226 1753 expediat,
3259 1693 3310 1739 et
3345 1688 3411 1740 ad
3457 1705 3523 1741 ea

1765 1752 1804 1804 Β
1834 1779 1962 1833 quae
1994 1770 2125 1816 sunt
2154 1770 2326 1830 recta,
2361 1767 2657 1835 perducat.
2696 1770 2800 1821 Per
2833 1752 3163 1825 Dominum.

2595 1871 2765 1943 [Αῑὶα.

1901 1974 2004 2027 Tui
2047 1974 2231 2039 nobis,
2289 1977 2548 2042 Domine,
2582 1980 2913 2034 communio
2943 1984 3304 2047 sacramenti,
3339 1991 3394 2038 et
3424 2002 3523 2056 pu-

1831 2063 2210 2117 riﬁcationem
2242 2066 2519 2133 conferat,
2549 2072 2605 2120 et
2638 2068 2854 2123 tribuat
2883 2070 3180 2126 unitatem.
3244 2074 3351 2127 Per
3404 2075 3517 2129 Do-

1831 2150 2101 2221 minum.)

2428 2222 2621 2295 [Super
2647 2228 2928 2294 populum.

1902 2328 2156 2398 Respice,
2196 2329 2457 2395 Domine,
2490 2332 2792 2401 propitius,
2826 2338 2953 2399 etc.,
2988 2341 3047 2388 ut
3067 2339 3276 2404 supra.l

2561 2457 2791 2511 XXVIII.

2198 2576 2452 2614 DOMINICA
2492 2578 2540 2614 XI
2594 2578 2717 2617 POST
2760 2580 3143 2619 PENTECOSTEN.

1897 2666 1920 2703 b
1949 2663 2118 2728 Deus,
2155 2666 2251 2734 qui
2276 2665 2753 2733 omnipotentiam
2772 2673 2927 2722 tuam
2952 2672 3234 2739 parcendo
3270 2675 3514 2729 maxime

1824 2754 1879 2802 et
1908 2752 2233 2806 miserando
2266 2754 2615 2821 manifestas,
2651 2756 2967 2826 multiplica
3003 2775 3176 2828 super
3206 2776 3310 2813 nos
3343 2762 3512 2817 mise-

1822 2836 2127 2892 ricordiam
2199 2846 2379 2907 tuam,
2443 2846 2505 2894 ut
2571 2842 2640 2895 ad
2705 2848 2802 2896 tua
2857 2846 3139 2913 promissa
3196 2856 3511 2916 currentes,

1823 2927 2138 2980 caelestium
2170 2928 2341 2981 facias
2363 2945 2483 2981 esse
2506 2935 2821 2987 consortes.
2851 2933 2973 2986 Per.

2552 3037 2784 3091 Secreta.

1895 3138 2043 3203 Tibi,
2089 3140 2349 3201 Domine,
2382 3141 2658 3196 sacriﬁcia
2686 3144 2836 3198 dicta
2878 3146 3220 3214 reddantur;
3255 3166 3384 3219 qua:
3431 3152 3509 3205 sic

1821 3226 1890 3279 ad
1950 3228 2230 3281 honorem
2287 3229 2541 3283 nominis
2593 3231 2677 3285 tui
2736 3234 3045 3288 deferenda
3104 3236 3374 3305 tribuisti,
3446 3245 3510 3293 ut

1821 3316 2019 3369 eadem
2048 3317 2304 3371 remedia
2334 3318 2461 3371 ﬁeri
2493 3325 2685 3373 nostra
2715 3327 3034 3391 praestares.
3063 3325 3189 3379 Per.

2360 3426 2487 3477 Post
2525 3425 2975 3481 Communionem.

1888 3510 2246 3577 Quaesumus,
2300 3511 2541 3565 Domine
2592 3514 2741 3566 Deus
2783 3521 2997 3583 noster,
3056 3521 3119 3569 ut
3172 3534 3315 3587 quos
3361 3521 3497 3574 divi-

1818 3596 1907 3650 nis
1937 3614 2207 3668 reparare
2235 3615 2347 3652 non
2386 3599 2596 3652 desinis
2626 3602 3013 3668 sacramentis,
3045 3604 3157 3657 tuis
3188 3622 3303 3659 non
3332 3607 3506 3662 desti-

1816 3690 1944 3739 tuas
1972 3687 2258 3757 benignus
2291 3687 2537 3740 auxiliis.
2574 3689 2682 3742 Per
2714 3690 3040 3744 Dominum.

2412 3793 2609 3861 [Super
2630 3796 2919 3863 populum.

1889 3880 2101 3935 Fideles
2131 3886 2276 3946 tuos,
2316 3882 2576 3948 Domine,
2610 3888 2759 3937 etc...
2789 3889 2850 3937 ut
2877 3884 3089 3953 supra]

2574 4006 2745 4061 XXIX.

2173 4126 2429 4163 DOIINICA
2472 4129 2541 4165 XII
2587 4128 2708 4165 POST
2758 4130 3149 4169 PENTECOSTEN.

1885 4223 1904 4245 ‘
1962 4213 2343 4282 Omnipotens
2414 4217 2759 4286 sempiterno
2800 4218 2970 4285 Deus,
3011 4218 3109 4288 qui
3157 4218 3507 4274 abundantia

48 4313 121 4362 tua
154 4310 412 4379 largitate
464 4307 798 4371 deferimus,
837 4311 891 4360 ει
929 4307 1052 4359 haec
1096 4313 1452 4362 sacrosancta
1504 4315 1706 4379 myste-
1748 4336 1789 4389 Β
1817 4301 2049 4371 pietatis
2091 4307 2203 4355 tum
2246 4306 2304 4354 et
2370 4304 2575 4357 merita
2621 4304 2942 4375 supplicum
2992 4306 3214 4360 excedis
3257 4313 3313 4360 et
3360 4316 3505 4377 vota,

46 4398 125 4461 ria,
154 4398 344 4468 gratia
384 4402 499 4449 tua:
534 4400 811 4466 operante
851 4395 1079 4463 virtute,
1114 4396 1411 4465 praesentis
1443 4396 1571 4451 vita;
1606 4415 1708 4452 nos

48 4486 445 4540 conversatione
497 4484 853 4538 sanctiﬁcent
893 4488 949 4537 et
979 4483 1050 4537 ad
1104 4484 1312 4554 gaudia
1361 4486 1711 4555 sempiterna

50 4576 345 4641 perducant.
382 4576 491 4628 Per
504 4616 517 4627 .

556 4670 691 4723 Post
720 4669 1169 4725 Communionem.

106 4786 175 4839 Sit
209 4786 385 4851 nobis,
434 4785 701 4848 Domine,
756 4784 1045 4853 reparatio
1091 4786 1301 4837 mentis
1350 4790 1406 4838 et
1455 4787 1708 4855 corporis

52 4875 236 4928 caeleste
257 4874 622 4944 mysterium,
661 4877 723 4925 ut
772 4874 936 4941 cujus
984 4872 1353 4942 exsequimur
1401 4873 1705 4940 actionem,

53 4963 321 5017 sentiamus
351 4961 646 5015 effectum.
681 4961 809 5014 Per.

598 5075 794 5144 [Super
821 5076 1099 5143 populum.

106 5181 556 5236 Benedictionem
588 5185 769 5243 tuam,
802 5186 932 5247 etc.,
957 5186 1016 5234 ut
1040 5196 1211 5250 supra
1245 5183 1352 5235 loco
1377 5183 1584 5247 citato]

106 5356 306 5423 ‘tlujus
379 5370 617 5425 quoque
656 5354 1021 5425 concordiam
1071 5369 1201 5407 cum
1243 5354 1368 5407 lect.
1419 5358 1474 5407 et
1522 5354 1706 5407 otl'ert.

59 5424 323 5549 Doginiczle
358 5426 634 5549 Vléipost
687 5424 807 5478 Oct.
851 5427 1007 5478 Pent.
1043 5425 1171 5477 vide
1219 5426 1368 5493 apud
1420 5426 1710 5489 eumdem,

63 5502 102 5545 et
170 5514 272 5550 icro
303 5541 314 5550 .
347 5513 395 5550 c.

112 5568 315 5620 hEtiam
347 5568 525 5636 hujus
577 5564 945 5619 concordiam
1004 5581 1132 5617 cum
1181 5565 1485 5633 Evangelia
1519 5563 1709 5617 Domi-

367 5658 650 5720 Puuon.
706 5655 909 5718 CXXI.

1818 4390 2045 4444 effunde
2076 4406 2251 4460 super
2296 4407 2397 4444 nos
2448 4392 2899 4447 misericordiam
2956 4399 3133 4461 tuam,
3166 4402 3228 4449 ut
3261 4397 3509 4451 dimittas

1818 4494 1946 4548 quae
1996 4480 2345 4533 conscientia
2394 4482 2623 4547 metuit,
2676 4487 2732 4535 et
2779 4482 3015 4551 adjicias
3064 4486 3212 4554 quod
3254 4486 3507 4540 oratione

1820 4582 1930 4619 non
1963 4567 2279 4636 praesumit.
2317 4570 2439 4621 Per.

2543 4640 2773 4694 Secreta.

1890 4724 2146 4794 Respice,
2208 4726 2467 4789 Domine,
2518 4743 2873 4796 quaesumus,
2920 4734 3171 4782 nostram
3224 4732 3509 4801 propitius

1819 4813 2168 4873 servitutem.
2202 4818 2260 4866 ut
2291 4812 2437 4882 quod
2492 4814 2808 4877 otferimus,
2848 4814 2919 4865 sit
2950 4814 3051 4866 tibi
3102 4831 3311 4871 munus
3353 4834 3507 4871 acce-

1817 4906 2005 4971 ptum,
2037 4902 2109 4955 sit
2142 4906 2347 4954 nostrae
2374 4900 2669 4969 fragilitati
2701 4900 3035 4954 subsidium.
3072 4902 3192 4957 Per.

2356 5005 2482 5057 Post
2510 5004 2959 5059 Communionem.

1897 5093 2251 5157 Sentiamus,
2285 5090 2550 5157 Domine,
2599 5107 2948 5161 quaesumus,
3006 5092 3089 5143 tui
3140 5096 3508 5163 perceptione

1824 5180 2169 5235 sacramenti
2202 5178 2516 5231 subsidium
2551 5179 2754 5231 mentis
2782 5183 2837 5231 et
2870 5179 3142 5248 corporis,
3175 5186 3237 5234 ut
3266 5181 3325 5235 in
3359 5188 3510 5235 utro-

1820 5353 1961 5406 nicze
1989 5354 2029 5405 X
2061 5352 2358 5421 postocta.
2398 5350 2557 5404 Pent.
2592 5350 2719 5404 vide
2751 5352 2901 5421 apud
2938 5353 3225 5407 eumdem.

1890 5434 1912 5458 ο
1962 5423 2053 5497 S_ic
2092 5426 2147 5474 et
2196 5420 2364 5488 hujus
2400 5427 2547 5497 orat.
2605 5436 2745 5497 cum
2784 5420 2931 5497 lect._
2963 5424 3241 5497 Dominic.
3286 5425 3332 5477 ll
3388 5432 3514 5497 post

1819 5498 1929 5546 oct.
1983 5494 2136 5545 Pent.
2187 5491 2553 5543 concordiam
2603 5492 2777 5545 tradit
2821 5493 3031 5547 ibidem
3083 5496 3282 5555 Berno,
3336 5491 3515 5551 et‘Mi-

1823 5564 1959 5616 crol.
1985 5580 2029 5616 c.
2068 5566 2153 5614 61.

3079 5664 3158 5717 2ίὶ
