3868 6228
370 365 465 416 8H
1511 353 1847 409 GRIMALDI
1886 352 2391 407 SANGALLENSIS
2416 352 2725 407 ,ABBATIS
3783 350 3861 399 Si!

372 506 482 560 que
514 487 734 555 salvati,
768 485 1012 541 caelestis
1061 485 1299 538 remedii
1328 484 1686 555 plenitudine
1717 484 2053 554 gloriemur.
2096 486 2140 536 A

375 579 499 632 Per.

976 662 1175 735 [Super
1202 662 1480 731 populum.

442 771 643 836 Tuere,
681 769 920 824 Domine
943 770 1226 840 populum
1259 774 1445 834 tuum,
1480 772 1609 835 etc.,
1643 772 1703 821 ut
1731 767 1947 836 supra.]

1150 910 1275 963 XXX
1288 949 1301 963 .

725 1031 980 1068 DOMINICA
1015 1030 1109 1068 χιιι
1152 1030 1276 1066 POST
1316 1026 1705 1066 ΡεΝτεεοδτεΝ.

444 1120 873 1190 ιοωυίροιθηδ
903 1125 959 1173 et
1014 1118 1337 1173 misericors
1394 1119 1558 1181 Deus,
1613 1116 1681 1169 de
1734 1114 1896 1183 cujus
1946 1129 2066 1167 mu-

375 1226 511 1264 nere
545 1210 718 1272 venit,
751 1214 815 1261 ut
845 1208 945 1261 tibi
979 1207 1296 1261 atidelibus
1317 1205 1430 1258 tuis
1466 1205 1639 1275 digne
1670 1207 1725 1256 et
1764 1201 2063 1256 laudabili—

373 1301 461 1351 ter
490 1296 789 1362 serviatur,
825 1294 1032 1357 tribue,
1062 1308 1414 1363 quaesumus,
1449 1292 1635 1355 nobis,
1700 1296 1763 1343 ut
1822 1290 1890 1344 ad
1928 1305 2060 1361 pro-

374 1383 671 1436 missiones
702 1388 827 1435 tuas
858 1382 979 1434 sine
1006 1380 1316 1434 otfensione
1347 1394 1661 1432 curramus.
1688 1378 1813 1430 Per.

1098 1490 1332 1545 Secreta.

446 1597 685 1663 Hostias,
732 1596 993 1663 Domine,
1045 1595 1328 1665 propitius
1378 1594 1634 1658 intende,
1704 1608 1845 1662 quas
1891 1590 2064 1644 sacris

374 1686 647 1739 altaribus
718 1685 1075 1745 exhibemus,
1138 1690 1202 1736 ut
1249 1683 1413 1736 nobis
1468 1681 1887 1750 indulgentiam
1948 1679 2059 1732 lar-

375 1774 600 1843 giendo,
631 1778 728 1825 tuo
757 1772 976 1825 nomini
1009 1773 1145 1825 dent
1170 1773 1476 1825 honorem.
1515 1773 1638 1823 Per.

919 1880 1041 1931 Post
1072 1877 1248 1932 Comm
1257 1878 1521 1929 unionem.

449 1984 703 2038 Viviiicet
756 1999 882 2049 nos,
931 1997 1281 2052 quas-timus,
1365 1980 1626 2044 Domine,
1680 1979 1849 2048 hujus
1896 1977 2066 2047 parti-

375 2073 579 2144 cipatio
626 2078 818 2125 sancta
866 2070 1146 2140 mysterii,
1196 2076 1250 2121 et
1307 2069 1522 2138 pariter
1568 2068 1734 2121 nobis
1781 2066 2063 2137 expiatio-

375 2178 507 2215 nem
537 2162 755 2214 tribuat
781 2165 837 2212 et
868 2159 1187 2212 munimen.
1223 2159 1347 2210 Per.

966 2262 1159 2335 [Super
1184 2262 1468 2332 populum.

445 2370 681 2440 Respice
710 2368 1019 2439 propitius,
1044 2368 1284 2421 Domine
1312 2372 1445 2432 etc.,
1476 2371 1536 2420 ut
1564 2365 1777 2439 supra.]

1136 2490 1306 2544 XXXI.

733 2613 986 2650 DOHINICA
1028 2612 1115 2648 XlV
1158 2611 1283 2649 POST
1323 2610 1705 2648 PENTECOSTEN.

447 2703 875 2773 bOmnipotens
922 2703 1271 2769 sempiterne
1335 2701 1499 2766 Deus,
1556 2700 1627 2752 da
1703 2699 1866 2753 nobis
1910 2700 2065 2766 ﬁdei,

377 2794 498 2863 spei
527 2798 582 2847 et
612 2790 902 2845 charitatis
928 2799 1343 2859 augmentum;
1401 2794 1457 2841 et
1514 2794 1573 2841 ut
1615 2804 1935 2841 mereamur
1980 2805 2065 2842 as-

377 2882 539 2951 sequi
582 2881 735 2950 quod
788 2879 1097 2949 promittis,
1144 2876 1229 2930 iac
1278 2893 1383 2929 nos
1426 2892 1617 2929 amare
1670 2878 1822 2946 quod
1866 2878 2065 2947 praeci-

378 2971 483 3040 pis.
518 2972 639 3023 Per.
1353 2965 1359 2971 ’

1104 3056 1336 3109 Secreta.

452 3160 787 3230 Propitiare,
825 3158 1084 3224 Domine,
1117 3159 1332 3227 populo
1368 3162 1490 3222 tuo,
1520 3156 1831 3227 propitiare
1862 3174 2063 3212 mune-

380 3251 557 3315 ribus,
610 3256 673 3301 ut
722 3249 825 3301 hac
879 3246 1166 3300 oblatione
1212 3245 1483 3315 placatus,
1547 3252 1605 3298 et.
1644 3247 2063 3315 indulgentiam

380 3339 542 3392 nobis
595 3337 832 3401 tribuas,
886 3340 940 3388 et
994 3336 1283 3403 postulata
1340 3334 1633 3387 concedas.
1695 3335 1801 3387 Per
1872 3337 2063 3389 Domi-

381 3442 540 3479 num.

917 3504 1043 3556 Post
1070 3500 1526 3556 Communionem.

450 3610 728 3681 Sumptis,
774 3610 1035 3673 Domine,
1079 3606 1399 3661 coelestibus
1438 3606 1827 3673 sacramentis,
1863 3607 1934 3660 ad
1985 3623 2069 3661 re-

378 3700 724 3771 demptionis
770 3703 1016 3757 aeternae,
1089 3712 1440 3766 quaesumus,
1508 3695 1875 3765 proficiamus
1923 3712 2062 3766 aug-

380 3797 662 3843 mentum.
698 3788 824 3840 Per.

983 3853 1175 3926 [Super
1192 3857 1474 3923 populum.

451 3965 739 4032 Protegat,
772 3961 1013 4014 Domine
1042 3976 1395 4030 quaesumus,
1425 3964 1557 4026 etc.,
1587 3964 1647 4013 ut
1670 3959 1886 4028 supra.]

746 4202 1005 4240 DOMINICA
1041 4202 1110 4239 XV
1150 4202 1279 4240 POST
1318 4203 1695 4242 PENTECOSTEN.

452 4290 701 4356 Custodi,
780 4292 1036 4355 Domine,
1111 4307 1462 4361 quaesumus,

377 4380 788 4450 propitiatione
848 4386 1143 4449 perpetua,
1187 4386 1243 4432 et
1273 4381 1404 4450 quia
1438 4382 1559 4435 sine
1600 4388 1653 4434 te
1688 4383 1895 4435 labitur
1936 4383 2064 4435 uni-

376 4482 536 4520 versa
569 4467 909 4532 mortalitas,
950 4467 1064 4519 tuis
1094 4484 1321 4536 semper
1378 4470 1601 4521 auxiliis
1644 4470 2004 4524 abstrahatur
2033 4486 2065 4523 a

375 4556 584 4624 noxiis,
611 4561 666 4608 et
691 4556 759 4608 ad
796 4556 1070 4608 salutaria
1108 4556 1410 4623 dirigatur.
1440 4557 1565 4611 Per.

1105 4664 1345 4716 Secreta.

443 4767 703 4822 Concede
734 4767 920 4830 nobis,
951 4768 1208 4833 Domine,
1243 4783 1597 4837 quaesumus,
1634 4773 1697 4821 ut
1727 4770 1847 4822 haec
1878 4770 2066 4824 hostia

373 4856 655 4921 salutaris,
687 4863 742 4909 et
771 4862 1098 4909 nostrorum
1135 4856 1234 4909 liat
1273 4856 1543 4925 purgatio
1597 4858 1957 4925 delictorum,
2012 4863 2068 4912 et

372 4948 484 4997 tua:
510 4945 845 5013 propitiatio
878 4944 1189 5013 potestatis.
1230 4945 1335 4996 Per
1378 4943 1709 4997 Dominum.

919 5049 1048 5101 Post
1077 5049 1527 5103 Communionem.

440 5134 753 5187 Puriticent
809 5151 1038 5203 semper
1096 5141 1152 5188 et
1219 5136 1483 5188 muniant
1551 5140 1649 5188 tua
1706 5140 2062 5189 sacramenta

368 5236 493 5287 nos,
533 5223 697 5288 Deus,
732 5229 787 5275 et
836 5223 905 5276 ad
955 5230 1249 5293 perpetuas
1297 5224 1507 5277 ducant
1548 5225 1879 5278 salvationis
1929 5224 2062 5279 effe-

368 5314 539 5361 ctum.
572 5310 698 5364 Per.

436 5470 459 5493 ·
490 5463 668 5531 Hujus
699 5466 871 5537 etiam
917 5482 1048 5519 cum
1102 5466 1233 5520 lect.
1266 5471 1322 5519 et
1358 5467 1590 5537 Antiph.
1630 5468 1938 5522 Dominice
1964 5468 2063 5522 XII

362 5538 521 5597 post.
558 5541 668 5587 oct.
702 5536 927 5589 Pentec.

1537 4294 1837 4347 Ecclesium
1905 4300 2061 4347 tuam
2109 4310 2149 4362 ι)

2756 482 2955 556 [Super
2980 483 3263 552 populum.

2254 591 2558 655 Conserva,
2634 606 2989 661 quaesumus,
3041 588 3302 655 Domine,
3367 592 3613 641 tuorum
3693 585 3862 647 corda,

2179 692 2311 752 etc.,
2343 692 2403 740 ut
2434 684 2653 756 supra.]

2914 774 3140 827 XXXIII.

2542 897 2795 935 DOHINICA
2833 896 2922 933 XVI
2964 896 3089 933 POST
3120 895 3504 933 PBNTECOSTEN.

2250 987 2554 1041 Ecclesiam
2613 994 2794 1051 tuam,
2854 986 3111 1050 Domine,
3186 986 3479 1038 miseratio
3537 982 3861 1037 continuata

2176 1076 2415 1129 mundet
2462 1081 2517 1128 et
2551 1076 2794 1140 muniat,
2830 1079 2885 1127 et
2925 1074 3060 1143 quia
3094 1074 3217 1126 sine
3264 1078 3319 1126 te
3352 1090 3468 1126 non
3500 1076 3709 1142 potest
3738 1069 3861 1123 salt:

2176 1164 2508 1229 consistere,
2541 1168 2639 1217 tuo
2671 1179 2898 1233 semper
2924 1178 3161 1215 munere
3192 1161 3571 1230 gubernetur.
3619 1161 3748 1212 Per.

2895 1269 3132 1321 Secreta.

2245 1358 2363 1410 Tua
2392 1373 2519 1425 nos,
2556 1356 2815 1423 Domine,
2849 1360 3206 1408 sacramenta
3252 1354 3602 1421 custodiant,
3641 1360 3706 1407 et
3754 1368 3861 1405 con

2175 1450 2263 1499 tra
2289 1446 2599 1500 diabolicos
2628 1450 2897 1499 tueantur
2927 1460 3154 1513 semper
3197 1445 3478 1497 incursus.
3510 1445 3648 1498 Per.

2724 1557 2849 1608 Post
2872 1555 3324 1609 Communionem.

2246 1646 2459 1697 Mentes
2495 1649 2716 1696 nostras
2777 1649 2833 1694 et
2876 1659 3114 1711 corpora
3148 1642 3455 1711 possideat,
3511 1654 3859 1710 quesumus

2180 1732 2438 1797 Do:uine,
2461 1732 2596 1785 doni
2628 1728 2873 1783 ccelestis
2907 1732 3190 1798 operatio,
3224 1736 3284 1781 ut
3306 1746 3419 1781 non
3456 1734 3665 1781 noster
3688 1742 3861 1778 sensu:

2173 1822 2233 1875 in
2261 1821 2444 1885 nobis,
2476 1821 2570 1873 sed
2600 1820 2816 1889 jugiter
2867 1819 2971 1870 aevi
3003 1818 3320 1887 praeveniat
3351 1817 3613 1870 effectus.
3646 1816 3781 1867 Per.

2782 1922 2975 1995 [Super
2993 1922 3276 1991 papulum.

2245 2014 2551 2079 Conserva,
2573 2027 2921 2081 quaesumus,
2949 2010 3210 2074 Domine,
3228 2009 3506 2079 populum
3532 2013 3734 2069 tuum,
3752 2012 3852 2058 etc.

2171 2108 2233 2157 ut
2262 2100 2476 2171 supra.]

2522 2305 2783 2345 DOMINICA
2820 2307 2929 2344 XVII
2971 2306 3092 2344 l‘OS‘l’
3131 2305 3520 2343 PENTECOSTEN.

2244 2402 2381 2465 Tua,
2415 2416 2539 2465 nos,
2590 2399 2851 2465 Domine,
2922 2413 3273 2468 quassumm,
3321 2396 3505 2466 gratia
3554 2410 3797 2463 semper
3828 2408 3861 2444 e‘

2175 2488 2488 2562 praeveniat
2539 2492 2596 2541 et
2652 2492 2947 2556 sequatur,
2998 2500 3062 2537 ac
3104 2484 3267 2536 bonis
3323 2481 3605 2551 operibus
3668 2480 3861 2551 jugitel

2174 2583 2407 2650 praestet
2437 2592 2557 2630 esse
2586 2576 2855 2629 intentos.
2889 2574 2994 2626 Per
3028 2572 3334 2625 Dominum
3370 2576 3661 2623 nostrum.

2902 2677 3117 2732 Secreta
3130 2720 3143 2733 .

2247 2769 2451 2823 Munda
2490 2784 2615 2833 nos,
2670 2766 2928 2831 Domine,
2978 2763 3240 2818 sacriﬁcii
3294 2763 3596 2833 praesentis
3653 2764 3857 2816 effectu

2176 2864 2231 2911 et
2258 2858 2466 2929 perﬁce
2499 2856 2805 2909 miseratus
2830 2855 2888 2908 in
2920 2854 3103 2919 nobis,
3136 2859 3201 2906 ut
3238 2853 3358 2921 ejus
3388 2866 3730 2904 mereamur
3761 2862 3862 2901 esst

2175 2946 2504 3017 participes.
2542 2946 2649 2998 Per
2672 2943 3003 2997 Dominum.

2720 3050 2852 3103 Post
2882 3049 3329 3104 Communionem.

2251 3142 2513 3205 Puritica,
2552 3138 2812 3202 Domine,
2842 3150 3193 3207 qumsumus,
3228 3138 3446 3187 mentes
3494 3137 3739 3185 nostras
3788 3130 3859 3182 be

2177 3231 2406 3299 nignus,
2432 3235 2486 3281 et
2516 3242 2725 3280 renova
2782 3224 3105 3277 coelestibus
3136 3221 3524 3283 sacramentis,
3558 3226 3626 3273 ut
3676 3235 3860 3273 conse‘

2178 3324 2419 3387 quenter
2448 3322 2505 3369 et
2552 3328 2854 3383 corporum
2905 3326 3178 3381 praesens,
3231 3310 3446 3379 pariter
3507 3314 3567 3361 et
3610 3307 3859 3359 futurum

2177 3406 2470 3475 capiamus
2501 3402 2794 3456 auxilium.
2828 3401 2933 3452 Per
2968 3398 3269 3451 Dominum
3304 3403 3588 3449 nostrum.

2776 3503 2975 3576 [Super
2999 3504 3277 3573 populum.

2253 3597 2505 3653 Familize
2537 3601 2672 3660 tute,
2704 3598 2836 3658 etc.,
2864 3591 3161 3661 utsupra.]

2928 3717 3121 3771 XXXV.

2516 3841 2770 3879 DORINICA
2810 3839 2941 3876 XVIII
2981 3839 3107 3877 POST
3138 3836 3526 3875 PENTECOSTEN.

2251 3915 2349 3979 Da,
2384 3928 2737 3982 quaesumus,
2784 3911 3040 3976 Domine,
3087 3910 3299 3979 populo
3332 3916 3431 3962 tuo
3478 3909 3778 3962 diabolica
3812 3910 3859 3959 vi

2177 4007 2296 4056 tare
2320 4001 2599 4071 contagia,
2632 4004 2688 4053 et
2727 4004 2780 4052 te
2813 3998 2999 4051 solum
3027 3998 3330 4050 Dominum
3362 4013 3509 4066 pura
3540 4002 3750 4052 mente
3802 4012 3854 4048 se

2177 4090 2339 4144 ctari.
2376 4091 2499 4144 Per.

2904 4175 3141 4227 Secreta.

2247 4268 2593 4336 Majestatem
2625 4270 2807 4330 tuam,
2839 4262 3095 4329 Domine,
3121 4260 3452 4331 suppliciter
3468 4262 3857 4329 deprecamur

2175 4362 2236 4410 ut
2258 4358 2378 4409 haec
2409 4360 2602 4407 sancta
2634 4368 2762 4421 quae
2793 4352 3067 4421 gerimus,
3101 4356 3155 4402 et
3199 4367 3230 4401 a
3263 4350 3571 4419 praeteritis
3639 4366 3754 4404 nos
3802 4350 3857 4403 de

2173 4442 2320 4495 lictis
2361 4447 2569 4495 exuant
2592 4446 2645 4493 et
2676 4439 2902 4492 futuris.
2938 4441 3042 4492 Per
3076 4438 3402 4491 Dominum.

2718 4545 2840 4597 Post
2871 4542 3317 4597 Communtonem.

2242 4630 2796 4686 Sanctiﬁcationibus
2837 4629 2969 4695 tuis,
3013 4629 3378 4697 omnipotens
3411 4629 3579 4691 Deus,
3641 4632 3702 4680 et
3751 4629 3857 4681 viti:

2174 4726 2369 4774 nostra
2416 4726 2712 4785 curentur,
2768 4723 2825 4771 et
2872 4717 3123 4771 remedia
3173 4717 3335 4769 nobis
3402 4722 3619 4769 aitet-na
3674 4731 3858 4786 prove

2176 4807 2353 4860 niant.
2400 4808 2523 4859 Per.

2771 4892 2965 4962 [Super
2999 4892 3276 4959 populum.

2242 4981 2459 5035 Exaudi
2493 4997 2615 5046 nos,
2649 4980 2816 5047 Deus,
2846 4985 2975 5044 etc.,
3010 4986 3069 5032 ut
3099 4979 3317 5049 supra.)

2918 5100 3137 5154 XXXVI.

2531 5221 2791 5259 DOIINICA
2829 5220 2921 5258 XIX
2963 5220 3089 5258 POST
3129 5218 3511 5257 PENTECOSTBN.

2250 5313 2470 5383 Dirigat
2524 5313 2694 5366 corda
2742 5318 2961 5375 nostra,
3018 5309 3278 5375 Domine,
3340 5325 3680 5380 qua-sumus
3750 5316 3856 5365 tua

2243 5470 2267 5510 ιι
2325 5469 2389 5521 Et
2440 5468 2611 5535 hujus
2675 5482 2927 5537 quoque,
2980 5481 3112 5519 cum
3190 5465 3501 5536 Evangelia
3557 5466 3856 5520 Dominica

2172 5538 2287 5591 XIII
2322 5544 2453 5607 post
2481 5539 2642 5591 Pent.
