3868 6228
56 309 152 357 sli;

1381 311 1584 367 LIBER
1627 312 2260 372 SACRAMENTORUM.

3458 331 3559 380 8H

48 440 441 494 miserationis
479 443 764 511 operatio,
803 443 941 513 quia
969 443 1073 498 tibi
1114 445 1236 498 sine
1292 449 1343 499 te
1382 446 1605 515 placere
1651 465 1766 501 non
1805 453 1850 503 A
1875 454 2126 520 tegente,
2161 452 2234 505 sit
2260 452 2456 515 libera,
2490 458 2544 507 et
2572 455 2631 508 in
2662 455 2827 509 bonis
2862 458 3081 512 actibus
3112 463 3210 513 tuo
3239 460 3459 514 nomini
3492 462 3564 515 sit

44 544 377 597 possumus.
408 530 518 583 Per
552 531 857 585 Dominum
889 538 1166 585 nostrum.

786 639 1018 693 Secreta.

124 722 409 792 Deus,qui
446 740 551 776 nos
578 740 679 793 per
711 725 884 793 hujus
929 725 1193 778 sacrificii
1239 728 1563 785 veneranda
1592 746 1754 783 com—

38 812 259 862 mercia
290 812 468 864 unius
503 828 856 882 summaeque
902 813 1215 866 divinitatis
1263 816 1568 885 participes
1632 818 1753 871 efti-

40 900 145 959 cis,
178 906 409 967 praesta,
465 917 811 969 quaesumus,
849 907 909 954 ut
956 902 1099 955 sicut
1148 908 1305 956 tuam
1356 906 1753 974 cognoscimus

40 987 369 1052 veritatem,
421 988 501 1041 sic
550 1005 676 1042 eam
724 989 913 1058 dignis
946 991 1235 1044 mentibus
1264 997 1321 1045 et
1359 994 1614 1046 moribus
1654 1010 1751 1047 ac-

38 1090 377 1143 sequamur.
419 1077 544 1129 Per.

597 1166 722 1218 Post
753 1166 1202 1221 Communionem.
1524 1226 1525 1229 η

121 1251 333 1303 Gratias
362 1252 489 1317 tibi,
534 1252 794 1319 Domine,
842 1253 1141 1306 referimus
1173 1270 1331 1307 sacro
1364 1270 1603 1309 munere
1655 1272 1743 1309 ve-

31 1339 239 1407 getati,
290 1346 455 1392 tuam
503 1339 958 1394 misericordiam
992 1342 1384 1410 deprecantes,
1432 1348 1496 1397 ut
1542 1344 1744 1413 dignos

34 1442 150 1479 nos
181 1428 302 1496 ejus
335 1427 775 1498 participatione
806 1428 1087 1499 perﬁcies.
1123 1432 1247 1484 Per.

650 1532 850 1605 [Super
876 1537 1155 1603 populum.

116 1623 391 1691 Tempora
424 1626 639 1688 nostra,
693 1638 1045 1692 quaesumus,
1097 1624 1359 1689 Domine,
1399 1625 1494 1695 pio
1554 1625 1741 1678 favore

34 1725 415 1779 prosequere,
473 1714 529 1762 et
588 1710 797 1780 quibus
856 1727 1084 1764 cursum
1147 1712 1353 1765 tribuis
1417 1713 1740 1781 largiorem,

34 1803 249 1865 praesta
274 1798 619 1852 continuum
648 1798 931 1867 benignus
962 1800 1281 1867 auxilium]

778 1922 1019 1975 XXXVII.

416 2042 679 2080 DOIINICA
715 2042 783 2079 XX
824 2043 949 2080 POST
987 2044 1368 2081 PENTECOSTEN.

118 2132 139 2155 ³
169 2122 549 2191 Omnipotens
589 2129 647 2176 et
694 2124 1017 2177 misericors
1062 2125 1229 2191 Deus,
1272 2125 1541 2178 universa
1576 2125 1744 2179 nobis

36 2212 401 2264 adversantia
432 2212 773 2281 propitiatus
809 2212 1062 2278 exclude,
1100 2218 1162 2265 ut
1198 2218 1387 2266 mente
1419 2217 1473 2266 et
1503 2230 1742 2284 corpore

34 2301 255 2368 pariter
280 2299 561 2368 expediti,
595 2315 725 2369 quae
757 2303 857 2352 tua
887 2306 1020 2353 sunt
1062 2300 1258 2354 liberis
1309 2301 1596 2355 mentibus
1643 2319 1739 2355 ex-

32 2402 370 2457 sequamur.
404 2388 532 2439 Per.

773 2457 1005 2510 Secreta.

115 2545 239 2597 Haec
267 2560 533 2608 munera,
570 2559 920 2613 quaesumus,
958 2545 1213 2612 Domine,
1250 2562 1376 2616 qua:
1412 2548 1591 2601 oculis
1626 2552 1740 2602 tuae

36 2632 355 2700 majestatis
401 2632 720 2697 offerimus,
764 2633 1036 2686 salutaria
1084 2634 1248 2687 nobis
1299 2651 1420 2689 esse
1470 2637 1735 2690 concede.

38 2722 162 2772 Per.

595 2792 720 2843 Post
746 2790 1195 2845 Communionem.

108 2879 225 2931 Tua
275 2894 403 2942 nos,
449 2878 708 2945 Domine,
756 2878 1113 2932 medicinalis
1160 2880 1436 2949 operatio,
1469 2886 1524 2935 et
1572 2899 1603 2935 a
1636 2899 1733 2936 no-

38 2966 166 3018 stris
196 2965 671 3035 perversitatibus
702 2966 1017 3019 clementer
1058 2968 1339 3037 expediat,
1388 2974 1442 3022 et
1496 2970 1606 3023 tuis
1649 2971 1738 3023 fa-

38 3062 147 3114 ciat
178 3062 464 3115 inhaerere
490 3061 798 3117 mandatis.
839 3064 945 3116 Per
974 3064 1300 3118 Dominum.

650 3168 845 3237 [Super
856 3171 1135 3237 populum.

106 3260 405 3315 Familiam
440 3265 623 3329 tuam,
662 3262 924 3329 Domine,
958 3262 1209 3329 dextera,
1244 3266 1376 3327 etc.,
1424 3266 1487 3315 ut
1523 3262 1737 3330 supra.]

754 3368 1026 3422 XXXVIII.

384 3495 649 3533 DOMINICA
689 3496 775 3532 XXI
816 3494 945 3533 POST
992 3495 1390 3534 PENTECOSTEN.

95 3588 117 3626 δ
155 3585 410 3655 Largire,
464 3602 815 3653 quaesumus,
866 3586 1125 3650 Domine,
1174 3584 1439 3639 ﬁdelibus
1478 3584 1590 3637 tuis
1647 3584 1735 3637 in-

34 3674 383 3743 dulgentiam
410 3675 668 3743 placatus
700 3678 756 3726 et
808 3690 1025 3744 pacem,
1063 3678 1125 3726 ut
1162 3673 1381 3743 pariter
1418 3672 1488 3725 ab
1544 3672 1736 3725 omni-

33 3761 131 3815 bus
167 3762 529 3816 mandentur
575 3762 826 3828 offensis,
878 3769 935 3816 et
993 3778 1191 3816 secura
1240 3761 1343 3815 tibi
1386 3764 1578 3815 mente
1630 3761 1732 3814 de-

36 3851 300 3905 serviant.
340 3853 470 3905 Per.

773 3922 1004 3976 Secreta.

97 4008 399 4063 leestem
433 4008 602 4062 nobis
646 4009 943 4078 praebeant
988 4008 1109 4062 haec
1158 4007 1450 4079 mysteria,
1500 4023 1736 4077 qumsu-

38 4111 175 4163 mus,
232 4097 501 4161 Domine,
546 4097 913 4161 medicinam,
949 4101 1005 4150 et
1032 4096 1170 4151 vitia
1199 4096 1381 4150 nostri
1419 4096 1606 4149 cordis
1633 4112 1735 4148 ex-

37 4192 303 4255 purgent.
331 4187 441 4239 Per
472 4184 781 4238 Dominum
814 4190 1096 4237 nostrum.

583 4292 715 4345 Post
744 4291 1199 4346 Communionem.

101 4380 167 4432 L't
215 4378 410 4445 sacris,
463 4379 728 4447 Domine,
778 4378 1087 4432 reddamur
1154 4377 1315 4449 digni
1375 4375 1728 4442 muneribus,

39 4466 112 4519 fac
138 4485 269 4529 nos,
303 4484 659 4539 quaesumus,
692 4468 805 4521 tuis
831 4467 1061 4521 obedire
1114 4467 1418 4521 mandatis.
1480 4468 1586 4519 Per
1618 4466 1730 4518 Do-

42 4556 276 4610 minnm.

627 4625 828 4699 [Super
862 4626 1143 4695 populum.

45 4714 331 4769 Protector
350 4715 411 4769 in
434 4718 490 4769 te
520 4714 902 4785 sperantium,
936 4718 1068 4777 etc.,
1100 4717 1159 4767 ut
1184 4727 1373 4780 supra.
1388 4732 1396 4777 ε

372 4957 637 4995 DOIINICA
674 4957 789 4995 XXII
830 4956 956 4994 POST
997 4954 1392 4993 PENTECOSTEN.

105 5048 460 5103 °Familiam
497 5052 681 5115 tuam,
734 5062 1088 5117 quaesumus,
1143 5045 1405 5108 Domine,
1462 5042 1740 5096 continua

49 5135 240 5203 pietate
289 5137 538 5199 custodi,
572 5141 636 5190 ut
668 5152 701 5189 a
744 5135 966 5189 cunctis
1010 5132 1494 5204 perversitatibus,
1519 5136 1575 5185 et
1610 5147 1743 5201 pro-

108 5269 127 5291 ³
172 5260 367 5314 Etiam
426 5257 599 5327 hujus
650 5260 820 5321 orat.,
888 5254 1249 5327 concordiam
1321 5253 1645 5327 cum_lect._
1688 5256 1746 5305 et

50 5332 281 5410 Antiphl
322 5323 548 5382 Domiti.
600 5328 659 5381 X.
722 5331 851 5397 post
902 5328 1044 5379 Pent
1092 5325 1216 5378 vide
1264 5324 1415 5393 apud
1469 5324 1590 5377 Ber.
1633 5323 1739 5376 loc.

58 5405 383 5525 Ὡξῆιῗέἰιέω
434 5468 598 5521 istius
646 5483 776 5521 cum
828 5468 958 5530 lect,
1006 5470 1061 5519 et
1108 5464 1300 5533 Antip.
1350 5462 1624 5517 Dominic.
1661 5463 1744 5517 XX

55 5550 162 5607 post
190 5547 381 5595 octav.
418 5540 584 5603 Pent,

1868 539 2089 593 devota.
2127 542 2231 594 Per
2265 540 2570 594 Dominum
2600 550 2878 617 nostrum.

2595 632 2824 683 Secreta.

1936 714 2190 789 Suscipe,
2229 716 2488 782 Domine,
2531 718 2813 787 propitius
2852 720 3087 788 hostias,
3147 724 3351 793 quibus
3393 730 3451 778 et
3503 730 3556 779 te

1864 801 2077 877 placari
2138 804 2383 865 voluisti,
2441 809 2497 857 et
2561 806 2724 859 nobis
2773 808 3013 861 salutem
3074 812 3292 879 potenti
3345 814 3556 882 pietate

1864 890 2107 943 restitui.
2141 893 2246 945 Per
2279 892 2604 945 Dominum.

2395 981 2523 1033 Post
2546 981 2996 1036 Communionem.

1929 1067 2382 1121 Immortalitatis
2446 1070 2779 1122 alimoniam
2838 1072 3145 1136 consecuti,
3202 1089 3551 1142 quaesumus,

1862 1155 2122 1222 Domine,
2157 1160 2219 1209 ut
2251 1156 2409 1227 quod
2441 1173 2537 1210 ore
2588 1159 2971 1228 percepimus,
3020 1166 3209 1213 mente
3250 1166 3550 1217 sectemur.

1859 1243 1983 1298 Per.

2446 1332 2643 1402 [Super
2679 1335 2955 1401 populum.

1928 1419 2007 1470 Da
2025 1419 2235 1487 populo
2259 1422 2381 1486 tuo,
2403 1435 2755 1488 quaesumus,
2779 1420 3037 1487 Domine,
3079 1425 3212 1483 etc.,
3246 1425 3309 1475 ut
3341 1424 3551 1492 supra.)

2200 1662 2458 1699 DOIINICA
2488 1663 2617 1699 XXIII
2662 1662 2785 1700 POST
2824 1664 3209 1703 PENTECOSTEN.

1927 1752 1952 1791 ά
1988 1752 2154 1810 Deus,
2191 1752 2475 1821 refugium
2518 1757 2777 1805 nostrum
2831 1756 2884 1807 et
2939 1754 3134 1821 virtus,
3182 1756 3376 1810 adesto
3441 1758 3550 1827 piis

1860 1838 2119 1890 Ecclesiae
2150 1844 2261 1891 tua:
2294 1839 2556 1907 precibus
2587 1845 2784 1892 auctor
2806 1841 2923 1909 ipse
2957 1841 3205 1910 pietatis,
3241 1850 3297 1897 et
3321 1852 3548 1913 praesta,

1857 1930 1918 1976 ut
1946 1926 2094 1994 quod
2150 1925 2394 1978 ﬁdeliter
2439 1926 2708 1995 petimus,
2756 1927 3059 1982 eﬂicaciter
3109 1946 3544 2002 consequamur.

1854 2013 1977 2066 Per.

2580 2086 2794 2139 Secreta
2806 2127 2815 2137 .

1928 2190 2007 2242 Da
2038 2189 2378 2255 misericors,
2414 2190 2581 2255 Dens,
2619 2194 2678 2243 ut
2726 2190 2847 2244 haec
2895 2192 3156 2246 salutaris
3204 2195 3434 2263 oblatio,
3489 2203 3544 2251 et

1852 2292 1884 2329 a
1913 2278 2159 2347 propriis
2190 2294 2294 2331 nos
2342 2278 2593 2332 reatibus
2625 2278 3016 2333 indesinenter
3066 2283 3349 2353 expediat,
3384 2289 3440 2337 et
3476 2285 3546 2339 ab

1851 2365 2121 2419 omnibus
2142 2371 2384 2419 testatur
2418 2366 2682 2419 adversis.
2708 2368 2811 2420 Per
2841 2368 3169 2423 Dominum.

2401 2457 2526 2508 Post
2551 2455 2999 2510 Communionem.

1924 2541 2305 2611 Sumpsimus,
2354 2542 2611 2609 Domine,
2658 2543 2799 2596 sacri
2848 2545 2996 2597 dona
3039 2548 3313 2615 mysterii,
3358 2548 3543 2603 humi-

1851 2628 1983 2682 liter
2013 2630 2403 2699 deprecantes,
2434 2636 2496 2683 ut
2521 2647 2648 2700 qum
2682 2632 2739 2684 in
2772 2631 2851 2684 tui
2878 2636 3420 2689 commemoratione
3443 2654 3545 2691 nos

1851 2717 2035 2771 facere
2086 2719 2427 2788 prmcepisti,
2477 2718 2536 2771 in
2588 2724 2796 2773 nostra:
2846 2721 3151 2789 proﬁciant
3192 2723 3541 2778 inﬁrmitatis

1852 2804 2148 2859 auxilium.
2191 2808 2297 2859 Per
2330 2805 2655 2859 Dominum.

2443 2911 2641 2983 [Super
2664 2915 2944 2981 pollutum.

1781 3011 1819 3064 (Γ,
1920 3000 2141 3054 Exaudi
2197 3016 2315 3066 nos,
2355 3000 2595 3053 Domine
2645 3002 2790 3053 Deus
2852 3006 3060 3069 noster,
3120 3008 3176 3056 et
3234 3005 3543 3060 Ecclesiam

1851 3093 2005 3142 tuam
2058 3088 2208 3141 inter
2263 3088 2461 3141 mundi
2522 3088 2777 3142 turbines
2833 3088 3228 3158 ﬂuctuantem,
3278 3094 3541 3149 clementi

1848 3175 2267 3241 gubernatione
2298 3176 2617 3230 moderare.
2652 3178 2758 3229 Per
2795 3178 3143 3249 Dominum]

2628 3281 2759 3335 XLI.

2168 3400 2188 3423 θ
2219 3403 2475 3441 DOHINICA
2517 3404 2639 3440 XXIV
2682 3404 2809 3442 POST
2840 3405 3220 3445 PEN’I’ECOSTEN.

1922 3492 2135 3561 Excita,
2168 3493 2409 3547 Domine
2457 3510 2809 3563 quassumus,
2860 3500 3090 3549 tuorum
3140 3497 3397 3551 ﬁdelium
3442 3516 3539 3553 vo-

1846 3580 2114 3646 luntates,
2160 3584 2221 3633 ut
2260 3580 2436 3633 divini
2481 3583 2639 3650 operi
2689 3583 2939 3635 fructum
2990 3586 3330 3653 propensius
3378 3602 3537 3641 exse-

1846 3671 2105 3736 quentes,
2156 3668 2381 3736 pietatis
2427 3672 2541 3720 tua:
2592 3668 2844 3721 remedia
2910 3671 3127 3738 majora
3196 3672 3534 3741 percipiant.

1847 3755 1952 3807 Per
1980 3754 2285 3807 Dominum
2317 3758 2597 3807 nostrum.

2572 3861 2804 3915 Secreta.

1918 3947 2201 4017 Propitius
2233 3952 2374 4011 esto,
2413 3946 2675 4012 Domine,
2701 3946 3054 4017 supplicibus
3083 3948 3217 4014 tuis,
3252 3953 3308 4003 et
3337 3952 3537 4022 populi

1845 4034 1928 4087 tui
1960 4033 2345 4088 oblationibus
2377 4034 2754 4104 precibusque
2787 4035 3080 4104 susceptis,
3115 4038 3375 4091 omnium
3427 4055 3537 4093 no-

1843 4128 2091 4175 strorum
2117 4122 2188 4175 ad
2220 4127 2273 4175 te
2308 4122 2481 4175 corda
2514 4128 2802 4188 converte,
2836 4127 2899 4175 ut
2944 4139 2977 4176 a
3022 4126 3262 4179 terrenis
3308 4128 3531 4197 cupidi-

1845 4210 2051 4263 talibus
2092 4209 2279 4271 liberi,
2316 4209 2382 4261 ad
2418 4210 2670 4263 caelestia
2690 4209 2975 4264 desideria
3001 4216 3375 4268 transeamus.
3432 4217 3539 4269 Per

1844 4297 2149 4351 Dominum
2182 4300 2461 4350 nostrum.

2385 4405 2508 4458 Post
2540 4406 3002 4459 Communionem.

1913 4508 2169 4562 Concede
2206 4508 2387 4572 nobis,
2424 4510 2684 4575 Domine,
2710 4526 3058 4579 quaesumus,
3096 4516 3155 4564 ut
3184 4520 3537 4567 sacramenta

1842 4613 1973 4668 quas
2019 4597 2389 4666 sumpsimus,
2441 4597 2725 4668 quidquid
2770 4598 2827 4650 in
2884 4602 3075 4651 nostra
3116 4604 3306 4652 mente
3364 4599 3531 4653 vitio-

1843 4701 1969 4737 sum
2003 4689 2107 4749 est,
2138 4684 2315 4755 ipsius
2358 4683 2754 4737 medicationis
2784 4684 2935 4736 dono
2968 4689 3216 4737 curetur.
3274 4688 3379 4738 Per
3422 4686 3531 4739 Do—

1845 4772 2087 4826 minum.

2612 4860 2763 4913 XLII.

2306 4962 2457 5000 MISSA
2496 4962 2833 5006 QUOTIDIANIS
2862 4962 3047 5001 DIEBUS
3057 4987 3067 4997 .

1920 5038 2213 5105 Perpetua,
2246 5049 2597 5103 quaesumus,
2636 5033 2893 5102 Domine,
2939 5050 3075 5103 pace
3108 5036 3347 5101 custodi,
3393 5052 3534 5107 quos

1847 5124 1908 5177 in
1938 5130 1992 5178 te
2026 5138 2254 5193 sperare
2282 5121 2534 5175 donasti.
2568 5124 2675 5176 Per
2701 5122 3008 5175 Dominum
3038 5128 3321 5177 nostrum.

1921 5272 1941 5297 ε
1985 5264 2161 5325 Iluius
2216 5277 2442 5331 quoque
2515 5277 2645 5313 cum
2714 5262 2841 5315 lect.
2904 5268 2961 5315 et
3034 5264 3265 5331 Antiph.
3349 5264 3543 5319 Domi-

1851 5333 1993 5387 nicea
2024 5333 2130 5384 XXI
2164 5337 2289 5401 post
2318 5337 2494 5383 octav.
2524 5332 2684 5384 Pent.

1921 5404 1947 5445 d
1978 5404 2151 5469 Hujus
2200 5402 2445 5474 denique
2491 5417 2633 5474 cum,
2665 5402 2789 5453 lect.
2846 5408 2901 5455 et
2943 5404 3176 5474 Antiph.
3234 5405 3545 5460 Dominicaz

1853 5475 1982 5527 XXII
2014 5472 2370 5525 concordiam
2401 5477 2600 5523 tractat
2625 5473 2805 5524 Berno
2838 5474 2960 5527 loco
2992 5475 3081 5527 cit.

1926 5555 1945 5578 ε
1977 5545 2123 5613 Lego
2164 5544 2437 5613 Domimca
2498 5544 2681 5597 XXIII
2732 5550 2856 5610 post
2899 5550 3147 5600 octavam
3196 5548 3544 5611 Pentecostcs,

1856 5613 1939 5667 uti
1971 5612 2137 5667 etiam
2173 5629 2345 5684 supra
2372 5612 2707 5667 adnotatum
2742 5618 2842 5666 est.

3034 5264 3265 5333 Antiph.
