3868 6228
376 337 478 390 815

1150 470 1298 523 Alia.

445 560 645 613 Adesto
682 556 846 610 nobis
893 555 1215 609 misericors
1247 556 1416 620 Deus,
1467 562 1523 609 et
1573 561 1687 609 tuae
1738 557 1962 627 pietatis
2006 559 2066 611 in

376 647 537 700 nobis
568 644 847 716 propitius
875 645 1022 698 dona
1050 644 1313 697 concede.
1351 645 1472 697 Per.

1106 751 1337 805 Secreta.

447 840 648 893 Adesto
680 839 863 904 nobis,
915 854 1264 908 quaesumus,
1313 838 1577 904 Domine,
1620 842 1677 891 et
1722 854 1918 907 preces
1963 854 2067 891 no-

369 934 513 980 stras
559 927 841 996 benignus
886 925 1111 989 exaudi,
1149 931 1209 977 ut
1265 925 1417 994 quod
1463 923 1673 977 ﬁducia
1725 940 1841 977 non
1896 924 2069 978 habet

365 1016 727 1080 meritorum,
763 1013 1007 1082 placatio
1038 1013 1295 1065 obtineat
1345 1011 1683 1064 hostiarum.
1727 1012 1849 1065 Per.

912 1122 1036 1173 Post
1066 1119 1514 1175 Communionem.

441 1209 703 1279 Mysteria
734 1211 926 1260 sancta
956 1222 1078 1269 nos,
1116 1205 1373 1269 Domine,
1417 1210 1471 1257 et
1519 1204 1914 1273 spiritualibus
1971 1220 2065 1257 ex-

368 1298 564 1366 pleant
600 1294 907 1359 alimentis,
953 1298 1008 1346 et
1050 1292 1443 1361 corporalibus
1490 1297 1758 1346 tueantur
1808 1292 2062 1346 auxiliis.

372 1386 495 1437 Per.

1123 1451 1305 1505 XLIII.

968 1556 1092 1594 ιτεὶί
1126 1556 1249 1593 ALIA
1284 1555 1451 1593 MISSA.

437 1656 647 1709 Exaudi
680 1672 802 1718 nos,
836 1654 1137 1707 miseratur
1167 1658 1224 1706 et
1256 1652 1575 1706 misericors
1608 1655 1776 1718 Deus,
1820 1659 1875 1706 et
1920 1671 2063 1707 con-

1501 333 1835 388 GRIMALDI
1875 334 2378 390 SANGALLENSIS
2415 336 2730 392 ABBATIS.
3759 345 3829 395 816

2725 475 2849 527 Post
2886 474 3333 529 Communionem.

2252 578 2602 643 Quotidiani,
2660 579 2919 644 Domine,
2978 596 3330 650 quaesumus,
3386 596 3627 633 munera
3691 598 3832 635 sacra-

2182 666 2359 719 menti
2398 667 2467 719 ad
2501 672 2788 737 perpetuae
2812 667 2976 720 nobis
3024 668 3208 721 tribue
3238 668 3437 721 salutis
3480 674 3833 735 augmentum.

2182 754 2290 807 Per
2320 754 2648 807 Dominum.

2782 859 2904 896 1TB!
2936 859 3059 897 ALIA
3095 860 3270 897 IISSA.

2248 930 2332 982 Ab
2389 930 2656 983 omnibus
2714 948 2818 983 nos
2886 932 3149 997 defende,
3200 948 3556 1002 quassumus,
3619 932 3837 995 Domine,

2179 1034 2404 1088 semper
2434 1019 2681 1072 adversis
2714 1024 2768 1072 et
2798 1020 3085 1072 continuis
3108 1027 3265 1073 tuere
3300 1022 3611 1088 praesidiis.
3648 1022 3758 1073 Per.

2894 1126 3126 1180 Secreta.

2240 1211 2543 1267 Oﬁ'erimus
2582 1212 2702 1279 tibi,
2750 1212 3008 1277 Domine,
3070 1228 3309 1266 munera
3352 1229 3483 1283 quae
3547 1213 3763 1277 dedisti,
3797 1220 3843 1266 ut

2176 1306 2233 1353 et
2275 1301 2580 1354 creationis
2630 1307 2741 1354 tua:
2764 1301 2911 1353 circa
2944 1300 3345 1355 mortalitatem
3388 1308 3669 1366 nostram,
3710 1304 3841 1355 testi-

2175 1388 2418 1442 ﬁcentur
2446 1389 2743 1455 auxilium,
2777 1395 2834 1441 et
2871 1390 3188 1443 remedium
3223 1389 3388 1443 nobis
3418 1390 3841 1444 immortalitatis

2177 1484 2511 1547 operentur.
2557 1479 2683 1531 Per.

2720 1568 2845 1619 Post
2875 1566 3327 1621 Commuuionem.

2247 1654 2406 1716 Quod
2441 1669 2538 1705 ore
2588 1654 2962 1721 sumpsimus,
3010 1655 3271 1720 Domine,
3314 1659 3507 1707 mente
3558 1654 3840 1723 capiamus,

368 1745 623 1799 tinentiaz
655 1742 918 1796 salutaris
944 1740 1228 1811 propitius
1260 1741 1427 1794 nobis
1456 1741 1609 1793 dona
1648 1741 1913 1795 concede.
1959 1743 2064 1795 Per
2104 1764 2144 1816 Β
2176 1742 2316 1793 etde
2349 1757 2585 1794 munere
2615 1743 2940 1811 temporali,
2972 1742 3070 1795 ﬁat
3100 1743 3265 1795 nobis
3300 1743 3624 1795 remedium
3660 1744 3841 1809 sempi—

370 1833 677 1886 Dominum
715 1837 1004 1884 nostrum.

1014 1918 1190 1985 Super
1219 1917 1419 1969 oblata.

761 2021 1112 2076 quaesumus,
1192 2005 1449 2065 Domine,
1519 2006 1743 2073 suscipe
1809 2006 2067 2074 placatus

446 2008 687 2071 Hostias,

371 2098 607 2157 oblatas,
655 2112 783 2166 quae
830 2102 887 2148 et
942 2100 996 2147 te
1046 2093 1451 2146 sanctiﬁcando
1510 2093 1679 2145 nobis
1742 2093 2068 2146 elﬁciantur

369 2187 664 2239 salutares.
691 2186 815 2237 Per.

908 2273 1032 2324 Post
1070 2271 1518 2325 Communionem.

441 2364 645 2419 Sancta
670 2367 767 2414 tua
796 2376 921 2423 nos,
955 2358 1212 2424 Domine,
1253 2374 1602 2427 qumsumus,
1648 2363 1704 2411 et
1738 2375 1771 2410 a
1821 2360 2065 2429 peccatis

369 2454 600 2516 exuant,
623 2454 680 2503 et
708 2448 949 2502 cmlestis
979 2448 1106 2499 vita:
1137 2447 1328 2515 vigore
1360 2447 1725 2499 conﬁrment.
1756 2447 1881 2499 Per.

1132 2569 1303 2623 XLIV.

969 2694 1088 2730 ITEM
1127 2693 1251 2730 ALIA
1283 2693 1433 2729 MISSA
1445 2719 1453 2728 .

437 2788 794 2851 Quaesumus,
847 2784 1211 2852 omnipotens
1264 2784 1432 2848 Deus,
1484 2786 1544 2833 ut
1590 2780 1751 2850 plebs
1804 2788 1899 2834 tua
1940 2786 2058 2835 toto

366 2878 468 2931 tibi
506 2875 671 2930 corde
712 2872 1058 2936 deserviens,
1106 2877 1160 2923 et
1196 2869 1474 2922 beneﬁcia
1527 2874 1623 2921 tua
1668 2869 1885 2937 jugiter
1935 2886 2060 2923 me-

370 2969 558 3017 reatur
588 2969 643 3015 et
674 2977 892 3032 pacem.
927 2961 1049 3013 Per.

1011 3047 1184 3114 Super
1208 3047 1409 3100 oblata.

437 3138 688 3207 Suscipe,
722 3150 1074 3206 quaesumus,
1121 3134 1381 3199 Domine,
1430 3133 1676 3186 hostiam
1720 3133 2062 3203 redemptio-

367 3228 456 3280 nis
505 3228 789 3289 Iiumanae,
838 3228 893 3276 et
941 3223 1181 3275 salutem
1246 3221 1406 3274 nobis
1462 3221 1669 3274 mentis
1715 3227 1770 3273 et
1807 3222 2061 3291 corporis

368 3330 605 3385 operare
640 3313 912 3382 placatus.
941 3311 1067 3363 Per.

918 3417 1046 3470 Post
1076 3415 1525 3471 Commum'onem.

434 3510 533 3574 Da,
597 3521 945 3578 quaesumus,
1004 3503 1369 3572 omnipotens
1423 3504 1588 3568 Deus,
1648 3508 1712 3555 ut
1755 3504 2053 3572 mysterio-

361 3614 491 3652 rum
524 3596 733 3650 virtute
767 3594 974 3657 satiati,
1011 3594 1122 3645 vita
1146 3597 1337 3645 nostra
1378 3591 1660 3644 ﬁrmetur.
1699 3592 1823 3644 Per.

1126 3716 1277 3769 XLV.

962 3840 1086 3879 ITEM
1126 3838 1248 3875 ALIA
1280 3838 1449 3875 IISSA.

434 3916 584 3983 Rege
618 3918 856 3972 nostras,
887 3912 1148 3974 Domine,
1179 3908 1459 3978 propitius
1480 3906 1822 3967 voluntates,
1864 3911 1924 3958 ut
1954 3921 2054 3957 nec

359 4002 608 4073 propriis
656 3999 1055 4069 iniquitatibus
1120 3997 1508 4066 implicentur,
1576 4010 1677 4047 nec
1738 3994 2055 4046 subeantur

360 4090 578 4144 alienis.
618 4090 741 4141 Per.

1086 4155 1322 4207 Secreta.

430 4248 547 4301 Tua
595 4251 949 4298 sacramenta
1011 4258 1130 4307 nos,
1179 4243 1341 4307 Deus,
1397 4241 1807 4312 circumtegant
1859 4246 1914 4293 et
1962 4255 2052 4290 re-

358 4335 626 4397 forment,
660 4332 945 4399 simulque
979 4328 1140 4381 nobis
1180 4329 1494 4396 temporale
1544 4329 1863 4381 remedium
1902 4326 2044 4379 'con—

358 4424 545 4477 ferant
565 4428 621 4474 et
652 4429 951 4472 aeternum.
988 4418 1112 4470 Per.

882 4526 1025 4579 Post
1046 4523 1496 4579 Communionem.

421 4619 540 4672 Tua
567 4622 759 4669 sancta
796 4612 981 4678 nobis,
1008 4609 1372 4678 omnipotens
1418 4610 1584 4676 Deus,
1620 4625 1747 4679 quas
1796 4609 2043 4679 sumpsi-

352 4723 501 4771 mus,
528 4711 583 4757 et
611 4700 1031 4770 indulgentiam
1070 4698 1384 4767 praebeant,
1436 4703 1491 4749 et
1524 4698 1797 4751 auxilium
1838 4713 2041 4766 perpe-

349 4801 465 4849 tuae
506 4789 855 4846 defensionis
886 4786 1245 4857 impendant.
1282 4787 1405 4839 Per.

1107 4907 1282 4962 XLVI.

1020 5031 1143 5069 ALIA
1184 5029 1357 5068 MISSA.

418 5106 764 5176 Comprime,
828 5104 1084 5167 Domine,
1148 5117 1503 5171 quaesumus,
1551 5101 1744 5154 noxios
1816 5115 2046 5170 semper

344 5196 625 5258 incursus,
659 5198 716 5246 et
754 5191 1061 5245 salutarem
1092 5190 1449 5259 temporibus
1493 5189 1705 5242 nostris
1757 5189 2042 5258 prOpitius

346 5283 415 5334 da
437 5283 711 5351 quietem.
746 5280 871 5333 Per.

1079 5350 1313 5403 Serreta.

416 5438 476 5489 In
508 5441 607 5489 tuo
631 5442 955 5505 conspectu,
996 5437 1259 5500 Domine,
1294 5451 1647 5505 quresumus,
1680 5434 1815 5487 talia
1848 5440 2043 5488 nostra

342 5525 456 5577 sint
490 5538 753 5588 munera,
786 5540 912 5593 qum
954 5530 1011 5577 et
1045 5524 1269 5592 placare
1299 5530 1355 5575 te
1398 5523 1646 5588 valeant,
1696 5527 1754 5575 et
1794 5538 1898 5575 nos
1937 5522 2042 5575 tibi

341 5609 566 5677 placere
596 5608 910 5674 perﬁciant.
943 5610 1052 5661 Per
1084 5609 1391 5661 Dominum
1430 5614 1712 5661 nostrum.

2178 1834 2427 1883 ternum.
2463 1830 2567 1882 Per
2602 1830 2927 1883 Dominum.

2949 1948 3102 1999 Alia.

2249 2034 2594 2086 Conservent
2634 2050 2756 2101 nos,
2805 2048 3134 2102 quaesumus
3181 2034 3439 2095 Domine,
3489 2048 3732 2086 munera
3752 2038 3842 2087 tua.

2173 2126 2231 2174 et
2259 2126 2534 2175 teternam
2560 2121 2734 2175 vitam
2767 2122 3022 2175 tribuant
3062 2121 3226 2175 nobis
3258 2121 3720 2191 deprecantibus.
3764 2120 3846 2173 Per

2176 2210 2507 2263 Dominum.

2918 2298 3120 2353 XLVII.

2603 2412 2656 2449 1N
2702 2410 2919 2449 NATALE
2952 2411 3115 2449 UNIUS
3154 2410 3437 2450 APOSTOLI.

2243 2502 2447 2566 Oratio,
2498 2502 2731 2565 Secreta,
2776 2506 2826 2553 et
2888 2502 3013 2554 Post
3063 2501 3513 2562 Communionem,
3576 2507 3639 2553 ut
3699 2515 3841 2568 supra

2170 2592 2227 2641 in
2262 2591 2467 2656 Vigilia
2499 2590 2555 2644 S.
2576 2589 2827 2643 Andreas.

2768 2694 2963 2764 [Super
2989 2696 3265 2763 populum.

2243 2782 2477 2845 Exaudi,
2514 2783 2774 2843 Domine,
2812 2784 3084 2852 populum
3114 2791 3297 2847 tuum,
3322 2799 3454 2836 cum
3500 2782 3682 2835 sancti
3726 2798 3839 2850 apo-

2168 2871 2299 2923 stoli
2329 2871 2411 2923 tui
2459 2871 2521 2924 N.
2556 2871 2872 2940 patrocinio
2923 2871 3366 2940 supplicantem,
3400 2876 3464 2923 ut
3502 2877 3605 2923 tuo
3644 2883 3845 2938 semper

2166 2958 2380 3011 auxilio
2412 2974 2611 3012 secura
2644 2959 2747 3012 tibi
2771 2958 2947 3029 possit
2974 2958 3276 3012 devotione
3317 2958 3550 3011 servire.
3617 2960 3719 3011 Per
3750 2958 3842 3009 Do-

2100 3055 2140 3110 C
2173 3047 2415 3101 minum.

2818 3134 2913 3188 Ad
2940 3137 3217 3203 Vesperos.

2244 3223 2410 3287 Deus,
2442 3223 2543 3292 qui
2592 3238 2695 3275 nos
2735 3223 2791 3275 I3.
2827 3223 3074 3291 apostoli
3118 3222 3200 3275 tui
3247 3222 3311 3274 N.
3354 3237 3545 3274 annua
3591 3218 3843 3274 solemni-

2170 3315 2283 3364 tate
2334 3311 2609 3377 Iazliﬁcas,
2642 3310 2886 3364 concede
2938 3310 3243 3380 propitius,
3298 3315 3360 3362 ut
3406 3310 3570 3379 cujus
3609 3308 3840 3362 natalitia

2171 3400 2430 3466 colimus,
2464 3398 2635 3452 etiam
2660 3398 2882 3452 actione
2915 3399 3231 3452 imitemur.
3264 3398 3371 3451 Per
3402 3394 3749 3466 Dominum.]

2905 3519 3132 3573 XLVIII.

2453 3643 2507 3681 IN
2547 3642 2755 3681 NATALE
2797 3642 3147 3681 PLURIMORUM
3176 3641 3581 3679 APOSTOLOBUM.

2241 3742 2406 3804 Deus,
2430 3740 2529 3810 qui
2559 3756 2661 3794 nos
2704 3756 2893 3793 annua
2914 3740 3309 3809 apostolorum
3346 3745 3580 3793 tuorum
3616 3740 3680 3793 N.
3710 3745 3761 3790 et
3788 3738 3839 3790 Χ.

2165 3829 2526 3881 solemnitate
2562 3828 2834 3895 laetiﬁcas,
2872 3834 3098 3898 praesta,
3125 3844 3475 3898 quresumus,
3511 3833 3578 3880 ut
3621 3841 3842 3897 quorum

2164 3918 2480 3986 gaudemus
2514 3916 2748 3979 meritis,
2791 3917 3146 3970 instruamur
3175 3916 3469 3986 exemplis.
3522 3916 3634 3969 Per
3676 3915 3847 3968 Domi-

2163 4022 2302 4058 num
2336 4011 2595 4058 nostrum
2626 4005 2820 4058 Jesum
2852 4005 3162 4058 Christum.

2890 4119 3122 4173 Secreta.

2234 4226 2489 4289 Munera,
2544 4224 2803 4285 Domine.
2845 4241 2975 4295 quae
3026 4242 3132 4294 pro
3180 4225 3574 4294 apostolorum
3629 4231 3839 4278 tuorum

2164 4315 2228 4367 N.
2261 4320 2317 4367 et
2350 4315 2415 4367 Ν.
2449 4313 2807 4367 solemnitate
2839 4313 3169 4377 deferimus,
3203 4314 3488 4382 propitius
3524 4314 3769 4382 suscipe,
3799 4318 3842 4361 et

2086 4395 2129 4447 Ι)
2161 4403 2309 4455 mala
2343 4402 2535 4455 omnia
2564 4418 2691 4472 quae
2728 4418 3018 4455 meremur
3058 4408 3266 4455 averte.
3303 4403 3426 4455 Per.

2704 4524 2827 4576 Post
2854 4523 3302 4578 Communionem.

2228 4612 2586 4678 Quaesumus,
2623 4611 2884 4674 Domine,
2928 4610 3269 4663 salutaribus
3303 4608 3503 4678 repleti
3538 4608 3835 4679 mysteriis,

2158 4706 2215 4753 ut
2247 4717 2493 4770 quorum
2529 4699 2809 4753 solemnia
2835 4698 3207 4764 celebramus,
3242 4714 3441 4751 eorum
3497 4696 3840 4751 orationibus

2156 4790 2243 4859 adj
2258 4804 2512 4842 uvemur.
2551 4790 2674 4842 Per.
2948 4836 2955 4841 .

2754 4874 2946 4946 [Super
2975 4873 3257 4943 populum.

2230 4966 2399 5033 Deus,
2433 4964 2532 5034 qui
2561 4963 2772 5033 ligandi
2817 4962 3189 5027 solvendique
3221 4961 3509 5015 licentiam
3559 4963 3677 5015 tuis
3724 4975 3839 5029 apo-

2156 5053 2312 5106 stolis
2338 5051 2653 5115 contulisti,
2693 5050 2783 5115 da,
2825 5065 3176 5119 quaesumus,
3209 5055 3273 5102 ut
3301 5064 3405 5118 per
3428 5048 3582 5117 ipsos
3616 5066 3651 5102 a
3675 5054 3833 5101 terre-

2158 5142 2245 5194 nis
2289 5141 2437 5194 vitiis
2483 5138 2757 5209 expediti,
2802 5138 2968 5191 liberi
3012 5139 3297 5207 possimus
3336 5136 3665 5191 cmlestibus
3706 5138 3834 5190 inte-

2082 5300 2092 5308 .
2154 5245 2304 5283 resse
2337 5229 2640 5299 mysteriis.
2674 5229 2780 5281 Per
2815 5226 3143 5281 Dominum.

2797 5330 2887 5387 Ad
2925 5332 3201 5398 Vesperos.

2224 5432 2379 5499 Esto,
2432 5429 2691 5495 Domine,
2737 5427 2893 5498 plebi
2932 5432 3046 5479 tua:
3094 5426 3481 5479 sanctiﬁcator
3532 5432 3591 5479 et
3640 5433 3830 5485 custos,

2157 5526 2218 5573 ut
2248 5519 2571 5589 apostolicis
2604 5516 2826 5569 munita
2856 5514 3154 5585 praesidiis,
3193 5523 3249 5566 et
3276 5515 3713 5568 conversatione
3743 5510 3829 5563 tibi

2150 5609 2389 5679 placeat,
2423 5611 2480 5659 et
2510 5621 2706 5658 secura
2736 5604 3039 5657 deserviat.
3065 5604 3173 5655 Per
3206 5599 3569 5672 Dominum.]
