3868 6228
30 308 111 358 Bt?
1325 306 1539 361 LIBER
1576 304 2221 362 SACRAMENTOBUM.

788 438 953 493 XLIX.

461 561 522 597 IN
566 560 767 599 NATALE
810 559 977 599 UNIUS
1014 560 1290 599 MARTYRIS.

83 630 305 693 Praesta,
342 646 707 700 quesumus.
740 631 1107 699 omnipotens
1138 633 1305 692 Deus,
1335 636 1400 684 ut
1428 632 1525 701 qui
1559 632 1619 686 Β.
1652 633 1714 685 Ν.

31 717 274 786 martyris
307 718 396 771 tui
430 719 697 772 natalitia
723 719 985 780 colimus,
1036 719 1158 787 ejus
1209 719 1615 773 intercessione
1662 723 1718 773 in

30 806 95 857 tui
123 806 371 858 nominis
404 822 608 860 amore
640 808 1000 859 roboremnr.
1038 807 1160 859 Per.

669 913 844 979 Super
872 912 1073 965 oblata.

84 997 408 1050 Muneribus
442 999 1080 1069 nostris,‘quaesumus,
1119 1000 1375 1066 Domine,
1422 1000 1717 1070 precibus-

31 1102 119 1157 que
158 1087 465 1155 susceptis,
516 1092 571 1140 et
626 1088 949 1141 cmlestibns
998 1102 1099 1140 nos
1144 1090 1359 1142 munda
1410 1088 1716 1159 mysteriis,

30 1180 73 1227 et
98 1174 413 1227 clementer
446 1176 674 1229 exaudi.
722 1177 827 1229 Per
858 1177 1188 1231 Dominum.

561 1284 685 1335 Post
712 1283 1173 1337 Communionem.

90 1367 176 1429 Da,
208 1382 572 1436 quaesumus,
609 1370 846 1423 Domine
876 1374 1021 1426 Dens
1066 1376 1279 1436 noster,
1315 1374 1377 1424 ut
1406 1370 1549 1423 sicut
1580 1374 1711 1423 tuo-

34 1472 138 1508 mm
168 1458 728 1511 commemoratione
762 1464 1112 1523 sanctorum,
1164 1458 1471 1529 temporali
1512 1463 1715 1528 gratu—

34 1547 194 1598 lamur
220 1544 439 1611 ofﬁcio,
471 1546 550 1599 ita
578 1554 857 1617 perpetuo
889 1549 1153 1603 laetemur
1183 1553 1435 1617 aspectu.
1476 1548 1579 1600 Per
1605 1548 1709 1599 Do-

38 1634 251 1687 minum.

622 1724 817 1794 [Super
838 1728 1116 1794 populum.

92 1809 239 1862 Plebs
274 1815 402 1870 tua,
446 1813 705 1875 Domine,
750 1814 928 1866 sancti
977 1813 1243 1884 martyris
1274 1812 1359 1865 tui
1402 1814 1467 1866 N.
1502 1818 1556 1865 te
1587 1813 1711 1883 glo-

37 1896 321 1950 riticatione
356 1898 711 1969 magniﬁcet,
744 1907 797 1953 et
827 1902 1028 1954 eodem
1073 1916 1301 1971 semper
1331 1905 1620 1970 precante,
1658 1905 1713 1953 te

37 2000 334 2039 mereamur
366 1988 583 2041 habere
614 1994 910 2042 rectorem.
948 1992 1053 2044 Per
1086 1989 1414 2044 Dominum.

664 2096 758 2149 Ad
795 2098 1070 2164 Vesperos.

96 2181 245 2245 Deus,
280 2183 384 2251 qui
427 2199 531 2235 nos
573 2185 632 2237 Β.
682 2185 949 2254 martyris
980 2185 1063 2238 tui
1096 2186 1159 2239 N.
1194 2183 1549 2238 confessione
1581 2182 1711 2252 glo—

41 2268 163 2320 riosa
205 2269 532 2324 circumdas
576 2276 634 2324 et
679 2272 950 2342 protegis,
989 2272 1059 2325 da
1122 2272 1309 2337 nobis,
1357 2287 1707 2341 quaesumus,

40 2358 137 2424 ejus
169 2356 496 2413 imitatione
546 2359 842 2429 prolicere,
896 2366 951 2413 et
992 2360 1248 2414 oratione
1285 2360 1555 2429 gaudere.
1607 2359 1711 2412 Per

47 2448 361 2515 Dominum.l

834 2540 886 2593 L.

340 2661 395 2697 IN
437 2660 639 2698 NATALE
678 2661 1029 2700 Ριυιωίοιιωι
1071 2662 1380 2701 MARTYRUM.

98 2751 245 2815 Deus,
314 2749 417 2819 qui
476 2766 577 2803 nos
644 2751 908 2804 concedis
959 2757 1325 2805 sanctoruum
1381 2758 1705 2821 martyrum

44 2844 255 2902 tuorum,
290 2844 348 2891 et
378 2839 442 2891 Ν.
476 2839 541 2892 Ν.
572 2839 829 2891 natalitia
850 2840 1056 2904 colere,
1090 2841 1160 2893 da
1198 2840 1359 2893 nobis
1392 2841 1461 2909 lin
1493 2847 1708 2894 aeterna

44 2926 363 2980 beatitudine
394 2928 466 2982 de
498 2943 697 2981 eorum
733 2930 997 2981 societate
1027 2929 1294 2999 gaudere.
1328 2930 1453 2981 Per.

744 3034 975 3088 Secreta.

97 3136 308 3189 Munera
335 3136 462 3201 tibi,
499 3136 762 3204 Domine,
793 3143 1003 3191 nostrae
1032 3137 1350 3191 devotionis
1385 3137 1699 3203 offerimus,

47 3241 142 3293 quae
169 3232 221 3277 et
250 3241 354 3293 pro
388 3230 617 3277 tuorum
644 3225 751 3277 tibi
781 3230 943 3293 grata
980 3226 1094 3277 sint
1129 3226 1346 3279 honore
1388 3226 1698 3295 justorum,

48 3318 86 3362 et
109 3312 253 3364 nobis
283 3312 576 3375 salutaria,
614 3318 666 3365 te
700 3313 1024 3380 miserante,
1058 3314 1392 3368 reddantur.
1426 3314 1555 3368 Per.

555 3420 683 3471 Post
710 3420 1157 3473 Communionem.

102 3525 289 3577 Presta
320 3524 506 3591 nobis,
543 3525 804 3592 Domine,
832 3541 1184 3594 qumsumus,
1216 3527 1700 3582 intercedentibus

51 3614 217 3665 sanctis
257 3614 368 3666 tuis
412 3615 477 3667 N.
526 3619 579 3666 et
612 3614 673 3667 Ν.
712 3621 774 3666 ut
805 3630 930 3683 qua:
973 3630 1069 3667 ore
1115 3616 1522 3686 contingimus,
1558 3633 1701 3687 pura

51 3704 205 3752 mente
230 3700 540 3768 capiamus.
574 3701 698 3753 Per.

601 3804 802 3875 [Super
830 3808 1106 3875 populum.

102 3890 303 3958 Adesto,
337 3894 597 3958 Domine,
633 3895 847 3963 populo
884 3900 981 3947 tuo
1018 3910 1147 3947 cum
1190 3899 1516 3949 sanctorum
1578 3904 1699 3951 tuo-

53 3990 147 4030 rum
177 3982 478 4049 patrocinio
530 3983 903 4052 supplicanti;
936 3987 999 4036 ut
1028 3984 1181 4055 quod
1226 3985 1459 4054 propria
1493 3985 1700 4039 ﬁducia

54 4080 140 4118 non
181 4072 485 4137 praesumit,
534 4072 973 4142 suifragantium
1019 4073 1237 4127 meritis
1288 4080 1690 4144 consequatur.

56 4153 133 4207 Per
159 4156 462 4213 Dominum.

648 4248 739 4301 Ad
777 4250 1054 4316 Vesperos.

108 4329 355 4399 Concede,
404 4350 757 4404 qumsumus,
807 4336 1170 4406 omnipotens
1220 4338 1386 4397 Dens,
1440 4343 1503 4389 ut
1561 4354 1693 4391 san-
1737 4356 1779 4407 ι)

59 4422 233 4473 ctorum
285 4428 599 4493 martyrum
638 4429 867 4477 tuorum
926 4426 989 4478 N.
1048 4440 1297 4495 quorum
1344 4426 1701 4479 celebramus

59 4507 294 4575 uctorias,
334 4511 744 4580 participemur
783 4517 838 4564 et
880 4512 1153 4582 praemiis.
1200 4514 1305 4567 Per
1344 4514 1695 4581 Dominum]

808 4636 891 4689 LI.

399 4758 449 4793 IN
492 4756 701 4793 NATALE
738 4756 898 4795 UNIUS
937 4756 1307 4795 CONFESSORIS.

117 4840 193 4898 Da,
232 4856 573 4911 quaesumus,
617 4842 983 4913 omnipotens
1036 4844 1203 4909 Deus,
1245 4850 1305 4896 ut
1340 4844 1400 4897 Β.
1457 4846 1519 4899 Ν.
1572 4862 1700 4899 con~

66 4923 242 4981 tesseris
289 4931 367 4983 tui
422 4931 747 4985 veneranda
813 4930 1167 4995 solemnitas,
1229 4936 1284 4984 et
1338 4931 1697 4986 devotionem

68 5014 191 5065 nobis
216 5023 425 5086 augeat,
461 5023 518 5071 et
548 5019 815 5072 salutem.
853 5019 975 5071 Per.

734 5125 945 5179 Secreta
956 5167 966 5177 .

117 5208 274 5264 Sancti
308 5214 385 5266 tui
432 5230 552 5279 nos,
603 5229 955 5283 quaesumus,
998 5214 1260 5279 Domine,
1310 5214 1524 5277 ubique
1553 5216 1697 5269 laeti-

72 5295 217 5363 ﬁcent,
247 5305 303 5353 ut
335 5302 467 5354 dum
517 5318 717 5355 eorum
750 5301 955 5355 merita
1007 5303 1331 5367 recolimus,
1384 5303 1702 5372 patrocinia

71 5387 343 5442 sentiamus.
376 5392 501 5445 Per.

557 5480 682 5532 Post
710 5479 1155 5534 Communionem.

125 5561 319 5629 Presta,
359 5581 705 5635 quaesumus,
749 5566 1114 5635 omnipotens
1146 5567 1314 5635 Deus,
1348 5573 1409 5620 ut
1453 5568 1523 5619 de
1570 5582 1699 5635 per-

3420 317 3521 367 8l8

1752 438 1999 508 Aceptis
2037 441 2374 495 muneribus
2421 443 2631 512 gratias
2673 446 3026 512 exhibentes,
3078 446 3355 501 beneﬁcia
3406 463 3505 517 po-

1828 527 1975 580 tiora
2004 544 2318 583 sumamus.
2357 532 2477 584 Fer.

2419 636 2613 711 [Super
2643 643 2918 709 populum.

1901 725 2066 776 Plebs
2095 728 2215 785 tua,
2260 726 2523 793 Domine,
2553 728 2781 782 lmtetur
2808 734 3039 782 tuorum
3073 745 3298 800 semper
3328 732 3387 785 in
3421 733 3519 786 ho-

1828 828 1965 865 nore
2015 819 2367 877 sanctorum,
2420 821 2481 868 ut
2529 832 2729 868 eorum
2772 817 3056 886 percipiat
3110 817 3517 873 intercessione

1827 901 2013 953 votiva
2044 901 2319 968 subsidia,
2343 918 2590 972 quorum
2623 904 2954 972 patrociniis
2985 905 3332 957 sublevatur.

2464 1008 2557 1061 Ad
2596 1010 2869 1076 Vespa-ros.

1896 1094 2082 1147 Sancti
2114 1095 2445 1149 confessoris
2475 1096 2556 1148 tui
2610 1097 2672 1150 N.
2712 1112 2816 1149 nos
2857 1112 3210 1166 quaesumus,
3256 1096 3516 1159 Domine,

1824 1184 1984 1233 tuere
2031 1182 2330 1250 praesidiis,
2380 1189 2435 1236 et
2465 1183 2587 1252 ejus
2618 1199 2844 1252 semper
2874 1183 3381 1237 intercessionibus
3423 1184 3519 1236 ad-

1818 1271 2105 1338 juvemur.
2140 1272 2243 1324 Per
2272 1266 2623 1341 Dominuml]

2612 1378 2721 1431 LII.

2106 1498 2157 1534 IN
2198 1498 2402 1535 NATALE
2443 1498 2789 1537 PLURIMORULI
2823 1499 3229 1537 CONFESSORUI.

1898 1588 2065 1651 Deus,
2096 1588 2195 1657 qui
2228 1604 2329 1640 nos
2371 1594 2693 1641 sanctorum
2721 1589 2971 1655 [tuorum
3004 1589 3065 1641 N.
3103 1594 3159 1641 et
3198 1589 3260 1641 Ν.
3295 1588 3515 1642 confes-

1823 1675 2082 1728 sionibns
2112 1676 2372 1744 gloriosis
2413 1677 2728 1729 circumdas
2758 1682 2815 1730 et
2858 1678 3131 1747 protegis,
3165 1677 3235 1729 da
3263 1676 3427 1730 nobis
3460 1676 3518 1730 in

1824 1779 2023 1816 eorum
2047 1763 2364 1816 imitatione
2399 1764 2696 1833 prolicere,
2724 1771 2780 1818 et
2808 1765 3215 1818 intercessione
3243 1765 3511 1834 gaudere.

1823 1852 1930 1903 Per
1962 1851 2268 1904 Dominum
2301 1860 2583 1905 nostrum.

2459 1960 2633 2027 Super
2660 1958 2874 2014 Oblata.

1892 2044 2146 2114 Suscipe,
2199 2046 2455 2111 Domine,
2510 2062 2704 2115 preces
2735 2053 2792 2099 et
2843 2063 3104 2112 munera,
3155 2063 3285 2118 qum
3324 2052 3387 2099 ut
3416 2052 3515 2099 tuo

1822 2134 1934 2185 sint
1983 2134 2156 2203 digna
2205 2135 2555 2202 conspectui,
2604 2139 2932 2188 sanctorum
2972 2139 3201 2189 tuorum
3250 2135 3517 2203 precibus

1824 2221 2177 2291 adjuvemnr.
2214 2224 2319 2275 Per
2345 2223 2672 2276 Dominum.

2368 2331 2489 2383 Post
2530 2330 2959 2384 Communionen.

1890 2416 2161 2486 Corporis
2207 2417 2350 2469 sacri
2406 2422 2463 2469 et
2503 2416 2737 2485 pretiosi
2782 2416 3079 2486 sanguinis
3116 2416 3319 2487 repleti
3362 2416 3507 2470 liba-

1817 2504 1995 2567 mine,
2031 2521 2379 2574 quaesumus,
2416 2506 2652 2558 Domine
2687 2507 2834 2559 Deus
2865 2510 3078 2568 noster,
3113 2510 3176 2558 ut
3227 2504 3379 2575 quod
3418 2505 3511 2574 pia

1818 2594 2121 2648 devotione
2179 2594 2452 2664 gerimus,
2516 2599 2671 2647 certa
2728 2593 3125 2664 redemptione
3193 2593 3507 2663 capiamus.

1819 2684 1943 2736 Per.

2424 2770 2615 2841 [Super
2643 2771 2923 2838 populum.

1885 2876 2085 2941 Tuere,
2140 2891 2485 2945 quaesumus,
2542 2875 2797 2938 Domine,
2861 2874 3141 2943 populum
3201 2879 3387 2939 tuum,
3451 2878 3507 2927 et

1817 2965 2052 3033 mystica
2086 2965 2303 3033 jugiter
2344 2963 2781 3035 participatione
2830 2967 3190 3028 renovatum,
3228 2966 3286 3015 et
3324 2962 3504 3015 conti-

1744 3066 1931 3119 Cnua
1991 3060 2308 3106 sanctorum
2378 3052 2767 3105 confessorum
2838 3050 3256 3120 supplicatione
3312 3056 3503 3121 prote-

1812 3146 1986 3194 ctum.
2022 3142 2128 3194 Per
2161 3141 2485 3194 Dominum.

2455 3229 2541 3282 Ad
2585 3231 2853 3297 Vesperos.

1882 3318 2216 3372 Sanctorum
2284 3317 2676 3370 conlessorum
2745 3322 2971 3369 tuorum
3042 3331 3166 3379 nos,
3241 3312 3502 3375 Domine,

1811 3422 2162 3477 quaesumus,
2197 3406 2384 3459 foveat
2412 3405 2661 3474 pretiosa
2694 3404 2993 3469 confessio,
3042 3409 3099 3456 et
3147 3402 3242 3471 pia
3291 3400 3505 3469 jugiter

1809 3494 2141 3548 intercessio
2170 3499 2417 3547 tueatur.
2453 3495 2559 3546 Per
2591 3488 2943 3561 Dominum]

2586 3599 2726 3651 LIII.

2250 3702 2304 3738 IN
2347 3700 2553 3738 NATALE
2592 3700 2755 3737 UNIUS
2794 3697 3050 3737 VIRGINIS.

1878 3776 2041 3835 Deus,
2103 3775 2200 3843 qui
2256 3773 2405 3825 inter
2468 3778 2693 3836 caetera,
2755 3776 2882 3836 etc.,
2918 3776 2977 3823 ut
3016 3786 3187 3839 supra
3243 3772 3299 3822 in
3356 3772 3494 3833 festo

1808 3870 2006 3917 sancte
2026 3863 2273 3929 Agathe.

2574 3953 2623 4002 Α
2634 3951 2727 4003 lia.

1879 4038 2300 4108 Indulgentiam
2332 4038 2517 4101 nobis,
2554 4037 2815 4103 Domine,
2844 4037 2903 4090 B.
2937 4037 2999 4090 N.
3044 4041 3260 4106 martyr
3290 4033 3493 4103 implo-

1808 4132 1913 4193 ret,
1939 4144 2066 4197 quez
2099 4127 2202 4180 tibi
2238 4132 2398 4196 grata
2430 4142 2656 4196 semper
2685 4126 2899 4179 exstitit
2946 4130 3001 4178 et
3025 4124 3230 4177 merito
3265 4121 3496 4175 castita-

1810 4216 1880 4269 tis
1912 4221 1968 4270 et
1988 4221 2102 4269 tua:
2123 4216 2475 4286 professione
2503 4215 2750 4267 virtutis.
2788 4216 2908 4267 Per.

2543 4321 2774 4375 Secreta.

1883 4408 2112 4477 Suscipe
2145 4424 2403 4475 munera,
2443 4410 2700 4468 Domine.
2735 4425 2864 4479 quae
2899 4408 2959 4461 in
2989 4408 3168 4462 Beatm
3201 4408 3265 4461 Ν.
3299 4411 3506 4475 marty-

1806 4496 1884 4550 ris
1939 4501 2051 4549 tnee
2115 4497 2478 4551 solemnitate
2530 4497 2861 4562 deferimus,
2923 4496 3085 4564 cujus
3136 4510 3239 4547 nos
3294 4493 3503 4545 scimus

1809 4584 2125 4655 patrocinio
2161 4585 2411 4639 liberari.
2447 4588 2573 4639 Per.

2359 4691 2495 4744 Post
2522 4690 2967 4746 Communionem.

1882 4779 2241 4832 Auxilientnr
2288 4778 2467 4839 nobis,
2530 4776 2788 4840 Domine,
2839 4778 3066 4844 sumpta
3106 4772 3395 4841 mysteria,
3446 4776 3503 4825 et

1809 4867 2196 4922 intercedente
2232 4867 2398 4919 beata
2429 4866 2491 4918 N.
2527 4869 2774 4933 martyre
2806 4868 2923 4927 tua,
2966 4861 3315 4929 sempiterna
3366 4875 3499 4928 pro-

1808 4956 2053 5009 tectione
2082 4954 2438 5008 confirment.
2466 4954 2572 5006 Per
2606 4951 2929 5005 Dominum.

2412 5040 2607 5110 [Super
2628 5040 2907 5109 populum.

1877 5131 2035 5184 Adsit
2062 5129 2216 5198 plebi
2249 5135 2377 5189 tum,
2421 5129 2790 5198 omnipotens
2833 5128 2999 5189 Deus,
3044 5125 3225 5179 beatae.
3261 5124 3500 5193 virginis

1807 5225 1921 5271 tum
1974 5219 2036 5271 Ν.
2083 5216 2443 5286 supplicatio,
2498 5223 2558 5269 ut
2614 5217 2773 5283 cujus
2831 5214 3148 5269 honoribus
3199 5213 3498 5282 gloriatur.

1811 5312 2180 5375 protegamur
2208 5303 2436 5356 auxilio.
2472 5305 2579 5357 Per
2613 5304 2939 5357 Dominum.

2452 5391 2544 5443 Ad
2588 5392 2863 5459 Vesperos.

1881 5478 2252 5548 Omnipotens
2284 5477 2632 5547 sempiterna
2662 5480 2827 5543 Dens,
2864 5475 3313 5531 misericordiam
3345 5481 3503 5530 tuam

1811 5566 2044 5619 ostende
2075 5564 2446 5635 supplicibus,
2478 5571 2541 5619 ut
2570 5566 2669 5637 qui
2702 5566 2772 5619 de
2808 5566 3146 5619 meritorum
3177 5567 3505 5618 nostrorum
