3868 6228
342 361 444 414 819

1475 359 1813 414 GRIMALDI
1852 357 2359 414 SANGALLENSIS
2400 357 2693 411 ABBATIS

3723 359 3797 408 8'2t‘|

344 490 617 561 qualitate
656 488 990 555 difﬁdimus,
1042 487 1431 542 intercedente
1476 488 1644 542 beata
1689 490 1753 542 N.
1810 488 2030 558 virgine
2068 489 2113 542 Α
2144 486 2491 557 gniﬁcantia,
2543 486 2751 555 quibus
2794 485 3009 540 famula
3047 489 3146 538 tua
3178 483 3243 537 N.
3302 489 3495 538 sancto
3544 483 3800 539 visibiliter

343 584 463 643 tua,
508 576 929 645 nonjudicium
980 581 1163 643 tuum,
1218 576 1313 629 sed
1360 576 1776 645 indulgentiam
1830 577 2039 630 sentia-

345 682 490 719 mus.
532 667 638 719 Per
667 662 1018 735 Dominum]

666 874 735 911 AD
776 873 1042 913 POSCENDA
1084 874 1375 911 SUFFRAGIA
1415 873 1748 912 SANCTORL'M.

426 964 707 1031 Concede,
755 979 1107 1037 quaesumus,
1150 963 1515 1033 omnipotens
1561 964 1730 1027 Deus,
1776 971 1837 1015 ut
1867 963 2041 1015 inter-

358 1053 539 1107 cessio
580 1068 686 1105 nos
738 1064 942 1105 sanctae
989 1051 1093 1104 Dei
1126 1051 1420 1120 genitricis
1462 1051 1650 1105 Maria:
1696 1055 2044 1103 sanctorum-

351 1157 462 1211 que
495 1140 753 1193 omnium
799 1140 1208 1209 apostolorum,
1248 1144 1303 1191 et
1358 1140 1770 1200 confessorum,
1817 1143 1872 1192 et
1921 1154 2043 1191 oni-

350 1226 512 1280 nium
542 1227 866 1296 {electorum
910 1230 1139 1277 tuorum
1197 1223 1411 1293 ubique
1476 1223 1750 1290 lmtiticet,
1809 1230 1868 1277 ut
1908 1223 2045 1277 dum

352 1330 555 1369 eorum
596 1315 797 1366 merita
830 1312 1155 1377 recolimus,
1199 1312 1515 1381 patrocinia
1546 1312 1882 1367 sentiamus.
1916 1313 2041 1365 Per.

1078 1401 1315 1454 Secreta.

423 1488 657 1555 Oblatis,
716 1486 977 1552 Domine,
1027 1487 1249 1556 placere
1295 1486 1653 1551 muneribus,
1706 1492 1760 1539 et
1806 1487 2046 1540 interce-

352 1577 617 1631 dentibus
645 1576 913 1629 omnibus
959 1576 1167 1629 sanctis
1203 1576 1335 1637 tuis,
1365 1592 1397 1628 a
1424 1575 1641 1628 cunctis
1673 1591 1776 1628 nos
1809 1574 2046 1629 defende

354 1664 639 1735 periculis.
673 1665 779 1717 Per
811 1663 1141 1717 Dominum.

894 1753 1026 1805 Post
1057 1753 1514 1804 Communionem.

427 1839 809 1908 Sumpsimus,
853 1839 1118 1905 Domine,
1151 1842 1477 1891 sanctorum
1509 1843 1741 1891 tuorum
1769 1838 2053 1893 solemnia

358 1927 731 1991 celebrantes,
788 1932 1143 1979 sacramenta
1203 1926 1483 1991 cmlestia;
1531 1933 1761 1995 praesta,
1821 1942 2047 1996 quaesu-

357 2031 506 2080 mus,
539 2019 603 2067 ut
632 2014 784 2085 quod
816 2014 1212 2084 temporaliter
1257 2013 1530 2084 gerimus,
1564 2013 1792 2067 aeternis
1824 2013 2053 2083 gaudiis

358 2118 793 2173 consequamur.
826 2104 933 2156 Per
964 2102 1296 2167 Dominum,

1156 2216 1257 2269 LV.

840 2336 908 2373 AD
948 2336 1209 2374 CLERICUH
1248 2335 1582 2374 FACIENDUM.

1101 2426 1306 2480 Oratio.

430 2524 454 2547 ³
484 2514 744 2581 Oremus,
788 2514 1143 2567 dilectissimi
1184 2514 1408 2579 fratres,
1442 2513 1746 2567 Dominum
1794 2517 2055 2566 nostrum

360 2602 551 2655 Jesum
583 2601 873 2655 Christum
905 2617 1010 2671 pro
1045 2603 1150 2655 hoc
1189 2602 1404 2655 famulo
1447 2618 1549 2655 suo
1599 2604 1685 2665 N.,
1720 2601 1820 2671 qui
1854 2600 1923 2654 ad
1956 2600 2055 2654 de-

362 2690 687 2759 ponendam
722 2705 945 2742 comam
975 2690 1175 2759 capitis
1212 2690 1321 2756 sui,
1368 2706 1473 2759 pro
1506 2691 1628 2758 ejus
1672 2705 1866 2742 amore
1898 2689 2055 2742 festi-

362 2782 481 2837 nat,
514 2782 576 2830 ut
604 2777 778 2830 donet
808 2777 859 2829 ei
885 2777 1161 2846 Spiritum
1204 2782 1485 2842 sanctum,
1528 2777 1627 2847 qui
1667 2778 1927 2830 habitum
1965 2793 2054 2828 re-

364 2864 595 2933 ligionis
622 2864 678 2917 in
710 2881 777 2918 eo
810 2869 1154 2934 perpetuum
1188 2871 1502 2932 conservet,
1544 2872 1600 2918 et
1639 2882 1670 2917 a
1714 2866 1911 2918 mundi
1947 2864 2055 2916 im-

364 2954 692 3024 pedimento
740 2955 827 3007 vel
859 2954 1116 3007 saeculari
1162 2954 1446 3007 desiderio
1477 2970 1574 3006 cor
1614 2954 1737 3023 ejus
1768 2954 2054 3018 defendat,

364 3048 428 3095 ut
457 3042 601 3095 sicut
632 3042 970 3095 immutatur
1006 3043 1068 3095 in
1099 3043 1279 3109 vultu,
1326 3043 1406 3096 ita
1445 3058 1646 3095 manus
1680 3042 1909 3095 dextera
1936 3041 2059 3110 ejus

365 3130 418 3183 ei
452 3129 675 3182 virtutis
702 3129 920 3183 tribuat
958 3130 1334 3196 incrementa,
1385 3136 1439 3184 et
1492 3130 1561 3184 ab
1607 3131 1764 3183 omni
1803 3130 2056 3183 caecitate

366 3218 621 3271 humana
667 3218 858 3271 oculos
916 3219 1039 3287 ejus
1086 3220 1327 3288 aperiat,
1387 3223 1441 3271 et
1484 3219 1682 3273 lumen
1730 3219 1783 3272 ei
1830 3231 2057 3272 interna:

366 3306 566 3375 gratiae
596 3306 888 3359 concedat.
918 3306 1026 3369 Qui
1057 3307 1197 3359 vivit
1226 3313 1282 3360 et
1315 3313 1533 3374 regnat.

1061 3397 1191 3448 Item
1221 3396 1354 3448 alia.

434 3480 662 3547 Adesto,
701 3482 959 3547 Domine,
992 3482 1509 3553 supplicationibus
1540 3482 1769 3549 nostris,
1803 3487 1858 3537 et
1903 3482 2058 3536 hunc

365 3570 644 3623 famulum
689 3574 852 3623 tuum
898 3571 964 3623 N.
1017 3571 1348 3625 benedicere
1399 3571 1658 3640 dignare,
1712 3571 1803 3624 cui
1852 3570 1910 3623 in
1960 3576 2057 3624 tuo

365 3662 560 3710 sancto
586 3658 818 3711 nomine
856 3659 1116 3713 habitum
1151 3676 1324 3713 sacrae
1354 3658 1647 3730 religionis
1678 3659 2051 3729 imponimus,

366 3749 453 3812 ut,
496 3750 549 3798 te
576 3745 878 3816 largiente,
913 3752 968 3799 et
1009 3747 1243 3801 devotus
1269 3748 1327 3801 in
1360 3748 1605 3800 Ecclesia
1639 3748 1963 3817 persistere,
2007 3751 2062 3799 et

370 3831 539 3885 vitam
573 3833 864 3904 percipere
888 3840 1174 3888 mereatur
1194 3840 1487 3888 aeternam.
1516 3836 1635 3888 Per.

857 3923 1001 3975 Dum
1024 3923 1200 3977 tondis
1229 3938 1367 3989 eum,
1400 3922 1536 3975 dicis
1566 3937 1579 3975 :

442 4010 575 4061 Aur.
629 4008 711 4062 Tu
768 4024 847 4075 es,
900 4009 1158 4078 Domine,
1215 4010 1314 4079 qui
1362 4010 1627 4062 restitues
1668 4008 2064 4063 hereditatem

374 4111 580 4149 meam.
651 4096 717 4151 V.
777 4097 1052 4150 Dominus
1112 4113 1244 4166 pars
1310 4096 1657 4149 haereditatis
1708 4113 1869 4151 meae.
1950 4099 2057 4151 Et:

371 4182 561 4237 Gloria
610 4183 783 4236 Patri.
851 4187 986 4237 ANT.
1053 4186 1180 4238 Haec
1230 4190 1315 4237 est
1366 4185 1679 4253 generatio.
1736 4186 1803 4237 Et
1836 4186 2065 4239 :Gloria

374 4270 547 4323 Patri.

848 4418 865 4435 _
883 4358 1068 4413 Oratio
1096 4365 1221 4429 post
1254 4362 1563 4413 tonsionem.

446 4447 677 4514 Praesta,
710 4462 1060 4518 quaesumus,
1095 4447 1458 4517 omnipotens
1490 4448 1637 4501 Deus
1669 4447 1801 4501 huic
1847 4448 2063 4503 famulo

376 4539 472 4588 tuo
502 4535 565 4589 N.
600 4536 762 4605 cujus
791 4535 957 4591 hodie
1006 4536 1203 4607 capitis
1233 4552 1456 4589 comam
1503 4542 1609 4605 pro
1650 4536 1841 4590 divino
1872 4553 2065 4590 amore

372 4624 763 4694 deposuimus,
797 4630 859 4679 ut
894 4626 957 4678 in
988 4630 1086 4679 tua
1126 4625 1430 4679 dilectione
1477 4630 1756 4695 perpetua
1810 4632 2059 4692 maneat,

375 4717 431 4766 et
454 4729 588 4766 eum
618 4713 741 4767 sine
772 4714 997 4769 macula
1037 4714 1100 4768 in
1146 4714 1562 4784 sempiternum
1600 4714 1904 4767 custodias.
1940 4716 2063 4768 Per.

1167 4829 1278 4883 LVI

604 4949 926 4987 BENEDICTIO
964 4950 1187 4989 VESTIUM
1228 4951 1465 4990 VlRGlNlS
1506 4951 1603 4989 νει
1641 4950 1842 4989 νιουλς.

448 5022 618 5087 Deus,
668 5023 768 5092 qui
814 5022 1218 5077 vestimentum
1274 5026 1519 5078 salutare
1566 5028 1621 5077 et
1660 5024 2066 5077 indumentum

378 5114 607 5163 aeternas
659 5105 1028 5180 iucunditatis
1077 5111 1190 5165 tuis
1239 5111 1505 5165 fidelibus
1560 5110 1897 5181 promisisti,
1953 5112 2065 5165 cle-

377 5198 653 5252 mentiam
682 5202 839 5252 tuam
869 5199 1203 5269 suppliciter
1250 5216 1574 5260 exoramus.
1623 5205 1686 5253 ut
1737 5200 1858 5254 haec
1905 5200 2069 5252 indu-

377 5292 570 5339 menta
600 5286 984 5340 humilitatem
1014 5287 1201 5341 cordis
1232 5292 1288 5341 et
1321 5293 1712 5357 contemptum
1760 5288 1959 5341 mundi
1991 5288 2066 5340 si-

376 5447 490 5577 pa;
552 5440 705 5561 ἔξω
773 5440 1091 5496 orationem
1147 5443 1319 5497 habes
1377 5443 1437 5496 in
1493 5444 1707 5499 Ordine
1775 5444 2065 5508 Romano,

494 5525 523 5561 e
632 5550 643 5561 .

494 5525 523 5561 Θ
553 5525 643 5561 δυ.

446 5576 957 5633 bBenedictionem
1013 5582 1160 5635 hanc
1217 5587 1274 5635 et
1325 5583 1811 5637 consecrationem
1873 5582 2065 5637 videre

2104 4362 2147 4415 D

2149 582 2235 631 est
2284 574 2649 629 informanda
2707 574 3021 645 proposito,
3079 573 3361 644 propitius
3409 573 3722 636 benedicas,
3764 582 3805 627 et

2150 664 2329 718 beatae
2360 663 2633 716 castitatis
2663 663 2944 727 habitum,
2976 678 3148 732 quem
3179 667 3234 715 te
3266 660 3613 732 inspirante,
3656 678 3807 714 susce-

2151 753 2317 823 perit,
2373 757 2427 805 te
2468 758 2821 822 protegente,
2875 751 3169 804 custodiat.
3226 752 3332 804 Per
3378 751 3689 804 Dominum
3730 768 3812 803 no-

2151 846 2333 895 strum
2364 841 2387 894 J
2396 856 2554 893 esum
2588 840 2891 894 Christum.

2921 944 3070 997 Alia.

2228 1037 2390 1097 Deus,
2424 1034 2705 1088 bonorum
2732 1033 3011 1085 virtutum
3038 1033 3221 1097 dator,
3251 1037 3307 1085 et
3360 1032 3626 1085 omnium
3679 1032 3817 1086 bene-

2153 1123 2467 1177 dictionum
2510 1124 2704 1192 largus
2748 1121 2987 1187 infusor,
3043 1121 3245 1175 exaudi
3292 1137 3488 1191 preces
3521 1127 3747 1177 nostras,
3776 1128 3818 1173 et

2153 1212 2296 1265 hanc
2330 1217 2543 1264 vestem
2577 1226 2750 1280 quam
2792 1210 3003 1263 famula
3034 1214 3142 1275 tua
3194 1211 3256 1262 Ν.
3294 1226 3399 1279 pro
3450 1210 3816 1262 conservando

2152 1300 2426 1353 castitatis
2457 1300 2619 1369 signo
2649 1316 2705 1352 se
2758 1299 2825 1352 ad
2873 1298 3245 1368 operiendam
3288 1300 3564 1368 exposcit,
3616 1298 3817 1351 benedi-

2153 1404 2277 1441 cere
2303 1398 2359 1442 et
2390 1387 2742 1441 sanctiticare
2770 1386 3044 1456 digneris.

2332 1497 2356 1536 b
2396 1510 2707 1547 DENEDICTIO
2748 1508 3001 1559 VIRGINIS,
3034 1509 3099 1545 All
3141 1507 3389 1546 EPISCOPO
3428 1508 3680 1544 DICENDA.

2229 1582 2481 1652 Respice,
2542 1582 2775 1635 Domine
2826 1581 3111 1651 propitius
3162 1596 3332 1649 super
3377 1580 3524 1633 hanc
3580 1579 3822 1631 famulam

2155 1677 2313 1724 tuam
2348 1672 2411 1724 N.
2450 1676 2511 1724 ut
2541 1675 2751 1723 sancta:
2783 1668 3129 1739 virginitatis
3172 1668 3563 1737 propositum,
3613 1664 3755 1734 quod
3782 1672 3824 1715 te

2090 1784 2129 1837 Β
2158 1757 2470 1827 inspirante
2506 1758 2772 1827 suscepit,
2801 1762 2855 1811 te
2888 1757 3247 1826 gubernante
3278 1755 3581 1809 custodiat.
3613 1755 3731 1806 Per.

2831 1873 3186 1927 Conseoratio.

2235 1963 2403 2025 Deus,
2471 1966 2753 2014 castorum
2794 1977 3098 2029 corporum
3161 1959 3443 2029 benignus
3482 1957 3824 2017 inhabitator,

2164 2056 2221 2103 et
2262 2051 2725 2119 incorruptarum
2776 2056 2998 2102 amator
3040 2048 3382 2111 animarum,
3438 2046 3661 2115 respice
3691 2060 3832 2113 super

2162 2138 2306 2190 hanc
2351 2138 2623 2190 famulam
2652 2142 2809 2189 tuam
2858 2137 2921 2189 N.
2982 2152 3110 2205 quae
3140 2137 3244 2189 tibi
3277 2136 3645 2189 devotionem
3698 2149 3831 2185 suam

2164 2226 2345 2291 offert,
2378 2242 2410 2278 a
2444 2242 2558 2295 quo
2599 2230 2655 2278 et
2686 2226 2807 2295 ipsa
2858 2226 3005 2278 idem
3040 2230 3237 2277 votum
3288 2224 3620 2293 assumpsit.
3674 2222 3749 2275 Sit
3791 2224 3832 2273 in

2164 2329 2247 2379 ea,
2284 2314 2542 2378 Domine,
2577 2329 2680 2383 per
2708 2314 2921 2366 donum
2949 2313 3194 2382 Spiritus
3228 2314 3328 2376 tui,
3363 2312 3622 2382 prudens
3665 2310 3833 2363 mode-

2163 2401 2289 2467 stia,
2325 2401 2552 2471 sapiens
2593 2401 2935 2471 benignitas,
2986 2401 3173 2469 gravis
3220 2400 3446 2465 lenitas,
3497 2406 3652 2452 casta
3683 2400 3834 2451 liber-

2162 2494 2274 2554 tas;
2306 2489 2520 2542 ferveat
2565 2490 2624 2542 in
2674 2489 2969 2553 charitate,
3023 2495 3077 2541 et
3130 2490 3272 2542 nihil
3314 2494 3474 2542 extra
3524 2495 3579 2540 te
3638 2489 3833 2557 diligat,

2164 2577 2639 2646 laudabiliterque
2688 2577 2856 2643 vivat,
2919 2583 2975 2631 et
3024 2577 3245 2630 laudari
3298 2593 3414 2629 non
3468 2582 3742 2647 appetat:
3794 2583 3835 2626 te

2164 2665 2382 2730 timeat,
2416 2664 2514 2718 tibi
2552 2680 2747 2718 amore
2777 2665 3005 2730 serviat,
3039 2670 3095 2717 tu
3140 2665 3189 2716 ei
3222 2665 3424 2724 honor.
3462 2672 3523 2717 tu
3562 2664 3834 2733 gaudium.

2166 2758 2230 2806 tu
2262 2754 2320 2806 in
2354 2768 2596 2806 maerore
2624 2753 2911 2814 solatium,
2950 2758 3011 2806 tu
3041 2754 3097 2805 in
3132 2753 3505 2821 ambiguitate
3531 2752 3835 2809 consilium,

2166 2845 2227 2893 tu
2260 2841 2318 2893 in
2363 2840 2574 2909 injuria
2618 2840 2892 2905 defensio,
2947 2840 3005 2893 in
3048 2839 3415 2893 tribulatione
3454 2840 3744 2909 patientia,
3792 2840 3836 2890 in

2167 2933 2503 2997 paupertate
2542 2928 2914 2993 abundantia,
2949 2927 3005 2979 in
3033 2927 3255 2996 jejunio
3288 2927 3468 2990 cibus,
3504 2927 3563 2979 in
3617 2925 3837 2978 intirnii-

2168 3021 2283 3069 tate
2314 3016 2388 3068 sis
2424 3016 2725 3069 medicina.
2761 3017 2869 3068 Per
2896 3021 2972 3079 te,
3003 3031 3173 3084 quem
3197 3015 3433 3084 diligere
3464 3031 3641 3082 super
3671 3016 3837 3065 omnia

2099 3070 2138 3124 C
2165 3105 2401 3173 appetit,
2436 3104 2589 3174 quod
2631 3109 2718 3157 est
2771 3070 3042 3173 professa:
3096 3070 3392 3165 custodiat,
3441 3110 3505 3155 ut
3537 3070 3606 3155 ‘et
3646 3102 3836 3154 hostem

2166 3192 2470 3262 antiquum
2503 3192 2784 3253 devincat,
2819 3198 2876 3244 et
2900 3192 3168 3244 vitiorum
3203 3190 3519 3260 squallores
3554 3196 3831 3260 expurget.

2166 3281 2453 3345 Quatenus
2500 3281 2795 3333 centesimi
2838 3281 3054 3333 fructus
3117 3280 3267 3333 dono
3298 3280 3647 3348 virginitatis
3696 3279 3838 3330 deco-

2166 3369 2302 3433 rari,
2355 3370 2747 3439 virtutumque
2804 3368 3167 3438 lampadibus
3209 3367 3495 3430 exornari,
3549 3370 3607 3419 et
3656 3366 3709 3417 in
3752 3365 3841 3415 ele-

2165 3462 2384 3510 ctarum
2428 3462 2658 3510 tuarum
2716 3457 3003 3527 virginum
3048 3456 3405 3510 consortium
3481 3461 3538 3509 te
3592 3454 3834 3515 donante,

2169 3548 2459 3598 mereatur
2487 3543 2659 3597 uniri.
2695 3545 2823 3597 Per.

2942 3614 3096 3667 LVII.

2726 3717 3043 3757 BENEDIC’I‘IO
3083 3714 3312 3755 ALTARIS.

2242 3791 2625 3859 Deprecamur
2708 3789 3159 3843 misericordiam
3241 3796 3418 3852 tuam,
3494 3789 3840 3857 omnipotens

2171 3882 2383 3931 aeterne
2436 3879 2606 3943 Deus,
2670 3883 2732 3931 ut
2776 3878 2883 3931 hoc
2938 3878 3116 3930 altare
3175 3876 3463 3929 sacrificiis
3516 3876 3844 3943 spiritalibus

2175 3967 2647 4031 consecrandum,
2679 3967 2828 4019 vocis
2868 3972 3077 4019 nostras
3124 3965 3439 4018 exorandus
3482 3963 3697 4025 ofﬁcio,
3727 3976 3847 4030 pra»

2173 4053 2318 4106 senti
2351 4054 2748 4107 benedictione
2781 4054 3116 4119 sanctiﬁces,
3150 4060 3212 4107 ut
3244 4055 3302 4107 in
3334 4070 3400 4107 eo
3451 4068 3683 4122 semper
3710 4052 3846 4103 obla-

2172 4141 2359 4195 tiones
2388 4142 2737 4195 famulorum
2768 4148 2997 4196 tuorum
3035 4142 3224 4195 studio
3253 4159 3370 4196 suae
3399 4140 3719 4194 devotionis
3758 4140 3847 4189 im-

2173 4232 2405 4299 positas,
2450 4231 2779 4284 benedicere
2824 4237 2880 4283 et
2930 4232 3279 4284 sanctiﬁcare
3331 4230 3608 4298 digneris,
3654 4234 3709 4282 et
3732 4228 3846 4293 {spi-

2176 4318 2327 4371 ritali
2372 4319 2624 4388 placatus
2678 4318 2928 4381 incenso,
2966 4318 3222 4387 precanti
3254 4318 3483 4372 familia?
3525 4323 3643 4370 tua:
3684 4331 3847 4386 prom-

2174 4410 2305 4475 ptus
2336 4406 2637 4460 exauditor
2667 4407 2911 4461 assistas.
2960 4408 3083 4460 Per.

2931 4529 3111 4582 LVIII.

2706 4649 3060 4688 CONSECRATIO
3097 4650 3332 4688 ALTARIS.

2252 4740 2397 4793 Deus
2428 4739 2811 4809 omnipotens,
2854 4744 2911 4792 in
2943 4740 3105 4809 cujus
3148 4741 3369 4792 honore
3400 4739 3506 4792 hoc
3538 4738 3719 4792 altare
3765 4737 3848 4789 sub

2179 4827 2533 4881 invocatione
2583 4829 2667 4881 tui
2710 4828 2959 4881 nominis
3003 4844 3425 4893 consecramus,
3500 4828 3754 4881 clemens
3805 4832 3847 4877 et

2178 4915 2459 4985 propitius
2492 4930 2687 4984 preces
2732 4920 2943 4969 nostra:
2984 4915 3327 4969 humilitatis
3378 4916 3579 4969 exaudi
3611 4923 3671 4969 et
3726 4930 3847 4984 pras-

2179 5009 2281 5068 sta,
2312 5008 2376 5055 ut
2402 5003 2462 5055 in
2494 5004 2596 5056 hac
2627 5019 2824 5057 mensa
2857 5005 2973 5058 sint
3016 5005 3125 5058 tibi
3165 5005 3439 5058 libamina
3476 5011 3728 5074 accepta,
3759 5006 3847 5055 sint

2178 5095 2359 5158 grata,
2410 5090 2521 5143 sint
2571 5091 2830 5161 pinguia,
2878 5099 2935 5146 et
2989 5092 3233 5163 Spiritus
3285 5094 3463 5147 sancti
3514 5094 3598 5147 tui
3652 5107 3847 5161 semper

2178 5193 2305 5230 rore
2334 5179 2582 5246 perfusa,
2618 5184 2680 5232 ut
2707 5180 2866 5233 omni
2912 5186 3174 5250 tempore
3221 5180 3282 5234 in
3323 5181 3430 5233 hoc
3480 5183 3606 5234 loco
3658 5181 3847 5251 suppli-

2177 5266 2357 5319 cantis
2405 5266 2637 5321 familias
2691 5272 2803 5321 tuae
2841 5268 3152 5323 anxietates
3206 5270 3445 5335 releves,
3500 5270 3848 5340 aegritudines

2177 5428 2261 5477 est
2290 5424 2552 5498 etiamin
2584 5424 2784 5479 ordine
2814 5427 3093 5489 Romano,
3127 5443 3257 5497 pag.
3307 5428 3427 5495 142,
3460 5429 3749 5498 quomodo
3775 5443 3847 5478 se-

2178 5495 2411 5564 quentia
2439 5497 2737 5566 pleraque.
