3868 6228
40 305 128 355 8'2l
1341 298 1537 353 LIBER
1584 297 2219 353 SACRAMENTORUM.

3436 296 3538 345 8‘2’2

38 452 196 488 cures
244 450 445 505 preces
503 434 815 501 exaudias,
858 439 988 487 vota
1041 433 1331 502 suscipias.
1398 432 1716 485 desiderata
1757 431 2042 497 Abratur,
2078 431 2182 484 tibi
2225 431 2481 495 collecta,
2515 436 2567 484 te
2608 432 2825 495 timeat,
2869 434 2923 483 et
2954 430 3172 500 diligat.
3227 434 3281 483 te
3324 446 3537 499 sequa-

42 524 363 590 conﬁrmes,
395 525 688 594 postulata
713 523 1007 577 concedas.
1043 522 1149 576 Per
1175 522 1500 574 Dominum.

828 637 956 690 LIX.

473 759 545 797 AD
585 758 1010 797 CONSECRANDAM
1043 757 1304 794 PATENAM.

110 831 523 884 Cousecramus
573 836 631 883 et
678 831 1097 902 sanctiﬁcarnus
1148 829 1293 881 hanc
1341 833 1628 898 patenam,
1664 827 1735 881 ad

49 919 464 972 conﬁciendum
502 920 560 971 in
591 934 655 971 ea
686 934 890 988 corpus
922 918 1147 971 Domini
1194 917 1371 968 nostri
1400 918 1529 969 Jesu
1573 917 1735 970 Chri-

46 1008 130 1072 sti,
163 1008 440 1075 patientis
472 1022 701 1059 crucem
735 1022 837 1076 pro
871 1006 1131 1058 omnium
1166 1011 1356 1058 nostra
1385 1007 1584 1057 salute.
1629 1004 1736 1068 Qui

46 1112 165 1148 eum
209 1096 396 1148 Patre.

116 1184 306 1237 Deinde
335 1186 479 1247 facis
509 1186 728 1250 signum
759 1185 933 1237 crucis
988 1183 1053 1235 de
1081 1182 1191 1235 oleo
1223 1185 1409 1235 sancto
1438 1196 1598 1249 super
1624 1196 1736 1249 pa-

47 1284 233 1337 rmam,
261 1274 329 1329 {et
375 1270 598 1325 benedic
632 1272 714 1323 his
744 1270 964 1325 verbis:
1022 1269 1364 1323 Consecrare
1423 1275 1479 1321 et
1522 1268 1735 1321 sancti-

43 1359 203 1411 ﬁcare
245 1359 524 1428 digneris,
575 1358 835 1424 Domine,
897 1362 1162 1427 patenam
1212 1357 1357 1409 hanc
1408 1372 1511 1426 per
1552 1355 1723 1409 istam

46 1447 390 1511 unctionem,
447 1453 503 1499 et
578 1451 833 1499 nostram
878 1444 1335 1498 benedictionem
1384 1443 1443 1496 in
1498 1444 1724 1497 Christo

44 1538 164 1588 Iesu
201 1536 444 1588 Domino
477 1539 691 1588 nostro.
724 1534 831 1598 Qui
860 1538 1069 1587 tecum.

841 1649 939 1702 LX.

478 1772 549 1809 AD
590 1771 811 1809 CALICEK
850 1772 952 1809 BEN
962 1771 1287 1808 EDICENDUI.

114 1843 373 1911 Dignare,
426 1844 672 1897 Domine
726 1845 872 1896 Deus
910 1850 1120 1909 noster,
1163 1842 1394 1895 calicem
1429 1840 1624 1906 istum,
1662 1840 1723 1892 in

48 1947 203 1983 usum
238 1932 548 1984 ministerii
578 1932 662 1984 tui
696 1932 787 2001 pia
818 1932 1116 1984 devotione
1150 1931 1479 1993 formatum,
1515 1945 1581 1981 ea
1608 1944 1733 1981 san-

48 2019 377 2071 ctiﬁcatione
412 2020 784 2089 perfundere,
819 2036 931 2089 qua
965 2019 1372 2073 Melchisedech
1414 2016 1613 2070 famuli
1644 2015 1731 2069 tui

49 2114 317 2160 sacratum
351 2108 589 2162 calicem
634 2108 936 2177 perfodisti
972 2124 984 2162 ε
1019 2113 1077 2160 et
1108 2107 1261 2177 quod
1314 2112 1434 2159 arte
1482 2106 1563 2158 vel
1602 2120 1726 2157 me-

48 2198 173 2249 tallo
202 2195 349 2249 efﬁci
400 2212 517 2249 non
573 2202 775 2266 potest,
830 2196 1105 2249 altaribus
1147 2195 1259 2248 tuis
1313 2195 1574 2264 dignum,
1632 2193 1732 2245 ﬁat

48 2290 135 2337 tua
188 2284 586 2338 benedictione
663 2284 977 2354 pretiosum
1050 2288 1220 2353 atque
1288 2282 1721 2336 sanctiﬁcatum.

48 2374 141 2425 Per
152 2413 165 2425 .

822 2460 949 2516 LXI.

421 2582 615 2620 ORATIO
656 2583 711 2620 IN
752 2579 1337 2626 DEDICATIONEIONTIS.

111 2652 481 2721 Omnipotens
540 2657 886 2725 sempiterna
936 2654 1105 2717 Deus,
1166 2653 1274 2706 hoc
1328 2650 1731 2722 baptisterium

49 2744 241 2799 caelesti
291 2741 621 2797 \‘isitatioue
671 2744 1018 2803 dedicatum,
1063 2741 1311 2810 Spiritus
1345 2739 1427 2793 tui
1477 2740 1731 2792 illustra-

49 2836 185 2889 tione
247 2834 565 2897 sanctiﬁca,
618 2836 681 2883 ut
748 2844 1118 2899 quoscunque
1158 2828 1287 2881 fons
1336 2828 1440 2880 iste
1504 2827 1725 2879 lavatus

50 2932 140 2985 est,
181 2925 331 2979 trina
372 2921 671 2977 ablutione
704 2918 953 2989 purgati,
1005 2915 1427 2986 indulgentiam
1462 2915 1724 2969 omnium

51 3010 373 3065 delictorum
405 3016 507 3064 tuo
542 3023 780 3061 munere
807 3008 1246 3075 consequantur.
1272 3006 1396 3058 Per.

806 3096 959 3147 Alia.

106 3187 433 3258 Multiplica,
488 3184 753 3246 Domine,
792 3180 1254 3236 benedictionem
1304 3185 1483 3245 tuam,
1516 3184 1574 3233 et
1601 3177 1727 3247 Spi-

49 3278 174 3329 ritus
194 3277 276 3329 tui
310 3291 551 3329 munere
587 3274 757 3326 tidem
787 3277 1043 3324 nostram
1073 3269 1400 3334 corrobora,
1446 3272 1509 3322 ut
1539 3267 1638 3337 qui
1670 3266 1729 3320 in

48 3366 150 3418 haec
179 3365 394 3418 ﬂuenta
428 3360 851 3425 descenderint,
891 3360 951 3412 in
1004 3358 1151 3411 libro
1186 3356 1314 3411 vita:
1362 3356 1567 3409 ascribi
1602 3370 1722 3408 me-

49 3461 287 3507 reantur.
326 3454 434 3506 Per
466 3451 794 3505 Dominum.

807 3554 963 3608 LXII.

176 3682 327 3720 [155A
368 3682 424 3719 IN
464 3677 862 3718 ANNIVERSARIO
892 3673 1259 3713 DEDICA‘I'IONIS
1296 3671 1568 3710 ΒΔδιιιελε.

111 3755 253 3809 Deus
299 3754 401 3825 qui
434 3768 536 3823 per
565 3750 822 3819 singulos
863 3764 1046 3801 annos
1088 3747 1259 3815 hujus
1308 3744 1487 3797 sancti
1533 3741 1732 3813 templi

54 3841 123 3895 tui
157 3839 611 3895 consecrationis
662 3852 890 3907 reparas
939 3836 1116 3898 diem,
1172 3838 1230 3886 et
1279 3831 1452 3885 sacris
1508 3844 1734 3899 semper

53 3930 317 3999 mysteriis
368 3934 749 3999 reprmsentas
824 3924 1185 3977 incolumes:
1246 3919 1449 3973 exaudi
1537 3933 1734 3988 preces

57 4018 237 4087 populi
258 4018 364 4083 tui,
399 4023 456 4070 et
486 4019 717 4085 prmsta,
741 4017 802 4065 ut
828 4010 1091 4082 quisquis
1115 4009 1225 4063 hoc
1253 4008 1535 4077 templum
1557 4006 1731 4059 bene-

57 4106 165 4159 ficia
206 4105 493 4175 petiturus
538 4100 885 4171 ingreditur,
936 4101 1137 4151 cuncta
1166 4113 1225 4149 se
1264 4096 1600 4167 impetrasse
1631 4094 1732 4146 Ιω-

57 4200 209 4247 tetur.
240 4196 365 4248 Per.

776 4276 1007 4331 Secreta.

115 4376 334 4433 Annue,
371 4382 720 4439 quaesumus,
758 4362 1018 4424 Domine,
1072 4360 1338 4431 precibus
1386 4358 1612 4423 nostris,
1674 4362 1737 4410 ut

61 4460 370 4527 quicunque
403 4456 553 4508 intra
586 4453 788 4521 templi
832 4450 1024 4520 hujus,
1071 4450 1236 4519 cujus
1274 4446 1732 4500 anniversarium

63 4544 425 4598 Dedicationis
447 4544 598 4596 diem
632 4543 1010 4602 celebramus,
1034 4538 1317 4591 ambitum
1350 4535 1735 4597 continemur,

60 4633 211 4698 plena
249 4633 354 4685 tibi
386 4637 557 4701 atque
618 4629 868 4699 perfecta
899 4626 1150 4696 corporis
1203 4630 1258 4678 et
1308 4624 1516 4676 animm
1567 4622 1739 4675 devo-

63 4723 198 4774 tione
225 4722 577 4791 placeamus,
636 4726 698 4772 ut
729 4718 865 4769 dum
899 4716 1021 4769 haec
1066 4713 1376 4783 praesentia
1424 4716 1551 4764 vota
1610 4708 1735 4762 red-

64 4808 251 4874 dimus,
284 4809 351 4863 ad
384 4815 601 4862 aeterna
634 4805 895 4876 praemia,
931 4810 986 4857 te
1014 4803 1344 4872 adjuvante,
1393 4800 1585 4852 venire
1619 4814 1739 4850 me-

62 4912 290 4952 reamur.
326 4898 437 4951 Per
466 4895 795 4949 Dominum.

632 5000 725 5053 Ad
756 4997 1161 5067 Complcndum.

120 5094 278 5157 Deus,
312 5092 414 5163 qui
447 5089 755 5144 Ecclesiam
788 5093 944 5139 tuam
976 5098 1249 5154 sponsam
1293 5096 1491 5135 vocare
1535 5079 1738 5150 digna-

67 5183 136 5229 tus
187 5196 263 5243 es,
298 5185 362 5233 ut
390 5194 523 5248 quae
573 5177 815 5231 haberet
856 5174 1101 5242 gratiam
1145 5186 1252 5241 per.
1294 5169 1425 5223 ﬁdei
1482 5167 1735 5220 devotio-

67 5280 195 5333 nem,
220 5266 457 5320 haberet
488 5263 665 5318 etiam
694 5278 760 5316 ex
788 5259 1022 5314 nomine
1082 5257 1375 5327 pietatem,
1421 5255 1489 5308 da
1516 5258 1581 5307 ut
1618 5269 1739 5306 om-

68 5356 137 5405 nis
164 5356 282 5409 haec
309 5354 472 5425 plebs
515 5351 753 5405 nomine
794 5355 892 5402 tuo
938 5347 1212 5411 serviens,
1266 5345 1436 5412 hujus
1481 5341 1741 5395 vocabuli

69 5443 326 5497 consortio
379 5442 559 5512 digna
608 5454 729 5491 esse
778 5444 1086 5500 mereatur,
1133 5438 1189 5486 et
1244 5431 1490 5485 Ecclesia
1528 5436 1626 5482 tua
1682 5429 1743 5481 in

71 5532 282 5601 templo,
325 5530 491 5599 cujus
523 5523 950 5580 anniversarios
997 5520 1383 5576 Dedicationis
1426 5518 1543 5572 dies
1595 5518 1741 5570 cele-

1844 525 1956 585 tur,
1994 526 2056 573 ut
2078 520 2213 573 dum
2232 520 2447 589 jugiter
2489 536 2588 587 per
2618 520 2857 588 vestigia
2886 526 2983 572 tua
3013 519 3295 589 graditur,
3323 518 3395 571 ad
3426 533 3539 571 cm-

1846 610 2008 661 lestia
2059 609 2360 678 promissa,
2424 613 2478 660 te
2544 608 2809 674 ducente,
2868 608 3165 677 pervenire
3214 612 3527 661 mereatur.

1846 697 1954 761 Qui
1986 698 2143 749 vivis.

2452 785 2627 851 Super
2646 786 2924 853 populum.

1918 873 2090 939 Deus,
2142 870 2240 942 qui
2290 870 2359 924 de
2407 872 2546 923 vivis
2599 878 2654 923 et
2701 872 2895 923 electis
2925 870 3207 940 lapidibus
3254 877 3535 925 aeternum

1848 961 2129 1028 majestati
2162 966 2275 1013 tum
2306 948 2503 1013 condis
2535 960 2946 1024 habitaculum,
2993 960 3263 1011 auxiliare
3321 960 3534 1029 populo

1846 1049 2210 1118 supplicanti,
2234 1054 2293 1101 ut
2322 1049 2471 1118 quod
2498 1049 2748 1101 ecclesias
2767 1052 2881 1100 tua:
2901 1048 3293 1117 corporalibus
3315 1047 3538 1116 prolicit

1846 1136 2062 1204 spatiis,
2126 1136 2517 1206 spiritualibus
2586 1135 2973 1204 ampliﬁcetur
3029 1136 3372 1204 augmentis.
3431 1136 3537 1187 Per

1848 1223 2174 1277 Dominum.

2601 1310 2778 1363 LXIII.

2496 1430 2597 1468 PRO
2639 1430 2882 1469 REGIBUS.

1921 1522 2089 1585 Deus,
2146 1536 2453 1589 regnorum
2510 1521 2765 1573 omnium
2819 1524 2875 1572 et
2925 1519 3230 1574 Christiani
3288 1519 3536 1573 maxime

1845 1614 2133 1679 protector
2164 1608 2411 1677 imperii,
2472 1609 2541 1661 da
2567 1609 2741 1661 servis
2785 1608 2896 1660 tuis
2952 1608 3184 1677 regibus
3226 1608 3429 1661 nostris
3466 1610 3532 1662 N.

1776 1700 1816 1752 Β
1848 1702 1903 1749 et
1937 1697 2000 1750 N.
2052 1696 2409 1765 triumphum
2460 1695 2682 1748 virtutis
2712 1700 2824 1748 ture
2877 1695 3119 1747 scienter
3163 1696 3439 1755 excolere,
3473 1698 3537 1746 ut

1843 1785 1946 1853 qui
2002 1791 2099 1837 tua
2169 1784 2578 1837 constitutione
2631 1787 2765 1835 sunt
2804 1783 3113 1853 principes,
3163 1787 3261 1834 tuo
3305 1796 3534 1853 semper

1844 1888 2080 1926 munere
2109 1873 2224 1925 sint
2262 1877 2547 1940 potentes.
2585 1872 2689 1925 Per
2721 1870 3028 1924 Dominum
3061 1876 3337 1923 nostrum.

2570 1961 2801 2015 Secreta.

1914 2047 2163 2116 Suscipe,
2210 2047 2470 2113 Domine,
2513 2062 2708 2115 preces
2739 2052 2795 2100 et
2842 2046 3060 2099 hostias
3110 2044 3369 2100 Ecclesiae
3400 2050 3532 2112 tuas,

1841 2152 1945 2206 pro
1978 2137 2157 2189 salute
2186 2136 2535 2188 famulorum
2568 2142 2800 2189 tuorum
2836 2136 2899 2188 Ν.
2951 2140 3007 2187 et
3041 2135 3102 2188 N.
3137 2134 3529 2203 supplicantis,

1842 2228 1897 2277 et
1918 2224 1976 2277 in
2010 2223 2361 2293 protectione
2394 2223 2650 2277 ﬁdelium
2675 2223 3023 2292 populorum
3046 2222 3284 2291 antiqua
3313 2220 3533 2273 brachii

1838 2313 1921 2366 tui
1953 2328 2188 2383 operare
2258 2311 2531 2365 miracula
2577 2315 2656 2375 ut,
2704 2310 2987 2378 superatis
3037 2310 3191 2379 pacis
3250 2309 3520 2369 inimicis,

1840 2416 2036 2453 secura
2064 2399 2168 2453 tibi
2197 2398 2406 2452 serviat
2428 2398 2745 2451 Christiana
2781 2399 3028 2451 libertas.
3066 2398 3173 2450 Per
3215 2397 3527 2450 Dominum

1839 2493 2125 2542 nostrum.

2459 2577 2618 2641 Infra
2645 2576 2925 2628 actionem.

1913 2666 2065 2719 Hanc
2104 2663 2281 2733 igitur
2329 2662 2677 2716 oblationem
2727 2661 2927 2714 famuli
2977 2660 3060 2714 tui
3120 2660 3183 2713 N.
3218 2676 3393 2729 quam
3424 2659 3529 2713 tibi

1838 2752 2161 2808 ministerio
2194 2750 2365 2805 ofﬁcii
2395 2751 2759 2803 sacerdotalis
2792 2749 3103 2816 offerimus,
3146 2764 3251 2818 pro
3281 2764 3348 2801 eo
3375 2748 3531 2819 quod

1838 2842 1899 2896 in
1949 2841 2070 2912 ipso
2123 2845 2459 2911 potestatem
2512 2838 2741 2908 imperii
2797 2838 3057 2890 conferre
3116 2837 3383 2903 dignatus
3442 2852 3521 2901 es,

1837 2930 2123 3001 propitius
2154 2935 2210 2982 et
2233 2928 2511 2997 benignus
2546 2941 2790 2992 assume,
2827 2932 2880 2977 et
2910 2925 3172 2978 exoratus
3202 2929 3396 2977 nostra
3435 2923 3533 2976 ob-

1839 3018 2175 3085 secratione,
2222 3016 2485 3083 concede,
2544 3022 2607 3069 ut
2658 3014 2967 3083 majestatis
3009 3018 3124 3066 tua:
3178 3012 3529 3082 protectione

1838 3106 2152 3169 conﬁdens,
2189 3110 2244 3159 et
2274 3121 2392 3157 aevo
2418 3108 2699 3171 augeatur
2725 3108 2780 3155 et
2810 3117 3008 3172 regno.
3044 3102 3150 3154 Per
3195 3099 3525 3153 Dominum.

2380 3194 2503 3247 Post
2536 3193 2995 3245 Communionem.

1910 3283 2079 3347 Deus,
2139 3282 2238 3351 qui
2298 3281 2365 3334 ad
2416 3278 2843 3351 prtedicaudum
2894 3276 3088 3332 aeterni
3140 3274 3291 3345 regis
3346 3277 3524 3329 Evan-

1836 3370 2075 3439 gelium,
2128 3369 2453 3422 Romanum
2492 3368 2802 3437 imperium
2838 3364 3197 3436 praeparasti,
3234 3363 3528 3433 prwtende

1840 3455 2068 3511 famulis
2117 3456 2231 3509 tuis
2288 3458 2351 3509 N.
2402 3455 2760 3525 principibus
2800 3454 3005 3507 nostris
3045 3468 3205 3506 arma
3253 3450 3523 3515 caelestia,

1843 3551 1906 3599 ut
1932 3561 2036 3615 pax
2066 3544 2440 3599 Ecclesiarum
2488 3544 2644 3596 nulla
2681 3544 2942 3595 turbetur
2967 3544 3307 3608 tempestate
3339 3538 3525 3591 bello-

1838 3649 1990 3687 rum.
2025 3634 2131 3686 Per
2161 3631 2461 3686 Dominum
2495 3635 2773 3682 nostrum.

2599 3735 2764 3788 LXIV.

2258 3858 2406 3897 MISSA
2446 3856 2776 3901 QUOTIDIANA
2819 3854 2917 3893 PRO
2956 3852 3117 3892 REGE.

1913 3952 2271 4016 Quaesumus,
2300 3947 2669 4017 omnipotens
2711 3946 2877 4009 Deus,
2908 3949 2972 3997 ut
3000 3943 3250 3996 famulus
3288 3945 3421 3995 tuus
3438 3942 3526 4007 N.,

1845 4041 1945 4111 qui
1977 4047 2074 4093 tua
2109 4038 2471 4092 miseratione
2502 4035 2748 4104 suscepit
2779 4032 2939 4102 regni
2971 4030 3380 4101 gubernacula,
3414 4030 3532 4081 vir-

1842 4134 2030 4183 tutum
2064 4127 2231 4180 etiam
2297 4125 2556 4179 omnium
2598 4122 2874 4192 percipiat
2922 4121 3292 4185 incrementa,
3326 4118 3533 4188 quibus

1847 4216 2112 4269 decenter
2165 4218 2421 4275 ornatus,
2468 4218 2525 4265 et
2550 4210 2817 4263 vitiorum
2869 4214 3127 4262 monstra
3158 4207 3432 4270 devitare,
3470 4210 3528 4259 et

1844 4303 1913 4355 ad
1954 4309 2030 4365 te,
2067 4304 2167 4371 qui
2201 4302 2312 4367 via,
2344 4301 2551 4353 veritas
2602 4304 2658 4351 et
2707 4298 2819 4351 vita
2867 4313 2947 4361 es,
3007 4296 3293 4366 gratiosus
3345 4295 3533 4347 valeat

1843 4390 2165 4461 pervenire.
2195 4392 2300 4443 Per
2335 4388 2667 4442 Dominum.

2572 4494 2781 4547 Secreta
2793 4533 2803 4543 .

1914 4603 2171 4667 Munera,
2220 4600 2478 4664 Domine,
2519 4613 2846 4669 quaesumus
2893 4596 3083 4649 oblata
3127 4592 3435 4656 sanctiﬁca,
3473 4598 3537 4643 ut

1845 4697 1903 4746 et
1928 4691 2093 4744 nobis
2125 4689 2417 4759 Unigeniti
2466 4689 2548 4741 tui
2579 4701 2782 4755 corpus
2808 4692 2865 4737 et
2896 4684 3128 4749 sanguis
3160 4682 3318 4746 ﬁant,
3362 4684 3418 4731 et
3450 4678 3536 4732 illi

1846 4780 1917 4833 ab
1945 4778 2315 4832 obtinendam
2350 4776 2560 4829 animm
2589 4771 2962 4842 corporisque
3001 4770 3267 4829 salutem,
3307 4773 3362 4820 et
3410 4782 3537 4837 per-

1845 4867 2134 4938 agendum
2169 4866 2487 4935 injunctum
2521 4860 2794 4923 ofﬁcium,
2824 4864 2877 4912 te
2892 4857 3192 4927 largiente,
3215 4870 3537 4925 usquequa-

1847 4969 1959 5023 que
1991 4952 2309 5023 proﬁciant.
2347 4951 2471 5003 Per.

2426 5053 2517 5108 Ad
2535 5048 2937 5118 Cumplendum.

1922 5164 2074 5223 Haec,
2112 5159 2372 5222 Domine,
2416 5157 2598 5211 oratio
2628 5153 2894 5207 salutaris
2937 5152 3215 5207 famulum
3264 5156 3428 5205 tuum
3472 5152 3537 5206 Ν.

1851 5251 1922 5303 ab
1951 5248 2218 5302 omnibus
2261 5250 2493 5299 tueatur
2547 5241 2815 5304 adversis,
2852 5246 3137 5312 quatenus
3198 5244 3256 5292 et
3284 5240 3544 5293 ecclesia-

1850 5338 2001 5392 sticae
2046 5336 2199 5407 pacis
2248 5334 2505 5386 obtineat
2564 5329 3064 5399 tranquillitatem,
3100 5332 3156 5381 et
3203 5333 3333 5397 post
3382 5329 3545 5383 istius

1851 5425 2125 5495 temporis
2182 5425 2485 5476 decursum
2535 5419 2604 5472 ad
2644 5422 2920 5471 aeternam
2960 5416 3257 5487 perveniat
3309 5418 3549 5472 heredi-

1853 5518 2049 5569 tatem.
2080 5514 2203 5567 Per.
