3868 6228
317 337 419 386 823

1103 464 1248 517 LXV.

523 586 673 623 MISSA
724 585 968 622 TEMPORE
1018 586 1208 623 SYNODI
1253 587 1351 623 PRO
1396 586 1532 623 REGE
1566 586 1812 624 DICENDA.

394 676 772 744 Omnipotens
802 675 1149 745 sempiterne
1180 677 1344 737 Deus,
1374 676 1475 745 qui
1504 676 1787 729 famulum
1847 681 2008 729 tuum

322 763 384 815 N.
440 763 603 832 regni
636 762 865 833 fastigio
911 763 1180 832 dignatus
1221 780 1279 816 es
1327 764 1659 827 sublimare,
1718 763 1905 816 tribue
1936 761 2009 826 ei,

320 867 672 921 quaesumus,
714 857 778 905 ut
825 852 906 905 ita
935 851 994 904 in
1055 852 1328 921 praesenti
1367 853 1603 905 collecta
1634 851 2004 904 multitudine

318 945 656 993 cunctorum
686 940 747 992 in
779 955 1083 993 commune
1124 941 1362 992 salutem
1395 939 1685 1008 disponat,
1729 945 2013 1008 quatenus

320 1043 353 1080 a
386 1031 499 1080 tua:
531 1027 785 1081 veritatis
818 1028 1046 1081 tramite
1068 1045 1181 1081 non
1217 1027 1462 1081 recedat.
1500 1028 1622 1081 Per.

1042 1134 1255 1188 Secreta
1268 1175 1279 1186 .

394 1223 672 1287 Concede,
696 1224 1060 1293 omnipotens
1110 1222 1278 1285 Deus,
1328 1222 1415 1274 his
1460 1222 1803 1274 salutaribus
1840 1222 2013 1274 sacri-

322 1309 462 1363 ﬁciis
502 1310 775 1379 placatus,
840 1315 901 1362 ιιι
946 1309 1194 1363 famulus
1242 1315 1374 1362 tuus
1410 1310 1474 1362 Ν.
1505 1309 1579 1362 ad
1621 1309 2013 1379 peragendum

319 1397 530 1467 regalis
577 1397 874 1467 dignitatis
927 1396 1202 1459 ofﬁcium,
1252 1396 1577 1450 inveniatur
1619 1413 1846 1466 semper
1892 1397 2012 1449 ido-

318 1502 482 1551 neus,
518 1491 573 1538 et
604 1486 846 1539 caelestis
894 1487 1096 1555 patria:
1147 1486 1371 1555 gaudiis
1400 1485 1672 1539 reddatur
1726 1492 2010 1553 acceptus.

320 1578 428 1629 Per
459 1575 768 1629 Dominum
790 1581 1071 1628 nostrum.

901 1681 993 1735 Ad
1031 1681 1433 1749 Complendum.

1466 334 1803 389 GRIMALDI
1844 334 2352 389 SANGALLENSIS
2390 334 2677 387 ABBATIS
3704 332 3779 382 824

2047 466 2095 517 Α
2124 466 2221 533 qui
2279 480 2336 516 se
2381 463 2485 517 tibi
2516 462 2725 517 obtulit
2775 464 2834 516 in
2866 463 3235 529 sacriﬁcium,
3286 462 3387 533 qui
3438 468 3525 515 est
3558 461 3783 513 omnium

2123 552 2332 622 opifex,
2366 557 2421 605 et
2442 552 2595 604 solus
2654 551 2777 604 sine
2812 552 3027 621 peccati
3060 552 3286 605 macula
3318 551 3612 621 pontifex,
3659 550 3786 602 Jesus
3820 550 3821 559 ‘

2122 640 2397 705 Christus,
2431 639 2708 694 Dominus
2738 644 2948 692 noster.
2998 641 3106 693 Per
3137 655 3310 709 quem
3351 639 3723 707 majestatem.

2698 746 2786 797 Αςι
2819 744 3230 810 “implendum.

2196 834 2374 902 Hujus
2423 831 2581 898 mihi,
2645 833 2905 894 Domine,
2975 833 3315 886 sacramenti
3371 831 3689 903 perceptio,
3738 832 3795 883 sit

2123 927 2481 991 peccatorum
2511 920 2790 987 remissio,
2843 926 2900 974 et
2954 927 3066 974 tuas
3116 921 3343 991 pietatis
3394 926 3567 991 opata
3628 921 3793 989 propi-

2123 1011 2310 1073 tiatio,
2346 1016 2407 1063 ut
2438 1026 2541 1079 per
2568 1010 2711 1072 haec,
2745 1014 2800 1062 te
2831 1008 3167 1079 opitulante,
3223 1009 3440 1062 efﬁciar
3487 1008 3665 1060 sacris
3695 1023 3795 1074 my-

2123 1097 2308 1150 steriis
2342 1099 2570 1167 dignus,
2594 1114 2722 1167 qua:
2765 1097 2833 1150 de
2865 1108 2966 1150 tua
2992 1096 3202 1166 pietate
3242 1097 3511 1159 conﬁsus,
3550 1096 3795 1165 frequen-

2125 1190 2242 1237 tare
2272 1201 2560 1254 praesumo
2593 1184 2884 1253 indignus.
2919 1185 3040 1237 Per.

2870 1299 3069 1354 LXVII.

2410 1421 2529 1458 ITE!
2558 1422 2678 1459 ALIA
2719 1422 2867 1459 HISSA
2899 1421 3213 1460 SACERDOTIS
3244 1420 3527 1459 SPECIALIS.

2196 1514 2366 1570 Deus,
2401 1512 2522 1564 fons
2554 1511 2823 1565 bonitatis
2855 1518 2909 1565 et
2939 1512 3167 1581 pietatis
3206 1514 3391 1580 origo,
3442 1510 3541 1579 qui
3575 1525 3797 1578 peccan-

2124 1606 2238 1654 tem
2273 1616 2386 1653 non
2416 1600 2605 1653 statim
2631 1600 2877 1669 judicas,
2908 1600 3007 1652 sed
3031 1600 3099 1652 ad
3132 1600 3531 1668 paenitentiam
3581 1599 3799 1650 misera-

2124 1690 2213 1738 tus
2234 1689 2541 1753 exspectas,
2567 1690 2621 1737 te
2652 1700 2870 1754 qua-so,
2904 1690 2963 1737 ut
2989 1684 3315 1737 facinorum
3356 1699 3618 1737 meorum
3654 1698 3798 1751 squa-

397 1781 543 1843 Haac,
578 1778 838 1843 Domine,
871 1778 1135 1831 salutaris
1167 1778 1428 1831 sacriﬁcii
1482 1779 1775 1848 perceptio
1808 1779 2009 1833 famuli
2051 1803 2090 1856 Β
2125 1774 2269 1826 lores
2298 1774 2611 1843 abstergas,
2658 1779 2713 1826 et
2766 1789 2854 1826 me
2905 1773 2974 1826 ad
3028 1773 3422 1842 peragendum
3487 1772 3797 1841 injunctum

323 1867 407 1920 tui
441 1867 503 1920 N.
552 1871 914 1935 peccatorum
952 1867 1201 1919 maculas
1236 1866 1435 1931 diluat,
1488 1871 1543 1919 et
1592 1868 1659 1921 ad
1691 1868 2006 1936 regendum

324 1956 639 2009 secundum
681 1960 837 2008 tuam
875 1954 1227 2008 voluntatem
1269 1956 1549 2025 pupulum
1578 1956 1851 2009 idoneum
1882 1958 2010 2009 red-

322 2044 438 2111 dat,
481 2048 541 2096 nt
580 2043 689 2096 hoc
719 2044 953 2096 salutari
980 2044 1251 2114 mysterio
1293 2049 1492 2096 contra
1521 2044 1774 2097 visibiles
1818 2046 2014 2099 hostes

321 2132 593 2186 reddatur
620 2131 882 2197 invictus,
917 2147 1021 2199 per
1056 2131 1212 2200 quod
1264 2130 1511 2183 mundus
1541 2135 1626 2183 est
1654 2130 1847 2184 divina
1890 2131 2012 2185 dis-

322 2219 658 2290 pensatione
687 2219 1041 2288 redemptus.
1074 2220 1180 2271 Per
1208 2218 1537 2272 Dominum.

1090 2342 1257 2395 LXVI.

759 2463 908 2500 MISSA
938 2463 1202 2501 SPECIALIS
1232 2463 1567 2501 SACERDOTIS.

391 2551 767 2622 Omnipotens
798 2552 1147 2621 sempiterno
1180 2554 1345 2616 Deus,
1378 2558 1490 2606 tuae
1516 2555 1715 2622 gratiae
1738 2555 2011 2623 pietatem

322 2639 568 2710 supplici
616 2639 915 2694 devotione
980 2640 1247 2709 deposco,
1296 2646 1357 2693 ut
1406 2641 1667 2694 omnium
1729 2642 2011 2696 malorum

323 2744 582 2782 meorum
610 2728 839 2781 vincula
868 2728 1066 2796 solvat,
1118 2730 1451 2799 cunctisque
1491 2730 1634 2783 meis
1678 2731 2015 2785 criminibus

324 2820 380 2870 et
449 2817 694 2886 peccatis
743 2817 1059 2871 clementer
1106 2817 1390 2888 ignoscas,
1437 2824 1492 2873 et
1537 2819 1675 2889 quia
1718 2836 1809 2874 me
1869 2821 2014 2874 indi-

324 2921 501 2975 gnum
533 2910 591 2959 et
636 2911 1020 2974 peccatorem,
1070 2907 1140 2961 ad
1194 2907 1577 2961 ministerium
1609 2914 1773 2962 tuum
1813 2925 2015 2962 vocare

326 2994 595 3063 dignatus
634 3009 714 3059 es,
748 2993 827 3046 sic
856 3009 946 3047 me
978 2994 1247 3048 idoneum
1280 2995 1384 3047 tibi
1416 2996 1742 3049 ministrum
1779 2998 2012 3061 efﬁcias,

327 3086 387 3135 ut
416 3080 760 3135 sacriﬁcium
794 3082 865 3135 de
905 3082 1171 3135 manibus
1212 3084 1355 3136 meis
1404 3085 1624 3152 placide
1664 3101 1727 3137 ac
1766 3085 1976 3155 benign

323 3169 621 3238 suscipias,
652 3171 1081 3237 electorumque
1126 3171 1487 3223 sacerdotum
1540 3188 1630 3225 me
1683 3174 2018 3244 participem

327 3256 519 3323 facias,
571 3260 625 3309 et
685 3255 754 3309 de
794 3255 1096 3324 praeceptis
1143 3257 1256 3309 tuis
1304 3258 1362 3310 in
1415 3258 1575 3312 nullo
1624 3275 1713 3311 me
1754 3261 2020 3315 oberrare

324 3343 644 3413 permittas.
684 3343 789 3395 Per
816 3342 1125 3396 Dominum
1149 3350 1430 3398 nostrum.

966 3451 1145 3519 Super
1176 3450 1377 3504 oblata.

403 3546 567 3607 Deus,
627 3544 727 3615 qui
777 3548 830 3597 te
884 3545 1151 3615 praecipis
1210 3563 1240 3599 a
1301 3548 1695 3617 peccatoribus
1777 3552 2022 3622 exorari,

328 3630 549 3703 tibique
590 3631 931 3685 sacriﬁcium
973 3632 1203 3686 contriti
1229 3634 1416 3688 cordis
1457 3636 1683 3703 otferre,
1720 3638 1824 3693 hoc
1851 3640 2022 3693 sacri-

326 3720 521 3774 ﬁcium
554 3720 707 3788 quod
740 3721 995 3791 indignis
1032 3722 1296 3775 manibus
1318 3724 1459 3776 meis
1489 3725 1687 3793 offero,
1728 3733 2020 3796 acceptare

326 3808 588 3879 dignare,
621 3814 677 3861 et
707 3814 769 3862 ut
810 3809 929 3880 ipse
952 3810 1056 3863 tibi
1080 3812 1265 3865 hostia
1295 3819 1352 3865 et
1383 3814 1722 3866 sacriﬁcium
1751 3831 1871 3868 esse
1902 3832 2020 3869 me-

327 3913 472 3963 rear,
527 3897 827 3950 miseratus
882 3900 1148 3967 concede,
1202 3918 1314 3971 quo
1367 3918 1469 3972 per
1506 3902 1810 3955 ministerii
1850 3905 2023 3974 hujus

327 3987 764 4053 exhibitionem,
789 3990 1150 4056 peccatorum
1183 3990 1443 4043 omnium
1474 3990 1785 4059 percipiam
1818 3992 2021 4045 remis-

328 4077 571 4130 sionem.
613 4076 739 4127 Per.

1025 4160 1313 4226 Prwfatio.

403 4268 467 4320 D.
495 4268 552 4318 et
575 4263 796 4332 justum
828 4267 934 4329 est,
965 4278 1141 4330 usque
1170 4269 1377 4319 aeterne
1413 4267 1580 4320 Deus.
1616 4268 1723 4331 Qui
1754 4270 2019 4323 dissimu-

330 4354 459 4409 latis
499 4353 766 4406 humanaa
800 4350 1130 4420 fragilitatis
1157 4353 1401 4420 peccatis
1430 4355 1729 4409 sacerdotii
1778 4356 2021 4427 dignita-

329 4448 448 4496 tem
480 4437 744 4493 concedis
791 4437 1065 4507 indignis,
1095 4444 1153 4491 et
1183 4454 1299 4491 non
1331 4441 1514 4494 solum
1565 4449 1794 4509 peccata
1824 4444 2015 4498 dimit-

328 4527 420 4594 tis,
453 4540 652 4579 verum
676 4524 849 4578 etiam
894 4524 1047 4594 ipsos
1094 4531 1418 4596 peccatores
1464 4528 1779 4597 justiﬁcare
1824 4532 2020 4601 digne-

329 4616 428 4669 ris.
461 4614 634 4684 Cujus
674 4617 759 4665 est
804 4613 1077 4680 muneris,
1115 4619 1175 4666 ιιι
1206 4630 1318 4666 non
1362 4614 1548 4668 solum
1601 4616 1899 4670 existentia
1931 4636 2024 4671 su-

329 4708 491 4757 mant
524 4700 776 4766 exordia,
810 4704 1001 4754 exorta
1054 4700 1499 4767 nutrimentum,
1534 4704 1750 4756 nutrita
1776 4704 2025 4761 fructum

329 4791 624 4845 fructuosa
653 4788 1055 4858 perseverandi
1087 4788 1387 4843 auxilium.
1438 4789 1545 4853 Qui
1605 4806 1696 4845 me
1757 4808 1868 4844 non
1909 4794 2025 4846 exi-

327 4884 595 4942 stentem,
631 4875 865 4939 creasti,
909 4881 1190 4941 creatum,
1226 4875 1358 4929 ﬁdei
1388 4876 1688 4949 ﬁrmitate3
1710 4879 1935 4946 ditasti;
1967 4882 2028 4935 ti-

330 4967 538 5032 delem,
572 4963 832 5035 quamvis
891 4964 1137 5032 peccatis
1196 4965 1577 5034 squalentem,
1611 4968 1912 5021 sacerdotii
1941 4970 2023 5023 di-

329 5056 549 5126 gnitate
581 5051 824 5106 donasti.
856 5052 1036 5104 Tuam
1062 5052 1244 5121 igitur
1268 5053 1750 5123 omnipotentiam
1784 5059 2026 5127 supplex

329 5158 596 5214 exposco,
638 5147 701 5195 nt
734 5155 823 5193 me
884 5156 913 5191 a
960 5140 1263 5209 praeteritis
1312 5142 1557 5211 peccatis
1614 5144 1921 5209 emacules,
1966 5144 2024 5197 in

328 5230 530 5284 mundi
564 5228 733 5297 hujus
760 5242 931 5280 cursu
976 5228 1037 5279 in
1068 5227 1235 5281 bonis
1254 5228 1523 5298 operibus
1571 5231 1922 5297 corrobores,
1972 5237 2027 5285 et

327 5320 389 5373 in
416 5316 856 5388 perseverantiae
887 5315 1173 5370 soliditate
1198 5316 1525 5372 conﬁrmes.
1570 5319 1773 5390 Sicque
1822 5336 1913 5373 me
1948 5321 2027 5373 fa-

329 5408 448 5461 cias
479 5407 593 5459 tuis
624 5405 897 5459 altaribus
939 5405 1247 5472 deservire,
1306 5413 1368 5460 ut
1413 5408 1484 5463 ad
1523 5425 1723 5463 eorum
1770 5410 1868 5480 qui
1920 5410 2024 5464 tibi

328 5496 689 5566 placuerunt,
734 5493 1092 5547 sacerdotum
1141 5496 1493 5550 consortium
1548 5497 1767 5552 valeam
1824 5514 2024 5568 perve-

328 5581 475 5635 nire.
505 5580 569 5632 Et
597 5594 701 5647 per
730 5594 864 5632 eum
916 5577 1022 5631 tibi
1069 5578 1141 5631 sit
1180 5595 1376 5635 meum
1410 5584 1757 5651 acceptabile
1806 5591 2021 5648 votum,

2122 1860 2393 1925 ofﬁcium,
2424 1860 2665 1928 dignum
2687 1859 2930 1924 efﬁcias;
2966 1864 3025 1912 ut
3070 1861 3170 1930 qui
3197 1859 3391 1911 altaris
3435 1860 3519 1911 tui
3553 1858 3793 1911 ministe-

2122 1950 2273 2002 rium
2305 1948 2528 2017 suscepi
2559 1948 2852 2017 indignus,
2885 1963 3097 2017 perago
3126 1948 3405 2018 trepidus,
3431 1947 3500 2000 ad
3537 1962 3799 2016 peragen-

2124 2038 2260 2091 dum
2293 2037 2499 2091 reddar
2526 2042 2811 2099 strenuus,
2874 2042 2930 2089 et
2962 2036 3112 2089 inter
3160 2053 3257 2089 eos
3289 2037 3387 2107 qui
3429 2036 3533 2089 tibi
3579 2037 3804 2105 placue-

2123 2131 2277 2191 runt,
2323 2126 2583 2179 inveniar
2622 2125 2989 2195 justiﬁcatus.
3043 2127 3149 2178 Per
3209 2125 3516 2177 Dominum
3548 2127 3801 2177 nostrum

2122 2216 2330 2268 Jesum.

2760 2302 2933 2369 Super
2953 2300 3171 2357 Oblata.

2198 2407 2471 2463 Sacriﬁcii
2500 2407 2821 2478 presentis,
2864 2422 3080 2477 quasso,
3126 2406 3387 2470 Domine,
3418 2405 3635 2460 oblatio
3692 2422 3806 2457 mea

2126 2500 2329 2567 purget
2360 2496 2635 2557 facinora,
2670 2511 2775 2565 per
2822 2495 2975 2565 quod
3010 2495 3179 2548 totius
3207 2495 3408 2547 mundi
3450 2494 3681 2547 voluisti
3725 2511 3804 2546 re-

2127 2585 2305 2639 laxari
2343 2589 2604 2654 peccata;
2648 2584 2917 2653 illiusque
2961 2584 3423 2653 frequentatione
3473 2582 3692 2635 efﬁciat
3731 2581 3804 2633 di-

2125 2690 2293 2743 gnus,
2327 2672 2479 2744 quod
2525 2677 2588 2725 ιιι
2624 2671 3073 2742 frequentarem,
3121 2671 3345 2741 suscepi
3372 2671 3662 2740 indignus.
3710 2671 3806 2722 Per

2128 2763 2435 2816 Dominum
2467 2766 2741 2814 nostrum.

2825 2850 3103 2913 Przfulio.

2199 2957 2259 3009 Ι).
2296 2960 2351 3008 et
2388 2956 2608 3025 justum
2655 2960 2758 3021 est,
2810 2970 2998 3023 usque,
3046 2959 3258 3008 aeterne
3301 2955 3463 3007 Deus.
3510 2953 3615 3017 Qui
3674 2954 3801 3007 dum

1983 3042 2012 3141 ἑ
2052 3076 2094 3130 C
2129 3045 2371 3098 libenter
2402 3048 2608 3097 nostra:
2653 3043 3025 3113 paenitudinis
3055 3042 3501 3096 satisfactionem
3554 3042 3804 3111 suscipis.

2130 3134 2249 3203 ipse
2304 3137 2404 3186 tuo
2443 3130 2680 3201 judicio,
2733 3131 2883 3201 quod
2910 3147 3168 3184 erramus
3197 3131 3495 3184 abscondis
3529 3147 3541 3182 :
3590 3136 3644 3182 et
3668 3147 3805 3199 prae-

2128 3223 2298 3275 terita
2329 3226 2556 3291 peccata
2586 3226 2781 3273 nostra
2811 3219 3159 3286 dissimulas,
3190 3226 3255 3271 ut
3306 3219 3475 3271 nobis
3520 3218 3807 3271 sacerdotii

2129 3309 2467 3377 dignitatem
2513 3307 2808 3361 concedas.
2842 3308 3023 3359 'I‘uum
3054 3313 3137 3360 est
3191 3306 3367 3372 enim,
3421 3322 3512 3359 me
3556 3307 3622 3358 ad
3655 3304 3805 3358 mini-

2131 3399 2427 3452 strandum
2460 3397 2621 3450 altari
2650 3401 2746 3449 tuo
2769 3396 3008 3465 dignum
3043 3396 3291 3461 efﬁcere,
3327 3412 3503 3465 quem
3548 3395 3616 3448 ad
3650 3410 3805 3464 pera-

2129 3486 2381 3557 gendum
2415 3486 2474 3539 id
2513 3484 2788 3547 oflicium,
2826 3484 3129 3554 indignum
3185 3484 3455 3554 dignatus
3484 3500 3543 3536 es
3601 3498 3808 3553 promo-

2130 3591 2281 3627 vere.
2322 3575 2388 3628 Ut
2417 3573 2841 3643 praeteritorum
2870 3587 3098 3625 actuum
3132 3589 3390 3626 meorum
3422 3573 3574 3625 mala
3619 3571 3804 3625 oblivi-

2131 3678 2314 3726 scens,
2346 3660 2717 3730 przrsentium
2756 3660 3018 3714 ordinem
3064 3660 3123 3713 in
3154 3666 3252 3713 tua
3306 3660 3598 3713 voluntate
3629 3659 3806 3727 dispo-

2130 3767 2293 3814 nens,
2328 3749 2533 3803 futuris
2567 3749 2889 3802 custodiam
2919 3749 3244 3818 imponens,
3269 3765 3371 3818 per
3401 3764 3533 3801 eum
3549 3747 3808 3800 vitiorum

2131 3837 2497 3907 squaloribus
2555 3852 2858 3907 expurger,
2910 3837 3186 3890 virtutum
3243 3837 3617 3890 nutrimentis
3658 3850 3809 3887 exor-

2130 3942 2255 3992 ncr,
2277 3942 2478 3979 eorum
2541 3925 2898 3978 sacerdotum
2948 3926 3237 3978 consortio
3287 3925 3386 3995 qui
3433 3925 3534 3977 tibi
3597 3924 3814 3993 placue-

2131 4019 2286 4078 runt,
2321 4015 2559 4077 aduner,
2600 4029 2769 4083 quem
2830 4018 3052 4065 constat
3094 4029 3215 4066 esse
3260 4029 3459 4065 verum
3496 4026 3810 4064 summum-

2135 4119 2244 4173 que
2273 4102 2625 4172 pontiﬁcem,
2676 4102 2975 4171 solumque
3007 4102 3129 4154 sine
3180 4101 3397 4171 peccati
3434 4100 3696 4169 contagio
3728 4114 3811 4150 sa-

2133 4191 2421 4245 cerdotem
2463 4192 2658 4244 .Iesum
2699 4190 2985 4244 Christum
3046 4189 3347 4243 Dominum
3392 4194 3671 4242 nostrum.
3715 4188 3816 4240 Per

2134 4296 2327 4350 quem.

2713 4368 2803 4421 Ad
2832 4367 3243 4435 Complendum.

2208 4475 2402 4543 Hujus,
2448 4474 2707 4538 Domine,
2732 4474 3025 4543 perceptio
3051 4473 3412 4537 sacramenti,
3461 4483 3812 4542 peccatorum

2136 4578 2393 4616 meorum
2427 4563 2677 4615 maculas
2715 4567 2917 4631 tergat,
2962 4567 3018 4615 et
3050 4562 3118 4613 ad
3180 4562 3573 4631 peragendum
3622 4561 3814 4629 injun-

2133 4655 2287 4704 ctum
2316 4650 2569 4703 ofﬁcium
2602 4666 2692 4703 me
2718 4649 2992 4703 idoneum
3027 4650 3248 4703 reddat.
3286 4651 3409 4702 Per.

2828 4771 2948 4808 ITEX
2993 4771 3111 4808 ALIA
3124 4797 3133 4807 .

2209 4844 2373 4908 Deus,
2406 4843 2568 4911 cujus
2600 4842 2836 4896 arbitrio
2876 4843 3135 4896 omnium
3165 4842 3505 4895 saeculorum
3555 4843 3689 4895 ordo
3723 4841 3813 4894 de-

2131 4932 2328 4994 currit,
2364 4931 2576 5001 respice
2599 4931 2882 5001 propitius
2903 4932 2968 4983 ad
2994 4947 3083 4983 me
3105 4932 3382 4984 famulum
3416 4937 3601 4995 tuum,
3642 4947 3811 5001 quem

2133 5020 2201 5071 ad
2246 5020 2508 5073 ordinem
2545 5020 2973 5088 presbyteratus
3006 5034 3347 5087 promovere
3404 5019 3672 5088 dignatus
3737 5034 3812 5077 es.

2133 5114 2188 5161 et
2219 5114 2278 5161 ut
2307 5107 2411 5161 tibi
2444 5123 2566 5160 mea
2598 5108 2836 5161 servitus
2867 5108 3106 5176 placeat,
3149 5112 3244 5159 tua
3276 5107 3334 5158 in
3365 5122 3455 5159 me
3500 5106 3812 5159 misericor-

2132 5196 2282 5251 diter
2312 5196 2464 5249 dona
2492 5211 2778 5249 conserva.
2804 5196 2910 5248 Per
2956 5194 3259 5248 Dominum
3290 5200 3575 5247 nostrum.

2858 5301 3090 5356 Secreta.

2202 5407 2435 5474 Perﬁce,
2499 5408 2759 5473 Domine,
2830 5422 3175 5477 quaesumus,
3223 5406 3506 5475 benignus
3553 5406 3613 5459 in
3640 5404 3805 5459 nobis.

2132 5501 2196 5550 ut
2249 5512 2375 5567 qua:
2426 5497 2597 5550 sacris
2661 5496 2941 5565 mysteriis
2999 5495 3359 5564 proﬁtemur,
3426 5495 3540 5565 piis
3593 5494 3809 5548 actioni.

2132 5585 2239 5639 bus
2267 5600 2667 5653 exsequamur.
2706 5585 2812 5637 Per
2841 5584 3168 5637 Dominum.
