3868 6228
65 338 156 387 8'25

688 466 847 532 Infra
876 469 1153 520 actionem.

128 558 277 609 Hanc
304 555 496 624 igitur
540 554 885 609 oblationem
932 555 1217 607 servitutis
1252 571 1392 607 mea:
1434 570 1606 624 quam
1657 553 1759 606 tibi

65 642 230 696 offero
256 659 365 711 ego
411 648 553 696 tuus
588 644 834 695 famulus
884 647 938 695 et.
986 642 1267 708 sacerdos,
1328 659 1430 711 pro
1490 658 1556 695 eo
1607 642 1759 712 quod

64 748 141 785 me
172 732 386 801 eligere
424 732 695 801 dignatus
724 748 782 783 es
827 732 883 783 in
913 731 1114 784 ordine
1149 731 1509 801 presbyterii,
1568 737 1629 785 ut
1677 749 1761 783 sa-

65 820 279 874 criﬁciis
338 820 458 872 tuis
518 837 581 873 ac
635 819 840 872 divinis
896 819 1167 872 altaribus
1226 821 1593 873 deservirem.
1652 822 1758 872 Pro

64 910 159 963 hoc
186 908 337 961 addo
367 908 477 961 tibi
513 915 641 962 vota
682 923 809 961 mea
856 908 969 960 Deo
1019 924 1154 960 vero
1204 916 1260 960 et
1307 908 1450 971 vivo,
1494 908 1759 977 majesta-

65 1005 166 1052 tem
197 1005 361 1051 tuam
394 997 733 1066 suppliciter
759 996 1093 1064 implorans.
1146 1002 1209 1048 ut
1256 1012 1431 1064 opera
1483 1013 1758 1049 manuum

67 1092 286 1137 tuarum
322 1084 379 1136 in
410 1084 627 1153 meipso
658 1084 961 1145 custodias,
994 1090 1049 1136 et
1081 1084 1349 1137 idoneum
1382 1101 1471 1137 me
1499 1102 1602 1154 per
1639 1102 1757 1137 om-

67 1175 152 1226 nia
219 1172 556 1226 ministrum
618 1179 731 1226 tuae
797 1172 1107 1225 voluntatis
1154 1172 1383 1225 efficias.
1433 1175 1539 1226 Per
1600 1174 1758 1227 Chri-

72 1267 227 1314 stum.

646 1349 741 1402 Ad
769 1350 1171 1418 Complendum.

134 1439 433 1490 Munerum
464 1442 718 1501 tuorum,
758 1437 1020 1497 Domine,
1066 1436 1389 1507 largitatem
1444 1442 1757 1505 sumentes,

74 1526 348 1595 supplices
379 1526 777 1593 deprecamur,
812 1530 875 1577 ut
904 1526 1112 1594 quibus
1154 1526 1377 1579 donasti
1427 1526 1598 1593 hujus
1646 1525 1758 1578 mi-

74 1615 277 1667 nisterii
314 1615 649 1668 servitutem
675 1614 1041 1684 exsequendi,
1078 1615 1275 1684 gratiae
1294 1621 1408 1668 tuae
1440 1616 1656 1668 tribuas
1678 1615 1759 1668 fa-

73 1705 353 1755 cultatem.
386 1703 491 1754 Per
526 1702 832 1755 Dominum
867 1706 1145 1755 nostrum.

758 1820 877 1858 ITEM
922 1820 1065 1857 ALIA.

138 1893 238 1945 Fac
271 1908 381 1955 me,
418 1908 633 1962 quaeso,
670 1892 1038 1955 omnipotens
1088 1894 1254 1956 Dens,
1305 1893 1384 1946 ita
1417 1892 1643 1961 justitia
1674 1892 1765 1944 in-

75 1981 181 2042 dui,
228 1985 290 2032 ut
342 1979 400 2033 in
451 1984 780 2033 sanctorum
834 1986 1067 2033 tuorum
1124 1997 1345 2033 merear
1386 1981 1763 2034 exsultatione

76 2069 266 2136 laetari,
322 2073 607 2138 quatenus
662 2070 1007 2121 emundatus
1062 2069 1134 2122 ob
1182 2070 1451 2123 omnibus
1500 2070 1766 2122 sordibus

77 2164 450 2227 peccatorum.
475 2156 830 2210 consortium
855 2157 1138 2225 adipiscar
1160 2157 1260 2210 tibi
1286 2157 1633 2227 placentium
1678 2174 1765 2210 sa-

79 2246 383 2307 cerdotum,
427 2260 634 2315 meque
676 2250 774 2298 tua
803 2244 1194 2298 misericordia
1226 2263 1257 2298 a
1302 2246 1452 2299 vitiis
1497 2246 1767 2299 omnibus

80 2339 292 2393 exuant,
348 2349 518 2403 quem
569 2337 762 2385 reatus
820 2333 1069 2403 proprias
1118 2334 1480 2387 conscientiae
1547 2340 1761 2403 gravat.

83 2424 187 2474 Per.

798 2494 1030 2547 Secreta.

144 2582 287 2634 Deus
334 2579 763 2643 misericordias,
827 2579 975 2632 Deus
1018 2579 1332 2639 charitatis,
1380 2581 1529 2633 Deus
1575 2580 1763 2634 indul-

84 2669 296 2737 gentias,
343 2668 604 2747 indulge,
658 2683 873 2737 quasso,
932 2672 989 2720 et
1034 2667 1305 2720 miserere
1352 2668 1496 2734 mei;
1550 2669 1761 2722 sacriﬁ-

83 2758 241 2821 cium,
272 2756 424 2827 quod
451 2755 683 2825 pietatis
714 2760 825 2808 tuae
858 2754 1058 2825 gratiae
1082 2772 1182 2824 pro
1214 2756 1457 2824 peccatis
1488 2756 1629 2809 meis
1658 2757 1765 2810 hu-

85 2843 285 2895 militer
315 2842 517 2909 offero,
570 2842 814 2912 benigne
867 2843 1157 2911 suscipere
1203 2844 1492 2913 digneris;
1536 2851 1592 2897 et
1633 2861 1763 2914 pec-

81 2936 212 2991 cata,
234 2946 362 3001 qua
394 2930 705 2983 libentibus
738 2930 887 2983 vitiis
917 2932 1191 2997 contraxi,
1226 2933 1353 3001 pius
1385 2940 1442 2985 et
1481 2933 1765 3003 propitius

84 3036 138 3071 ac
167 3019 465 3072 miseratus
492 3018 812 3089 indulgeas,
849 3024 906 3072 et
935 3020 1117 3072 locum
1162 3012 1513 3089 pcenitentim
1551 3038 1612 3073 ac
1651 3023 1761 3075 flu-

83 3108 224 3160 mina
262 3108 645 3176 lacrymarum
683 3123 950 3160 concessa
988 3107 1212 3161 veniam
1242 3126 1274 3161 a
1312 3114 1366 3162 te
1418 3125 1640 3163 merear
1672 3126 1761 3163 ac-

83 3197 277 3263 cipere.
312 3197 435 3248 Per.

758 3284 1037 3347 Praefatio.

146 3371 203 3423 D.
266 3375 320 3422 et
357 3370 581 3438 justum
627 3374 730 3431 est,
798 3383 987 3436 usque,
1038 3372 1250 3421 aeterne
1298 3370 1466 3423 Deus.
1522 3371 1584 3423 Et
1652 3370 1758 3422 cle-

84 3457 341 3510 mentiam
403 3462 560 3510 tuam
613 3456 909 3509 humiliter
966 3457 1295 3526 implorare,
1363 3463 1426 3510 ut
1483 3457 1761 3511 facturam

85 3551 223 3597 tuam
256 3561 372 3598 non
424 3545 725 3614 despicias,
782 3561 882 3598 nec
924 3546 994 3598 ab
1049 3546 1298 3599 inimicis
1338 3546 1597 3600 tribulari
1640 3562 1765 3616 per-

83 3633 279 3687 mittas.
334 3634 460 3688 Scio
518 3633 670 3687 enim
723 3649 812 3687 me
861 3634 1110 3702 graviter
1156 3635 1485 3705 deliquisse,
1550 3651 1762 3706 praece-

83 3722 180 3791 ptis
216 3722 329 3776 tuis
382 3722 620 3776 minime
662 3723 941 3776 obedisse.
985 3724 1115 3777 Ideo
1168 3725 1467 3777 humiliter
1504 3725 1761 3789 obsecro,

85 3811 307 3879 gratiam
336 3816 519 3875 tuam,
564 3811 824 3877 Domine,
862 3812 1003 3865 mihi
1054 3829 1280 3882 semper
1324 3814 1761 3867 consolatricem

87 3899 351 3967 adhibeas,
386 3906 445 3953 et
489 3900 939 3953 misericordiam
982 3906 1141 3954 tuam
1197 3902 1427 3971 regibus
1474 3903 1761 3955 factricem

88 4004 336 4057 apponas.
373 3988 530 4042 Unde
563 4004 803 4058 exposco
852 3989 1124 4058 pietatem
1168 3996 1324 4043 tuam
1382 4007 1670 4059 magnam,
1707 3996 1766 4045 ut

88 4092 199 4129 mea
241 4077 495 4130 dimittas
544 4083 766 4147 pecata,
816 4077 952 4147 quia
997 4078 1124 4148 plus
1172 4079 1321 4133 valet
1368 4078 1765 4132 misericordia

88 4169 171 4216 tua
198 4166 261 4217 ad
290 4166 653 4235 erigendum,
688 4181 862 4235 quam
886 4167 1105 4219 fallacia
1138 4167 1353 4220 inimici
1386 4167 1454 4220 ad
1479 4168 1764 4237 decipien-

90 4252 227 4306 dum.
293 4254 557 4307 Miserere
614 4255 746 4316 mei,
810 4254 1066 4320 Domine,
1125 4255 1437 4308 secundum
1493 4271 1761 4325 magnam

1369 333 1574 387 LIBER
1614 331 1889 386 SACRAM
1901 331 2253 386 ENTORUM.

3464 332 3565 383 826

2419 466 2543 518 Post
2577 467 3024 519 Communionem.

1943 554 2091 607 Deus
2136 552 2430 605 charitatis
2476 557 2533 605 et
2583 554 2754 620 pacis,
2805 554 2905 623 qui
2945 569 3049 622 pro
3109 554 3289 605 salute
3339 552 3567 622 generis

1872 640 2109 694 humani
2148 641 2329 693 crucis
2376 641 2697 709 patibulum
2743 641 3016 695 sustulisti
3067 641 3458 714 [sustinuisti],
3512 644 3568 693 et

1871 729 2211 799 sanguinem
2260 735 2421 780 tuum
2484 745 2585 797 pro
2630 730 3023 799 redemptione
3089 737 3279 782 nostra
3346 729 3561 792 fudisti,

1871 834 2063 888 preces
2106 822 2325 869 nostras
2373 818 2629 885 placatus
2674 822 2731 869 et
2781 817 3058 886 benignus
3090 818 3331 887 suscipe,
3373 822 3423 869 et
3457 818 3563 870 mi-

1871 906 2238 959 sericordiam
2269 910 2426 957 tuam
2466 904 2607 958 mihi
2640 906 2905 966 concede,
2946 911 3009 957 ut
3037 922 3167 957 cum
3211 906 3279 957 de
3327 920 3564 974 corpore

1873 1011 1961 1047 me
1993 995 2145 1046 exire
2171 994 2429 1062 jusseris,
2467 1010 2598 1062 pars
2629 994 2822 1063 iniqua
2848 995 2906 1045 in
2940 1010 3027 1045 me
3058 1010 3174 1045 non
3217 994 3424 1046 habeat
3462 1009 3563 1061 po-

1870 1087 2151 1144 testatem,
2185 1082 2278 1133 sed
2321 1082 2557 1149 angelus
2590 1086 2723 1133 tuus
2774 1087 3003 1133 sanctus
3060 1081 3210 1133 inter
3250 1086 3470 1131 sanctos
3514 1084 3567 1131 et

1871 1172 2082 1225 electos
2102 1176 2228 1222 tuos
2256 1170 2511 1233 collocet,
2569 1170 2668 1224 ubi
2703 1171 2796 1223 lux
2852 1174 3172 1240 permanet,
3222 1173 3277 1221 et
3306 1168 3420 1220 vita
3471 1184 3565 1220 re-

1871 1264 2024 1329 gnat.
2057 1260 2182 1313 Per.

2564 1361 2687 1400 ITEM
2728 1363 2756 1399 Α
2766 1362 2870 1399 LIA.

1945 1452 2289 1520 Suppliciter
2337 1458 2412 1513 te,
2465 1452 2714 1521 piissime
2767 1453 2935 1517 Deus,
2986 1453 3149 1505 Pater
3179 1452 3564 1519 omnipotens,

1875 1538 1976 1609 qui
2033 1555 2094 1591 es
2142 1544 2361 1593 creator
2406 1539 2665 1593 omnium
2714 1556 2927 1603 rerum,
2979 1540 3275 1609 deprecor,
3329 1544 3390 1590 ut
3429 1538 3566 1591 dum

1873 1644 1965 1680 me
1996 1628 2271 1680 famulum
2324 1633 2485 1680 tuum
2532 1643 2723 1680 coram
2776 1628 3197 1698 omnipotentia
3254 1626 3567 1697 majestatis

1801 1750 1841 1803 Β
1871 1721 1985 1769 tua;
2018 1716 2266 1784 graviter
2307 1716 2613 1786 deliquisse
2651 1716 2944 1775 confiteor,
2976 1732 3207 1768 manum
3254 1715 3566 1767 misericor-

1872 1804 1981 1858 diae
2011 1810 2120 1858 tua:
2148 1804 2289 1858 mihi
2322 1805 2610 1874 porrigas;
2654 1809 2935 1874 quatenus
2966 1805 3098 1857 dum
3156 1804 3302 1857 hanc
3332 1803 3568 1856 oblatio-

1872 1907 2006 1945 nem
2032 1899 2163 1944 ante
2196 1892 2512 1962 potentiam
2542 1899 2654 1945 tuze
2697 1891 3014 1960 majestatis
3044 1891 3239 1959 offero,
3275 1892 3429 1962 quod
3461 1907 3565 1943 ne-

1873 1980 2064 2048 quiter
2119 1980 2342 2045 admisi,
2412 1980 2855 2034 clementissime
2916 1981 3170 2051 digneris
3250 1981 3563 2033 absolvere.

1874 2069 1996 2120 Per.

2334 2158 2511 2210 Lectio
2535 2157 2777 2209 Jeremiae
2808 2158 3100 2225 prophetae.

1951 2244 2014 2296 In
2050 2242 2250 2296 diebus
2280 2242 2390 2296 illis
2412 2243 2553 2296 dixit
2584 2244 2858 2295 Jeremias
2895 2260 2907 2296 :
2946 2244 3204 2309 Domine,
3239 2259 3439 2295 omnes
3466 2245 3565 2313 qui

1874 2337 1929 2383 te
1963 2331 2394 2401 derelinquunt,
2436 2331 2887 2397 confundentur;
2937 2332 3263 2385 recedentes
3305 2349 3338 2384 a
3386 2340 3462 2396 te,
3506 2332 3565 2385 in

1874 2424 2024 2473 terra
2086 2422 2422 2474 scribentur.
2496 2420 2775 2484 Quoniam
2856 2420 3292 2491 dereliqucrunt
3364 2436 3565 2473 venam

1873 2523 2152 2577 aquarum
2213 2509 2523 2561 viventium
2558 2509 2891 2562 Dominum.
2953 2510 3099 2561 Sana
3149 2525 3260 2569 me,
3306 2508 3563 2573 Domine,

1874 2601 1929 2648 et
1958 2596 2225 2662 sanabor;
2265 2598 2483 2649 salvum
2526 2613 2615 2650 me
2655 2597 2741 2650 fac
2798 2604 2852 2649 et
2899 2599 3085 2649 salvus
3136 2613 3254 2659 ero,
3292 2598 3563 2667 quoniam

1875 2684 1995 2736 laus
2027 2700 2154 2737 mea
2194 2690 2253 2737 tu
2288 2701 2367 2748 es,
2402 2685 2638 2738 Domine
2673 2686 2817 2737 Deus
2851 2701 3029 2738 meus.

2050 2798 2229 2849 Lectio
2266 2801 2442 2851 sancti
2463 2799 2747 2864 Evangelii
2782 2798 3073 2850 secundum
3109 2800 3384 2851 Joannem.

1944 2894 2008 2946 In
2032 2894 2126 2946 illo
2144 2901 2399 2964 tempore
2422 2896 2561 2949 dixit
2585 2898 2743 2949 Jesns
2766 2896 3059 2964 discipulis
3082 2894 3234 2947 suis:
3265 2893 3321 2947 Si
3350 2906 3565 2944 manse-

1875 2982 1996 3034 ritis
2030 2983 2088 3035 in
2130 3000 2241 3047 me,
2275 2988 2329 3036 et
2361 2984 2531 3037 verba
2564 3000 2687 3036 mea
2718 2984 2776 3035 in
2809 2984 2968 3036 nobis
3000 2982 3336 3044 manserint,
3377 2979 3560 3050 quod-

1804 3066 1843 3120 C
1873 3086 2096 3140 cunque
2129 3072 2423 3125 volueritis
2453 3073 2679 3143 petetis,
2722 3078 2777 3125 et
2807 3072 2902 3125 tiet
2932 3072 3110 3125 vobis.

2515 3180 2686 3246 Super
2719 3178 2933 3233 Oblata.

1944 3265 2085 3332 Tibi,
2120 3267 2357 3320 Domine
2392 3269 2537 3321 Deus
2583 3284 2761 3324 meus.
2817 3284 2956 3320 mem
2989 3266 3311 3320 devotionis
3354 3266 3565 3318 hostias

1873 3355 2108 3408 immoto
2140 3371 2153 3407 :
2188 3357 2292 3409 hoc
2330 3372 2451 3422 oro,
2510 3356 2836 3427 pariterque
2877 3357 3150 3426 deprecor
3204 3354 3564 3408 clementiam

1875 3446 2053 3509 tuam,
2106 3450 2168 3497 ut
2220 3461 2307 3497 me
2355 3445 2694 3497 sacrilicium
2749 3450 2909 3497 tuum
2959 3443 3388 3496 mortilicatione
3437 3441 3565 3494 vitm

1873 3533 2115 3584 carnalis
2146 3533 2407 3585 effectum
2459 3533 2516 3585 in
2567 3534 2796 3585 odorem
2848 3533 3141 3585 suavitatis
3192 3531 3454 3599 accipias,
3509 3536 3565 3581 et

1873 3619 2125 3671 moribus
2181 3620 2389 3688 quibus
2428 3620 2700 3689 professio
2751 3637 2877 3673 mea
2934 3621 3219 3689 Congruit,
3274 3619 3559 3670 instituas.

1874 3708 1945 3760 Ut
1974 3724 2143 3776 quem
2176 3716 2383 3761 sanctae
2416 3709 2874 3778 compunctionis
2903 3710 3108 3761 ardore
3150 3708 3219 3760 ab
3264 3706 3560 3759 hominum

1872 3802 2209 3849 czeterorum
2257 3798 2547 3866 proposito
2596 3797 2898 3865 segregati,
2959 3797 3131 3849 etiam
3185 3812 3218 3847 a
3267 3809 3558 3847 conversa-

1871 3885 2022 3937 tione
2050 3885 2282 3949 carnali,
2315 3892 2485 3954 atque
2535 3887 2606 3938 ab
2638 3885 3007 3937 immunditia
3040 3888 3271 3938 actuum
3308 3889 3563 3935 terreno-

1874 3988 2020 4032 rum,
2059 3971 2245 4025 infusa
2292 3972 2432 4025 mihi
2490 3973 2712 4026 coalitus
2772 3974 3090 4036 sanctitate,
3146 3972 3452 4034 discernes,
3502 3974 3565 4022 ut

1873 4060 2066 4112 omnia
2097 4066 2322 4113 terrena
2354 4060 2686 4131 despiciam,
2723 4061 2972 4115 caelestia
3006 4067 3294 4131 appetam.
3333 4062 3452 4112 l’er.

2573 4171 2851 4235 Praefatio.

1949 4255 2007 4307 D.
2050 4259 2107 4306 et
2138 4256 2359 4323 justum
2410 4260 2512 4313 est,
2557 4270 2744 4323 usque,
2791 4260 3003 4308 mterne
3063 4256 3231 4309 Deus.
3283 4254 3388 4318 Qui
3431 4269 3563 4323 pro-

90 4342 515 4395 misericordiam
548 4348 727 4407 tuam,
753 4348 819 4396 ut
848 4344 998 4396 unde
1029 4343 1323 4407 erubesco,
1357 4349 1414 4396 tu
1442 4344 1760 4413 indulgeas,
1805 4363 1846 4415 ι)
1873 4358 2061 4395 amore
2094 4343 2391 4396 hominum
2426 4343 2603 4396 factus
2636 4344 2694 4396 in
2724 4344 3159 4397 similitudinem
3193 4343 3379 4396 carnis
3429 4358 3566 4413 pec-

90 4434 135 4480 et
160 4445 219 4481 ea
248 4447 373 4500 qua:
422 4431 663 4500 gessisse
704 4448 796 4485 me
839 4432 1071 4502 poenitet
1116 4433 1430 4486 clementer
1476 4432 1759 4501 ignoscas.

92 4518 199 4568 Per.

672 4608 834 4672 Infra
875 4610 1155 4662 actionem.

151 4693 291 4746 Hanc
336 4692 515 4761 igitur
571 4694 938 4755 oblationem,
988 4713 1163 4765 quam
1203 4697 1306 4750 tibi
1344 4697 1521 4751 otfero
1553 4715 1659 4767 ego
1685 4697 1762 4751 fa-

93 4780 258 4831 mulus
283 4786 439 4846 tuus,
468 4786 553 4841 tu,
591 4782 1034 4837 clementissime
1069 4786 1253 4847 Pater,
1305 4785 1555 4839 libenter
1607 4787 1761 4839 exci-

91 4866 213 4934 pias,
236 4868 958 4941 deprecor;orationesque
980 4874 1453 4943 measdignanter
1476 4875 1758 4941 intendas,

93 4954 463 5009 tribulationes
504 4957 693 5010 cordis
728 4959 837 5011 mei
874 4960 1320 5015 misericorditer
1351 4963 1595 5025 auferas,
1648 4965 1763 5033 pla-

93 5042 263 5096 cabilis
320 5051 446 5097 vota
526 5045 821 5114 suscipias,
876 5048 1060 5101 libens
1123 5049 1405 5103 desideria
1451 5051 1758 5120 compleas,

92 5129 309 5184 clemens
338 5137 575 5202 peccata
619 5133 891 5199 dimittas,
931 5136 1174 5190 crimina
1222 5138 1504 5208 benignus
1535 5140 1758 5193 abster-

91 5232 188 5285 gas,
220 5220 441 5290 ﬂagella
476 5220 765 5291 propitius
798 5224 1065 5285 redimas.
1118 5228 1422 5295 languores
1452 5228 1759 5281 miseratus

89 5308 344 5373 excludas,
385 5310 759 5365 serenissimo
810 5314 970 5367 vultu
1028 5315 1405 5383 petitionibus
1476 5317 1617 5369 meis
1666 5333 1755 5369 ac-

89 5400 403 5465 commodes,
442 5399 689 5469 gratiam
726 5404 882 5454 tuam
918 5402 1058 5455 mihi
1086 5404 1484 5473 multipliciter
1524 5420 1754 5473 augeas,

91 5489 132 5535 et
157 5487 601 5541 misericordiam
632 5492 788 5541 tuam
826 5489 1237 5545 incessabiliter
1286 5493 1567 5562 largiaris,
1621 5493 1760 5546 dies-

90 5585 194 5639 que.

1872 4430 2003 4491 cati,
2037 4431 2278 4483 formam
2312 4432 2454 4483 servi
2481 4433 2755 4485 Dominus
2794 4434 3123 4501 assumpsit,
3158 4439 3213 4485 et
3272 4433 3328 4484 in
3378 4432 3564 4501 specie

1830 4538 1850 4551 ο
1873 4518 2179 4577 vulnerati.
2213 4520 2465 4572 medicus
2506 4521 2837 4573 ambulavit.
2886 4522 2979 4573 llis
3013 4521 3175 4573 nobis
3208 4521 3478 4573 Dominus
3512 4525 3566 4572 et

1874 4607 2136 4658 minister
2166 4609 2384 4671 salutis,
2411 4609 2715 4662 advocatus
2748 4614 2803 4661 et
2826 4609 3021 4674 judex,
3065 4608 3324 4659 sacerdos
3376 4612 3432 4659 et
3476 4624 3563 4659 sa-

1871 4695 2169 4748 crilicinm.
2224 4698 2327 4749 Per
2364 4695 2517 4750 hunc
2568 4702 2643 4760 te,
2690 4698 2925 4749 Domine
2970 4703 3160 4746 sancte
3206 4696 3389 4758 Pater,
3423 4711 3559 4764 sup-

1871 4785 2097 4852 pliciter
2143 4800 2331 4847 exoro,
2378 4791 2439 4837 ut
2471 4785 2606 4836 dum
2653 4790 2869 4835 reatum
2899 4783 3260 4836 conscientiae
3295 4798 3435 4835 mea:
3471 4799 3557 4834 re-

1872 4888 2176 4941 cognosco,
2203 4872 2350 4941 quod
2378 4873 2433 4924 in
2458 4872 2752 4941 prazcep‘tis
2773 4871 2883 4923 tuis
2911 4871 3310 4938 prtevaricator
3349 4871 3557 4935 exstiti,

1872 4967 1925 5011 et
1959 4977 2059 5029 per
2088 4961 2421 5013 delictorum
2463 4960 2679 5011 facinus
2718 4959 2905 5011 corrui
2941 4962 2996 5011 iu
3028 4959 3273 5011 ruinam.
3319 4959 3401 5011 Tu
3444 4975 3556 5022 me,

1874 5050 2132 5111 Domine,
2167 5049 2337 5117 erige,
2370 5063 2540 5117 quem
2577 5049 2766 5117 lapsus
2799 5047 3009 5116 peccati
3057 5046 3390 5116 prostravit;
3430 5047 3557 5100 illu-

1872 5139 2026 5189 mina
2057 5153 2287 5201 caecum,
2322 5152 2489 5203 Quem
2526 5142 2690 5189 terrm
2726 5141 3087 5205 peccatorum
3136 5135 3408 5203 caligines
3458 5136 3559 5189 ob-

1868 5231 2264 5287 scuraverunt;
2302 5226 2449 5276 solve
2489 5225 2902 5292 compeditum,
2940 5240 3110 5294 quem
3152 5224 3380 5277 vincula
3427 5241 3558 5293 pec-

1866 5318 2119 5365 catorum
2150 5312 2567 5380 constringunt.
2602 5314 2809 5365 Praesta
2831 5328 2933 5381 per
2963 5319 3219 5365 sanctum
3261 5317 3315 5365 et
3345 5314 3557 5382 glorio-

1865 5417 1990 5454 sum
2022 5407 2079 5453 et
2108 5400 2465 5453 adorandum
2501 5400 2807 5453 Dominum
2856 5411 3114 5454 nostrum
3157 5403 3348 5455 Jesum
3398 5403 3557 5457 Chri-

1864 5495 2035 5555 stum,
2080 5488 2284 5543 Filium
2334 5493 2519 5551 tuum,
2554 5506 2725 5559 quem
2784 5490 3016 5543 laudant
3079 5491 3288 5559 angeli,
3320 5491 3561 5543 adorant

1864 5579 2303 5641 dominationes,
2337 5581 2590 5629 tremunt
2621 5583 2945 5648 potestates.
