  <div class='ocr_page' id='page_1' title='image "/cluster/home/n/w/nwhite01/storage/ocr_20150623/121/uva.x000827051/425.png"; bbox 0 0 3868 6228; ppageno 0'>
   <div class='ocr_carea' id='block_1_1' title="bbox 312 304 413 354">
    <p class='ocr_par' dir='ltr' id='par_1_1' title="bbox 312 304 413 354">
     <span class='ocr_line' id='line_1_1' title="bbox 312 304 413 354; baseline -0.01 0"><span class='ocrx_word' id='word_1_1' title='bbox 312 304 413 354; x_wconf 77' lang='lat'>8‘27</span> 
     </span>
    </p>
   </div>
   <div class='ocr_carea' id='block_1_2' title="bbox 918 435 1381 498">
    <p class='ocr_par' dir='ltr' id='par_1_2' title="bbox 918 435 1381 498">
     <span class='ocr_line' id='line_1_2' title="bbox 918 435 1381 498; baseline 0 -11"><span class='ocrx_word' id='word_1_2' title='bbox 918 435 1077 498; x_wconf 80' lang='lat' dir='ltr'>Infra</span> <span class='ocrx_word' id='word_1_3' title='bbox 1102 436 1381 487; x_wconf 83' lang='lat' dir='ltr'>actionem.</span> 
     </span>
    </p>
   </div>
   <div class='ocr_carea' id='block_1_3' title="bbox 384 522 2007 592">
    <p class='ocr_par' dir='ltr' id='par_1_3' title="bbox 384 522 2007 592">
     <span class='ocr_line' id='line_1_3' title="bbox 384 522 2007 592; baseline -0.001 -15"><span class='ocrx_word' id='word_1_4' title='bbox 384 524 539 577; x_wconf 83' lang='lat' dir='ltr'>Hanc</span> <span class='ocrx_word' id='word_1_5' title='bbox 567 522 739 592; x_wconf 80' lang='lat' dir='ltr'>igitur</span> <span class='ocrx_word' id='word_1_6' title='bbox 766 522 1115 574; x_wconf 81' lang='lat' dir='ltr'>oblationem</span> <span class='ocrx_word' id='word_1_7' title='bbox 1146 539 1318 591; x_wconf 92' lang='lat' dir='ltr'>quam</span> <span class='ocrx_word' id='word_1_8' title='bbox 1349 522 1470 587; x_wconf 91' lang='lat' dir='ltr'>tibi,</span> <span class='ocrx_word' id='word_1_9' title='bbox 1518 523 1779 587; x_wconf 91' lang='lat' dir='ltr'>Domine,</span> <span class='ocrx_word' id='word_1_10' title='bbox 1830 522 2007 576; x_wconf 72' lang='lat' dir='ltr'>offero</span> 
     </span>
    </p>
   </div>
   <div class='ocr_carea' id='block_1_4' title="bbox 310 608 2004 680">
    <p class='ocr_par' dir='ltr' id='par_1_4' title="bbox 310 608 2004 680">
     <span class='ocr_line' id='line_1_4' title="bbox 310 608 2004 680; baseline 0.001 -18"><span class='ocrx_word' id='word_1_11' title='bbox 310 626 416 680; x_wconf 88' lang='lat' dir='ltr'>pro</span> <span class='ocrx_word' id='word_1_12' title='bbox 449 610 688 680; x_wconf 84' lang='lat' dir='ltr'>peccatis</span> <span class='ocrx_word' id='word_1_13' title='bbox 717 609 860 662; x_wconf 88' lang='lat' dir='ltr'>meis</span> <span class='ocrx_word' id='word_1_14' title='bbox 895 608 1105 661; x_wconf 90' lang='lat' dir='ltr'>minuis</span> <span class='ocrx_word' id='word_1_15' title='bbox 1139 616 1311 678; x_wconf 84' lang='lat' dir='ltr'>atque</span> <span class='ocrx_word' id='word_1_16' title='bbox 1346 609 1775 676; x_wconf 77' lang='lat' dir='ltr'>olfensionibus,</span> <span class='ocrx_word' id='word_1_17' title='bbox 1830 611 2004 679; x_wconf 54' lang='grc' dir='ltr'>ωηε-</span> 
     </span>
    </p>
   </div>
   <div class='ocr_carea' id='block_1_5' title="bbox 310 698 2003 767">
    <p class='ocr_par' dir='ltr' id='par_1_5' title="bbox 310 698 2003 767">
     <span class='ocr_line' id='line_1_5' title="bbox 310 698 2003 767; baseline 0 -16"><span class='ocrx_word' id='word_1_18' title='bbox 310 704 513 751; x_wconf 89' lang='lat' dir='ltr'>statem</span> <span class='ocrx_word' id='word_1_19' title='bbox 561 704 720 751; x_wconf 86' lang='lat' dir='ltr'>tuam</span> <span class='ocrx_word' id='word_1_20' title='bbox 780 698 913 749; x_wconf 88' lang='lat' dir='ltr'>totis</span> <span class='ocrx_word' id='word_1_21' title='bbox 963 698 1176 749; x_wconf 89' lang='lat' dir='ltr'>viribus</span> <span class='ocrx_word' id='word_1_22' title='bbox 1230 698 1435 749; x_wconf 86' lang='lat' dir='ltr'>humili</span> <span class='ocrx_word' id='word_1_23' title='bbox 1496 714 1660 767; x_wconf 84' lang='lat' dir='ltr'>prece</span> <span class='ocrx_word' id='word_1_24' title='bbox 1742 699 2003 767; x_wconf 87' lang='lat' dir='ltr'>deposco,</span> 
     </span>
    </p>
   </div>
   <div class='ocr_carea' id='block_1_6' title="bbox 314 786 2006 854">
    <p class='ocr_par' dir='ltr' id='par_1_6' title="bbox 314 786 2006 854">
     <span class='ocr_line' id='line_1_6' title="bbox 314 786 2006 854; baseline 0.001 -15"><span class='ocrx_word' id='word_1_25' title='bbox 314 788 459 839; x_wconf 86' lang='lat' dir='ltr'>Deus</span> <span class='ocrx_word' id='word_1_26' title='bbox 489 786 763 854; x_wconf 83' lang='lat' dir='ltr'>piissime,</span> <span class='ocrx_word' id='word_1_27' title='bbox 790 786 1094 853; x_wconf 78' lang='lat' dir='ltr'>dignanter</span> <span class='ocrx_word' id='word_1_28' title='bbox 1115 786 1408 853; x_wconf 83' lang='lat' dir='ltr'>suscipias,</span> <span class='ocrx_word' id='word_1_29' title='bbox 1440 802 1681 838; x_wconf 84' lang='lat' dir='ltr'>exorans</span> <span class='ocrx_word' id='word_1_30' title='bbox 1724 792 1785 838; x_wconf 92' lang='lat' dir='ltr'>ut</span> <span class='ocrx_word' id='word_1_31' title='bbox 1813 787 2006 840; x_wconf 86' lang='lat' dir='ltr'>dimit-</span> 
     </span>
    </p>
   </div>
   <div class='ocr_carea' id='block_1_7' title="bbox 311 874 2007 943">
    <p class='ocr_par' dir='ltr' id='par_1_7' title="bbox 311 874 2007 943">
     <span class='ocr_line' id='line_1_7' title="bbox 311 874 2007 943; baseline -0.001 -15"><span class='ocrx_word' id='word_1_32' title='bbox 311 880 395 928; x_wconf 92' lang='lat' dir='ltr'>tas</span> <span class='ocrx_word' id='word_1_33' title='bbox 427 875 666 927; x_wconf 89' lang='lat' dir='ltr'>crimina</span> <span class='ocrx_word' id='word_1_34' title='bbox 707 892 834 943; x_wconf 82' lang='lat' dir='ltr'>qum</span> <span class='ocrx_word' id='word_1_35' title='bbox 888 874 1196 943; x_wconf 83' lang='lat' dir='ltr'>fragilitate</span> <span class='ocrx_word' id='word_1_36' title='bbox 1238 875 1423 927; x_wconf 89' lang='lat' dir='ltr'>carnis</span> <span class='ocrx_word' id='word_1_37' title='bbox 1474 881 1645 943; x_wconf 82' lang='lat' dir='ltr'>atque</span> <span class='ocrx_word' id='word_1_38' title='bbox 1692 876 2007 928; x_wconf 84' lang='lat' dir='ltr'>tentatione</span> 
     </span>
    </p>
   </div>
   <div class='ocr_carea' id='block_1_8' title="bbox 312 963 2008 1032">
    <p class='ocr_par' dir='ltr' id='par_1_8' title="bbox 312 963 2008 1032">
     <span class='ocr_line' id='line_1_8' title="bbox 312 963 2008 1032; baseline 0.001 -17"><span class='ocrx_word' id='word_1_39' title='bbox 312 964 645 1032; x_wconf 90' lang='lat' dir='ltr'>iniquorum</span> <span class='ocrx_word' id='word_1_40' title='bbox 678 964 983 1031; x_wconf 79' lang='lat' dir='ltr'>spirituum</span> <span class='ocrx_word' id='word_1_41' title='bbox 1019 964 1282 1032; x_wconf 78' lang='lat' dir='ltr'>nequiter</span> <span class='ocrx_word' id='word_1_42' title='bbox 1314 963 1546 1027; x_wconf 81' lang='lat' dir='ltr'>admisi;</span> <span class='ocrx_word' id='word_1_43' title='bbox 1584 968 1637 1013; x_wconf 87' lang='lat' dir='ltr'>et</span> <span class='ocrx_word' id='word_1_44' title='bbox 1660 964 1778 1031; x_wconf 89' lang='lat' dir='ltr'>jam</span> <span class='ocrx_word' id='word_1_45' title='bbox 1802 964 2008 1016; x_wconf 77' lang='lat' dir='ltr'>reverti</span> 
     </span>
    </p>
   </div>
   <div class='ocr_carea' id='block_1_9' title="bbox 316 1051 2009 1121">
    <p class='ocr_par' dir='ltr' id='par_1_9' title="bbox 316 1051 2009 1121">
     <span class='ocr_line' id='line_1_9' title="bbox 316 1051 2009 1121; baseline 0.001 -17"><span class='ocrx_word' id='word_1_46' title='bbox 316 1068 405 1104; x_wconf 90' lang='lat' dir='ltr'>me</span> <span class='ocrx_word' id='word_1_47' title='bbox 437 1052 505 1103; x_wconf 89' lang='lat' dir='ltr'>ad</span> <span class='ocrx_word' id='word_1_48' title='bbox 539 1068 602 1103; x_wconf 91' lang='lat' dir='ltr'>ea</span> <span class='ocrx_word' id='word_1_49' title='bbox 632 1068 749 1104; x_wconf 87' lang='lat' dir='ltr'>non</span> <span class='ocrx_word' id='word_1_50' title='bbox 781 1052 933 1104; x_wconf 85' lang='lat' dir='ltr'>sinas</span> <span class='ocrx_word' id='word_1_51' title='bbox 968 1056 1132 1117; x_wconf 91' lang='lat' dir='ltr'>ultra,</span> <span class='ocrx_word' id='word_1_52' title='bbox 1168 1052 1265 1105; x_wconf 87' lang='lat' dir='ltr'>sed</span> <span class='ocrx_word' id='word_1_53' title='bbox 1296 1051 1568 1103; x_wconf 87' lang='lat' dir='ltr'>conﬁrma</span> <span class='ocrx_word' id='word_1_54' title='bbox 1611 1068 1699 1103; x_wconf 90' lang='lat' dir='ltr'>me</span> <span class='ocrx_word' id='word_1_55' title='bbox 1748 1052 1805 1103; x_wconf 89' lang='lat' dir='ltr'>in</span> <span class='ocrx_word' id='word_1_56' title='bbox 1849 1052 2009 1121; x_wconf 86' lang='lat' dir='ltr'>justi-</span> 
     </span>
    </p>
   </div>
   <div class='ocr_carea' id='block_1_10' title="bbox 312 1139 2006 1207">
    <p class='ocr_par' dir='ltr' id='par_1_10' title="bbox 312 1139 2006 1207">
     <span class='ocr_line' id='line_1_10' title="bbox 312 1139 2006 1207; baseline 0.001 -15"><span class='ocrx_word' id='word_1_57' title='bbox 312 1139 673 1192; x_wconf 86' lang='lat' dir='ltr'>ﬁcaiionibus</span> <span class='ocrx_word' id='word_1_58' title='bbox 747 1140 879 1204; x_wconf 67' lang='lat' dir='ltr'>tuis,</span> <span class='ocrx_word' id='word_1_59' title='bbox 939 1145 993 1191; x_wconf 92' lang='lat' dir='ltr'>et</span> <span class='ocrx_word' id='word_1_60' title='bbox 1048 1139 1532 1207; x_wconf 84' lang='lat' dir='ltr'>perseverantiam</span> <span class='ocrx_word' id='word_1_61' title='bbox 1597 1139 1735 1191; x_wconf 89' lang='lat' dir='ltr'>mihi</span> <span class='ocrx_word' id='word_1_62' title='bbox 1816 1141 2006 1194; x_wconf 81' lang='lat' dir='ltr'>tribue</span> 
     </span>
    </p>
   </div>
   <div class='ocr_carea' id='block_1_11' title="bbox 314 1226 2005 1295">
    <p class='ocr_par' dir='ltr' id='par_1_11' title="bbox 314 1226 2005 1295">
     <span class='ocr_line' id='line_1_11' title="bbox 314 1226 2005 1295; baseline 0.001 -17"><span class='ocrx_word' id='word_1_63' title='bbox 314 1226 372 1278; x_wconf 91' lang='lat' dir='ltr'>in</span> <span class='ocrx_word' id='word_1_64' title='bbox 405 1226 534 1289; x_wconf 87' lang='lat' dir='ltr'>illis,</span> <span class='ocrx_word' id='word_1_65' title='bbox 582 1232 639 1279; x_wconf 90' lang='lat' dir='ltr'>et</span> <span class='ocrx_word' id='word_1_66' title='bbox 688 1226 772 1279; x_wconf 78' lang='lat' dir='ltr'>fac</span> <span class='ocrx_word' id='word_1_67' title='bbox 824 1243 912 1279; x_wconf 89' lang='lat' dir='ltr'>me</span> <span class='ocrx_word' id='word_1_68' title='bbox 960 1227 1199 1295; x_wconf 87' lang='lat' dir='ltr'>dignum</span> <span class='ocrx_word' id='word_1_69' title='bbox 1243 1237 1372 1279; x_wconf 82' lang='lat' dir='ltr'>ante</span> <span class='ocrx_word' id='word_1_70' title='bbox 1421 1235 1792 1295; x_wconf 89' lang='lat' dir='ltr'>conspectum</span> <span class='ocrx_word' id='word_1_71' title='bbox 1842 1233 2005 1279; x_wconf 88' lang='lat' dir='ltr'>tuum</span> 
     </span>
    </p>
   </div>
   <div class='ocr_carea' id='block_1_12' title="bbox 317 1314 2009 1378">
    <p class='ocr_par' dir='ltr' id='par_1_12' title="bbox 317 1314 2009 1378">
     <span class='ocr_line' id='line_1_12' title="bbox 317 1314 2009 1378; baseline 0.001 -13"><span class='ocrx_word' id='word_1_72' title='bbox 317 1320 522 1378; x_wconf 87' lang='lat' dir='ltr'>astare,</span> <span class='ocrx_word' id='word_1_73' title='bbox 566 1320 621 1366; x_wconf 90' lang='lat' dir='ltr'>et</span> <span class='ocrx_word' id='word_1_74' title='bbox 676 1314 1013 1367; x_wconf 85' lang='lat' dir='ltr'>sacriﬁcium</span> <span class='ocrx_word' id='word_1_75' title='bbox 1062 1314 1165 1367; x_wconf 86' lang='lat' dir='ltr'>tibi</span> <span class='ocrx_word' id='word_1_76' title='bbox 1214 1315 1454 1367; x_wconf 90' lang='lat' dir='ltr'>Domino</span> <span class='ocrx_word' id='word_1_77' title='bbox 1488 1314 1703 1367; x_wconf 91' lang='lat' dir='ltr'>mundo</span> <span class='ocrx_word' id='word_1_78' title='bbox 1750 1314 1921 1367; x_wconf 91' lang='lat' dir='ltr'>corde</span> <span class='ocrx_word' id='word_1_79' title='bbox 1953 1318 2009 1366; x_wconf 87' lang='lat' dir='ltr'>et</span> 
     </span>
    </p>
   </div>
   <div class='ocr_carea' id='block_1_13' title="bbox 314 1402 1746 1472">
    <p class='ocr_par' dir='ltr' id='par_1_13' title="bbox 314 1402 1746 1472">
     <span class='ocr_line' id='line_1_13' title="bbox 314 1402 1746 1472; baseline 0.001 -19"><span class='ocrx_word' id='word_1_80' title='bbox 314 1408 466 1454; x_wconf 88' lang='lat' dir='ltr'>casto</span> <span class='ocrx_word' id='word_1_81' title='bbox 490 1418 726 1472; x_wconf 88' lang='lat' dir='ltr'>corpore</span> <span class='ocrx_word' id='word_1_82' title='bbox 759 1404 930 1471; x_wconf 85' lang='lat' dir='ltr'>digne</span> <span class='ocrx_word' id='word_1_83' title='bbox 970 1402 1191 1466; x_wconf 78' lang='lat' dir='ltr'>otTerre,</span> <span class='ocrx_word' id='word_1_84' title='bbox 1228 1403 1464 1472; x_wconf 88' lang='lat' dir='ltr'>diesque</span> <span class='ocrx_word' id='word_1_85' title='bbox 1512 1408 1746 1456; x_wconf 89' lang='lat' dir='ltr'>nostros.</span> 
     </span>
    </p>
   </div>
   <div class='ocr_carea' id='block_1_14' title="bbox 852 1492 1461 1545">
    <p class='ocr_par' dir='ltr' id='par_1_14' title="bbox 852 1492 1461 1545">
     <span class='ocr_line' id='line_1_14' title="bbox 852 1492 1461 1545; baseline -0.003 0"><span class='ocrx_word' id='word_1_86' title='bbox 852 1493 973 1545; x_wconf 82' lang='lat' dir='ltr'>Post</span> <span class='ocrx_word' id='word_1_87' title='bbox 1012 1492 1461 1545; x_wconf 79' lang='lat' dir='ltr'>Communionem.</span> 
     </span>
    </p>
   </div>
   <div class='ocr_carea' id='block_1_15' title="bbox 388 1577 2007 1647">
    <p class='ocr_par' dir='ltr' id='par_1_15' title="bbox 388 1577 2007 1647">
     <span class='ocr_line' id='line_1_15' title="bbox 388 1577 2007 1647; baseline -0.002 -16"><span class='ocrx_word' id='word_1_88' title='bbox 388 1578 763 1646; x_wconf 82' lang='lat' dir='ltr'>Omnipotens</span> <span class='ocrx_word' id='word_1_89' title='bbox 812 1579 1161 1647; x_wconf 71' lang='lat' dir='ltr'>sempiterna</span> <span class='ocrx_word' id='word_1_90' title='bbox 1214 1580 1380 1642; x_wconf 87' lang='lat' dir='ltr'>Deus,</span> <span class='ocrx_word' id='word_1_91' title='bbox 1445 1580 1575 1631; x_wconf 87' lang='lat' dir='ltr'>Jesu</span> <span class='ocrx_word' id='word_1_92' title='bbox 1616 1577 1840 1631; x_wconf 85' lang='lat' dir='ltr'>Christe</span> <span class='ocrx_word' id='word_1_93' title='bbox 1905 1577 2007 1629; x_wconf 91' lang='lat' dir='ltr'>Do-</span> 
     </span>
    </p>
   </div>
   <div class='ocr_carea' id='block_1_16' title="bbox 315 1666 2007 1736">
    <p class='ocr_par' dir='ltr' id='par_1_16' title="bbox 315 1666 2007 1736">
     <span class='ocr_line' id='line_1_16' title="bbox 315 1666 2007 1736; baseline -0.001 -17"><span class='ocrx_word' id='word_1_94' title='bbox 315 1666 488 1732; x_wconf 90' lang='lat' dir='ltr'>mine,</span> <span class='ocrx_word' id='word_1_95' title='bbox 524 1673 643 1719; x_wconf 87' lang='lat' dir='ltr'>esto</span> <span class='ocrx_word' id='word_1_96' title='bbox 665 1666 952 1736; x_wconf 90' lang='lat' dir='ltr'>propitius</span> <span class='ocrx_word' id='word_1_97' title='bbox 997 1667 1241 1736; x_wconf 83' lang='lat' dir='ltr'>peccatis</span> <span class='ocrx_word' id='word_1_98' title='bbox 1295 1668 1458 1729; x_wconf 81' lang='lat' dir='ltr'>meis,</span> <span class='ocrx_word' id='word_1_99' title='bbox 1508 1682 1608 1736; x_wconf 90' lang='lat' dir='ltr'>per</span> <span class='ocrx_word' id='word_1_100' title='bbox 1656 1666 2007 1734; x_wconf 90' lang='lat' dir='ltr'>assumptio-</span> 
     </span>
    </p>
   </div>
   <div class='ocr_carea' id='block_1_17' title="bbox 312 1754 2003 1824">
    <p class='ocr_par' dir='ltr' id='par_1_17' title="bbox 312 1754 2003 1824">
     <span class='ocr_line' id='line_1_17' title="bbox 312 1754 2003 1824; baseline -0.001 -17"><span class='ocrx_word' id='word_1_101' title='bbox 312 1771 444 1807; x_wconf 88' lang='lat' dir='ltr'>nem</span> <span class='ocrx_word' id='word_1_102' title='bbox 503 1756 759 1824; x_wconf 89' lang='lat' dir='ltr'>corporis</span> <span class='ocrx_word' id='word_1_103' title='bbox 804 1761 859 1808; x_wconf 89' lang='lat' dir='ltr'>et</span> <span class='ocrx_word' id='word_1_104' title='bbox 899 1755 1197 1821; x_wconf 76' lang='lat' dir='ltr'>sanguinis</span> <span class='ocrx_word' id='word_1_105' title='bbox 1254 1755 1355 1811; x_wconf 78' lang='lat' dir='ltr'>tui.</span> <span class='ocrx_word' id='word_1_106' title='bbox 1394 1760 1448 1807; x_wconf 91' lang='lat' dir='ltr'>et</span> <span class='ocrx_word' id='word_1_107' title='bbox 1496 1771 1597 1823; x_wconf 87' lang='lat' dir='ltr'>per</span> <span class='ocrx_word' id='word_1_108' title='bbox 1647 1754 2003 1806; x_wconf 87' lang='lat' dir='ltr'>intercessio-</span> 
     </span>
    </p>
   </div>
   <div class='ocr_carea' id='block_1_18' title="bbox 314 1843 2009 1913">
    <p class='ocr_par' dir='ltr' id='par_1_18' title="bbox 314 1843 2009 1913">
     <span class='ocr_line' id='line_1_18' title="bbox 314 1843 2009 1913; baseline -0.001 -17"><span class='ocrx_word' id='word_1_109' title='bbox 314 1860 445 1896; x_wconf 88' lang='lat' dir='ltr'>nem</span> <span class='ocrx_word' id='word_1_110' title='bbox 504 1845 683 1897; x_wconf 89' lang='lat' dir='ltr'>sancti</span> <span class='ocrx_word' id='word_1_111' title='bbox 730 1845 813 1897; x_wconf 88' lang='lat' dir='ltr'>tui</span> <span class='ocrx_word' id='word_1_112' title='bbox 868 1846 930 1897; x_wconf 82' lang='grc' dir='ltr'>Ν.</span> <span class='ocrx_word' id='word_1_113' title='bbox 981 1846 1059 1897; x_wconf 89' lang='lat' dir='ltr'>Tu</span> <span class='ocrx_word' id='word_1_114' title='bbox 1110 1845 1263 1897; x_wconf 90' lang='lat' dir='ltr'>enim</span> <span class='ocrx_word' id='word_1_115' title='bbox 1328 1846 1565 1913; x_wconf 79' lang='lat' dir='ltr'>loquens</span> <span class='ocrx_word' id='word_1_116' title='bbox 1615 1843 1807 1895; x_wconf 79' lang='lat' dir='ltr'>dixisti</span> <span class='ocrx_word' id='word_1_117' title='bbox 1848 1858 1858 1894; x_wconf 95' lang='lat'>:</span> <span class='ocrx_word' id='word_1_118' title='bbox 1904 1844 2009 1911; x_wconf 79' lang='lat' dir='ltr'>Qui</span> 
     </span>
    </p>
   </div>
   <div class='ocr_carea' id='block_1_19' title="bbox 313 1931 2001 1995">
    <p class='ocr_par' dir='ltr' id='par_1_19' title="bbox 313 1931 2001 1995">
     <span class='ocr_line' id='line_1_19' title="bbox 313 1931 2001 1995; baseline -0.002 -12"><span class='ocrx_word' id='word_1_119' title='bbox 313 1932 604 1985; x_wconf 86' lang='lat' dir='ltr'>manducat</span> <span class='ocrx_word' id='word_1_120' title='bbox 650 1947 865 1983; x_wconf 76' lang='lat' dir='ltr'>cantem</span> <span class='ocrx_word' id='word_1_121' title='bbox 902 1946 1092 1994; x_wconf 88' lang='lat' dir='ltr'>meam,</span> <span class='ocrx_word' id='word_1_122' title='bbox 1143 1935 1193 1982; x_wconf 87' lang='lat' dir='ltr'>et</span> <span class='ocrx_word' id='word_1_123' title='bbox 1249 1931 1382 1982; x_wconf 75' lang='lat' dir='ltr'>bibit</span> <span class='ocrx_word' id='word_1_124' title='bbox 1438 1932 1758 1995; x_wconf 76' lang='lat' dir='ltr'>sanguinem</span> <span class='ocrx_word' id='word_1_125' title='bbox 1808 1944 2001 1994; x_wconf 85' lang='lat' dir='ltr'>meum,</span> 
     </span>
    </p>
   </div>
   <div class='ocr_carea' id='block_1_20' title="bbox 312 2017 2005 2088">
    <p class='ocr_par' dir='ltr' id='par_1_20' title="bbox 312 2017 2005 2088">
     <span class='ocr_line' id='line_1_20' title="bbox 312 2017 2005 2088; baseline -0.001 -17"><span class='ocrx_word' id='word_1_126' title='bbox 312 2024 427 2088; x_wconf 77' lang='lat' dir='ltr'>ipse</span> <span class='ocrx_word' id='word_1_127' title='bbox 453 2037 508 2072; x_wconf 76' lang='grc' dir='ltr'>ιη</span> <span class='ocrx_word' id='word_1_128' title='bbox 539 2036 619 2072; x_wconf 86' lang='lat' dir='ltr'>me</span> <span class='ocrx_word' id='word_1_129' title='bbox 658 2026 853 2081; x_wconf 87' lang='lat' dir='ltr'>manet,</span> <span class='ocrx_word' id='word_1_130' title='bbox 896 2026 947 2074; x_wconf 89' lang='lat' dir='ltr'>et</span> <span class='ocrx_word' id='word_1_131' title='bbox 990 2034 1082 2085; x_wconf 87' lang='lat' dir='ltr'>ego</span> <span class='ocrx_word' id='word_1_132' title='bbox 1114 2022 1169 2071; x_wconf 81' lang='lat' dir='ltr'>in</span> <span class='ocrx_word' id='word_1_133' title='bbox 1214 2035 1289 2071; x_wconf 89' lang='lat' dir='ltr'>eo.</span> <span class='ocrx_word' id='word_1_134' title='bbox 1346 2019 1474 2071; x_wconf 91' lang='lat' dir='ltr'>Ideo</span> <span class='ocrx_word' id='word_1_135' title='bbox 1521 2024 1572 2070; x_wconf 87' lang='lat' dir='ltr'>te</span> <span class='ocrx_word' id='word_1_136' title='bbox 1618 2017 1856 2086; x_wconf 79' lang='lat' dir='ltr'>supplex</span> <span class='ocrx_word' id='word_1_137' title='bbox 1907 2017 2005 2069; x_wconf 89' lang='lat' dir='ltr'>de-</span> 
     </span>
    </p>
   </div>
   <div class='ocr_carea' id='block_1_21' title="bbox 311 2106 2009 2175">
    <p class='ocr_par' dir='ltr' id='par_1_21' title="bbox 311 2106 2009 2175">
     <span class='ocr_line' id='line_1_21' title="bbox 311 2106 2009 2175; baseline 0 -18"><span class='ocrx_word' id='word_1_138' title='bbox 311 2121 532 2173; x_wconf 81' lang='lat' dir='ltr'>precor,</span> <span class='ocrx_word' id='word_1_139' title='bbox 566 2112 625 2157; x_wconf 89' lang='lat' dir='ltr'>ut</span> <span class='ocrx_word' id='word_1_140' title='bbox 654 2107 712 2158; x_wconf 88' lang='lat' dir='ltr'>in</span> <span class='ocrx_word' id='word_1_141' title='bbox 754 2122 842 2158; x_wconf 90' lang='lat' dir='ltr'>me</span> <span class='ocrx_word' id='word_1_142' title='bbox 875 2123 970 2158; x_wconf 88' lang='lat' dir='ltr'>cor</span> <span class='ocrx_word' id='word_1_143' title='bbox 1002 2107 1279 2158; x_wconf 90' lang='lat' dir='ltr'>mundum</span> <span class='ocrx_word' id='word_1_144' title='bbox 1315 2122 1491 2172; x_wconf 90' lang='lat' dir='ltr'>crees,</span> <span class='ocrx_word' id='word_1_145' title='bbox 1525 2111 1581 2158; x_wconf 90' lang='lat' dir='ltr'>et</span> <span class='ocrx_word' id='word_1_146' title='bbox 1626 2106 1890 2175; x_wconf 85' lang='lat' dir='ltr'>spiritum</span> <span class='ocrx_word' id='word_1_147' title='bbox 1924 2121 2009 2157; x_wconf 88' lang='lat' dir='ltr'>re-</span> 
     </span>
    </p>
   </div>
   <div class='ocr_carea' id='block_1_22' title="bbox 311 2192 2008 2263">
    <p class='ocr_par' dir='ltr' id='par_1_22' title="bbox 311 2192 2008 2263">
     <span class='ocr_line' id='line_1_22' title="bbox 311 2192 2008 2263; baseline 0.001 -18"><span class='ocrx_word' id='word_1_148' title='bbox 311 2199 464 2246; x_wconf 90' lang='lat' dir='ltr'>ctum</span> <span class='ocrx_word' id='word_1_149' title='bbox 514 2194 572 2245; x_wconf 92' lang='lat' dir='ltr'>in</span> <span class='ocrx_word' id='word_1_150' title='bbox 617 2194 926 2246; x_wconf 83' lang='lat' dir='ltr'>visceribus</span> <span class='ocrx_word' id='word_1_151' title='bbox 976 2194 1117 2246; x_wconf 86' lang='lat' dir='ltr'>meis</span> <span class='ocrx_word' id='word_1_152' title='bbox 1168 2194 1424 2256; x_wconf 85' lang='lat' dir='ltr'>iunoves,</span> <span class='ocrx_word' id='word_1_153' title='bbox 1465 2200 1521 2247; x_wconf 89' lang='lat' dir='ltr'>et</span> <span class='ocrx_word' id='word_1_154' title='bbox 1553 2194 1760 2263; x_wconf 89' lang='lat' dir='ltr'>spiritu</span> <span class='ocrx_word' id='word_1_155' title='bbox 1802 2192 2008 2263; x_wconf 87' lang='lat' dir='ltr'>princi-</span> 
     </span>
    </p>
   </div>
   <div class='ocr_carea' id='block_1_23' title="bbox 310 2281 2005 2352">
    <p class='ocr_par' dir='ltr' id='par_1_23' title="bbox 310 2281 2005 2352">
     <span class='ocr_line' id='line_1_23' title="bbox 310 2281 2005 2352; baseline 0 -19"><span class='ocrx_word' id='word_1_156' title='bbox 310 2281 425 2350; x_wconf 89' lang='lat' dir='ltr'>pali</span> <span class='ocrx_word' id='word_1_157' title='bbox 458 2297 547 2333; x_wconf 91' lang='lat' dir='ltr'>me</span> <span class='ocrx_word' id='word_1_158' title='bbox 578 2282 917 2335; x_wconf 89' lang='lat' dir='ltr'>conﬁrmare</span> <span class='ocrx_word' id='word_1_159' title='bbox 944 2282 1218 2351; x_wconf 77' lang='lat' dir='ltr'>digneris,</span> <span class='ocrx_word' id='word_1_160' title='bbox 1251 2288 1422 2352; x_wconf 88' lang='lat' dir='ltr'>atque</span> <span class='ocrx_word' id='word_1_161' title='bbox 1459 2282 1529 2334; x_wconf 88' lang='lat' dir='ltr'>ab</span> <span class='ocrx_word' id='word_1_162' title='bbox 1561 2281 1829 2334; x_wconf 88' lang='lat' dir='ltr'>omnibus</span> <span class='ocrx_word' id='word_1_163' title='bbox 1866 2281 2005 2333; x_wconf 91' lang='lat' dir='ltr'>insi-</span> 
     </span>
    </p>
   </div>
   <div class='ocr_carea' id='block_1_24' title="bbox 310 2367 2008 2438">
    <p class='ocr_par' dir='ltr' id='par_1_24' title="bbox 310 2367 2008 2438">
     <span class='ocr_line' id='line_1_24' title="bbox 310 2367 2008 2438; baseline -0.001 -17"><span class='ocrx_word' id='word_1_164' title='bbox 310 2368 417 2421; x_wconf 87' lang='lat' dir='ltr'>diis</span> <span class='ocrx_word' id='word_1_165' title='bbox 445 2368 655 2421; x_wconf 89' lang='lat' dir='ltr'>diaboli</span> <span class='ocrx_word' id='word_1_166' title='bbox 689 2373 859 2438; x_wconf 88' lang='lat' dir='ltr'>atque</span> <span class='ocrx_word' id='word_1_167' title='bbox 883 2368 1027 2420; x_wconf 79' lang='lat' dir='ltr'>vitiis</span> <span class='ocrx_word' id='word_1_168' title='bbox 1058 2369 1359 2429; x_wconf 85' lang='lat' dir='ltr'>emundes,</span> <span class='ocrx_word' id='word_1_169' title='bbox 1394 2374 1455 2420; x_wconf 89' lang='lat' dir='ltr'>ut</span> <span class='ocrx_word' id='word_1_170' title='bbox 1504 2368 1726 2436; x_wconf 81' lang='lat' dir='ltr'>gaudiis</span> <span class='ocrx_word' id='word_1_171' title='bbox 1769 2367 2008 2421; x_wconf 82' lang='lat' dir='ltr'>cmlesti-</span> 
     </span>
    </p>
   </div>
   <div class='ocr_carea' id='block_1_25' title="bbox 309 2456 1665 2527">
    <p class='ocr_par' dir='ltr' id='par_1_25' title="bbox 309 2456 1665 2527">
     <span class='ocr_line' id='line_1_25' title="bbox 309 2456 1665 2527; baseline -0.001 -17"><span class='ocrx_word' id='word_1_172' title='bbox 309 2456 417 2510; x_wconf 90' lang='lat' dir='ltr'>bus</span> <span class='ocrx_word' id='word_1_173' title='bbox 450 2473 671 2509; x_wconf 90' lang='lat' dir='ltr'>merear</span> <span class='ocrx_word' id='word_1_174' title='bbox 701 2473 818 2509; x_wconf 90' lang='lat' dir='ltr'>esse</span> <span class='ocrx_word' id='word_1_175' title='bbox 843 2457 1140 2527; x_wconf 88' lang='lat' dir='ltr'>particeps.</span> <span class='ocrx_word' id='word_1_176' title='bbox 1178 2458 1284 2520; x_wconf 87' lang='lat' dir='ltr'>Qui</span> <span class='ocrx_word' id='word_1_177' title='bbox 1317 2474 1449 2510; x_wconf 89' lang='lat' dir='ltr'>cum</span> <span class='ocrx_word' id='word_1_178' title='bbox 1485 2459 1665 2512; x_wconf 88' lang='lat' dir='ltr'>Patre.</span> 
     </span>
    </p>
   </div>
   <div class='ocr_carea' id='block_1_26' title="bbox 1007 2588 1305 2625">
    <p class='ocr_par' dir='ltr' id='par_1_26' title="bbox 1007 2588 1305 2625">
     <span class='ocr_line' id='line_1_26' title="bbox 1007 2588 1305 2625; baseline 0 -2"><span class='ocrx_word' id='word_1_179' title='bbox 1007 2588 1125 2624; x_wconf 62' lang='lat' dir='ltr'><strong>[TE]!</strong></span> <span class='ocrx_word' id='word_1_180' title='bbox 1166 2588 1305 2625; x_wconf 81' lang='lat' dir='ltr'>ALIA.</span> 
     </span>
    </p>
   </div>
   <div class='ocr_carea' id='block_1_27' title="bbox 383 2676 2005 2746">
    <p class='ocr_par' dir='ltr' id='par_1_27' title="bbox 383 2676 2005 2746">
     <span class='ocr_line' id='line_1_27' title="bbox 383 2676 2005 2746; baseline -0.001 -17"><span class='ocrx_word' id='word_1_181' title='bbox 383 2678 530 2729; x_wconf 86' lang='lat' dir='ltr'>Deus</span> <span class='ocrx_word' id='word_1_182' title='bbox 582 2677 686 2730; x_wconf 90' lang='lat' dir='ltr'>sub</span> <span class='ocrx_word' id='word_1_183' title='bbox 729 2677 891 2746; x_wconf 87' lang='lat' dir='ltr'>cujus</span> <span class='ocrx_word' id='word_1_184' title='bbox 938 2676 1114 2729; x_wconf 87' lang='lat' dir='ltr'>oculis</span> <span class='ocrx_word' id='word_1_185' title='bbox 1163 2693 1333 2730; x_wconf 89' lang='lat' dir='ltr'>omne</span> <span class='ocrx_word' id='word_1_186' title='bbox 1359 2692 1455 2730; x_wconf 89' lang='lat' dir='ltr'>cor</span> <span class='ocrx_word' id='word_1_187' title='bbox 1502 2676 1771 2745; x_wconf 84' lang='lat' dir='ltr'>trepidat,</span> <span class='ocrx_word' id='word_1_188' title='bbox 1805 2691 2005 2728; x_wconf 91' lang='lat' dir='ltr'>omnes</span> 
     </span>
    </p>
   </div>
   <div class='ocr_carea' id='block_1_28' title="bbox 310 2765 2005 2836">
    <p class='ocr_par' dir='ltr' id='par_1_28' title="bbox 310 2765 2005 2836">
     <span class='ocr_line' id='line_1_28' title="bbox 310 2765 2005 2836; baseline -0.001 -19"><span class='ocrx_word' id='word_1_189' title='bbox 310 2766 669 2819; x_wconf 87' lang='lat' dir='ltr'>conscientim</span> <span class='ocrx_word' id='word_1_190' title='bbox 712 2772 1041 2836; x_wconf 81' lang='lat' dir='ltr'>pavescunt,</span> <span class='ocrx_word' id='word_1_191' title='bbox 1096 2767 1310 2836; x_wconf 86' lang='lat' dir='ltr'>respice</span> <span class='ocrx_word' id='word_1_192' title='bbox 1360 2765 1646 2835; x_wconf 86' lang='lat' dir='ltr'>propitius</span> <span class='ocrx_word' id='word_1_193' title='bbox 1695 2765 1761 2817; x_wconf 85' lang='lat' dir='ltr'>ad</span> <span class='ocrx_word' id='word_1_194' title='bbox 1809 2780 2005 2834; x_wconf 89' lang='lat' dir='ltr'>preces</span> 
     </span>
    </p>
   </div>
   <div class='ocr_carea' id='block_1_29' title="bbox 309 2854 2002 2922">
    <p class='ocr_par' dir='ltr' id='par_1_29' title="bbox 309 2854 2002 2922">
     <span class='ocr_line' id='line_1_29' title="bbox 309 2854 2002 2922; baseline 0.002 -19"><span class='ocrx_word' id='word_1_195' title='bbox 309 2854 556 2922; x_wconf 80' lang='lat' dir='ltr'>gemitus</span> <span class='ocrx_word' id='word_1_196' title='bbox 592 2854 722 2919; x_wconf 91' lang='lat' dir='ltr'>mei,</span> <span class='ocrx_word' id='word_1_197' title='bbox 762 2860 821 2907; x_wconf 91' lang='lat' dir='ltr'>ut</span> <span class='ocrx_word' id='word_1_198' title='bbox 852 2854 995 2907; x_wconf 88' lang='lat' dir='ltr'>sicut</span> <span class='ocrx_word' id='word_1_199' title='bbox 1029 2871 1136 2917; x_wconf 86' lang='lat' dir='ltr'>me,</span> <span class='ocrx_word' id='word_1_200' title='bbox 1182 2854 1353 2906; x_wconf 88' lang='lat' dir='ltr'>nullis</span> <span class='ocrx_word' id='word_1_201' title='bbox 1385 2854 1841 2922; x_wconf 71' lang='lat' dir='ltr'>prmcedenlibus</span> <span class='ocrx_word' id='word_1_202' title='bbox 1876 2869 2002 2905; x_wconf 88' lang='lat' dir='ltr'>me-</span> 
     </span>
    </p>
   </div>
   <div class='ocr_carea' id='block_1_30' title="bbox 309 2944 2001 3016">
    <p class='ocr_par' dir='ltr' id='par_1_30' title="bbox 309 2944 2001 3016">
     <span class='ocr_line' id='line_1_30' title="bbox 309 2944 2001 3016; baseline -0.001 -17"><span class='ocrx_word' id='word_1_203' title='bbox 309 2947 452 3011; x_wconf 89' lang='lat' dir='ltr'>ritis,</span> <span class='ocrx_word' id='word_1_204' title='bbox 505 2946 563 3000; x_wconf 90' lang='lat' dir='ltr'>in</span> <span class='ocrx_word' id='word_1_205' title='bbox 602 2948 724 3000; x_wconf 90' lang='lat' dir='ltr'>loco</span> <span class='ocrx_word' id='word_1_206' title='bbox 775 2948 945 3016; x_wconf 83' lang='lat' dir='ltr'>hujus</span> <span class='ocrx_word' id='word_1_207' title='bbox 991 2948 1280 3001; x_wconf 82' lang='lat' dir='ltr'>servitutis</span> <span class='ocrx_word' id='word_1_208' title='bbox 1325 2953 1433 3001; x_wconf 82' lang='lat' dir='ltr'>tum</span> <span class='ocrx_word' id='word_1_209' title='bbox 1478 2944 1649 2998; x_wconf 89' lang='lat' dir='ltr'>sacris</span> <span class='ocrx_word' id='word_1_210' title='bbox 1691 2945 1870 2999; x_wconf 88' lang='lat' dir='ltr'>fecisti</span> <span class='ocrx_word' id='word_1_211' title='bbox 1914 2961 2001 2997; x_wconf 89' lang='lat' dir='ltr'>as-</span> 
     </span>
    </p>
   </div>
   <div class='ocr_carea' id='block_1_31' title="bbox 309 3018 2080 3108">
    <p class='ocr_par' dir='ltr' id='par_1_31' title="bbox 309 3018 2080 3108">
     <span class='ocr_line' id='line_1_31' title="bbox 309 3018 2080 3108; baseline 0.002 -25"><span class='ocrx_word' id='word_1_212' title='bbox 309 3033 504 3086; x_wconf 87' lang='lat' dir='ltr'>sistere</span> <span class='ocrx_word' id='word_1_213' title='bbox 538 3035 832 3099; x_wconf 85' lang='lat' dir='ltr'>altaribus,</span> <span class='ocrx_word' id='word_1_214' title='bbox 866 3036 943 3087; x_wconf 90' lang='lat' dir='ltr'>ita</span> <span class='ocrx_word' id='word_1_215' title='bbox 997 3036 1309 3108; x_wconf 86' lang='lat' dir='ltr'>secundum</span> <span class='ocrx_word' id='word_1_216' title='bbox 1353 3034 1778 3087; x_wconf 86' lang='lat' dir='ltr'>multitudinem</span> <span class='ocrx_word' id='word_1_217' title='bbox 1826 3034 2000 3086; x_wconf 89' lang='lat' dir='ltr'>mise-</span> <span class='ocrx_word' id='word_1_218' title='bbox 2041 3018 2080 3071; x_wconf 76' lang='lat' dir='ltr'>C</span> 
     </span>
    </p>
   </div>
   <div class='ocr_carea' id='block_1_32' title="bbox 308 3122 2001 3192">
    <p class='ocr_par' dir='ltr' id='par_1_32' title="bbox 308 3122 2001 3192">
     <span class='ocr_line' id='line_1_32' title="bbox 308 3122 2001 3192; baseline 0 -19"><span class='ocrx_word' id='word_1_219' title='bbox 308 3122 594 3174; x_wconf 86' lang='lat' dir='ltr'>rationum</span> <span class='ocrx_word' id='word_1_220' title='bbox 622 3137 848 3175; x_wconf 83' lang='lat' dir='ltr'>tuarum</span> <span class='ocrx_word' id='word_1_221' title='bbox 881 3125 952 3176; x_wconf 89' lang='lat' dir='ltr'>da</span> <span class='ocrx_word' id='word_1_222' title='bbox 984 3124 1398 3192; x_wconf 74' lang='lat' dir='ltr'>indulgentiam</span> <span class='ocrx_word' id='word_1_223' title='bbox 1434 3129 1794 3192; x_wconf 89' lang='lat' dir='ltr'>peccatorum</span> <span class='ocrx_word' id='word_1_224' title='bbox 1846 3138 2001 3174; x_wconf 90' lang='lat' dir='ltr'>meo-</span> 
     </span>
    </p>
   </div>
   <div class='ocr_carea' id='block_1_33' title="bbox 309 3210 2000 3282">
    <p class='ocr_par' dir='ltr' id='par_1_33' title="bbox 309 3210 2000 3282">
     <span class='ocr_line' id='line_1_33' title="bbox 309 3210 2000 3282; baseline 0.001 -21"><span class='ocrx_word' id='word_1_225' title='bbox 309 3224 457 3276; x_wconf 87' lang='lat' dir='ltr'>rum,</span> <span class='ocrx_word' id='word_1_226' title='bbox 496 3216 554 3261; x_wconf 89' lang='lat' dir='ltr'>ut</span> <span class='ocrx_word' id='word_1_227' title='bbox 589 3227 712 3262; x_wconf 85' lang='lat' dir='ltr'>mea</span> <span class='ocrx_word' id='word_1_228' title='bbox 754 3211 1049 3282; x_wconf 77' lang='lat' dir='ltr'>fragilitas,</span> <span class='ocrx_word' id='word_1_229' title='bbox 1092 3229 1218 3281; x_wconf 74' lang='lat' dir='ltr'>qua:</span> <span class='ocrx_word' id='word_1_230' title='bbox 1270 3228 1372 3281; x_wconf 84' lang='lat' dir='ltr'>per</span> <span class='ocrx_word' id='word_1_231' title='bbox 1420 3228 1476 3262; x_wconf 91' lang='lat' dir='ltr'>se</span> <span class='ocrx_word' id='word_1_232' title='bbox 1508 3211 1777 3279; x_wconf 85' lang='lat' dir='ltr'>proclivis</span> <span class='ocrx_word' id='word_1_233' title='bbox 1808 3216 1891 3263; x_wconf 88' lang='lat' dir='ltr'>est</span> <span class='ocrx_word' id='word_1_234' title='bbox 1933 3210 2000 3263; x_wconf 87' lang='lat' dir='ltr'>ad</span> 
     </span>
    </p>
   </div>
   <div class='ocr_carea' id='block_1_34' title="bbox 307 3297 1993 3370">
    <p class='ocr_par' dir='ltr' id='par_1_34' title="bbox 307 3297 1993 3370">
     <span class='ocr_line' id='line_1_34' title="bbox 307 3297 1993 3370; baseline 0.001 -20"><span class='ocrx_word' id='word_1_235' title='bbox 307 3297 637 3364; x_wconf 89' lang='lat' dir='ltr'>labendum,</span> <span class='ocrx_word' id='word_1_236' title='bbox 700 3315 802 3369; x_wconf 83' lang='lat' dir='ltr'>per</span> <span class='ocrx_word' id='word_1_237' title='bbox 858 3306 912 3352; x_wconf 90' lang='lat' dir='ltr'>te</span> <span class='ocrx_word' id='word_1_238' title='bbox 963 3315 1191 3370; x_wconf 89' lang='lat' dir='ltr'>semper</span> <span class='ocrx_word' id='word_1_239' title='bbox 1247 3303 1546 3369; x_wconf 79' lang='lat' dir='ltr'>reparatur</span> <span class='ocrx_word' id='word_1_240' title='bbox 1605 3300 1676 3352; x_wconf 90' lang='lat' dir='ltr'>ad</span> <span class='ocrx_word' id='word_1_241' title='bbox 1749 3298 1993 3352; x_wconf 85' lang='lat' dir='ltr'>veniam.</span> 
     </span>
    </p>
   </div>
   <div class='ocr_carea' id='block_1_35' title="bbox 308 3387 435 3440">
    <p class='ocr_par' dir='ltr' id='par_1_35' title="bbox 308 3387 435 3440">
     <span class='ocr_line' id='line_1_35' title="bbox 308 3387 435 3440; baseline 0 -1"><span class='ocrx_word' id='word_1_242' title='bbox 308 3387 435 3440; x_wconf 90' lang='lat' dir='ltr'>Per.</span> 
     </span>
    </p>
   </div>
   <div class='ocr_carea' id='block_1_36' title="bbox 1034 3477 1271 3530">
    <p class='ocr_par' dir='ltr' id='par_1_36' title="bbox 1034 3477 1271 3530">
     <span class='ocr_line' id='line_1_36' title="bbox 1034 3477 1271 3530; baseline 0 -1"><span class='ocrx_word' id='word_1_243' title='bbox 1034 3477 1271 3530; x_wconf 87' lang='lat' dir='ltr'>Secreta.</span> 
     </span>
    </p>
   </div>
   <div class='ocr_carea' id='block_1_37' title="bbox 379 3561 1999 3634">
    <p class='ocr_par' dir='ltr' id='par_1_37' title="bbox 379 3561 1999 3634">
     <span class='ocr_line' id='line_1_37' title="bbox 379 3561 1999 3634; baseline -0.001 -18"><span class='ocrx_word' id='word_1_244' title='bbox 379 3563 599 3616; x_wconf 83' lang='lat' dir='ltr'>Hostias</span> <span class='ocrx_word' id='word_1_245' title='bbox 675 3562 796 3624; x_wconf 88' lang='lat' dir='ltr'>tibi,</span> <span class='ocrx_word' id='word_1_246' title='bbox 852 3563 1107 3630; x_wconf 85' lang='lat' dir='ltr'>Domine,</span> <span class='ocrx_word' id='word_1_247' title='bbox 1164 3561 1499 3634; x_wconf 84' lang='lat' dir='ltr'>placationis</span> <span class='ocrx_word' id='word_1_248' title='bbox 1548 3568 1603 3615; x_wconf 91' lang='lat' dir='ltr'>et</span> <span class='ocrx_word' id='word_1_249' title='bbox 1653 3562 1833 3616; x_wconf 88' lang='lat' dir='ltr'>laudis</span> <span class='ocrx_word' id='word_1_250' title='bbox 1895 3578 1999 3633; x_wconf 89' lang='lat' dir='ltr'>pro</span> 
     </span>
    </p>
   </div>
   <div class='ocr_carea' id='block_1_38' title="bbox 306 3652 1998 3723">
    <p class='ocr_par' dir='ltr' id='par_1_38' title="bbox 306 3652 1998 3723">
     <span class='ocr_line' id='line_1_38' title="bbox 306 3652 1998 3723; baseline 0 -19"><span class='ocrx_word' id='word_1_251' title='bbox 306 3653 469 3705; x_wconf 91' lang='lat' dir='ltr'>venia</span> <span class='ocrx_word' id='word_1_252' title='bbox 497 3652 836 3705; x_wconf 89' lang='lat' dir='ltr'>delictorum</span> <span class='ocrx_word' id='word_1_253' title='bbox 858 3668 1137 3719; x_wconf 90' lang='lat' dir='ltr'>meorum,</span> <span class='ocrx_word' id='word_1_254' title='bbox 1173 3652 1349 3707; x_wconf 73' lang='lat' dir='ltr'>oﬁ‘ero</span> <span class='ocrx_word' id='word_1_255' title='bbox 1375 3668 1481 3723; x_wconf 89' lang='lat' dir='ltr'>ego</span> <span class='ocrx_word' id='word_1_256' title='bbox 1513 3652 1785 3722; x_wconf 90' lang='lat' dir='ltr'>indignus</span> <span class='ocrx_word' id='word_1_257' title='bbox 1817 3652 1998 3705; x_wconf 84' lang='lat' dir='ltr'>famu-</span> 
     </span>
    </p>
   </div>
   <div class='ocr_carea' id='block_1_39' title="bbox 307 3740 1996 3807">
    <p class='ocr_par' dir='ltr' id='par_1_39' title="bbox 307 3740 1996 3807">
     <span class='ocr_line' id='line_1_39' title="bbox 307 3740 1996 3807; baseline -0.001 -13"><span class='ocrx_word' id='word_1_258' title='bbox 307 3742 393 3794; x_wconf 91' lang='lat' dir='ltr'>lus</span> <span class='ocrx_word' id='word_1_259' title='bbox 424 3747 574 3807; x_wconf 81' lang='lat' dir='ltr'>tuus,</span> <span class='ocrx_word' id='word_1_260' title='bbox 626 3741 927 3794; x_wconf 89' lang='lat' dir='ltr'>obsecrans</span> <span class='ocrx_word' id='word_1_261' title='bbox 977 3741 1421 3795; x_wconf 87' lang='lat' dir='ltr'>misericordiam</span> <span class='ocrx_word' id='word_1_262' title='bbox 1469 3747 1625 3793; x_wconf 89' lang='lat' dir='ltr'>tuam</span> <span class='ocrx_word' id='word_1_263' title='bbox 1678 3746 1739 3793; x_wconf 92' lang='lat' dir='ltr'>ut</span> <span class='ocrx_word' id='word_1_264' title='bbox 1783 3740 1851 3792; x_wconf 90' lang='lat' dir='ltr'>ab</span> <span class='ocrx_word' id='word_1_265' title='bbox 1902 3756 1996 3792; x_wconf 88' lang='lat' dir='ltr'>oc-</span> 
     </span>
    </p>
   </div>
   <div class='ocr_carea' id='block_1_40' title="bbox 307 3827 1999 3894">
    <p class='ocr_par' dir='ltr' id='par_1_40' title="bbox 307 3827 1999 3894">
     <span class='ocr_line' id='line_1_40' title="bbox 307 3827 1999 3894; baseline -0.001 -12"><span class='ocrx_word' id='word_1_266' title='bbox 307 3830 470 3882; x_wconf 90' lang='lat' dir='ltr'>cultis</span> <span class='ocrx_word' id='word_1_267' title='bbox 503 3846 591 3883; x_wconf 90' lang='lat' dir='ltr'>me</span> <span class='ocrx_word' id='word_1_268' title='bbox 624 3831 870 3883; x_wconf 78' lang='lat' dir='ltr'>restibus</span> <span class='ocrx_word' id='word_1_269' title='bbox 916 3830 1192 3883; x_wconf 90' lang='lat' dir='ltr'>emundes</span> <span class='ocrx_word' id='word_1_270' title='bbox 1224 3831 1553 3894; x_wconf 89' lang='lat' dir='ltr'>clementer,</span> <span class='ocrx_word' id='word_1_271' title='bbox 1590 3833 1645 3881; x_wconf 92' lang='lat' dir='ltr'>et</span> <span class='ocrx_word' id='word_1_272' title='bbox 1676 3846 1708 3882; x_wconf 91' lang='lat' dir='ltr'>a</span> <span class='ocrx_word' id='word_1_273' title='bbox 1758 3827 1999 3881; x_wconf 87' lang='lat' dir='ltr'>manife-</span> 
     </span>
    </p>
   </div>
   <div class='ocr_carea' id='block_1_41' title="bbox 307 3918 1640 3988">
    <p class='ocr_par' dir='ltr' id='par_1_41' title="bbox 307 3918 1640 3988">
     <span class='ocr_line' id='line_1_41' title="bbox 307 3918 1640 3988; baseline -0.002 -17"><span class='ocrx_word' id='word_1_274' title='bbox 307 3919 407 3971; x_wconf 90' lang='lat' dir='ltr'>stis</span> <span class='ocrx_word' id='word_1_275' title='bbox 434 3918 836 3971; x_wconf 89' lang='lat' dir='ltr'>convenienter</span> <span class='ocrx_word' id='word_1_276' title='bbox 862 3934 1160 3988; x_wconf 70' lang='lat' dir='ltr'>eXpurges.</span> <span class='ocrx_word' id='word_1_277' title='bbox 1187 3920 1291 3971; x_wconf 89' lang='lat' dir='ltr'>Per</span> <span class='ocrx_word' id='word_1_278' title='bbox 1314 3918 1640 3971; x_wconf 88' lang='lat' dir='ltr'>Dominum.</span> 
     </span>
    </p>
   </div>
   <div class='ocr_carea' id='block_1_42' title="bbox 1016 4029 1295 4091">
    <p class='ocr_par' dir='ltr' id='par_1_42' title="bbox 1016 4029 1295 4091">
     <span class='ocr_line' id='line_1_42' title="bbox 1016 4029 1295 4091; baseline -0.007 -12"><span class='ocrx_word' id='word_1_279' title='bbox 1016 4029 1295 4091; x_wconf 75' lang='lat' dir='ltr'>Praefatio.</span> 
     </span>
    </p>
   </div>
   <div class='ocr_carea' id='block_1_43' title="bbox 382 4111 2001 4181">
    <p class='ocr_par' dir='ltr' id='par_1_43' title="bbox 382 4111 2001 4181">
     <span class='ocr_line' id='line_1_43' title="bbox 382 4111 2001 4181; baseline -0.001 -16"><span class='ocrx_word' id='word_1_280' title='bbox 382 4114 443 4165; x_wconf 92' lang='lat' dir='ltr'>D.</span> <span class='ocrx_word' id='word_1_281' title='bbox 476 4117 531 4165; x_wconf 89' lang='lat' dir='ltr'>et</span> <span class='ocrx_word' id='word_1_282' title='bbox 552 4114 783 4181; x_wconf 91' lang='lat' dir='ltr'>justum</span> <span class='ocrx_word' id='word_1_283' title='bbox 815 4119 918 4177; x_wconf 86' lang='lat' dir='ltr'>est,</span> <span class='ocrx_word' id='word_1_284' title='bbox 941 4129 1124 4181; x_wconf 85' lang='lat' dir='ltr'>usque,</span> <span class='ocrx_word' id='word_1_285' title='bbox 1154 4120 1365 4167; x_wconf 78' lang='lat' dir='ltr'>mterne</span> <span class='ocrx_word' id='word_1_286' title='bbox 1399 4115 1563 4166; x_wconf 89' lang='lat' dir='ltr'>Deus.</span> <span class='ocrx_word' id='word_1_287' title='bbox 1607 4112 1780 4181; x_wconf 84' lang='lat' dir='ltr'>Cujus</span> <span class='ocrx_word' id='word_1_288' title='bbox 1816 4111 2001 4165; x_wconf 85' lang='lat' dir='ltr'>omni-</span> 
     </span>
    </p>
   </div>
   <div class='ocr_carea' id='block_1_44' title="bbox 309 4200 1999 4272">
    <p class='ocr_par' dir='ltr' id='par_1_44' title="bbox 309 4200 1999 4272">
     <span class='ocr_line' id='line_1_44' title="bbox 309 4200 1999 4272; baseline -0.001 -19"><span class='ocrx_word' id='word_1_289' title='bbox 309 4201 559 4269; x_wconf 90' lang='lat' dir='ltr'>potentia</span> <span class='ocrx_word' id='word_1_290' title='bbox 592 4201 895 4267; x_wconf 91' lang='lat' dir='ltr'>laudanda,</span> <span class='ocrx_word' id='word_1_291' title='bbox 930 4203 1111 4272; x_wconf 79' lang='lat' dir='ltr'>pietas</span> <span class='ocrx_word' id='word_1_292' title='bbox 1144 4201 1558 4271; x_wconf 85' lang='lat' dir='ltr'>amplectenda,</span> <span class='ocrx_word' id='word_1_293' title='bbox 1609 4200 1999 4253; x_wconf 81' lang='lat' dir='ltr'>misericordia</span> 
     </span>
    </p>
   </div>
   <div class='ocr_carea' id='block_1_45' title="bbox 309 4287 1997 4358">
    <p class='ocr_par' dir='ltr' id='par_1_45' title="bbox 309 4287 1997 4358">
     <span class='ocr_line' id='line_1_45' title="bbox 309 4287 1997 4358; baseline -0.001 -18"><span class='ocrx_word' id='word_1_294' title='bbox 309 4293 391 4340; x_wconf 90' lang='lat' dir='ltr'>est</span> <span class='ocrx_word' id='word_1_295' title='bbox 417 4288 729 4353; x_wconf 83' lang='lat' dir='ltr'>exoranda;</span> <span class='ocrx_word' id='word_1_296' title='bbox 764 4289 924 4357; x_wconf 87' lang='lat' dir='ltr'>cujus</span> <span class='ocrx_word' id='word_1_297' title='bbox 958 4291 1128 4341; x_wconf 86' lang='lat' dir='ltr'>etiam</span> <span class='ocrx_word' id='word_1_298' title='bbox 1164 4289 1429 4358; x_wconf 87' lang='lat' dir='ltr'>pietatem</span> <span class='ocrx_word' id='word_1_299' title='bbox 1458 4288 1757 4341; x_wconf 87' lang='lat' dir='ltr'>humiliter</span> <span class='ocrx_word' id='word_1_300' title='bbox 1789 4287 1997 4355; x_wconf 91' lang='lat' dir='ltr'>implo-</span> 
     </span>
    </p>
   </div>
   <div class='ocr_carea' id='block_1_46' title="bbox 308 4377 2000 4431">
    <p class='ocr_par' dir='ltr' id='par_1_46' title="bbox 308 4377 2000 4431">
     <span class='ocr_line' id='line_1_46' title="bbox 308 4377 2000 4431; baseline 0 -2"><span class='ocrx_word' id='word_1_301' title='bbox 308 4392 501 4429; x_wconf 87' lang='lat' dir='ltr'>ramus</span> <span class='ocrx_word' id='word_1_302' title='bbox 556 4381 618 4428; x_wconf 87' lang='lat' dir='ltr'>ut</span> <span class='ocrx_word' id='word_1_303' title='bbox 678 4383 1009 4431; x_wconf 87' lang='lat' dir='ltr'>cunctorum</span> <span class='ocrx_word' id='word_1_304' title='bbox 1071 4379 1237 4431; x_wconf 87' lang='lat' dir='ltr'>nobis</span> <span class='ocrx_word' id='word_1_305' title='bbox 1308 4378 1703 4431; x_wconf 88' lang='lat' dir='ltr'>remissionem</span> <span class='ocrx_word' id='word_1_306' title='bbox 1780 4377 2000 4429; x_wconf 90' lang='lat' dir='ltr'>tribuas</span> 
     </span>
    </p>
   </div>
   <div class='ocr_carea' id='block_1_47' title="bbox 308 4464 2048 4547">
    <p class='ocr_par' dir='ltr' id='par_1_47' title="bbox 308 4464 2048 4547">
     <span class='ocr_line' id='line_1_47' title="bbox 308 4464 2048 4547; baseline 0 -31"><span class='ocrx_word' id='word_1_307' title='bbox 308 4469 691 4535; x_wconf 88' lang='lat' dir='ltr'>peccatorum,</span> <span class='ocrx_word' id='word_1_308' title='bbox 723 4471 995 4535; x_wconf 86' lang='lat' dir='ltr'>actusque</span> <span class='ocrx_word' id='word_1_309' title='bbox 1037 4474 1265 4518; x_wconf 74' lang='lat' dir='ltr'>nostros</span> <span class='ocrx_word' id='word_1_310' title='bbox 1300 4466 1360 4518; x_wconf 92' lang='lat' dir='ltr'>in</span> <span class='ocrx_word' id='word_1_311' title='bbox 1397 4468 1684 4518; x_wconf 87' lang='lat' dir='ltr'>voluntate</span> <span class='ocrx_word' id='word_1_312' title='bbox 1721 4470 1817 4517; x_wconf 94' lang='lat' dir='ltr'>tua</span> <span class='ocrx_word' id='word_1_313' title='bbox 1859 4464 1998 4517; x_wconf 88' lang='lat' dir='ltr'>diri-</span> <span class='ocrx_word' id='word_1_314' title='bbox 2029 4530 2048 4547; x_wconf 46' lang='grc' dir='ltr'><strong><em>ο</em></strong></span> 
     </span>
    </p>
   </div>
   <div class='ocr_carea' id='block_1_48' title="bbox 307 4553 2001 4623">
    <p class='ocr_par' dir='ltr' id='par_1_48' title="bbox 307 4553 2001 4623">
     <span class='ocr_line' id='line_1_48' title="bbox 307 4553 2001 4623; baseline 0.001 -20"><span class='ocrx_word' id='word_1_315' title='bbox 307 4568 460 4621; x_wconf 90' lang='lat' dir='ltr'>gere,</span> <span class='ocrx_word' id='word_1_316' title='bbox 498 4568 711 4623; x_wconf 88' lang='lat' dir='ltr'>uosque</span> <span class='ocrx_word' id='word_1_317' title='bbox 743 4571 775 4605; x_wconf 90' lang='lat' dir='ltr'>a</span> <span class='ocrx_word' id='word_1_318' title='bbox 813 4554 1030 4605; x_wconf 86' lang='lat' dir='ltr'>cunctis</span> <span class='ocrx_word' id='word_1_319' title='bbox 1066 4553 1228 4606; x_wconf 86' lang='lat' dir='ltr'>malis</span> <span class='ocrx_word' id='word_1_320' title='bbox 1272 4553 1526 4622; x_wconf 86' lang='lat' dir='ltr'>digneris</span> <span class='ocrx_word' id='word_1_321' title='bbox 1566 4555 1817 4622; x_wconf 87' lang='lat' dir='ltr'>eripere;</span> <span class='ocrx_word' id='word_1_322' title='bbox 1864 4568 2001 4623; x_wconf 86' lang='lat' dir='ltr'>qua-</span> 
     </span>
    </p>
   </div>
   <div class='ocr_carea' id='block_1_49' title="bbox 308 4639 1997 4710">
    <p class='ocr_par' dir='ltr' id='par_1_49' title="bbox 308 4639 1997 4710">
     <span class='ocr_line' id='line_1_49' title="bbox 308 4639 1997 4710; baseline -0.001 -17"><span class='ocrx_word' id='word_1_323' title='bbox 308 4646 472 4693; x_wconf 86' lang='lat' dir='ltr'>tenus</span> <span class='ocrx_word' id='word_1_324' title='bbox 498 4640 566 4693; x_wconf 89' lang='lat' dir='ltr'>ab</span> <span class='ocrx_word' id='word_1_325' title='bbox 605 4639 869 4692; x_wconf 89' lang='lat' dir='ltr'>omnibus</span> <span class='ocrx_word' id='word_1_326' title='bbox 903 4640 1335 4693; x_wconf 82' lang='lat' dir='ltr'>adversitatihus</span> <span class='ocrx_word' id='word_1_327' title='bbox 1369 4646 1466 4693; x_wconf 87' lang='lat' dir='ltr'>tua</span> <span class='ocrx_word' id='word_1_328' title='bbox 1496 4640 1870 4710; x_wconf 89' lang='lat' dir='ltr'>opitulatione</span> <span class='ocrx_word' id='word_1_329' title='bbox 1901 4640 1997 4692; x_wconf 92' lang='lat' dir='ltr'>de-</span> 
     </span>
    </p>
   </div>
   <div class='ocr_carea' id='block_1_50' title="bbox 305 4727 2000 4798">
    <p class='ocr_par' dir='ltr' id='par_1_50' title="bbox 305 4727 2000 4798">
     <span class='ocr_line' id='line_1_50' title="bbox 305 4727 2000 4798; baseline -0.001 -17"><span class='ocrx_word' id='word_1_330' title='bbox 305 4728 479 4792; x_wconf 90' lang='lat' dir='ltr'>fendi,</span> <span class='ocrx_word' id='word_1_331' title='bbox 515 4733 570 4780; x_wconf 89' lang='lat' dir='ltr'>et</span> <span class='ocrx_word' id='word_1_332' title='bbox 598 4728 658 4780; x_wconf 91' lang='lat' dir='ltr'>in</span> <span class='ocrx_word' id='word_1_333' title='bbox 687 4727 855 4781; x_wconf 87' lang='lat' dir='ltr'>bonis</span> <span class='ocrx_word' id='word_1_334' title='bbox 886 4730 1154 4782; x_wconf 88' lang='lat' dir='ltr'>omnibus</span> <span class='ocrx_word' id='word_1_335' title='bbox 1187 4728 1536 4792; x_wconf 86' lang='lat' dir='ltr'>conﬁrmari,</span> <span class='ocrx_word' id='word_1_336' title='bbox 1577 4734 1631 4781; x_wconf 91' lang='lat' dir='ltr'>et</span> <span class='ocrx_word' id='word_1_337' title='bbox 1661 4733 2000 4798; x_wconf 85' lang='lat' dir='ltr'>prmsentem</span> 
     </span>
    </p>
   </div>
   <div class='ocr_carea' id='block_1_51' title="bbox 307 4814 1999 4885">
    <p class='ocr_par' dir='ltr' id='par_1_51' title="bbox 307 4814 1999 4885">
     <span class='ocr_line' id='line_1_51' title="bbox 307 4814 1999 4885; baseline 0 -20"><span class='ocrx_word' id='word_1_338' title='bbox 307 4815 477 4867; x_wconf 86' lang='lat' dir='ltr'>vitam</span> <span class='ocrx_word' id='word_1_339' title='bbox 506 4815 608 4867; x_wconf 90' lang='lat' dir='ltr'>sub</span> <span class='ocrx_word' id='word_1_340' title='bbox 640 4821 737 4867; x_wconf 90' lang='lat' dir='ltr'>tua</span> <span class='ocrx_word' id='word_1_341' title='bbox 762 4816 1179 4885; x_wconf 88' lang='lat' dir='ltr'>gubernatione</span> <span class='ocrx_word' id='word_1_342' title='bbox 1203 4816 1625 4885; x_wconf 86' lang='lat' dir='ltr'>inculpabiliter</span> <span class='ocrx_word' id='word_1_343' title='bbox 1665 4814 1999 4882; x_wconf 86' lang='lat' dir='ltr'>transigere,</span> 
     </span>
    </p>
   </div>
   <div class='ocr_carea' id='block_1_52' title="bbox 306 4900 2001 4971">
    <p class='ocr_par' dir='ltr' id='par_1_52' title="bbox 306 4900 2001 4971">
     <span class='ocr_line' id='line_1_52' title="bbox 306 4900 2001 4971; baseline -0.002 -15"><span class='ocrx_word' id='word_1_344' title='bbox 306 4909 360 4956; x_wconf 89' lang='lat' dir='ltr'>et</span> <span class='ocrx_word' id='word_1_345' title='bbox 390 4904 458 4956; x_wconf 92' lang='lat' dir='ltr'>ad</span> <span class='ocrx_word' id='word_1_346' title='bbox 486 4908 781 4969; x_wconf 87' lang='lat' dir='ltr'>mternam,</span> <span class='ocrx_word' id='word_1_347' title='bbox 826 4904 1102 4970; x_wconf 87' lang='lat' dir='ltr'>largiente</span> <span class='ocrx_word' id='word_1_348' title='bbox 1150 4908 1223 4969; x_wconf 88' lang='lat' dir='ltr'>te,</span> <span class='ocrx_word' id='word_1_349' title='bbox 1271 4902 1513 4956; x_wconf 84' lang='lat' dir='ltr'>feliciter</span> <span class='ocrx_word' id='word_1_350' title='bbox 1552 4900 1853 4971; x_wconf 88' lang='lat' dir='ltr'>pervenire</span> <span class='ocrx_word' id='word_1_351' title='bbox 1900 4916 2001 4952; x_wconf 89' lang='lat' dir='ltr'>va-</span> 
     </span>
    </p>
   </div>
   <div class='ocr_carea' id='block_1_53' title="bbox 306 4991 1019 5046">
    <p class='ocr_par' dir='ltr' id='par_1_53' title="bbox 306 4991 1019 5046">
     <span class='ocr_line' id='line_1_53' title="bbox 306 4991 1019 5046; baseline 0 -1"><span class='ocrx_word' id='word_1_352' title='bbox 306 4992 545 5045; x_wconf 90' lang='lat' dir='ltr'>leamus.</span> <span class='ocrx_word' id='word_1_353' title='bbox 579 4993 682 5044; x_wconf 87' lang='lat' dir='ltr'>Per</span> <span class='ocrx_word' id='word_1_354' title='bbox 712 4991 1019 5046; x_wconf 87' lang='lat' dir='ltr'>Christum.</span> 
     </span>
    </p>
   </div>
   <div class='ocr_carea' id='block_1_54' title="bbox 848 5106 1458 5161">
    <p class='ocr_par' dir='ltr' id='par_1_54' title="bbox 848 5106 1458 5161">
     <span class='ocr_line' id='line_1_54' title="bbox 848 5106 1458 5161; baseline -0.005 -3"><span class='ocrx_word' id='word_1_355' title='bbox 848 5106 977 5159; x_wconf 86' lang='lat' dir='ltr'>Post</span> <span class='ocrx_word' id='word_1_356' title='bbox 1007 5106 1458 5161; x_wconf 78' lang='lat' dir='ltr'>Communionem.</span> 
     </span>
    </p>
   </div>
   <div class='ocr_carea' id='block_1_55' title="bbox 380 5196 2002 5268">
    <p class='ocr_par' dir='ltr' id='par_1_55' title="bbox 380 5196 2002 5268">
     <span class='ocr_line' id='line_1_55' title="bbox 380 5196 2002 5268; baseline -0.003 -15"><span class='ocrx_word' id='word_1_357' title='bbox 380 5201 548 5265; x_wconf 88' lang='lat' dir='ltr'>Deus,</span> <span class='ocrx_word' id='word_1_358' title='bbox 582 5198 682 5268; x_wconf 88' lang='lat' dir='ltr'>qui</span> <span class='ocrx_word' id='word_1_359' title='bbox 722 5215 812 5253; x_wconf 89' lang='lat' dir='ltr'>me</span> <span class='ocrx_word' id='word_1_360' title='bbox 847 5199 1147 5268; x_wconf 88' lang='lat' dir='ltr'>indignum</span> <span class='ocrx_word' id='word_1_361' title='bbox 1184 5198 1355 5252; x_wconf 90' lang='lat' dir='ltr'>sacris</span> <span class='ocrx_word' id='word_1_362' title='bbox 1406 5196 1711 5266; x_wconf 88' lang='lat' dir='ltr'>mysteriis,</span> <span class='ocrx_word' id='word_1_363' title='bbox 1763 5211 2002 5266; x_wconf 85' lang='lat' dir='ltr'>corpore</span> 
     </span>
    </p>
   </div>
   <div class='ocr_carea' id='block_1_56' title="bbox 310 5285 2005 5355">
    <p class='ocr_par' dir='ltr' id='par_1_56' title="bbox 310 5285 2005 5355">
     <span class='ocr_line' id='line_1_56' title="bbox 310 5285 2005 5355; baseline 0 -17"><span class='ocrx_word' id='word_1_364' title='bbox 310 5291 366 5338; x_wconf 89' lang='lat' dir='ltr'>et</span> <span class='ocrx_word' id='word_1_365' title='bbox 394 5288 673 5355; x_wconf 86' lang='lat' dir='ltr'>sanguine</span> <span class='ocrx_word' id='word_1_366' title='bbox 702 5287 1053 5340; x_wconf 87' lang='lat' dir='ltr'>dilectissimi</span> <span class='ocrx_word' id='word_1_367' title='bbox 1096 5286 1221 5339; x_wconf 83' lang='lat' dir='ltr'>Filii</span> <span class='ocrx_word' id='word_1_368' title='bbox 1250 5286 1333 5340; x_wconf 89' lang='lat' dir='ltr'>tui</span> <span class='ocrx_word' id='word_1_369' title='bbox 1386 5286 1613 5339; x_wconf 90' lang='lat' dir='ltr'>Domini</span> <span class='ocrx_word' id='word_1_370' title='bbox 1646 5286 1824 5338; x_wconf 90' lang='lat' dir='ltr'>nostri</span> <span class='ocrx_word' id='word_1_371' title='bbox 1871 5285 2005 5338; x_wconf 86' lang='lat' dir='ltr'>Jesu</span> 
     </span>
    </p>
   </div>
   <div class='ocr_carea' id='block_1_57' title="bbox 311 5371 2002 5444">
    <p class='ocr_par' dir='ltr' id='par_1_57' title="bbox 311 5371 2002 5444">
     <span class='ocr_line' id='line_1_57' title="bbox 311 5371 2002 5444; baseline -0.004 -16"><span class='ocrx_word' id='word_1_372' title='bbox 311 5372 541 5434; x_wconf 84' lang='lat' dir='ltr'>Christi,</span> <span class='ocrx_word' id='word_1_373' title='bbox 595 5374 913 5428; x_wconf 83' lang='lat' dir='ltr'>confortare</span> <span class='ocrx_word' id='word_1_374' title='bbox 963 5375 1230 5444; x_wconf 91' lang='lat' dir='ltr'>dignatus</span> <span class='ocrx_word' id='word_1_375' title='bbox 1283 5390 1363 5437; x_wconf 93' lang='lat' dir='ltr'>es,</span> <span class='ocrx_word' id='word_1_376' title='bbox 1414 5374 1708 5426; x_wconf 86' lang='lat' dir='ltr'>humiliter</span> <span class='ocrx_word' id='word_1_377' title='bbox 1770 5371 2002 5425; x_wconf 88' lang='lat' dir='ltr'>obsecro</span> 
     </span>
    </p>
   </div>
   <div class='ocr_carea' id='block_1_58' title="bbox 312 5459 2004 5530">
    <p class='ocr_par' dir='ltr' id='par_1_58' title="bbox 312 5459 2004 5530">
     <span class='ocr_line' id='line_1_58' title="bbox 312 5459 2004 5530; baseline -0.001 -16"><span class='ocrx_word' id='word_1_378' title='bbox 312 5460 763 5514; x_wconf 89' lang='lat' dir='ltr'>misericordiam</span> <span class='ocrx_word' id='word_1_379' title='bbox 812 5468 968 5515; x_wconf 89' lang='lat' dir='ltr'>tuam</span> <span class='ocrx_word' id='word_1_380' title='bbox 999 5468 1059 5515; x_wconf 91' lang='lat' dir='ltr'>ut</span> <span class='ocrx_word' id='word_1_381' title='bbox 1085 5477 1203 5514; x_wconf 92' lang='lat' dir='ltr'>non</span> <span class='ocrx_word' id='word_1_382' title='bbox 1243 5462 1314 5514; x_wconf 89' lang='lat' dir='ltr'>sit</span> <span class='ocrx_word' id='word_1_383' title='bbox 1342 5462 1409 5514; x_wconf 92' lang='lat' dir='ltr'>ad</span> <span class='ocrx_word' id='word_1_384' title='bbox 1461 5461 1744 5530; x_wconf 86' lang='lat' dir='ltr'>judicium</span> <span class='ocrx_word' id='word_1_385' title='bbox 1795 5459 2004 5513; x_wconf 90' lang='lat' dir='ltr'>animm</span> 
     </span>
    </p>
   </div>
   <div class='ocr_carea' id='block_1_59' title="bbox 313 5546 2003 5618">
    <p class='ocr_par' dir='ltr' id='par_1_59' title="bbox 313 5546 2003 5618">
     <span class='ocr_line' id='line_1_59' title="bbox 313 5546 2003 5618; baseline -0.001 -17"><span class='ocrx_word' id='word_1_386' title='bbox 313 5562 487 5610; x_wconf 87' lang='lat' dir='ltr'>mem;</span> <span class='ocrx_word' id='word_1_387' title='bbox 546 5552 774 5615; x_wconf 84' lang='lat' dir='ltr'>prmsta,</span> <span class='ocrx_word' id='word_1_388' title='bbox 825 5564 1043 5618; x_wconf 84' lang='lat' dir='ltr'>qumso,</span> <span class='ocrx_word' id='word_1_389' title='bbox 1094 5548 1353 5613; x_wconf 89' lang='lat' dir='ltr'>Domine,</span> <span class='ocrx_word' id='word_1_390' title='bbox 1396 5548 1813 5618; x_wconf 85' lang='lat' dir='ltr'>indulgentiam</span> <span class='ocrx_word' id='word_1_391' title='bbox 1863 5546 2003 5600; x_wconf 86' lang='lat' dir='ltr'>mihi</span> 
     </span>
    </p>
   </div>
   <div class='ocr_carea' id='block_1_60' title="bbox 1449 301 3783 359">
    <p class='ocr_par' dir='ltr' id='par_1_60' title="bbox 1449 301 3783 359">
     <span class='ocr_line' id='line_1_60' title="bbox 1449 301 3783 359; baseline 0.001 -5"><span class='ocrx_word' id='word_1_392' title='bbox 1449 301 1792 357; x_wconf 80' lang='lat' dir='ltr'>GRIMALDI</span> <span class='ocrx_word' id='word_1_393' title='bbox 1832 302 2356 359; x_wconf 82' lang='lat' dir='ltr'>SANGALLENSIS</span> <span class='ocrx_word' id='word_1_394' title='bbox 2392 304 2684 358; x_wconf 81' lang='lat' dir='ltr'>ABBATIS</span> <span class='ocrx_word' id='word_1_395' title='bbox 3703 306 3783 358; x_wconf 72' lang='lat'>898</span> 
     </span>
    </p>
   </div>
   <div class='ocr_carea' id='block_1_61' title="bbox 2049 432 3780 504">
    <p class='ocr_par' dir='ltr' id='par_1_61' title="bbox 2049 432 3780 504">
     <span class='ocr_line' id='line_1_61' title="bbox 2049 432 3780 504; baseline -0.001 -16"><span class='ocrx_word' id='word_1_396' title='bbox 2049 437 2093 488; x_wconf 83' lang='grc' dir='ltr'>Α</span> <span class='ocrx_word' id='word_1_397' title='bbox 2125 435 2426 504; x_wconf 83' lang='lat' dir='ltr'>peccatori,</span> <span class='ocrx_word' id='word_1_398' title='bbox 2471 435 2734 503; x_wconf 85' lang='lat' dir='ltr'>gratiam,</span> <span class='ocrx_word' id='word_1_399' title='bbox 2778 449 2972 504; x_wconf 65' lang='lat' dir='ltr'>quam.</span> <span class='ocrx_word' id='word_1_400' title='bbox 2999 449 3123 487; x_wconf 90' lang='lat' dir='ltr'>mea</span> <span class='ocrx_word' id='word_1_401' title='bbox 3153 449 3269 486; x_wconf 90' lang='lat' dir='ltr'>non</span> <span class='ocrx_word' id='word_1_402' title='bbox 3299 432 3540 501; x_wconf 84' lang='lat' dir='ltr'>exigunt</span> <span class='ocrx_word' id='word_1_403' title='bbox 3590 436 3780 501; x_wconf 81' lang='lat' dir='ltr'>merita;</span> 
     </span>
    </p>
   </div>
   <div class='ocr_carea' id='block_1_62' title="bbox 2120 522 3785 593">
    <p class='ocr_par' dir='ltr' id='par_1_62' title="bbox 2120 522 3785 593">
     <span class='ocr_line' id='line_1_62' title="bbox 2120 522 3785 593; baseline 0.002 -20"><span class='ocrx_word' id='word_1_404' title='bbox 2120 522 2352 590; x_wconf 88' lang='lat' dir='ltr'>porrige</span> <span class='ocrx_word' id='word_1_405' title='bbox 2396 539 2631 575; x_wconf 88' lang='lat' dir='ltr'>manum</span> <span class='ocrx_word' id='word_1_406' title='bbox 2697 523 2921 590; x_wconf 90' lang='lat' dir='ltr'>pietatis</span> <span class='ocrx_word' id='word_1_407' title='bbox 2968 528 3077 574; x_wconf 79' lang='lat' dir='ltr'>tum</span> <span class='ocrx_word' id='word_1_408' title='bbox 3148 523 3287 575; x_wconf 89' lang='lat' dir='ltr'>mihi</span> <span class='ocrx_word' id='word_1_409' title='bbox 3329 525 3510 593; x_wconf 83' lang='lat' dir='ltr'>lapso,</span> <span class='ocrx_word' id='word_1_410' title='bbox 3565 529 3620 575; x_wconf 89' lang='lat' dir='ltr'>et</span> <span class='ocrx_word' id='word_1_411' title='bbox 3660 527 3785 593; x_wconf 76' lang='lat' dir='ltr'>aperi</span> 
     </span>
    </p>
   </div>
   <div class='ocr_carea' id='block_1_63' title="bbox 2119 608 3783 680">
    <p class='ocr_par' dir='ltr' id='par_1_63' title="bbox 2119 608 3783 680">
     <span class='ocr_line' id='line_1_63' title="bbox 2119 608 3783 680; baseline 0.004 -20"><span class='ocrx_word' id='word_1_412' title='bbox 2119 608 2261 661; x_wconf 87' lang='lat' dir='ltr'>mihi</span> <span class='ocrx_word' id='word_1_413' title='bbox 2296 610 2575 677; x_wconf 89' lang='lat' dir='ltr'>peccatori</span> <span class='ocrx_word' id='word_1_414' title='bbox 2600 611 2836 679; x_wconf 84' lang='lat' dir='ltr'>jauuam</span> <span class='ocrx_word' id='word_1_415' title='bbox 2877 611 3038 677; x_wconf 83' lang='lat' dir='ltr'>regni</span> <span class='ocrx_word' id='word_1_416' title='bbox 3070 610 3153 661; x_wconf 89' lang='lat' dir='ltr'>tui</span> <span class='ocrx_word' id='word_1_417' title='bbox 3186 610 3449 675; x_wconf 70' lang='lat' dir='ltr'>cmlestis,</span> <span class='ocrx_word' id='word_1_418' title='bbox 3494 628 3601 680; x_wconf 85' lang='lat' dir='ltr'>per</span> <span class='ocrx_word' id='word_1_419' title='bbox 3629 628 3783 680; x_wconf 81' lang='lat' dir='ltr'>quam.</span> 
     </span>
    </p>
   </div>
   <div class='ocr_carea' id='block_1_64' title="bbox 2118 697 3782 769">
    <p class='ocr_par' dir='ltr' id='par_1_64' title="bbox 2118 697 3782 769">
     <span class='ocr_line' id='line_1_64' title="bbox 2118 697 3782 769; baseline 0.002 -20"><span class='ocrx_word' id='word_1_420' title='bbox 2118 702 2172 749; x_wconf 91' lang='lat' dir='ltr'>te</span> <span class='ocrx_word' id='word_1_421' title='bbox 2207 697 2513 763; x_wconf 89' lang='lat' dir='ltr'>tribuente,</span> <span class='ocrx_word' id='word_1_422' title='bbox 2559 715 2781 750; x_wconf 87' lang='lat' dir='ltr'>merear</span> <span class='ocrx_word' id='word_1_423' title='bbox 2815 698 3041 768; x_wconf 90' lang='lat' dir='ltr'>ingredi</span> <span class='ocrx_word' id='word_1_424' title='bbox 3090 699 3148 751; x_wconf 90' lang='lat' dir='ltr'>in</span> <span class='ocrx_word' id='word_1_425' title='bbox 3195 699 3456 769; x_wconf 87' lang='lat' dir='ltr'>requiem</span> <span class='ocrx_word' id='word_1_426' title='bbox 3507 703 3782 769; x_wconf 83' lang='lat' dir='ltr'>sempiter-</span> 
     </span>
    </p>
   </div>
   <div class='ocr_carea' id='block_1_65' title="bbox 2117 787 2730 839">
    <p class='ocr_par' dir='ltr' id='par_1_65' title="bbox 2117 787 2730 839">
     <span class='ocr_line' id='line_1_65' title="bbox 2117 787 2730 839; baseline -0.002 -1"><span class='ocrx_word' id='word_1_427' title='bbox 2117 801 2272 838; x_wconf 87' lang='lat' dir='ltr'>nam.</span> <span class='ocrx_word' id='word_1_428' title='bbox 2307 788 2414 838; x_wconf 92' lang='lat' dir='ltr'>Per</span> <span class='ocrx_word' id='word_1_429' title='bbox 2442 787 2730 839; x_wconf 89' lang='lat' dir='ltr'>eumdem.</span> 
     </span>
    </p>
   </div>
   <div class='ocr_carea' id='block_1_66' title="bbox 2811 891 3109 928">
    <p class='ocr_par' dir='ltr' id='par_1_66' title="bbox 2811 891 3109 928">
     <span class='ocr_line' id='line_1_66' title="bbox 2811 891 3109 928; baseline 0.003 -1"><span class='ocrx_word' id='word_1_430' title='bbox 2811 891 2929 928; x_wconf 69' lang='lat' dir='ltr'>ITEM</span> <span class='ocrx_word' id='word_1_431' title='bbox 2966 892 3109 928; x_wconf 74' lang='lat' dir='ltr'>AMA.</span> 
     </span>
    </p>
   </div>
   <div class='ocr_carea' id='block_1_67' title="bbox 2188 962 3789 1033">
    <p class='ocr_par' dir='ltr' id='par_1_67' title="bbox 2188 962 3789 1033">
     <span class='ocr_line' id='line_1_67' title="bbox 2188 962 3789 1033; baseline 0.002 -17"><span class='ocrx_word' id='word_1_432' title='bbox 2188 962 2566 1031; x_wconf 88' lang='lat' dir='ltr'>Omnipotens</span> <span class='ocrx_word' id='word_1_433' title='bbox 2598 964 2942 1031; x_wconf 88' lang='lat' dir='ltr'>sempiterne</span> <span class='ocrx_word' id='word_1_434' title='bbox 2980 965 3143 1025; x_wconf 84' lang='lat' dir='ltr'>Deus,</span> <span class='ocrx_word' id='word_1_435' title='bbox 3190 964 3288 1033; x_wconf 89' lang='lat' dir='ltr'>qui</span> <span class='ocrx_word' id='word_1_436' title='bbox 3320 980 3409 1017; x_wconf 90' lang='lat' dir='ltr'>me</span> <span class='ocrx_word' id='word_1_437' title='bbox 3456 972 3789 1033; x_wconf 70' lang='lat' dir='ltr'>peccatrrem</span> 
     </span>
    </p>
   </div>
   <div class='ocr_carea' id='block_1_68' title="bbox 2116 1052 3789 1112">
    <p class='ocr_par' dir='ltr' id='par_1_68' title="bbox 2116 1052 3789 1112">
     <span class='ocr_line' id='line_1_68' title="bbox 2116 1052 3789 1112; baseline 0.004 -11"><span class='ocrx_word' id='word_1_438' title='bbox 2116 1052 2286 1103; x_wconf 86' lang='lat' dir='ltr'>sacris</span> <span class='ocrx_word' id='word_1_439' title='bbox 2332 1052 2605 1104; x_wconf 83' lang='lat' dir='ltr'>altaribus</span> <span class='ocrx_word' id='word_1_440' title='bbox 2658 1060 2841 1105; x_wconf 82' lang='lat' dir='ltr'>astare</span> <span class='ocrx_word' id='word_1_441' title='bbox 2915 1052 3162 1112; x_wconf 81' lang='lat' dir='ltr'>voluisti,</span> <span class='ocrx_word' id='word_1_442' title='bbox 3217 1057 3271 1104; x_wconf 88' lang='lat' dir='ltr'>et</span> <span class='ocrx_word' id='word_1_443' title='bbox 3321 1054 3499 1106; x_wconf 84' lang='lat' dir='ltr'>sancti</span> <span class='ocrx_word' id='word_1_444' title='bbox 3563 1056 3789 1107; x_wconf 79' lang='lat' dir='ltr'>nominis</span> 
     </span>
    </p>
   </div>
   <div class='ocr_carea' id='block_1_69' title="bbox 2116 1140 3787 1211">
    <p class='ocr_par' dir='ltr' id='par_1_69' title="bbox 2116 1140 3787 1211">
     <span class='ocr_line' id='line_1_69' title="bbox 2116 1140 3787 1211; baseline 0.002 -20"><span class='ocrx_word' id='word_1_445' title='bbox 2116 1140 2195 1191; x_wconf 89' lang='lat' dir='ltr'>tui</span> <span class='ocrx_word' id='word_1_446' title='bbox 2244 1141 2475 1193; x_wconf 87' lang='lat' dir='ltr'>laudare</span> <span class='ocrx_word' id='word_1_447' title='bbox 2526 1142 2867 1209; x_wconf 83' lang='lat' dir='ltr'>potentiam;</span> <span class='ocrx_word' id='word_1_448' title='bbox 2909 1140 3178 1201; x_wconf 86' lang='lat' dir='ltr'>concede,</span> <span class='ocrx_word' id='word_1_449' title='bbox 3229 1157 3446 1210; x_wconf 86' lang='lat' dir='ltr'>qumso,</span> <span class='ocrx_word' id='word_1_450' title='bbox 3489 1159 3593 1210; x_wconf 87' lang='lat' dir='ltr'>per</span> <span class='ocrx_word' id='word_1_451' title='bbox 3644 1145 3787 1211; x_wconf 79' lang='lat' dir='ltr'>hujus</span> 
     </span>
    </p>
   </div>
   <div class='ocr_carea' id='block_1_70' title="bbox 2116 1228 3783 1301">
    <p class='ocr_par' dir='ltr' id='par_1_70' title="bbox 2116 1228 3783 1301">
     <span class='ocr_line' id='line_1_70' title="bbox 2116 1228 3783 1301; baseline 0.003 -22"><span class='ocrx_word' id='word_1_452' title='bbox 2116 1228 2458 1281; x_wconf 87' lang='lat' dir='ltr'>sacramenti</span> <span class='ocrx_word' id='word_1_453' title='bbox 2508 1229 2866 1297; x_wconf 84' lang='lat' dir='ltr'>mysterium,</span> <span class='ocrx_word' id='word_1_454' title='bbox 2930 1244 3185 1280; x_wconf 67' lang='lat' dir='ltr'>meorum</span> <span class='ocrx_word' id='word_1_455' title='bbox 3236 1229 3375 1281; x_wconf 89' lang='lat' dir='ltr'>mihi</span> <span class='ocrx_word' id='word_1_456' title='bbox 3418 1232 3640 1283; x_wconf 88' lang='lat' dir='ltr'>veniam</span> <span class='ocrx_word' id='word_1_457' title='bbox 3672 1249 3783 1301; x_wconf 87' lang='lat' dir='ltr'>pec-</span> 
     </span>
    </p>
   </div>
   <div class='ocr_carea' id='block_1_71' title="bbox 2116 1316 3785 1387">
    <p class='ocr_par' dir='ltr' id='par_1_71' title="bbox 2116 1316 3785 1387">
     <span class='ocr_line' id='line_1_71' title="bbox 2116 1316 3785 1387; baseline 0.001 -19"><span class='ocrx_word' id='word_1_458' title='bbox 2116 1323 2392 1383; x_wconf 86' lang='lat' dir='ltr'>catorum,</span> <span class='ocrx_word' id='word_1_459' title='bbox 2429 1322 2493 1370; x_wconf 90' lang='lat' dir='ltr'>ut</span> <span class='ocrx_word' id='word_1_460' title='bbox 2522 1322 2635 1370; x_wconf 87' lang='lat' dir='ltr'>tum</span> <span class='ocrx_word' id='word_1_461' title='bbox 2668 1316 2950 1385; x_wconf 88' lang='lat' dir='ltr'>majestati</span> <span class='ocrx_word' id='word_1_462' title='bbox 2980 1316 3153 1387; x_wconf 90' lang='lat' dir='ltr'>digne</span> <span class='ocrx_word' id='word_1_463' title='bbox 3190 1317 3518 1371; x_wconf 88' lang='lat' dir='ltr'>ministrare</span> <span class='ocrx_word' id='word_1_464' title='bbox 3570 1335 3785 1373; x_wconf 84' lang='lat' dir='ltr'>merear.</span> 
     </span>
    </p>
   </div>
   <div class='ocr_carea' id='block_1_72' title="bbox 2117 1403 2241 1458">
    <p class='ocr_par' dir='ltr' id='par_1_72' title="bbox 2117 1403 2241 1458">
     <span class='ocr_line' id='line_1_72' title="bbox 2117 1403 2241 1458; baseline 0.024 -3"><span class='ocrx_word' id='word_1_465' title='bbox 2117 1403 2241 1458; x_wconf 88' lang='lat' dir='ltr'>Per.</span> 
     </span>
    </p>
   </div>
   <div class='ocr_carea' id='block_1_73' title="bbox 2756 1492 3171 1559">
    <p class='ocr_par' dir='ltr' id='par_1_73' title="bbox 2756 1492 3171 1559">
     <span class='ocr_line' id='line_1_73' title="bbox 2756 1492 3171 1559; baseline 0.005 -16"><span class='ocrx_word' id='word_1_466' title='bbox 2756 1492 2929 1559; x_wconf 81' lang='lat' dir='ltr'>Super</span> <span class='ocrx_word' id='word_1_467' title='bbox 2959 1492 3171 1546; x_wconf 83' lang='lat' dir='ltr'>Oblata.</span> 
     </span>
    </p>
   </div>
   <div class='ocr_carea' id='block_1_74' title="bbox 2195 1580 3789 1650">
    <p class='ocr_par' dir='ltr' id='par_1_74' title="bbox 2195 1580 3789 1650">
     <span class='ocr_line' id='line_1_74' title="bbox 2195 1580 3789 1650; baseline -0.001 -16"><span class='ocrx_word' id='word_1_468' title='bbox 2195 1583 2291 1646; x_wconf 92' lang='lat' dir='ltr'>Da,</span> <span class='ocrx_word' id='word_1_469' title='bbox 2345 1597 2696 1650; x_wconf 84' lang='lat' dir='ltr'>qumsumus,</span> <span class='ocrx_word' id='word_1_470' title='bbox 2747 1580 3188 1633; x_wconf 87' lang='lat' dir='ltr'>clementissime</span> <span class='ocrx_word' id='word_1_471' title='bbox 3242 1582 3425 1647; x_wconf 86' lang='lat' dir='ltr'>Pater,</span> <span class='ocrx_word' id='word_1_472' title='bbox 3481 1597 3586 1650; x_wconf 87' lang='lat' dir='ltr'>per</span> <span class='ocrx_word' id='word_1_473' title='bbox 3643 1582 3789 1650; x_wconf 86' lang='lat' dir='ltr'>hujus</span> 
     </span>
    </p>
   </div>
   <div class='ocr_carea' id='block_1_75' title="bbox 2122 1670 3788 1739">
    <p class='ocr_par' dir='ltr' id='par_1_75' title="bbox 2122 1670 3788 1739">
     <span class='ocr_line' id='line_1_75' title="bbox 2122 1670 3788 1739; baseline -0.001 -16"><span class='ocrx_word' id='word_1_474' title='bbox 2122 1670 2427 1723; x_wconf 90' lang='lat' dir='ltr'>oblationis</span> <span class='ocrx_word' id='word_1_475' title='bbox 2457 1670 2817 1739; x_wconf 86' lang='lat' dir='ltr'>mysterium,</span> <span class='ocrx_word' id='word_1_476' title='bbox 2867 1685 3127 1722; x_wconf 91' lang='lat' dir='ltr'>meorum</span> <span class='ocrx_word' id='word_1_477' title='bbox 3176 1670 3567 1737; x_wconf 34' lang='lat' dir='ltr'>mihijveniam</span> <span class='ocrx_word' id='word_1_478' title='bbox 3614 1686 3788 1738; x_wconf 78' lang='lat' dir='ltr'>pecca-</span> 
     </span>
    </p>
   </div>
   <div class='ocr_carea' id='block_1_76' title="bbox 2120 1758 3790 1828">
    <p class='ocr_par' dir='ltr' id='par_1_76' title="bbox 2120 1758 3790 1828">
     <span class='ocr_line' id='line_1_76' title="bbox 2120 1758 3790 1828; baseline 0 -17"><span class='ocrx_word' id='word_1_479' title='bbox 2120 1766 2331 1825; x_wconf 91' lang='lat' dir='ltr'>torum,</span> <span class='ocrx_word' id='word_1_480' title='bbox 2361 1764 2561 1811; x_wconf 87' lang='lat' dir='ltr'>utnon</span> <span class='ocrx_word' id='word_1_481' title='bbox 2598 1759 2668 1810; x_wconf 89' lang='lat' dir='ltr'>ad</span> <span class='ocrx_word' id='word_1_482' title='bbox 2700 1758 2974 1828; x_wconf 87' lang='lat' dir='ltr'>judicium</span> <span class='ocrx_word' id='word_1_483' title='bbox 3008 1758 3215 1811; x_wconf 87' lang='lat' dir='ltr'>animm</span> <span class='ocrx_word' id='word_1_484' title='bbox 3266 1774 3429 1822; x_wconf 86' lang='lat' dir='ltr'>mem,</span> <span class='ocrx_word' id='word_1_485' title='bbox 3484 1759 3577 1811; x_wconf 91' lang='lat' dir='ltr'>sed</span> <span class='ocrx_word' id='word_1_486' title='bbox 3622 1758 3687 1812; x_wconf 85' lang='lat' dir='ltr'>ad</span> <span class='ocrx_word' id='word_1_487' title='bbox 3724 1760 3790 1811; x_wconf 86' lang='lat' dir='ltr'>in-</span> 
     </span>
    </p>
   </div>
   <div class='ocr_carea' id='block_1_77' title="bbox 2118 1846 3790 1917">
    <p class='ocr_par' dir='ltr' id='par_1_77' title="bbox 2118 1846 3790 1917">
     <span class='ocr_line' id='line_1_77' title="bbox 2118 1846 3790 1917; baseline 0 -17"><span class='ocrx_word' id='word_1_488' title='bbox 2118 1848 2495 1916; x_wconf 86' lang='lat' dir='ltr'>dulgentiam,</span> <span class='ocrx_word' id='word_1_489' title='bbox 2532 1849 2699 1915; x_wconf 84' lang='lat' dir='ltr'>hujus</span> <span class='ocrx_word' id='word_1_490' title='bbox 2740 1848 3161 1916; x_wconf 84' lang='lat' dir='ltr'>presbyteratus</span> <span class='ocrx_word' id='word_1_491' title='bbox 3189 1846 3328 1899; x_wconf 88' lang='lat' dir='ltr'>ordo</span> <span class='ocrx_word' id='word_1_492' title='bbox 3364 1846 3504 1901; x_wconf 86' lang='lat' dir='ltr'>mihi</span> <span class='ocrx_word' id='word_1_493' title='bbox 3556 1848 3790 1917; x_wconf 85' lang='lat' dir='ltr'>proﬁciat</span> 
     </span>
    </p>
   </div>
   <div class='ocr_carea' id='block_1_78' title="bbox 2117 1932 3043 2006">
    <p class='ocr_par' dir='ltr' id='par_1_78' title="bbox 2117 1932 3043 2006">
     <span class='ocr_line' id='line_1_78' title="bbox 2117 1932 3043 2006; baseline -0.002 -17"><span class='ocrx_word' id='word_1_494' title='bbox 2117 1938 2549 2006; x_wconf 82' lang='lat' dir='ltr'>sempiternam.</span> <span class='ocrx_word' id='word_1_495' title='bbox 2590 1938 2695 1989; x_wconf 87' lang='lat' dir='ltr'>Per</span> <span class='ocrx_word' id='word_1_496' title='bbox 2714 1932 3043 1989; x_wconf 86' lang='lat' dir='ltr'>Dominum.</span> 
     </span>
    </p>
   </div>
   <div class='ocr_carea' id='block_1_79' title="bbox 2828 2043 3109 2106">
    <p class='ocr_par' dir='ltr' id='par_1_79' title="bbox 2828 2043 3109 2106">
     <span class='ocr_line' id='line_1_79' title="bbox 2828 2043 3109 2106; baseline -0.007 -11"><span class='ocrx_word' id='word_1_497' title='bbox 2828 2043 3109 2106; x_wconf 70' lang='lat' dir='ltr'>Prmfatio.</span> 
     </span>
    </p>
   </div>
   <div class='ocr_carea' id='block_1_80' title="bbox 2191 2145 3787 2217">
    <p class='ocr_par' dir='ltr' id='par_1_80' title="bbox 2191 2145 3787 2217">
     <span class='ocr_line' id='line_1_80' title="bbox 2191 2145 3787 2217; baseline -0.002 -15"><span class='ocrx_word' id='word_1_498' title='bbox 2191 2150 2255 2202; x_wconf 92' lang='lat' dir='ltr'>D.</span> <span class='ocrx_word' id='word_1_499' title='bbox 2290 2153 2345 2201; x_wconf 90' lang='lat' dir='ltr'>et</span> <span class='ocrx_word' id='word_1_500' title='bbox 2368 2148 2586 2217; x_wconf 87' lang='lat' dir='ltr'>justum</span> <span class='ocrx_word' id='word_1_501' title='bbox 2620 2153 2724 2214; x_wconf 89' lang='lat' dir='ltr'>est,</span> <span class='ocrx_word' id='word_1_502' title='bbox 2767 2162 2953 2215; x_wconf 85' lang='lat' dir='ltr'>usque,</span> <span class='ocrx_word' id='word_1_503' title='bbox 3013 2151 3222 2199; x_wconf 81' lang='lat' dir='ltr'>mterne</span> <span class='ocrx_word' id='word_1_504' title='bbox 3276 2146 3442 2199; x_wconf 88' lang='lat' dir='ltr'>Deus.</span> <span class='ocrx_word' id='word_1_505' title='bbox 3485 2145 3590 2209; x_wconf 88' lang='lat' dir='ltr'>Qui</span> <span class='ocrx_word' id='word_1_506' title='bbox 3637 2148 3787 2215; x_wconf 82' lang='lat' dir='ltr'>septi-</span> 
     </span>
    </p>
   </div>
   <div class='ocr_carea' id='block_1_81' title="bbox 2116 2234 3790 2303">
    <p class='ocr_par' dir='ltr' id='par_1_81' title="bbox 2116 2234 3790 2303">
     <span class='ocr_line' id='line_1_81' title="bbox 2116 2234 3790 2303; baseline -0.003 -12"><span class='ocrx_word' id='word_1_507' title='bbox 2116 2236 2316 2291; x_wconf 86' lang='lat' dir='ltr'>formis</span> <span class='ocrx_word' id='word_1_508' title='bbox 2348 2236 2742 2290; x_wconf 83' lang='lat' dir='ltr'>ecclesiasticm</span> <span class='ocrx_word' id='word_1_509' title='bbox 2775 2235 3070 2303; x_wconf 84' lang='lat' dir='ltr'>dignitatis</span> <span class='ocrx_word' id='word_1_510' title='bbox 3104 2234 3317 2303; x_wconf 89' lang='lat' dir='ltr'>gradus</span> <span class='ocrx_word' id='word_1_511' title='bbox 3347 2235 3626 2303; x_wconf 90' lang='lat' dir='ltr'>septiplici</span> <span class='ocrx_word' id='word_1_512' title='bbox 3660 2236 3790 2288; x_wconf 86' lang='lat' dir='ltr'>dono</span> 
     </span>
    </p>
   </div>
   <div class='ocr_carea' id='block_1_82' title="bbox 2115 2323 3791 2396">
    <p class='ocr_par' dir='ltr' id='par_1_82' title="bbox 2115 2323 3791 2396">
     <span class='ocr_line' id='line_1_82' title="bbox 2115 2323 3791 2396; baseline -0.001 -19"><span class='ocrx_word' id='word_1_513' title='bbox 2115 2325 2294 2377; x_wconf 87' lang='lat' dir='ltr'>sancti</span> <span class='ocrx_word' id='word_1_514' title='bbox 2326 2326 2571 2396; x_wconf 88' lang='lat' dir='ltr'>Spiritus</span> <span class='ocrx_word' id='word_1_515' title='bbox 2614 2325 2913 2390; x_wconf 85' lang='lat' dir='ltr'>decorasti,</span> <span class='ocrx_word' id='word_1_516' title='bbox 2963 2328 3168 2393; x_wconf 72' lang='lat' dir='ltr'>praesta</span> <span class='ocrx_word' id='word_1_517' title='bbox 3217 2323 3359 2377; x_wconf 88' lang='lat' dir='ltr'>mihi</span> <span class='ocrx_word' id='word_1_518' title='bbox 3400 2323 3680 2393; x_wconf 87' lang='lat' dir='ltr'>propitius</span> <span class='ocrx_word' id='word_1_519' title='bbox 3726 2324 3791 2377; x_wconf 83' lang='lat' dir='ltr'>fa-</span> 
     </span>
    </p>
   </div>
   <div class='ocr_carea' id='block_1_83' title="bbox 2115 2410 3789 2480">
    <p class='ocr_par' dir='ltr' id='par_1_83' title="bbox 2115 2410 3789 2480">
     <span class='ocr_line' id='line_1_83' title="bbox 2115 2410 3789 2480; baseline -0.004 -13"><span class='ocrx_word' id='word_1_520' title='bbox 2115 2414 2272 2467; x_wconf 90' lang='lat' dir='ltr'>mulo</span> <span class='ocrx_word' id='word_1_521' title='bbox 2304 2419 2422 2479; x_wconf 90' lang='lat' dir='ltr'>tuo,</span> <span class='ocrx_word' id='word_1_522' title='bbox 2457 2414 2722 2467; x_wconf 89' lang='lat' dir='ltr'>eumdem</span> <span class='ocrx_word' id='word_1_523' title='bbox 2753 2414 2809 2465; x_wconf 92' lang='lat' dir='ltr'>in</span> <span class='ocrx_word' id='word_1_524' title='bbox 2842 2412 3137 2465; x_wconf 86' lang='lat' dir='ltr'>sanctitate</span> <span class='ocrx_word' id='word_1_525' title='bbox 3170 2413 3301 2465; x_wconf 83' lang='lat' dir='ltr'>vitm</span> <span class='ocrx_word' id='word_1_526' title='bbox 3342 2411 3655 2480; x_wconf 83' lang='lat' dir='ltr'>promereri</span> <span class='ocrx_word' id='word_1_527' title='bbox 3684 2410 3789 2478; x_wconf 85' lang='lat' dir='ltr'>Spi-</span> 
     </span>
    </p>
   </div>
   <div class='ocr_carea' id='block_1_84' title="bbox 2114 2498 3787 2571">
    <p class='ocr_par' dir='ltr' id='par_1_84' title="bbox 2114 2498 3787 2571">
     <span class='ocr_line' id='line_1_84' title="bbox 2114 2498 3787 2571; baseline -0.004 -17"><span class='ocrx_word' id='word_1_528' title='bbox 2114 2502 2285 2554; x_wconf 90' lang='lat' dir='ltr'>ritum</span> <span class='ocrx_word' id='word_1_529' title='bbox 2314 2502 2685 2571; x_wconf 83' lang='lat' dir='ltr'>paracletum,</span> <span class='ocrx_word' id='word_1_530' title='bbox 2713 2516 2883 2570; x_wconf 89' lang='lat' dir='ltr'>quem</span> <span class='ocrx_word' id='word_1_531' title='bbox 2916 2500 3250 2568; x_wconf 89' lang='lat' dir='ltr'>unigenitus</span> <span class='ocrx_word' id='word_1_532' title='bbox 3274 2498 3448 2552; x_wconf 88' lang='lat' dir='ltr'>Filius</span> <span class='ocrx_word' id='word_1_533' title='bbox 3469 2504 3592 2550; x_wconf 80' lang='lat' dir='ltr'>tuus</span> <span class='ocrx_word' id='word_1_534' title='bbox 3616 2498 3787 2551; x_wconf 91' lang='lat' dir='ltr'>Domi-</span> 
     </span>
    </p>
   </div>
   <div class='ocr_carea' id='block_1_85' title="bbox 2115 2586 3787 2642">
    <p class='ocr_par' dir='ltr' id='par_1_85' title="bbox 2115 2586 3787 2642">
     <span class='ocr_line' id='line_1_85' title="bbox 2115 2586 3787 2642; baseline -0.004 0"><span class='ocrx_word' id='word_1_535' title='bbox 2115 2604 2220 2642; x_wconf 89' lang='lat' dir='ltr'>nus</span> <span class='ocrx_word' id='word_1_536' title='bbox 2252 2590 2614 2642; x_wconf 81' lang='lat' dir='ltr'>nosterJesus</span> <span class='ocrx_word' id='word_1_537' title='bbox 2629 2588 2883 2641; x_wconf 85' lang='lat' dir='ltr'>Christus</span> <span class='ocrx_word' id='word_1_538' title='bbox 2900 2588 3010 2641; x_wconf 91' lang='lat' dir='ltr'>tuis</span> <span class='ocrx_word' id='word_1_539' title='bbox 3023 2587 3291 2640; x_wconf 84' lang='lat' dir='ltr'>ﬁdelibus</span> <span class='ocrx_word' id='word_1_540' title='bbox 3320 2586 3654 2639; x_wconf 89' lang='lat' dir='ltr'>mittendum</span> <span class='ocrx_word' id='word_1_541' title='bbox 3681 2600 3787 2636; x_wconf 90' lang='lat' dir='ltr'>esse</span> 
     </span>
    </p>
   </div>
   <div class='ocr_carea' id='block_1_86' title="bbox 2113 2674 3787 2746">
    <p class='ocr_par' dir='ltr' id='par_1_86' title="bbox 2113 2674 3787 2746">
     <span class='ocr_line' id='line_1_86' title="bbox 2113 2674 3787 2746; baseline -0.002 -18"><span class='ocrx_word' id='word_1_542' title='bbox 2113 2677 2395 2746; x_wconf 78' lang='lat' dir='ltr'>promisit.</span> <span class='ocrx_word' id='word_1_543' title='bbox 2432 2676 2538 2739; x_wconf 88' lang='lat' dir='ltr'>Qui</span> <span class='ocrx_word' id='word_1_544' title='bbox 2578 2676 2717 2728; x_wconf 86' lang='lat' dir='ltr'>mihi</span> <span class='ocrx_word' id='word_1_545' title='bbox 2766 2675 3045 2745; x_wconf 89' lang='lat' dir='ltr'>peccatori</span> <span class='ocrx_word' id='word_1_546' title='bbox 3091 2675 3375 2745; x_wconf 88' lang='lat' dir='ltr'>inspirare</span> <span class='ocrx_word' id='word_1_547' title='bbox 3404 2674 3667 2744; x_wconf 84' lang='lat' dir='ltr'>dignetur</span> <span class='ocrx_word' id='word_1_548' title='bbox 3713 2689 3787 2725; x_wconf 85' lang='lat' dir='ltr'>ca-</span> 
     </span>
    </p>
   </div>
   <div class='ocr_carea' id='block_1_87' title="bbox 2114 2761 3787 2825">
    <p class='ocr_par' dir='ltr' id='par_1_87' title="bbox 2114 2761 3787 2825">
     <span class='ocr_line' id='line_1_87' title="bbox 2114 2761 3787 2825; baseline -0.003 -9"><span class='ocrx_word' id='word_1_549' title='bbox 2114 2765 2337 2817; x_wconf 71' lang='lat' dir='ltr'>tholica:</span> <span class='ocrx_word' id='word_1_550' title='bbox 2383 2764 2515 2817; x_wconf 85' lang='lat' dir='ltr'>ﬁdei</span> <span class='ocrx_word' id='word_1_551' title='bbox 2583 2764 2935 2825; x_wconf 88' lang='lat' dir='ltr'>ﬁrmitatem,</span> <span class='ocrx_word' id='word_1_552' title='bbox 2994 2769 3049 2816; x_wconf 91' lang='lat' dir='ltr'>et</span> <span class='ocrx_word' id='word_1_553' title='bbox 3108 2768 3314 2815; x_wconf 78' lang='lat' dir='ltr'>sanctm</span> <span class='ocrx_word' id='word_1_554' title='bbox 3365 2761 3647 2815; x_wconf 79' lang='lat' dir='ltr'>charitntis</span> <span class='ocrx_word' id='word_1_555' title='bbox 3687 2766 3787 2812; x_wconf 74' lang='lat' dir='ltr'>tum</span> 
     </span>
    </p>
   </div>
   <div class='ocr_carea' id='block_1_88' title="bbox 2113 2849 3785 2925">
    <p class='ocr_par' dir='ltr' id='par_1_88' title="bbox 2113 2849 3785 2925">
     <span class='ocr_line' id='line_1_88' title="bbox 2113 2849 3785 2925; baseline -0.004 -21"><span class='ocrx_word' id='word_1_556' title='bbox 2113 2852 2472 2904; x_wconf 87' lang='lat' dir='ltr'>dulcedinem</span> <span class='ocrx_word' id='word_1_557' title='bbox 2524 2866 2726 2920; x_wconf 87' lang='lat' dir='ltr'>meque</span> <span class='ocrx_word' id='word_1_558' title='bbox 2764 2856 2990 2903; x_wconf 88' lang='lat' dir='ltr'>terrena</span> <span class='ocrx_word' id='word_1_559' title='bbox 3036 2849 3329 2918; x_wconf 88' lang='lat' dir='ltr'>despicere</span> <span class='ocrx_word' id='word_1_560' title='bbox 3370 2854 3424 2925; x_wconf 83' lang='lat' dir='ltr'>e_t</span> <span class='ocrx_word' id='word_1_561' title='bbox 3460 2863 3645 2901; x_wconf 88' lang='lat' dir='ltr'>amare</span> <span class='ocrx_word' id='word_1_562' title='bbox 3689 2861 3785 2898; x_wconf 80' lang='lat' dir='ltr'>cm-</span> 
     </span>
    </p>
   </div>
   <div class='ocr_carea' id='block_1_89' title="bbox 2112 2938 3613 2993">
    <p class='ocr_par' dir='ltr' id='par_1_89' title="bbox 2112 2938 3613 2993">
     <span class='ocr_line' id='line_1_89' title="bbox 2112 2938 3613 2993; baseline -0.003 -1"><span class='ocrx_word' id='word_1_563' title='bbox 2112 2940 2277 2993; x_wconf 89' lang='lat' dir='ltr'>lestia</span> <span class='ocrx_word' id='word_1_564' title='bbox 2306 2940 2522 2993; x_wconf 83' lang='lat' dir='ltr'>doceat.</span> <span class='ocrx_word' id='word_1_565' title='bbox 2554 2941 2659 2992; x_wconf 88' lang='lat' dir='ltr'>Per</span> <span class='ocrx_word' id='word_1_566' title='bbox 2682 2939 2968 2993; x_wconf 88' lang='lat' dir='ltr'>Christum</span> <span class='ocrx_word' id='word_1_567' title='bbox 3004 2938 3309 2991; x_wconf 87' lang='lat' dir='ltr'>Dominum</span> <span class='ocrx_word' id='word_1_568' title='bbox 3336 2944 3613 2990; x_wconf 90' lang='lat' dir='ltr'>nostrum.</span> 
     </span>
    </p>
   </div>
   <div class='ocr_carea' id='block_1_90' title="bbox 2648 3046 3271 3100">
    <p class='ocr_par' dir='ltr' id='par_1_90' title="bbox 2648 3046 3271 3100">
     <span class='ocr_line' id='line_1_90' title="bbox 2648 3046 3271 3100; baseline -0.002 -2"><span class='ocrx_word' id='word_1_569' title='bbox 2648 3046 2781 3099; x_wconf 86' lang='lat' dir='ltr'>Post</span> <span class='ocrx_word' id='word_1_570' title='bbox 2825 3046 3271 3100; x_wconf 78' lang='lat' dir='ltr'>Communionem.</span> 
     </span>
    </p>
   </div>
   <div class='ocr_carea' id='block_1_91' title="bbox 2184 3150 3784 3215">
    <p class='ocr_par' dir='ltr' id='par_1_91' title="bbox 2184 3150 3784 3215">
     <span class='ocr_line' id='line_1_91' title="bbox 2184 3150 3784 3215; baseline -0.004 -11"><span class='ocrx_word' id='word_1_571' title='bbox 2184 3152 2508 3215; x_wconf 90' lang='lat' dir='ltr'>Sumeutes,</span> <span class='ocrx_word' id='word_1_572' title='bbox 2568 3151 2803 3204; x_wconf 88' lang='lat' dir='ltr'>Domine</span> <span class='ocrx_word' id='word_1_573' title='bbox 2865 3152 3030 3215; x_wconf 85' lang='lat' dir='ltr'>Deus,</span> <span class='ocrx_word' id='word_1_574' title='bbox 3084 3150 3282 3203; x_wconf 87' lang='lat' dir='ltr'>salutis</span> <span class='ocrx_word' id='word_1_575' title='bbox 3343 3154 3555 3203; x_wconf 86' lang='lat' dir='ltr'>nostrm</span> <span class='ocrx_word' id='word_1_576' title='bbox 3626 3162 3784 3200; x_wconf 84' lang='lat' dir='ltr'>sacra-</span> 
     </span>
    </p>
   </div>
   <div class='ocr_carea' id='block_1_92' title="bbox 2113 3226 3779 3309">
    <p class='ocr_par' dir='ltr' id='par_1_92' title="bbox 2113 3226 3779 3309">
     <span class='ocr_line' id='line_1_92' title="bbox 2113 3226 3779 3309; baseline -0.004 -15"><span class='ocrx_word' id='word_1_577' title='bbox 2113 3226 2324 3305; x_wconf 77' lang='lat' dir='ltr'>menta,</span> <span class='ocrx_word' id='word_1_578' title='bbox 2378 3246 2606 3308; x_wconf 81' lang='lat' dir='ltr'>prmsta,</span> <span class='ocrx_word' id='word_1_579' title='bbox 2667 3255 3016 3309; x_wconf 86' lang='lat' dir='ltr'>qumsumus,</span> <span class='ocrx_word' id='word_1_580' title='bbox 3072 3244 3132 3290; x_wconf 92' lang='lat' dir='ltr'>ut</span> <span class='ocrx_word' id='word_1_581' title='bbox 3176 3254 3374 3290; x_wconf 89' lang='lat' dir='ltr'>eorum</span> <span class='ocrx_word' id='word_1_582' title='bbox 3434 3236 3779 3309; x_wconf 83' lang='lat' dir='ltr'>participatio,</span> 
     </span>
    </p>
   </div>
   <div class='ocr_carea' id='block_1_93' title="bbox 2109 3326 3773 3397">
    <p class='ocr_par' dir='ltr' id='par_1_93' title="bbox 2109 3326 3773 3397">
     <span class='ocr_line' id='line_1_93' title="bbox 2109 3326 3773 3397; baseline -0.005 -17"><span class='ocrx_word' id='word_1_583' title='bbox 2109 3328 2251 3381; x_wconf 91' lang='lat' dir='ltr'>mihi</span> <span class='ocrx_word' id='word_1_584' title='bbox 2298 3328 2512 3381; x_wconf 86' lang='lat' dir='ltr'>famulo</span> <span class='ocrx_word' id='word_1_585' title='bbox 2558 3332 2655 3380; x_wconf 90' lang='lat' dir='ltr'>tuo</span> <span class='ocrx_word' id='word_1_586' title='bbox 2698 3327 2768 3380; x_wconf 89' lang='lat' dir='ltr'>ad</span> <span class='ocrx_word' id='word_1_587' title='bbox 2812 3332 3151 3397; x_wconf 89' lang='lat' dir='ltr'>perpetuam</span> <span class='ocrx_word' id='word_1_588' title='bbox 3211 3326 3477 3396; x_wconf 86' lang='lat' dir='ltr'>proﬁciat</span> <span class='ocrx_word' id='word_1_589' title='bbox 3537 3326 3773 3377; x_wconf 87' lang='lat' dir='ltr'>salutem.</span> 
     </span>
    </p>
   </div>
   <div class='ocr_carea' id='block_1_94' title="bbox 2110 3418 3559 3470">
    <p class='ocr_par' dir='ltr' id='par_1_94' title="bbox 2110 3418 3559 3470">
     <span class='ocr_line' id='line_1_94' title="bbox 2110 3418 3559 3470; baseline -0.001 0"><span class='ocrx_word' id='word_1_590' title='bbox 2110 3418 2235 3470; x_wconf 89' lang='lat' dir='ltr'>Per.</span> <span class='ocrx_word' id='word_1_591' title='bbox 3554 3419 3559 3423; x_wconf 82' lang='grc'><strong><em>“</em></strong></span> 
     </span>
    </p>
   </div>
   <div class='ocr_carea' id='block_1_95' title="bbox 2876 3504 3025 3557">
    <p class='ocr_par' dir='ltr' id='par_1_95' title="bbox 2876 3504 3025 3557">
     <span class='ocr_line' id='line_1_95' title="bbox 2876 3504 3025 3557; baseline -0.007 0"><span class='ocrx_word' id='word_1_592' title='bbox 2876 3504 3025 3557; x_wconf 78' lang='lat' dir='ltr'>Alia.</span> 
     </span>
    </p>
   </div>
   <div class='ocr_carea' id='block_1_96' title="bbox 2177 3587 3780 3661">
    <p class='ocr_par' dir='ltr' id='par_1_96' title="bbox 2177 3587 3780 3661">
     <span class='ocr_line' id='line_1_96' title="bbox 2177 3587 3780 3661; baseline -0.005 -14"><span class='ocrx_word' id='word_1_593' title='bbox 2177 3598 2356 3648; x_wconf 86' lang='lat' dir='ltr'>Aures</span> <span class='ocrx_word' id='word_1_594' title='bbox 2385 3598 2497 3645; x_wconf 86' lang='lat' dir='ltr'>tum</span> <span class='ocrx_word' id='word_1_595' title='bbox 2526 3592 2775 3661; x_wconf 89' lang='lat' dir='ltr'>pietatis,</span> <span class='ocrx_word' id='word_1_596' title='bbox 2813 3592 3111 3645; x_wconf 82' lang='lat' dir='ltr'>mitissime</span> <span class='ocrx_word' id='word_1_597' title='bbox 3164 3593 3328 3657; x_wconf 91' lang='lat' dir='ltr'>Deus,</span> <span class='ocrx_word' id='word_1_598' title='bbox 3364 3590 3577 3643; x_wconf 88' lang='lat' dir='ltr'>inclina</span> <span class='ocrx_word' id='word_1_599' title='bbox 3627 3587 3780 3659; x_wconf 81' lang='lat' dir='ltr'>preci-</span> 
     </span>
    </p>
   </div>
   <div class='ocr_carea' id='block_1_97' title="bbox 2106 3680 3780 3751">
    <p class='ocr_par' dir='ltr' id='par_1_97' title="bbox 2106 3680 3780 3751">
     <span class='ocr_line' id='line_1_97' title="bbox 2106 3680 3780 3751; baseline -0.004 -15"><span class='ocrx_word' id='word_1_600' title='bbox 2106 3683 2211 3736; x_wconf 89' lang='lat' dir='ltr'>bus</span> <span class='ocrx_word' id='word_1_601' title='bbox 2272 3682 2435 3748; x_wconf 90' lang='lat' dir='ltr'>meis,</span> <span class='ocrx_word' id='word_1_602' title='bbox 2497 3687 2553 3734; x_wconf 88' lang='lat' dir='ltr'>et</span> <span class='ocrx_word' id='word_1_603' title='bbox 2609 3682 2793 3751; x_wconf 87' lang='lat' dir='ltr'>gratia</span> <span class='ocrx_word' id='word_1_604' title='bbox 2846 3681 3022 3733; x_wconf 82' lang='lat' dir='ltr'>sancti</span> <span class='ocrx_word' id='word_1_605' title='bbox 3082 3681 3326 3750; x_wconf 87' lang='lat' dir='ltr'>Spiritus</span> <span class='ocrx_word' id='word_1_606' title='bbox 3382 3680 3639 3733; x_wconf 88' lang='lat' dir='ltr'>illumina</span> <span class='ocrx_word' id='word_1_607' title='bbox 3699 3693 3780 3729; x_wconf 88' lang='lat' dir='ltr'>cor</span> 
     </span>
    </p>
   </div>
   <div class='ocr_carea' id='block_1_98' title="bbox 2107 3768 3779 3840">
    <p class='ocr_par' dir='ltr' id='par_1_98' title="bbox 2107 3768 3779 3840">
     <span class='ocr_line' id='line_1_98' title="bbox 2107 3768 3779 3840; baseline -0.005 -15"><span class='ocrx_word' id='word_1_608' title='bbox 2107 3787 2319 3837; x_wconf 90' lang='lat' dir='ltr'>meum,</span> <span class='ocrx_word' id='word_1_609' title='bbox 2392 3776 2455 3823; x_wconf 89' lang='lat' dir='ltr'>ut</span> <span class='ocrx_word' id='word_1_610' title='bbox 2506 3770 2619 3823; x_wconf 90' lang='lat' dir='ltr'>tuis</span> <span class='ocrx_word' id='word_1_611' title='bbox 2672 3770 2954 3840; x_wconf 84' lang='lat' dir='ltr'>mysteriis</span> <span class='ocrx_word' id='word_1_612' title='bbox 3014 3770 3183 3839; x_wconf 86' lang='lat' dir='ltr'>digne</span> <span class='ocrx_word' id='word_1_613' title='bbox 3245 3768 3568 3821; x_wconf 86' lang='lat' dir='ltr'>ministrare</span> <span class='ocrx_word' id='word_1_614' title='bbox 3631 3772 3779 3834; x_wconf 85' lang='lat' dir='ltr'>teque</span> 
     </span>
    </p>
   </div>
   <div class='ocr_carea' id='block_1_99' title="bbox 2108 3858 3322 3927">
    <p class='ocr_par' dir='ltr' id='par_1_99' title="bbox 2108 3858 3322 3927">
     <span class='ocr_line' id='line_1_99' title="bbox 2108 3858 3322 3927; baseline -0.004 -13"><span class='ocrx_word' id='word_1_615' title='bbox 2108 3866 2321 3914; x_wconf 88' lang='lat' dir='ltr'>mterna</span> <span class='ocrx_word' id='word_1_616' title='bbox 2341 3860 2615 3914; x_wconf 88' lang='lat' dir='ltr'>charitate</span> <span class='ocrx_word' id='word_1_617' title='bbox 2650 3858 2890 3927; x_wconf 88' lang='lat' dir='ltr'>diligere</span> <span class='ocrx_word' id='word_1_618' title='bbox 2921 3873 3159 3910; x_wconf 90' lang='lat' dir='ltr'>merear.</span> <span class='ocrx_word' id='word_1_619' title='bbox 3198 3858 3322 3909; x_wconf 86' lang='lat' dir='ltr'>Per.</span> 
     </span>
    </p>
   </div>
   <div class='ocr_carea' id='block_1_100' title="bbox 2838 3982 3061 4035">
    <p class='ocr_par' dir='ltr' id='par_1_100' title="bbox 2838 3982 3061 4035">
     <span class='ocr_line' id='line_1_100' title="bbox 2838 3982 3061 4035; baseline -0.009 0"><span class='ocrx_word' id='word_1_620' title='bbox 2838 3982 3061 4035; x_wconf 73' lang='lat' dir='ltr'>LXVIII.</span> 
     </span>
    </p>
   </div>
   <div class='ocr_carea' id='block_1_101' title="bbox 2206 4102 3692 4153">
    <p class='ocr_par' dir='ltr' id='par_1_101' title="bbox 2206 4102 3692 4153">
     <span class='ocr_line' id='line_1_101' title="bbox 2206 4102 3692 4153; baseline -0.004 -12"><span class='ocrx_word' id='word_1_621' title='bbox 2206 4104 2355 4141; x_wconf 71' lang='lat' dir='ltr'>MISSA</span> <span class='ocrx_word' id='word_1_622' title='bbox 2397 4104 2586 4141; x_wconf 66' lang='grc' dir='ltr'>νοτῐνΑ</span> <span class='ocrx_word' id='word_1_623' title='bbox 2628 4104 2728 4141; x_wconf 77' lang='lat' dir='ltr'>PRO</span> <span class='ocrx_word' id='word_1_624' title='bbox 2765 4103 2944 4153; x_wconf 73' lang='lat' dir='ltr'>AIICO,</span> <span class='ocrx_word' id='word_1_625' title='bbox 2988 4103 3089 4140; x_wconf 77' lang='lat' dir='ltr'>\‘EL</span> <span class='ocrx_word' id='word_1_626' title='bbox 3128 4102 3227 4139; x_wconf 72' lang='lat' dir='ltr'>PRO</span> <span class='ocrx_word' id='word_1_627' title='bbox 3276 4102 3387 4146; x_wconf 75' lang='lat' dir='ltr'>QUO</span> <span class='ocrx_word' id='word_1_628' title='bbox 3428 4102 3692 4140; x_wconf 71' lang='lat' dir='ltr'>VOLL’EBIS.</span> 
     </span>
    </p>
   </div>
   <div class='ocr_carea' id='block_1_102' title="bbox 2181 4192 3775 4262">
    <p class='ocr_par' dir='ltr' id='par_1_102' title="bbox 2181 4192 3775 4262">
     <span class='ocr_line' id='line_1_102' title="bbox 2181 4192 3775 4262; baseline -0.006 -15"><span class='ocrx_word' id='word_1_629' title='bbox 2181 4195 2348 4259; x_wconf 91' lang='lat' dir='ltr'>Deus,</span> <span class='ocrx_word' id='word_1_630' title='bbox 2394 4193 2493 4262; x_wconf 89' lang='lat' dir='ltr'>qui</span> <span class='ocrx_word' id='word_1_631' title='bbox 2530 4192 2809 4261; x_wconf 85' lang='lat' dir='ltr'>justiﬁcas</span> <span class='ocrx_word' id='word_1_632' title='bbox 2853 4192 3118 4261; x_wconf 91' lang='lat' dir='ltr'>impium,</span> <span class='ocrx_word' id='word_1_633' title='bbox 3170 4198 3224 4245; x_wconf 91' lang='lat' dir='ltr'>et</span> <span class='ocrx_word' id='word_1_634' title='bbox 3260 4208 3377 4244; x_wconf 92' lang='lat' dir='ltr'>non</span> <span class='ocrx_word' id='word_1_635' title='bbox 3429 4192 3510 4245; x_wconf 86' lang='lat' dir='ltr'>vis</span> <span class='ocrx_word' id='word_1_636' title='bbox 3558 4195 3775 4253; x_wconf 84' lang='lat' dir='ltr'>mortem</span> 
     </span>
    </p>
   </div>
   <div class='ocr_carea' id='block_1_103' title="bbox 2108 4280 3779 4352">
    <p class='ocr_par' dir='ltr' id='par_1_103' title="bbox 2108 4280 3779 4352">
     <span class='ocr_line' id='line_1_103' title="bbox 2108 4280 3779 4352; baseline -0.004 -17"><span class='ocrx_word' id='word_1_637' title='bbox 2108 4288 2490 4352; x_wconf 89' lang='lat' dir='ltr'>peccatorum,</span> <span class='ocrx_word' id='word_1_638' title='bbox 2547 4283 2899 4350; x_wconf 88' lang='lat' dir='ltr'>majestatem</span> <span class='ocrx_word' id='word_1_639' title='bbox 2954 4287 3108 4333; x_wconf 88' lang='lat' dir='ltr'>tuam</span> <span class='ocrx_word' id='word_1_640' title='bbox 3156 4281 3489 4349; x_wconf 89' lang='lat' dir='ltr'>suppliciter</span> <span class='ocrx_word' id='word_1_641' title='bbox 3540 4280 3779 4349; x_wconf 84' lang='lat' dir='ltr'>depreca-</span> 
     </span>
    </p>
   </div>
   <div class='ocr_carea' id='block_1_104' title="bbox 2110 4364 3777 4422">
    <p class='ocr_par' dir='ltr' id='par_1_104' title="bbox 2110 4364 3777 4422">
     <span class='ocr_line' id='line_1_104' title="bbox 2110 4364 3777 4422; baseline -0.004 0"><span class='ocrx_word' id='word_1_642' title='bbox 2110 4385 2239 4422; x_wconf 92' lang='lat' dir='ltr'>mur</span> <span class='ocrx_word' id='word_1_643' title='bbox 2272 4375 2333 4421; x_wconf 90' lang='lat' dir='ltr'>ut</span> <span class='ocrx_word' id='word_1_644' title='bbox 2362 4370 2639 4422; x_wconf 84' lang='lat' dir='ltr'>famulum</span> <span class='ocrx_word' id='word_1_645' title='bbox 2674 4374 2837 4421; x_wconf 90' lang='lat' dir='ltr'>tuum</span> <span class='ocrx_word' id='word_1_646' title='bbox 2874 4369 2935 4421; x_wconf 79' lang='grc' dir='ltr'>Ν.</span> <span class='ocrx_word' id='word_1_647' title='bbox 2970 4369 3035 4421; x_wconf 84' lang='lat' dir='ltr'>de</span> <span class='ocrx_word' id='word_1_648' title='bbox 3077 4374 3172 4420; x_wconf 85' lang='lat' dir='ltr'>tua</span> <span class='ocrx_word' id='word_1_649' title='bbox 3208 4368 3588 4420; x_wconf 64' lang='lat' dir='ltr'>misericordia</span> <span class='ocrx_word' id='word_1_650' title='bbox 3619 4364 3777 4418; x_wconf 85' lang='lat' dir='ltr'>conti-</span> 
     </span>
    </p>
   </div>
   <div class='ocr_carea' id='block_1_105' title="bbox 2108 4451 3777 4524">
    <p class='ocr_par' dir='ltr' id='par_1_105' title="bbox 2108 4451 3777 4524">
     <span class='ocr_line' id='line_1_105' title="bbox 2108 4451 3777 4524; baseline -0.004 -15"><span class='ocrx_word' id='word_1_651' title='bbox 2108 4456 2357 4522; x_wconf 88' lang='lat' dir='ltr'>dentem,</span> <span class='ocrx_word' id='word_1_652' title='bbox 2420 4456 2631 4510; x_wconf 81' lang='lat' dir='ltr'>cmlesti</span> <span class='ocrx_word' id='word_1_653' title='bbox 2664 4462 2927 4524; x_wconf 81' lang='lat' dir='ltr'>protegas</span> <span class='ocrx_word' id='word_1_654' title='bbox 2982 4456 3265 4523; x_wconf 84' lang='lat' dir='ltr'>benignus</span> <span class='ocrx_word' id='word_1_655' title='bbox 3298 4455 3529 4519; x_wconf 82' lang='lat' dir='ltr'>auxilio,</span> <span class='ocrx_word' id='word_1_656' title='bbox 3575 4459 3629 4506; x_wconf 89' lang='lat' dir='ltr'>et</span> <span class='ocrx_word' id='word_1_657' title='bbox 3654 4451 3777 4504; x_wconf 88' lang='lat' dir='ltr'>assi-</span> 
     </span>
    </p>
   </div>
   <div class='ocr_carea' id='block_1_106' title="bbox 2110 4544 3777 4614">
    <p class='ocr_par' dir='ltr' id='par_1_106' title="bbox 2110 4544 3777 4614">
     <span class='ocr_line' id='line_1_106' title="bbox 2110 4544 3777 4614; baseline -0.004 -16"><span class='ocrx_word' id='word_1_658' title='bbox 2110 4546 2222 4598; x_wconf 87' lang='lat' dir='ltr'>dua</span> <span class='ocrx_word' id='word_1_659' title='bbox 2253 4545 2607 4614; x_wconf 88' lang='lat' dir='ltr'>protectione</span> <span class='ocrx_word' id='word_1_660' title='bbox 2636 4561 2956 4609; x_wconf 87' lang='lat' dir='ltr'>conserves,</span> <span class='ocrx_word' id='word_1_661' title='bbox 2996 4551 3053 4597; x_wconf 92' lang='lat' dir='ltr'>ut</span> <span class='ocrx_word' id='word_1_662' title='bbox 3082 4545 3183 4597; x_wconf 90' lang='lat' dir='ltr'>tibi</span> <span class='ocrx_word' id='word_1_663' title='bbox 3219 4545 3436 4613; x_wconf 89' lang='lat' dir='ltr'>jugiter</span> <span class='ocrx_word' id='word_1_664' title='bbox 3473 4544 3777 4603; x_wconf 77' lang='lat' dir='ltr'>famuletur,</span> 
     </span>
    </p>
   </div>
   <div class='ocr_carea' id='block_1_107' title="bbox 2109 4632 3465 4701">
    <p class='ocr_par' dir='ltr' id='par_1_107' title="bbox 2109 4632 3465 4701">
     <span class='ocr_line' id='line_1_107' title="bbox 2109 4632 3465 4701; baseline -0.002 -15"><span class='ocrx_word' id='word_1_665' title='bbox 2109 4638 2165 4687; x_wconf 90' lang='lat' dir='ltr'>et</span> <span class='ocrx_word' id='word_1_666' title='bbox 2194 4633 2364 4686; x_wconf 90' lang='lat' dir='ltr'>nullis</span> <span class='ocrx_word' id='word_1_667' title='bbox 2398 4632 2809 4686; x_wconf 88' lang='lat' dir='ltr'>tentationibus</span> <span class='ocrx_word' id='word_1_668' title='bbox 2841 4649 2873 4684; x_wconf 87' lang='lat' dir='ltr'>a</span> <span class='ocrx_word' id='word_1_669' title='bbox 2905 4639 2958 4684; x_wconf 90' lang='lat' dir='ltr'>te</span> <span class='ocrx_word' id='word_1_670' title='bbox 2991 4639 3304 4701; x_wconf 85' lang='lat' dir='ltr'>separetur.</span> <span class='ocrx_word' id='word_1_671' title='bbox 3340 4632 3465 4684; x_wconf 83' lang='lat' dir='ltr'>Per.</span> 
     </span>
    </p>
   </div>
   <div class='ocr_carea' id='block_1_108' title="bbox 2748 4740 3164 4807">
    <p class='ocr_par' dir='ltr' id='par_1_108' title="bbox 2748 4740 3164 4807">
     <span class='ocr_line' id='line_1_108' title="bbox 2748 4740 3164 4807; baseline -0.014 -11"><span class='ocrx_word' id='word_1_672' title='bbox 2748 4742 2928 4807; x_wconf 87' lang='lat' dir='ltr'>Super</span> <span class='ocrx_word' id='word_1_673' title='bbox 2948 4740 3164 4794; x_wconf 81' lang='lat' dir='ltr'>Oblata.</span> 
     </span>
    </p>
   </div>
   <div class='ocr_carea' id='block_1_109' title="bbox 2184 4825 3780 4898">
    <p class='ocr_par' dir='ltr' id='par_1_109' title="bbox 2184 4825 3780 4898">
     <span class='ocr_line' id='line_1_109' title="bbox 2184 4825 3780 4898; baseline -0.004 -18"><span class='ocrx_word' id='word_1_674' title='bbox 2184 4828 2382 4896; x_wconf 89' lang='lat' dir='ltr'>llujus,</span> <span class='ocrx_word' id='word_1_675' title='bbox 2414 4827 2675 4891; x_wconf 89' lang='lat' dir='ltr'>Domine,</span> <span class='ocrx_word' id='word_1_676' title='bbox 2711 4844 3059 4898; x_wconf 80' lang='lat' dir='ltr'>qumsumus,</span> <span class='ocrx_word' id='word_1_677' title='bbox 3102 4827 3311 4879; x_wconf 87' lang='lat' dir='ltr'>virtute</span> <span class='ocrx_word' id='word_1_678' title='bbox 3366 4825 3637 4896; x_wconf 73' lang='lat' dir='ltr'>mysterii,</span> <span class='ocrx_word' id='word_1_679' title='bbox 3678 4830 3725 4876; x_wconf 86' lang='lat' dir='ltr'>et</span> <span class='ocrx_word' id='word_1_680' title='bbox 3754 4838 3780 4873; x_wconf 86' lang='lat' dir='ltr'>a</span> 
     </span>
    </p>
   </div>
   <div class='ocr_carea' id='block_1_110' title="bbox 2109 4906 3781 4984">
    <p class='ocr_par' dir='ltr' id='par_1_110' title="bbox 2109 4906 3781 4984">
     <span class='ocr_line' id='line_1_110' title="bbox 2109 4906 3781 4984; baseline -0.005 -16"><span class='ocrx_word' id='word_1_681' title='bbox 2109 4915 2358 4984; x_wconf 89' lang='lat' dir='ltr'>propriis</span> <span class='ocrx_word' id='word_1_682' title='bbox 2383 4932 2485 4967; x_wconf 89' lang='lat' dir='ltr'>nos</span> <span class='ocrx_word' id='word_1_683' title='bbox 2518 4916 2729 4969; x_wconf 87' lang='lat' dir='ltr'>munda</span> <span class='ocrx_word' id='word_1_684' title='bbox 2753 4906 2992 4977; x_wconf 87' lang='lat' dir='ltr'>delictis,</span> <span class='ocrx_word' id='word_1_685' title='bbox 3027 4921 3081 4966; x_wconf 90' lang='lat' dir='ltr'>et</span> <span class='ocrx_word' id='word_1_686' title='bbox 3111 4914 3392 4966; x_wconf 83' lang='lat' dir='ltr'>famulum</span> <span class='ocrx_word' id='word_1_687' title='bbox 3428 4920 3587 4967; x_wconf 81' lang='lat' dir='ltr'>tuum</span> <span class='ocrx_word' id='word_1_688' title='bbox 3623 4914 3678 4965; x_wconf 70' lang='grc' dir='ltr'>Χ.</span> <span class='ocrx_word' id='word_1_689' title='bbox 3720 4911 3781 4961; x_wconf 89' lang='lat' dir='ltr'>ab</span> 
     </span>
    </p>
   </div>
   <div class='ocr_carea' id='block_1_111' title="bbox 2110 5003 3090 5072">
    <p class='ocr_par' dir='ltr' id='par_1_111' title="bbox 2110 5003 3090 5072">
     <span class='ocr_line' id='line_1_111' title="bbox 2110 5003 3090 5072; baseline -0.004 -16"><span class='ocrx_word' id='word_1_690' title='bbox 2110 5003 2379 5057; x_wconf 89' lang='lat' dir='ltr'>omnibus</span> <span class='ocrx_word' id='word_1_691' title='bbox 2412 5003 2636 5057; x_wconf 88' lang='lat' dir='ltr'>absolve</span> <span class='ocrx_word' id='word_1_692' title='bbox 2662 5004 2926 5072; x_wconf 87' lang='lat' dir='ltr'>peccatis.</span> <span class='ocrx_word' id='word_1_693' title='bbox 2966 5004 3090 5057; x_wconf 87' lang='lat' dir='ltr'>Per.</span> 
     </span>
    </p>
   </div>
   <div class='ocr_carea' id='block_1_112' title="bbox 2820 5110 3095 5173">
    <p class='ocr_par' dir='ltr' id='par_1_112' title="bbox 2820 5110 3095 5173">
     <span class='ocr_line' id='line_1_112' title="bbox 2820 5110 3095 5173; baseline -0.011 -11"><span class='ocrx_word' id='word_1_694' title='bbox 2820 5110 2995 5173; x_wconf 69' lang='lat' dir='ltr'>Prmfu</span> <span class='ocrx_word' id='word_1_695' title='bbox 3005 5111 3095 5162; x_wconf 80' lang='lat' dir='ltr'>tio.</span> 
     </span>
    </p>
   </div>
   <div class='ocr_carea' id='block_1_113' title="bbox 2188 5195 3777 5264">
    <p class='ocr_par' dir='ltr' id='par_1_113' title="bbox 2188 5195 3777 5264">
     <span class='ocr_line' id='line_1_113' title="bbox 2188 5195 3777 5264; baseline -0.003 -15"><span class='ocrx_word' id='word_1_696' title='bbox 2188 5196 2243 5249; x_wconf 92' lang='lat' dir='ltr'>D.</span> <span class='ocrx_word' id='word_1_697' title='bbox 2284 5201 2342 5248; x_wconf 92' lang='lat' dir='ltr'>et</span> <span class='ocrx_word' id='word_1_698' title='bbox 2386 5196 2603 5264; x_wconf 87' lang='lat' dir='ltr'>justum</span> <span class='ocrx_word' id='word_1_699' title='bbox 2646 5202 2750 5255; x_wconf 87' lang='lat' dir='ltr'>est,</span> <span class='ocrx_word' id='word_1_700' title='bbox 2799 5212 2983 5264; x_wconf 76' lang='lat' dir='ltr'>uSque,</span> <span class='ocrx_word' id='word_1_701' title='bbox 3028 5200 3240 5248; x_wconf 84' lang='lat' dir='ltr'>mterne</span> <span class='ocrx_word' id='word_1_702' title='bbox 3286 5195 3452 5247; x_wconf 87' lang='lat' dir='ltr'>Deus.</span> <span class='ocrx_word' id='word_1_703' title='bbox 3492 5195 3777 5263; x_wconf 84' lang='lat' dir='ltr'>Implorau-</span> 
     </span>
    </p>
   </div>
   <div class='ocr_carea' id='block_1_114' title="bbox 2112 5280 3779 5353">
    <p class='ocr_par' dir='ltr' id='par_1_114' title="bbox 2112 5280 3779 5353">
     <span class='ocr_line' id='line_1_114' title="bbox 2112 5280 3779 5353; baseline -0.005 -16"><span class='ocrx_word' id='word_1_704' title='bbox 2112 5291 2197 5337; x_wconf 90' lang='lat' dir='ltr'>tes</span> <span class='ocrx_word' id='word_1_705' title='bbox 2227 5289 2340 5336; x_wconf 86' lang='lat' dir='ltr'>tum</span> <span class='ocrx_word' id='word_1_706' title='bbox 2375 5285 2684 5353; x_wconf 88' lang='lat' dir='ltr'>majestatis</span> <span class='ocrx_word' id='word_1_707' title='bbox 2729 5284 3204 5347; x_wconf 80' lang='lat' dir='ltr'>misericordiam,</span> <span class='ocrx_word' id='word_1_708' title='bbox 3248 5289 3308 5336; x_wconf 91' lang='lat' dir='ltr'>ut</span> <span class='ocrx_word' id='word_1_709' title='bbox 3357 5284 3569 5336; x_wconf 83' lang='lat' dir='ltr'>famulo</span> <span class='ocrx_word' id='word_1_710' title='bbox 3607 5288 3695 5335; x_wconf 79' lang='lat' dir='ltr'>tuo</span> <span class='ocrx_word' id='word_1_711' title='bbox 3724 5280 3779 5332; x_wconf 75' lang='grc' dir='ltr'>Ν.</span> 
     </span>
    </p>
   </div>
   <div class='ocr_carea' id='block_1_115' title="bbox 2112 5368 3778 5442">
    <p class='ocr_par' dir='ltr' id='par_1_115' title="bbox 2112 5368 3778 5442">
     <span class='ocr_line' id='line_1_115' title="bbox 2112 5368 3778 5442; baseline -0.002 -19"><span class='ocrx_word' id='word_1_712' title='bbox 2112 5372 2335 5425; x_wconf 86' lang='lat' dir='ltr'>veniam</span> <span class='ocrx_word' id='word_1_713' title='bbox 2364 5389 2598 5426; x_wconf 73' lang='lat' dir='ltr'>suorum</span> <span class='ocrx_word' id='word_1_714' title='bbox 2632 5373 2830 5442; x_wconf 84' lang='lat' dir='ltr'>largiri</span> <span class='ocrx_word' id='word_1_715' title='bbox 2879 5373 3133 5440; x_wconf 88' lang='lat' dir='ltr'>digneris</span> <span class='ocrx_word' id='word_1_716' title='bbox 3187 5378 3586 5442; x_wconf 90' lang='lat' dir='ltr'>peccatorum;</span> <span class='ocrx_word' id='word_1_717' title='bbox 3629 5376 3686 5423; x_wconf 91' lang='lat' dir='ltr'>ut</span> <span class='ocrx_word' id='word_1_718' title='bbox 3720 5368 3778 5420; x_wconf 88' lang='lat' dir='ltr'>ab</span> 
     </span>
    </p>
   </div>
   <div class='ocr_carea' id='block_1_116' title="bbox 2115 5456 3777 5526">
    <p class='ocr_par' dir='ltr' id='par_1_116' title="bbox 2115 5456 3777 5526">
     <span class='ocr_line' id='line_1_116' title="bbox 2115 5456 3777 5526; baseline -0.004 -12"><span class='ocrx_word' id='word_1_719' title='bbox 2115 5460 2384 5514; x_wconf 90' lang='lat' dir='ltr'>omnibus</span> <span class='ocrx_word' id='word_1_720' title='bbox 2439 5460 2657 5513; x_wconf 88' lang='lat' dir='ltr'>inimici</span> <span class='ocrx_word' id='word_1_721' title='bbox 2699 5461 2934 5513; x_wconf 88' lang='lat' dir='ltr'>vinculis</span> <span class='ocrx_word' id='word_1_722' title='bbox 2978 5460 3270 5526; x_wconf 85' lang='lat' dir='ltr'>liberatus,</span> <span class='ocrx_word' id='word_1_723' title='bbox 3317 5460 3430 5513; x_wconf 89' lang='lat' dir='ltr'>tuis</span> <span class='ocrx_word' id='word_1_724' title='bbox 3477 5465 3596 5513; x_wconf 88' lang='lat' dir='ltr'>toto</span> <span class='ocrx_word' id='word_1_725' title='bbox 3637 5456 3777 5511; x_wconf 83' lang='lat' dir='ltr'>corde</span> 
     </span>
    </p>
   </div>
   <div class='ocr_carea' id='block_1_117' title="bbox 2114 5544 3776 5615">
    <p class='ocr_par' dir='ltr' id='par_1_117' title="bbox 2114 5544 3776 5615">
     <span class='ocr_line' id='line_1_117' title="bbox 2114 5544 3776 5615; baseline -0.004 -16"><span class='ocrx_word' id='word_1_726' title='bbox 2114 5546 2394 5600; x_wconf 82' lang='lat' dir='ltr'>iuhmreat</span> <span class='ocrx_word' id='word_1_727' title='bbox 2424 5546 2727 5599; x_wconf 88' lang='lat' dir='ltr'>mandatis.</span> <span class='ocrx_word' id='word_1_728' title='bbox 2766 5547 2827 5598; x_wconf 90' lang='lat' dir='ltr'>Et</span> <span class='ocrx_word' id='word_1_729' title='bbox 2858 5550 2911 5598; x_wconf 90' lang='lat' dir='ltr'>te</span> <span class='ocrx_word' id='word_1_730' title='bbox 2960 5546 3144 5598; x_wconf 86' lang='lat' dir='ltr'>solum</span> <span class='ocrx_word' id='word_1_731' title='bbox 3183 5562 3411 5615; x_wconf 83' lang='lat' dir='ltr'>semper</span> <span class='ocrx_word' id='word_1_732' title='bbox 3447 5550 3563 5599; x_wconf 85' lang='lat' dir='ltr'>tota</span> <span class='ocrx_word' id='word_1_733' title='bbox 3598 5544 3776 5596; x_wconf 84' lang='lat' dir='ltr'>virtute</span> 
     </span>
    </p>
   </div>
  </div>
