3868 6228
94 299 185 351 8'29

148 441 296 510 ligat,
333 446 388 493 et
416 442 487 493 ad
524 448 643 496 tua:
693 444 1041 514 quandoque
1072 444 1444 499 beatitudinis
1490 444 1769 498 visionem
1810 448 1849 498 A

96 530 373 598 pervenire
409 535 723 585 mereatur.
758 533 883 585 Per.

645 640 769 691 Post
799 638 1210 693 Commnionem.

158 723 647 795 Purifieentﬁ’nos,
704 726 962 791 Domine,
1022 716 1375 797 quaesumus,
1422 735 1773 781 sacramenta

97 829 206 882 quas
254 813 627 883 sumpsimus,
678 820 735 868 et
766 816 1047 869 famulum
1086 821 1248 869 tuum
1299 817 1370 869 ab
1401 818 1557 869 omni
1607 818 1774 887 culpa

99 902 321 954 liberum
391 918 514 955 esse
579 904 845 969 concede,
910 909 970 956 ut
1022 904 1121 974 qui
1181 905 1545 958 conscientiae
1609 911 1770 957 reatu

100 990 511 1058 constringitur,
580 992 819 1044 caelestis
864 992 1105 1045 remedii
1159 993 1519 1061 plenitudine
1559 993 1775 1061 glorie-

98 1084 192 1130 tur.
226 1080 331 1132 Per
366 1078 691 1133 Dominum.

841 1170 1009 1224 LXIX.

629 1290 779 1329 ῐτΕΜ
832 1291 976 1330 ΑιιΑ
1028 1290 1239 1330 MISSA.

161 1380 531 1448 Omnipotens
583 1381 932 1450 sempiterna
1000 1383 1165 1446 Deus,
1225 1381 1495 1435 miserere
1559 1381 1775 1435 famulo

102 1476 184 1521 tuo
216 1469 275 1521 Ν.
311 1474 363 1521 et
391 1468 575 1537 dirige
614 1485 745 1521 eum
784 1469 1095 1521 secundum
1134 1475 1289 1522 tuam
1323 1470 1683 1523 clementiam
1718 1470 1775 1523 in

104 1557 233 1609 riam
255 1556 451 1609 salutis
477 1563 727 1621 internae,
762 1562 822 1609 ut
863 1564 917 1609 te
964 1557 1237 1622 donante,
1284 1558 1386 1610 tibi
1437 1558 1642 1627 placita
1673 1575 1776 1611 cu-

104 1644 225 1715 piat,
260 1648 315 1697 et
344 1648 461 1697 tota
487 1645 697 1698 virtute
727 1644 1001 1715 perﬁciat.
1038 1647 1144 1699 Per
1179 1646 1506 1700 Dominum.

223 1752 398 1804 Lectio
433 1751 687 1818 Epistolas
718 1752 776 1804 B.
816 1752 979 1804 Pauli
1008 1752 1240 1817 apostoli
1273 1752 1345 1805 ad
1376 1754 1624 1805 Galatas.

163 1840 392 1902 Fratres,
445 1838 491 1890 si
532 1846 981 1915 praeoccupatus
1024 1839 1199 1893 fuerit
1256 1841 1428 1893 homo
1474 1840 1531 1892 in
1579 1840 1773 1910 aliquo

102 1928 307 1993 delicto,
334 1944 450 1993 vos,
480 1927 579 1997 qui
606 1928 931 1997 spirituales
960 1928 1111 1992 estis,
1146 1929 1407 1982 instruite
1441 1929 1773 1997 hujusmodi

103 2016 149 2067 in
178 2023 377 2085 spiritu
412 2017 890 2095 mansuetudinis.

276 2122 455 2176 Lectio
483 2126 661 2176 sancti
684 2124 971 2189 Evangelii
999 2123 1289 2176 secundum
1316 2126 1592 2176 Joannem.

160 2213 216 2265 In
246 2211 343 2263 illo
374 2218 654 2280 tempore,
688 2194 1185 2264 sublevatis’Jesus
1218 2212 1394 2264 oculis
1422 2212 1500 2263 'in
1542 2212 1772 2277 coelum,

105 2300 227 2352 dixit
256 2316 269 2352 :
309 2301 490 2364 Pater,
514 2363 519 2365 Α
546 2298 722 2352 nunc~
750 2300 819 2353 ad
878 2306 932 2353 te
961 2299 1152 2365 venio,
1184 2304 1239 2352 et
1298 2300 1417 2353 lianc
1474 2302 1677 2368 loquor
1714 2300 1773 2352 in

105 2388 317 2449 mundo,
370 2393 437 2441 ut
484 2388 734 2441 habeant
781 2388 1055 2458 gaudium
1117 2404 1309 2441 meum
1361 2388 1661 2457 impletum
1715 2388 1773 2440 in

104 2475 415 2544 semetipsis.

814 2566 1046 2621 Secreta.

166 2654 438 2715 Proficiat,
471 2670 826 2724 quaesumus,
864 2654 1125 2727 Domine.
1182 2654 1303 2706 haec
1332 2653 1542 2706 oblatio
1599 2669 1773 2723 quam

105 2745 199 2793 tum
250 2742 536 2810 simplices
592 2724 896 2795 offerimus,
938 2724 1243 2809 majestati,
1297 2742 1364 2793 ad
1416 2742 1656 2794 salutem
1700 2742 1777 2795 fa-

103 2831 226 2882 muli
254 2831 335 2882 tui
372 2831 440 2884 N.
500 2836 562 2884 ut
594 2837 687 2883 tua
734 2830 1091 2899 providentia
1138 2830 1262 2897 ejus
1312 2830 1423 2882 vita
1471 2829 1621 2882 inter
1674 2830 1771 2883 ad-

106 2935 243 2971 tersa
267 2926 320 2971 et
350 2934 626 2988 prospera
656 2918 866 2988 ubique
899 2918 1201 2988 dirigatur.
1237 2920 1364 2971 Per.

643 3027 761 3078 Post
792 3026 1181 3080 Commnionem
1195 3064 1208 3077 .

159 3113 465 3177 Sumentes,
504 3112 762 3175 Domine,
814 3118 1103 3183 perpetuas
1148 3116 1501 3165 sacramenta
1551 3113 1768 3177 salutis,

101 3206 235 3253 tuam
267 3201 646 3269 deprecamur
696 3202 1082 3267 clementiam,
1121 3206 1180 3254 ut
1229 3217 1332 3270 per
1379 3218 1445 3254 ea
1486 3200 1768 3254 famulum

100 3294 241 3341 tuum
268 3289 329 3342 Ν.
368 3289 438 3341 ab
471 3288 631 3341 omni
681 3289 1021 3343 adversitate
1076 3292 1361 3359 protegas.
1420 3290 1526 3341 Per
1577 3288 1768 3342 Domi-

100 3392 220 3429 num
253 3382 533 3431 nostrum.

850 3467 1000 3519 Alia.

163 3553 445 3606 Famulum
478 3558 667 3620 tuum,
710 3570 1061 3624 quaesumus,
1111 3552 1373 3614 Domine,
1409 3557 1508 3607 tua
1547 3569 1773 3624 semper

100 3643 427 3711 protectione
468 3642 712 3710 custodi,
745 3648 811 3696 ut
853 3642 1033 3695 libera
1077 3642 1181 3695 tibi
1227 3646 1420 3695 mente
1468 3642 1767 3705 deserviat,

103 3737 149 3783 et
176 3737 222 3784 te
244 3736 604 3802 protegente,
628 3748 659 3783 a
685 3731 851 3785 malis
880 3732 1148 3785 omnibus
1178 3733 1251 3784 sit
1281 3747 1532 3785 securus.
1572 3732 1694 3784 Per.

856 3838 995 3892 LXX.

742 3958 891 3997 ITEM
942 3959 1110 3997 ALIA.

161 4051 371 4115 Adesto,
461 4050 724 4117 Domine,
808 4049 1327 4119 supplicationibus
1396 4050 1629 4115 nostris,
1717 4057 1772 4106 et

100 4138 224 4191 hanc
248 4139 449 4192 famuli
480 4138 565 4191 tui
600 4139 665 4192 Ν.
698 4138 1048 4192 oblationem
1081 4139 1365 4208 benignus
1412 4156 1656 4203 assume,
1710 4147 1771 4194 ut

102 4226 183 4295 qui
206 4227 474 4281 auxilium
516 4233 629 4279 tum.
662 4226 1048 4280 miserationis
1098 4228 1392 4297 implorat,
1425 4232 1482 4281 et
1520 4229 1769 4281 sanctiﬁ-

102 4315 312 4367 cationis
342 4315 593 4384 gratiam
623 4315 925 4384 percipiat,
955 4319 1011 4368 et
1040 4331 1168 4385 quas
1207 4315 1302 4385 pie
1347 4320 1614 4384 precatur
1661 4318 1762 4371 ob-

103 4402 274 4457 tineat.
306 4404 429 4457 Per.

809 4492 1041 4546 Secreta.

163 4582 310 4634 Grata
344 4581 451 4633 tibi
482 4581 575 4641 sit,
608 4580 870 4641 Domine,
911 4581 1032 4634 haec
1076 4580 1286 4633 oblatio
1336 4581 1536 4634 famuli
1567 4582 1646 4634 tui
1704 4582 1767 4635 N.

104 4683 249 4735 quam
280 4668 382 4721 tibi
427 4667 723 4721 offerimus
760 4668 817 4721 in
851 4669 1127 4721 honorem
1175 4668 1327 4721 beati
1379 4670 1442 4722 N.
1507 4671 1772 4738 martyris

104 4755 197 4821 tui;
226 4772 555 4827 quaesumus
585 4763 649 4809 ut
673 4756 861 4810 eidem
891 4756 1153 4825 proficiat
1182 4757 1253 4810 ad
1277 4756 1536 4810 salutem.
1571 4759 1696 4811 Per.

695 4864 853 4927 Infra
886 4865 1167 4916 actionem.

166 4950 299 5004 Hanc
355 4951 536 5019 igitur
581 4949 955 5016 oblationem,
1004 4967 1175 5021 quam
1209 4951 1312 5004 tibi
1342 4952 1634 5005 offerimus
1666 4970 1768 5022 pro

105 5035 291 5089 famulo
322 5043 422 5089 tuo
457 5035 516 5088 Ν.
558 5041 620 5087 ut
678 5034 935 5087 omnium
988 5040 1348 5105 peccatorum
1395 5053 1629 5091 suorum
1672 5056 1763 5091 ve-

106 5122 238 5174 niam
264 5123 538 5191 consequi
579 5129 889 5188 mereatur,
925 5139 1275 5192 quaasumus,
1332 5125 1592 5191 Domine,
1642 5127 1771 5194 pla-

103 5214 236 5261 catus
282 5210 544 5280 accipias,
598 5216 655 5262 et
697 5211 1075 5264 miserationis
1122 5216 1234 5264 tua:
1278 5211 1538 5282 largitate
1578 5230 1771 5267 conce-

105 5297 205 5363 das,
251 5303 311 5350 ut
363 5298 464 5351 ﬁat
521 5298 575 5351 ei
632 5298 697 5351 ad
754 5299 973 5351 veniam
1042 5300 1381 5353 delictorum
1434 5306 1491 5354 et
1538 5307 1769 5355 actuum

106 5386 566 5450 emendationem,
608 5392 676 5439 ut
704 5392 761 5440 et
814 5387 906 5440 hic
951 5388 1135 5441 valeat
1167 5389 1309 5442 bene
1354 5389 1563 5452 vivere,
1617 5394 1671 5442 et
1701 5390 1769 5443 ad

106 5478 347 5527 sternam
398 5474 817 5528 beatitudinem
866 5475 1105 5529 feliciter
1148 5477 1467 5545 pervenire.
1526 5477 1767 5548 Diesque

106 5567 320 5614 nostros.
776 5560 783 5567 ’

1335 306 1542 362 LIBER
1581 307 2222 365 SACRAMENTORUM.

3478 311 3580 363 830

2456 446 2599 499 AdC
2620 462 2647 499 ο
2669 445 3001 515 mplendum.

1954 534 2132 603 Hujus
2168 573 2183 598 ,
2219 534 2477 599 Domine,
2538 550 2886 601 quaesumus,
2936 534 3145 587 virtute
3201 533 3455 604 mysterii
3521 537 3576 588 et

1881 640 1913 675 a
1953 621 2201 691 propriis
2230 622 2578 674 mundemur
2617 623 2871 688 occultis,
2909 628 2961 673 et
2986 622 3263 674 famulum
3295 627 3458 674 tuum
3506 622 3570 675 N.

1883 709 1956 762 ab
1988 708 2256 762 omnibus
2288 709 2517 761 absolve
2550 711 2813 778 peccatis.
2851 712 2973 763 Per.

2648 832 2816 886 LXXI.

2227 952 2415 992 MISSA
2465 953 2583 992 PRO
2628 954 2869 993 SALUTE
2916 952 3234 993 νιγοηυκ.

1956 1026 2274 1091 Preetende,
2313 1027 2572 1093 Domine,
2626 1028 2856 1082 famulis
2889 1034 2944 1079 et
2992 1026 3313 1079 famulabus
3363 1027 3473 1079 tuis
3507 1028 3567 1080 N.

1885 1115 2174 1167 dexteram
2206 1116 2447 1168 caelestis
2499 1117 2715 1180 auxilii,
2756 1123 2816 1168 ut
2856 1122 2906 1167 te
2959 1122 3075 1167 tolo
3122 1115 3291 1167 corde
3344 1114 3572 1183 perqui-

1886 1209 2030 1269 rant,
2066 1208 2123 1256 et
2153 1220 2279 1273 quae
2314 1204 2483 1273 digne
2528 1206 2822 1274 postulant
2851 1208 3250 1273 assequentur.
3311 1205 3415 1257 Per
3464 1205 3571 1257 Do-

1888 1292 2109 1344 minum
2145 1298 2423 1346 nostrum.

2613 1381 2844 1435 Secreta.

1957 1467 2295 1537 Propitiare,
2366 1467 2625 1533 Domine,
2683 1467 3197 1537 supplicationibus
3248 1466 3478 1530 nostris,
3520 1471 3575 1519 et

1886 1556 1986 1608 has
2026 1556 2343 1631 oblationes
2393 1556 2739 1608 famulorum
2799 1556 3259 1625 femularumque
3316 1562 3569 1619 tuarum,

1888 1661 2029 1714 quas
2062 1644 2163 1697 tibi
2214 1661 2316 1714 pro
2365 1644 2754 1698 incolumitate
2808 1661 3005 1697 eorum
3048 1644 3360 1709 offerimus,
3408 1643 3572 1697 beni-

1814 1742 1853 1795 B
1886 1749 2033 1802 gnus
2064 1749 2311 1801 assume,
2347 1740 2401 1785 et
2445 1739 2502 1785 ut
2542 1734 2753 1786 nullius
2812 1733 2881 1785 sit
2936 1733 3159 1785 irritum
3200 1738 3417 1796 votum,
3451 1733 3572 1785 nul-

1882 1822 1993 1873 lius
2044 1838 2217 1874 vacua
2268 1822 2603 1891 postulatio,
2663 1827 2886 1891 prazsta,
2940 1837 3286 1891 quassumus,
3340 1826 3400 1873 ut
3439 1838 3567 1891 quas

1882 1909 2128 1963 fideliter
2155 1909 2401 1980 petimus
2432 1911 2736 1963 efficaciter
2766 1925 3205 1979 consequamur.
3236 1910 3359 1962 Per.

2463 1999 2556 2051 Ad
2590 1999 3013 2066 CompleudumJ

1954 2086 2031 2137 Dn
2063 2085 2289 2138 famulis
2324 2090 2379 2139 et
2409 2086 2729 2139 famulabus
2759 2086 3276 2155 tuis,;quaesumus,
3315 2085 3570 2151 Domine,

1882 2173 1940 2227 in
1974 2178 2071 2226 tua
2123 2174 2231 2227 fide
2273 2180 2329 2227 et
2371 2175 2696 2227 sinceritate
2749 2175 3148 2237 constantiam,
3187 2178 3248 2226 ut
3284 2173 3341 2226 in
3387 2173 3573 2226 cbari-

1884 2266 1997 2315 tate
2026 2262 2221 2315 divina
2246 2262 2493 2328 formati,
2528 2264 2701 2315 nullis
2736 2263 3148 2316 tentationibus
3180 2262 3248 2315 ab
3283 2263 3403 2331 ejus
3433 2262 3574 2315 inte-

1882 2351 2087 2419 gritate
2120 2351 2418 2404 Vellantur.
2456 2352 2562 2404 Per
2592 2351 2918 2404 Dominum.

2631 2467 2825 2519 LXXII.

2092 2589 2244 2627 ITEM
2294 2589 2439 2628 ALIA
2491 2588 2678 2628 MISSA
2726 2589 2842 2628 PRO
2892 2588 3373 2627 FAMILIARIBUS.

1956 2672 2125 2735 Deus,
2158 2670 2256 2740 qui
2288 2670 2576 2723 charitatis
2608 2672 2755 2723 dona
2789 2686 2888 2738 per
2919 2671 3157 2737 gratiam
3190 2670 3369 2722 sancti
3399 2669 3573 2739 Spiri-

1882 2763 1973 2811 tus
2001 2760 2249 2825 {tuorum
2307 2758 2569 2811 cordibus
2608 2759 2862 2811 fidelium
2915 2758 3190 2820 infudisti,
3225 2758 3296 2810 da
3346 2757 3573 2809 famulis

1884 2848 2015 2911 tuis,
2050 2864 2153 2916 pro
2203 2848 2409 2916 quibus
2457 2854 2612 2899 tuam
2648 2848 3023 2916 deprecamur
3067 2846 3448 2907 clementiam,
3482 2861 3569 2897 sa-

1884 2938 2061 2989 lutem
2099 2937 2303 2989 mentis
2334 2940 2388 2988 et
2418 2936 2692 3004 corporis,
2723 2940 2782 2987 ut
2816 2941 2867 2987 te
2896 2940 3015 2987 tota
3063 2934 3267 2985 virtute
3308 2934 3569 2999 diligant,

1815 3033 1854 3087 (1
1884 3029 1939 3076 et
1964 3040 2092 3093 quae
2145 3024 2247 3076 tibi
2288 3024 2495 3092 placita
2542 3028 2694 3086 sunt,
2740 3027 2861 3075 tota
2909 3022 3211 3075 dilectione
3251 3021 3567 3090 perficiant.

1882 3113 1991 3165 Per
2024 3113 2331 3165 Dominum
2368 3118 2648 3165 nostrum.

2021 3222 2199 3274 Lectio
2228 3221 2479 3288 Epistolae
2511 3219 2578 3271 Β.
2613 3219 2770 3273 Pauli
2789 3219 3023 3286 apostoli
3048 3217 3121 3270 ad
3146 3220 3427 3272 Romanos.

1956 3308 2198 3374 Fratres,
2234 3308 2479 3378 Spiritus
2518 3314 2711 3361 autem
2757 3309 2985 3377 adjuvat
3027 3307 3417 3359 infirmitatem
3471 3324 3571 3359 no-

1880 3401 2075 3451 stram.

2058 3505 2237 3558 Lectio
2267 3506 2444 3557 sancti
2474 3505 2761 3569 Evangelii
2788 3504 3079 3557 secundum
3108 3506 3390 3559 Joannem.

1950 3591 2265 3645 Sublevatis
2294 3592 2453 3644 .lesus
2476 3592 2654 3643 oculis
2686 3593 2741 3644 in
2764 3592 3184 3653 ccelum,dixit:
3214 3593 3394 3651 Pater,
3427 3607 3571 3662 quos

1882 3680 2085 3734 dedisti
2119 3680 2259 3733 mibi
2296 3678 2422 3732 volo
2461 3686 2521 3732 ut
2549 3680 2645 3731 ubi
2678 3696 2782 3749 ego
2815 3697 2961 3745 sum,
2987 3685 3043 3733 et
3072 3680 3156 3733 illi
3186 3681 3299 3732 sint
3323 3695 3566 3733 mecum.

2514 3787 2685 3854 Super
2716 3787 2930 3842 Oblata.

1954 3875 2234 3938 Miserere,
2272 3890 2624 3944 quresumus,
2680 3873 2916 3926 Domine
2951 3874 3117 3937 Deus,
3170 3873 3399 3927 famulis
3432 3873 3562 3938 tuis,

1882 3980 1985 4032 pro
2044 3963 2249 4032 quibus
2307 3962 2413 4014 hoc
2467 3961 2807 4014 sacrificium
2872 3962 3053 4015 laudis
3104 3968 3214 4015 tum
3273 3960 3568 4015 offerimus

1883 4052 2185 4120 maiestati,
2232 4056 2292 4103 ut
2325 4066 2425 4119 per
2464 4050 2583 4103 base
2640 4053 2829 4102 sancta
2886 4067 3144 4121 supernae
3199 4050 3569 4103 beatitudinis

1882 4141 2123 4203 gratiam
2155 4140 2467 4201 obtineant,
2506 4144 2561 4192 et
2592 4139 2829 4208 gloriam
2862 4138 3230 4193 beatitudinis
3250 4139 3564 4210 acquirant.

1882 4230 1987 4282 Per
2022 4229 2346 4282 Dominum.

2580 4318 2863 4383 Prazfatio.

1954 4406 2015 4459 D.
2050 4410 2105 4457 et
2130 4406 2352 4474 justum
2410 4411 2514 4472 est,
2573 4422 2760 4474 usque,
2820 4411 3033 4459 aeterne
3093 4407 3256 4459 Dens.
3311 4406 3569 4459 Clemen-

1880 4493 2017 4546 tiam
2050 4500 2205 4547 tuam
2238 4495 2434 4564 pronis
2467 4496 2751 4548 mentibus
2802 4496 3184 4557 obsecrantes,
3235 4499 3298 4545 ut
3326 4494 3571 4546 famulos

1880 4588 2029 4648 tuos,
2060 4600 2203 4652 quos
2236 4600 2410 4636 sacras
2442 4584 2762 4636 dilectionis
2802 4583 2963 4635 nobis
2996 4582 3385 4634 familiaritate
3433 4596 3567 4633 con-

1872 4671 2132 4740 junxisti.
2167 4672 2268 4724 tibi
2299 4671 2470 4724 facias
2501 4675 2617 4724 toto
2648 4670 2813 4722 corde
2841 4671 3141 4737 subjectos,
3178 4674 3239 4721 ut
3269 4674 3381 4720 tua:
3434 4669 3567 4721 eba-

1879 4761 2064 4813 ritatis
2093 4760 2298 4828 spiritu
2325 4760 2545 4828 repleti,
2599 4775 2629 4809 a
2661 4758 2902 4809 terrenis
2942 4756 3292 4809 mundentur
3340 4756 3567 4824 cupidi-

1878 4849 2109 4914 tatibus,
2143 4853 2199 4901 et
2258 4848 2469 4900 caelesti
2531 4845 2902 4908 beatitudine,
2959 4851 3012 4896 te
3073 4846 3338 4906 donante,
3402 4845 3564 4915 digni

1878 4937 2219 4991 efficiantur.
2254 4937 2359 4988 Per
2390 4933 2677 4988 Christum
2714 4934 3035 4986 Dominum.

2416 5041 2543 5093 Post
2569 5041 3027 5093 Communionem.

1956 5129 2151 5183 Divina
2196 5129 2436 5182 libantes
2466 5129 2755 5198 mysteria,
2794 5144 3145 5197 quaesumus,
3194 5127 3451 5194 Domine,
3503 5132 3566 5182 ut

1879 5221 1997 5272 bzec
2028 5218 2298 5271 salutaria
2327 5222 2683 5269 sacramenta
2724 5218 2833 5271 illis
2873 5217 3176 5286 proficiant
3218 5217 3286 5269 ad
3320 5232 3563 5287 prospe-

1877 5305 2101 5356 ritatem
2159 5308 2213 5355 et
2248 5317 2460 5371 pacem,
2500 5319 2603 5371 pro
2656 5320 2899 5374 quorum
2955 5304 3258 5358 dilectione
3291 5303 3413 5357 haec
3453 5310 3565 5359 tua:

1876 5388 2190 5444 obtulimus
2216 5390 2521 5459 majestati.
2558 5392 2682 5443 Per.

2646 5480 2795 5533 Alia.

1948 5567 2115 5633 Deus,
2169 5566 2267 5637 qui
2314 5566 2632 5636 supplicum
2678 5572 2908 5621 tuorum
2966 5572 3090 5622 vota
3122 5582 3225 5637 per
3280 5566 3570 5622 charitatis
