3868 6228
284 300 376 353 831
1411 296 1748 350 GBIMALDI
1791 295 2303 350 SANGALLENSIS
2341 296 2632 351 ABBATIS
3679 296 3766 348 832

284 432 783 501 officiasuscipere
842 430 1118 500 dignaris,
1165 430 1237 483 da
1292 430 1519 482 famulis
1568 430 1682 482 tuis
1729 430 1792 482 Ν.
1831 434 1886 482 et
1916 430 1979 483 N.
2022 433 2067 483 A
2097 428 2293 482 famuli
2320 430 2405 482 tui
2437 430 2499 483 N.
2534 429 2593 482 in
2624 429 2822 482 salutis
2854 434 2966 483 tua:
2991 430 3374 501 prosperitate
3424 430 3690 499 dispone,
3719 434 3767 481 ut

283 519 342 572 in
370 525 465 573 tua
495 519 771 590 proficere
800 520 1127 583 dilectione,
1175 523 1235 570 ut
1265 518 1369 571 tibi
1416 534 1614 571 secura
1654 523 1842 571 mente
1873 518 1976 571 de-

283 608 551 672 serviant,
583 614 640 660 et
671 608 727 659 in
761 613 858 660 tua
889 623 1026 677 pace
1058 622 1285 675 semper
1316 608 1575 659 assistere
1626 612 1970 660 mereantur.

284 697 389 748 Per
422 696 726 749 Dominum
754 701 1035 749 nostrum.

1026 818 1245 873 LXXIII.

380 923 573 977 MISSA
617 923 754 977 eno
796 925 1062 977 ABBATE
1103 924 1230 977 VEL
1270 884 1882 978 C-ONGREGATlONE.

358 1028 500 1100 [eno
548 1044 849 1084 EPISCOPO
896 1045 1011 1083 ver.
1068 1044 1307 1084 eorum
1353 1044 1480 1083 sum
1527 1028 1901 1101 coumsso.]

353 1134 730 1203 Omnipotens
766 1134 1110 1203 sempiterne
1162 1136 1329 1199 Deus,
1361 1135 1456 1204 qui
1501 1134 1638 1187 facis
1692 1135 1976 1187 mirabilia

285 1240 493 1293 magna
514 1224 687 1288 solus,
718 1223 1009 1292 praetende
1042 1239 1214 1292 super
1243 1223 1521 1275 famulum
1569 1229 1731 1277 tuum
1769 1224 1832 1277 N.
1871 1224 1971 1277 ab-

283 1312 496 1373 batem,
546 1313 633 1364 vel
681 1327 853 1380 super
895 1311 1405 1380 congregationem
1465 1312 1549 1364 illi
1607 1312 1975 1365 commissam

283 1399 637 1468 [episcopum
673 1400 758 1450 vel
798 1414 972 1467 super
1019 1397 1243 1468 plebem
1298 1399 1380 1451 illi
1429 1400 1836 1469 commissam],
1866 1400 1975 1468 spi-

280 1488 452 1540 ritum
493 1487 693 1557 gratiae
725 1486 1006 1551 salutaris,
1041 1492 1095 1539 et
1126 1492 1186 1539 ut
1224 1488 1280 1539 in
1317 1488 1549 1540 veritate
1581 1488 1683 1541 tibi
1725 1490 1973 1558 compla-

280 1580 461 1641 ceant,
513 1580 856 1645 perpetuum
898 1575 980 1627 eis
1024 1590 1213 1628 rorem
1265 1580 1379 1628 tua?
1432 1576 1849 1630 benedictionis
1887 1575 1971 1629 in-

279 1663 469 1717 funde.
504 1666 629 1717 Per.

917 1753 1092 1820 Super
1120 1752 1333 1806 Oblata.

353 1840 598 1901 Hostias,
634 1840 896 1906 Domine,
930 1840 1277 1893 famulorum
1312 1846 1544 1893 tuorum
1594 1842 1850 1909 placatus
1881 1840 1967 1893 in-

236 1938 252 1950 '
280 1928 470 1993 tende,
504 1933 558 1981 et
589 1945 729 1998 quas
758 1929 818 1981 in
851 1929 1125 1981 honorem
1162 1928 1408 1981 nominis
1438 1929 1521 1981 tui
1550 1929 1750 1981 devota
1782 1933 1971 1981 mente

277 2033 382 2086 pro
413 2016 493 2070 eis
531 2017 907 2082 celebramus,
960 2017 1238 2081 proficere
1293 2016 1400 2069 sibi
1450 2017 1697 2071 sentiant
1739 2017 1807 2070 ad
1853 2033 1970 2070 me-

279 2106 486 2161 delam.
522 2106 645 2158 Per.

825 2196 945 2247 Post
976 2196 1424 2249 Communionem.

347 2283 497 2345 Quos
539 2282 752 2335 caelesti
796 2297 1017 2335 recreas
1070 2298 1307 2334 munere
1357 2285 1656 2352 perpetuo,
1708 2283 1967 2349 Domine,

278 2370 546 2423 comitare
590 2369 888 2440 praesidio;
929 2375 984 2423 et
1027 2386 1168 2439 quos
1202 2370 1389 2422 fovere
1431 2386 1543 2423 non
1600 2370 1833 2435 desinis,
1887 2371 1969 2424 di-

278 2474 420 2527 gnos
450 2458 575 2511 fieri
606 2458 949 2526 sempiterna
980 2458 1376 2525 redemptione
1399 2458 1668 2511 concede.
1702 2460 1825 2511 Per.

1016 2583 1230 2636 LXXIV.

463 2702 806 2742 ORATH)IN
857 2703 1272 2743 MONASIERIO
1319 2703 1785 2744 MONACHORUM.

351 2794 514 2857 Deus,
548 2794 643 2862 qui
673 2794 1137 2847 renuntiantibus
1168 2796 1376 2847 saeculo
1412 2794 1769 2848 mansionem
1804 2810 1968 2864 paras

275 2880 333 2933 in
365 2882 526 2944 coalo,
577 2881 750 2933 dilata
790 2887 982 2934 sancta
1032 2883 1201 2951 hujus
1250 2884 1707 2953 congregationis
1746 2889 1965 2953 tempo-

276 2969 392 3020 rale
425 2968 814 3022 habitaculum
859 2970 1185 3024 coelestibus
1234 2972 1420 3033 bonis,
1466 2977 1530 3023 ut
1572 2973 1841 3024 fraternas
1876 2979 1961 3024 te-

275 3062 519 3107 neantur
563 3057 899 3125 compagine
946 3058 1259 3121 cliaritatis,
1312 3059 1611 3111 unanimes
1656 3059 1959 3112 continen-

274 3142 369 3195 tiae
402 3150 683 3212 praecepta
713 3144 1058 3211 custodiant,
1090 3144 1283 3208 sobrii,
1336 3146 1623 3214 simplices
1675 3151 1730 3198 et
1762 3147 1962 3216 quieti,

275 3231 452 3301 gratis
483 3230 591 3283 sibi
613 3231 803 3284 datam
836 3233 1081 3300 gratiam
1110 3232 1279 3284 fuisse
1310 3239 1679 3302 cognoscant;
1728 3250 1964 3287 concor-

274 3319 371 3372 det
400 3319 632 3371 illorum
663 3320 776 3372 vita
806 3335 935 3373 cum
986 3320 1241 3384 nomine,
1277 3321 1545 3389 professio
1588 3322 1865 3375 sentiatur
1906 3324 1965 3375 in

275 3424 470 3477 opere.
506 3409 629 3460 Per.

1028 3497 1212 3550 LXXV.

362 3617 598 3657 ORATIO
644 3618 763 3657 PRO
804 3617 1163 3657 FRATRIBUS
1210 3618 1273 3656 ΙΝ
1322 3619 1427 3656 VIA
1480 3618 1881 3659 DIRIGENDIS.

348 3710 494 3762 Deus
562 3709 660 3778 qui
715 3708 1091 3779 diligentibus
1153 3714 1230 3769 te,
1300 3708 1748 3764 misericordiam
1810 3716 1965 3764 tuam

272 3812 498 3866 semper
524 3797 831 3866 impendis,
860 3804 917 3850 et
949 3816 979 3850 a
1012 3797 1392 3851 servientibus
1448 3798 1572 3862 tibi,
1612 3798 1672 3851 in
1717 3800 1873 3852 nulla
1907 3816 1966 3852 es

272 3884 503 3953 regione
533 3884 903 3954 longinquus,
941 3885 1122 3953 dirige
1152 3885 1297 3937 viam
1329 3885 1529 3937 famuli
1563 3885 1642 3938 tui
1677 3887 1735 3939 in
1765 3887 1964 3940 volun-

268 3974 385 4025 tate
413 3977 532 4038 tua,
566 3977 623 4025 et
650 3978 704 4024 te
732 3978 1071 4040 protectore,
1105 3978 1161 4026 et
1185 3980 1238 4025 te
1272 3974 1555 4043 praeduce,
1599 3990 1700 4044 per
1723 3976 1966 4045 justitize

271 4060 504 4113 semitas
533 4060 654 4113 sine
685 4059 1001 4113 offensione
1035 4061 1347 4129 gradiatur.
1382 4063 1507 4114 Per.

1009 4167 1223 4219 LXXVI.

440 4266 678 4306 ORATIO
724 4267 842 4306 PRO
889 4267 1338 4308 REDEUNTIBUS
1386 4270 1458 4308 DE
1506 4270 1791 4309 ITINERE.

346 4340 723 4410 Omnipotens
761 4341 1106 4410 sempiterne
1154 4343 1322 4407 Deus,
1368 4348 1698 4397 nostrorum
1743 4349 1965 4414 tempo-

271 4445 400 4483 rum
460 4429 703 4499 vitaeque
764 4429 1091 4498 dispositor,
1153 4430 1369 4483 famulo
1417 4436 1515 4483 tuo
1565 4432 1627 4485 N.
1681 4433 1966 4486 continuae

269 4518 703 4588 tranquillitatis
762 4518 971 4587 largire
1028 4518 1366 4582 subsidium,
1419 4524 1482 4571 ut
1525 4535 1701 4588 quem
1742 4520 1964 4573 incolu-

271 4622 425 4661 mem
458 4607 707 4677 propriis
739 4607 1029 4660 laboribus
1062 4606 1376 4671 reddidisti,
1414 4612 1510 4660 tua
1559 4608 1732 4661 facias
1778 4614 1968 4679 prote-

271 4696 456 4750 ctione
485 4712 768 4750 securum.
802 4699 907 4750 Per
942 4696 1263 4750 Dominum.

1000 4803 1239 4857 LXXVII.

276 4903 945 4945 ORATIOIN’ADVENTU
989 4905 1963 4947 FRATRUM.SUPERVBNIENTIUH.

349 4996 494 5048 Deus
524 4996 830 5050 humilium
877 4997 1147 5058 visitatur,
1196 4998 1294 5068 qui
1338 5013 1441 5051 nos
1475 4998 1729 5052 fraterna
1785 4998 1964 5052 dilec-

274 5083 428 5136 tione
462 5086 794 5153 cousolaris,
827 5087 1118 5155 praetende
1172 5086 1431 5139 societati
1463 5091 1670 5140 nostra:
1721 5087 1965 5157 gratiam

276 5175 457 5237 tuam,
490 5178 552 5225 ut
575 5189 675 5243 per
705 5189 803 5227 eos
842 5174 899 5227 in
934 5174 1143 5244 quibus
1195 5174 1437 5239 habitas,
1481 5182 1643 5229 tuum
1693 5175 1750 5228 in
1804 5176 1967 5230 nobis

276 5258 588 5313 sentiamus
617 5262 946 5315 adventum.
982 5264 1089 5315 Per
1122 5262 1449 5317 Dominum.

985 5369 1256 5423 LXXVIII.

637 5467 821 5506 ﬂISSA
871 5470 987 5511 PRO
1034 5471 1179 5509 ITER
1227 5472 1610 5512 AGBNTIBUS.

347 5535 577 5601 Adesto,
628 5539 880 5603 Domine,
914 5542 1431 5611 supplicationibus
1466 5545 1696 5609 nostris,
1727 5550 1781 5598 et
1814 5546 1963 5600 viam

2085 518 2234 570 inter
2264 534 2464 571 omnes
2497 516 2598 570 viae
2640 523 2695 570 et
2724 518 2853 571 vitae
2905 519 3072 588 hujus
3127 519 3448 583 varietates,
3512 524 3615 571 tuo
3642 533 3768 570 sem-

2086 622 2185 675 per
2218 610 2550 675 protegatur
2579 605 2808 659 auxilio.
2848 608 2951 659 Per
2987 606 3314 659 Dominum.

2812 695 3043 748 Secreta.

2156 781 2494 850 Propitiare,
2550 781 2815 845 Domine,
2866 781 3384 851 supplicationibus
3441 782 3680 843 nostris,
3725 788 3773 834 et

2086 870 2185 922 has
2215 869 2535 922 oblationes
2567 885 2708 939 quas
2740 869 2846 922 tibi
2878 869 3170 923 offerimus
3200 886 3303 939 pro
3335 869 3552 923 famulo
3584 876 3684 923 tuo

2085 958 2368 1027 benignus
2398 972 2643 1022 assume,
2677 962 2739 1009 ut
2768 958 2914 1011 viam
2950 958 3101 1010 illius
3146 964 3203 1011 et
3247 957 3613 1027 praecedente
3662 974 3777 1027 gra-

2086 1046 2161 1098 tia
2194 1052 2289 1097 tua
2319 1046 2551 1115 dirigas,
2585 1051 2643 1097 et
2671 1046 3055 1114 subsequente
3087 1045 3361 1098 comitare
3401 1045 3680 1115 digneris,
3722 1051 3776 1097 ut

2085 1134 2153 1186 de
2194 1138 2322 1186 actu
2369 1139 2542 1202 atque
2585 1133 2979 1185 incolumitate
3028 1136 3149 1201 ejus
3196 1133 3505 1186 secundum
3558 1134 3776 1185 miseri-

2085 1221 2296 1274 cordia:
2328 1226 2441 1274 tuae
2475 1220 2740 1291 praesidia
2761 1225 3133 1291 gaudeamus.
3166 1223 3274 1275 Per
3307 1221 3640 1275 Dominum.

2788 1310 3071 1374 Praefatio.

2158 1398 2219 1448 D.
2259 1396 2561 1465 etjustum
2590 1401 2691 1462 est,
2728 1412 2915 1464 usque,
2950 1404 3162 1449 aeterne
3216 1398 3380 1450 Deus.
3432 1400 3477 1449 Α
3525 1412 3644 1466 quo
3674 1396 3768 1447 de-

2085 1486 2256 1552 viare,
2292 1485 2471 1550 mori;
2522 1502 2715 1538 coram
2748 1502 2861 1555 quo
2895 1486 3210 1546 ambulare,
3264 1484 3453 1537 vivere
3497 1491 3581 1537 est
3613 1501 3625 1537 :
3674 1484 3773 1547 Qui

2085 1574 2279 1628 fideles
2312 1580 2440 1627 tuos
2470 1575 2529 1627 in
2575 1580 2669 1627 tua
2700 1575 2788 1627 via
2835 1573 3086 1638 deducis,
3140 1578 3197 1626 et
3240 1572 3608 1626 miseratione
3660 1588 3775 1641 gra-

2083 1662 2315 1716 vissima
2346 1663 2403 1715 in
2438 1664 2735 1717 veritatem
2784 1663 3029 1716 inducis.
3081 1662 3190 1726 Qui
3218 1663 3483 1725 Abrahae,
3537 1663 3694 1715 Isaac
3724 1666 3771 1713 et

2081 1752 2273 1816 Iacob,
2336 1752 2397 1805 in
2454 1753 2752 1822 praesentis
2802 1752 2931 1805 vita!
2970 1756 3025 1805 et
3068 1752 3172 1804 via),
3220 1751 3524 1813 curriculo,
3565 1756 3767 1813 custos,

2083 1840 2195 1892 dux
2245 1846 2301 1892 et
2351 1856 2543 1893 comes
2588 1856 2709 1893 esse
2760 1839 3007 1906 voluisti,
3061 1844 3117 1891 et
3172 1839 3389 1892 famulo
3440 1844 3535 1891 tuo
3585 1838 3769 1891 Tobiae,

2082 1930 2348 1998 angelum
2384 1930 2660 1998 praevium
2712 1927 3043 1997 praestitisti.
3080 1927 3253 1995 Cujus
3300 1927 3637 1979 immensam
3678 1927 3769 1978 mi-

2080 2017 2445 2070 sericordiam
2480 2016 2820 2069 humillimis
2852 2016 3114 2084 precibus
3144 2015 3541 2084 imploramus,
3568 2018 3634 2067 ut
3667 2015 3768 2067 iter

2078 2105 2278 2158 famuli
2308 2106 2388 2158 tui
2425 2105 2487 2158 N.
2513 2120 2643 2157 cum
2676 2104 2792 2156 suis
2824 2104 2882 2155 in
2906 2104 3287 2173 prosperitate
3311 2104 3576 2173 dirigere,
3610 2119 3765 2156 eum-

2079 2210 2191 2263 que
2235 2194 2382 2247 inter
2409 2194 2512 2246 viae
2543 2198 2599 2245 et
2628 2193 2758 2246 vitae
2806 2193 2978 2261 hujus
3007 2193 3307 2264 varietates
3353 2193 3605 2262 digneris
3652 2208 3767 2244 cus—

2079 2282 2289 2347 todire;
2326 2286 2609 2352 quatenus
2641 2282 2972 2350 angelorum
3007 2286 3238 2334 tuorum
3268 2281 3539 2351 praesidio
3568 2281 3762 2340 fultus,

2078 2370 2482 2423 intercessione
2531 2386 2760 2439 quoque
2797 2376 3120 2423 sanctorum
3163 2369 3443 2435 munitus,
3488 2387 3517 2422 a
3555 2369 3765 2422 cunctis

2079 2459 2514 2512 adversitatibus
2566 2465 2666 2511 tua
2727 2459 3089 2511 miseratione
3133 2459 3421 2525 defensus,
3471 2458 3761 2528 profectio-

2079 2548 2167 2599 nis
2198 2554 2253 2599 et
2293 2547 2633 2601 reversionis
2666 2564 2784 2600 suae
2836 2547 3104 2601 felicitate
3152 2548 3387 2617 potitus,
3441 2554 3497 2601 et
3537 2561 3762 2615 compos

2079 2636 2349 2689 reddatur
2389 2637 2676 2705 justorum
2728 2641 3015 2702 votorum,
3046 2641 3102 2689 et
3149 2637 3219 2690 de
3269 2652 3503 2689 suorum
3545 2637 3759 2689 laetetur

2078 2724 2415 2777 remissione
2447 2729 2831 2793 peccatorum.
2868 2726 2975 2777 Per
3001 2724 3289 2777 Christum
3318 2724 3639 2777 Dominum.

2661 2813 2755 2867 Ad
2784 2812 3183 2880 Complendum.

2150 2903 2295 2955 Deus
2324 2900 2562 2954 infinitae
2600 2901 3006 2953 misericordiae.
3028 2906 3083 2953 et
3104 2900 3420 2969 majestatis
3446 2900 3752 2955 immensae.

2004 3016 2045 3070 ρ
2076 3006 2249 3061 quem
2282 3006 2385 3043 nec
2416 2989 2598 3058 spatia
2631 2991 2906 3053 locorum,
2942 3005 3044 3041 nec
3092 2989 3396 3043 intervalla
3446 2994 3751 3058 temporum

2077 3079 2145 3132 ab
2178 3078 2266 3132 his
2315 3094 2461 3147 quos
2518 3077 2696 3129 tueris
2749 3077 3093 3147 abjungunt,
3137 3076 3333 3129 adesto
3381 3077 3605 3129 famulis
3652 3076 3754 3128 tuis

2080 3168 2143 3220 N.
2178 3172 2233 3219 et
2256 3167 2318 3218 N.
2352 3165 2409 3218 in
2436 3169 2489 3217 te
2511 3164 2725 3233 ubique
2756 3164 3087 3229 fidentibus,
3121 3170 3176 3217 et
3207 3180 3309 3234 per
3341 3179 3569 3216 omnem
3594 3176 3751 3231 quam

2075 3255 2214 3307 ituri
2245 3260 2379 3305 sunt
2410 3253 2561 3305 viam
2592 3253 2703 3305 dux
2739 3253 2820 3305 eis
2860 3260 2915 3305 et.
2946 3269 3135 3305 comes
3166 3269 3288 3304 esse
3318 3253 3583 3321 dignare;
3624 3248 3749 3302 nihil

2075 3343 2187 3396 illis
2219 3341 2575 3395 adversitatis
2622 3347 2840 3405 noceat,
2893 3342 3031 3394 nihil
3094 3340 3447 3394 difficultatis
3504 3339 3749 3395 obsistat;

2074 3437 2277 3485 cuncta
2334 3430 2414 3483 eis
2468 3430 2739 3494 salubria,
2800 3436 3004 3483 cuncta
3035 3429 3149 3481 sint
3208 3444 3504 3499 prospera,
3559 3433 3613 3480 et
3659 3426 3750 3477 sub

2077 3536 2185 3589 ope
2217 3520 2464 3573 dextera:
2511 3534 2648 3581 suae,
2702 3517 2987 3587 quidquid
3020 3518 3179 3583 justo
3226 3516 3569 3586 expetierint
3615 3514 3749 3566 desi-

2075 3608 2234 3662 derio
2266 3608 2438 3661 celeri
2476 3610 2903 3676 consequantur
2931 3605 3154 3658 effectu.
3184 3607 3292 3658 Per
3325 3604 3642 3657 Dominum.

2622 3688 2631 3695 “
2834 3695 3007 3764 [Αιὶα.

2147 3786 2409 3855 Sumpta,
2460 3783 2720 3848 Domine,
2783 3783 3022 3836 ccelestis
3076 3781 3419 3835 sacramenti
3478 3778 3748 3849 mysteria,

2077 3888 2429 3944 quaesumus,
2510 3872 2770 3937 Domine,
2826 3876 2888 3923 ut
2936 3870 3001 3923 ad
3054 3869 3495 3940 prosperitatem
3546 3864 3751 3921 itineris

2076 3963 2278 4017 famuli
2309 3962 2391 4014 tui
2429 3961 2490 4013 Ν.
2516 3960 2839 4030 proficiant,
2874 3964 2935 4011 ut
2961 3976 3089 4011 eum
3143 3959 3210 4011 ad
3263 3958 3531 4011 salutaria
3568 3960 3752 4008 cuncta

2073 4053 2410 4124 perducant.
2444 4052 2550 4104 Per
2576 4049 2881 4103 Dominum
2916 4048 2931 4116 ]

2475 4187 2661 4228 MISSA
2708 4187 2826 4226 PRO
2872 4186 3377 4226 NAVIGANTIBUS.

2818 4297 3036 4351 LXXIX.

2148 4406 2317 4469 Deus,
2366 4404 2465 4474 qui
2541 4402 2881 4455 transtulisti
2931 4408 3119 4471 patres
3173 4406 3398 4454 nostros
3465 4416 3563 4468 per
3612 4411 3752 4450 mare

2075 4493 2353 4556 Rubrum,
2389 4499 2443 4545 et
2474 4491 2835 4545 transvexisti
2869 4507 2968 4561 per
2998 4506 3203 4560 aquam
3248 4490 3510 4553 nimiam,
3545 4488 3751 4539 laudem

2074 4581 2159 4636 tui
2193 4581 2439 4633 nominis
2498 4580 2885 4644 decantantes,
2944 4578 3226 4648 supplices
3275 4578 3662 4648 deprecamur,
3701 4577 3752 4625 ut

2072 4669 2133 4721 in
2164 4668 2266 4721 hac
2286 4668 2415 4720 navi
2442 4668 2686 4721 famulos
2707 4674 2835 4720 tuos
2863 4668 3106 4736 repulsis
3137 4666 3577 4719 adversitatibus
3599 4666 3747 4734 portu

2074 4772 2301 4825 semper
2364 4756 2623 4826 optabili,
2684 4772 2967 4825 cursuque
3020 4755 3327 4824 tranquillo
3382 4755 3613 4807 tuearis.
3657 4751 3751 4803 Per

2077 4846 2403 4899 Dominum.

2801 4933 3013 4987 Secreta
3026 4974 3038 4986 .

2147 5018 2401 5087 Suscipe,
2465 5019 2726 5083 Domine,
2768 5035 3119 5088 quaesumus,
3170 5034 3367 5086 preces
3424 5017 3747 5071 famulorum

2072 5109 2307 5158 tuorum
2332 5122 2463 5159 cum
2487 5107 2875 5159 oblationibus
2918 5108 3257 5167 hostiarum,
3312 5111 3365 5159 et
3415 5112 3511 5157 tua
3562 5111 3748 5173 myste—

2073 5194 2157 5247 ria
2192 5194 2544 5247 celebrantes
2595 5196 2664 5247 ab
2701 5196 2972 5248 omnibus
3023 5195 3265 5248 defende
3320 5194 3608 5264 periculis.
3666 5193 3750 5245 Per

2077 5283 2404 5336 Dominum.

2662 5372 2757 5425 Ad
2786 5372 3185 5439 Complendum.

2148 5459 2490 5514 Sauctificati
2559 5460 2753 5513 divino
2814 5460 3108 5530 mysterio,
3170 5460 3528 5529 majestatem
3593 5464 3748 5521 tuam,

2079 5548 2338 5612 Domine,
2369 5549 2701 5618 suppliciter
2725 5548 3103 5617 deprecamur
3131 5554 3187 5601 et
3217 5548 3490 5617 petimus.
3523 5552 3586 5601 ut
3631 5562 3749 5616 quos
