3868 6228
104 285 196 335 833

101 589 397 643 miseratus
428 593 663 661 eripias.
697 595 803 647 Per
831 594 1157 646 Dominum.

587 819 779 859 MISSA
826 819 944 858 PRO
993 819 1313 860 PECCATIS.

163 890 396 955 Exaudi,
456 892 723 959 Domine,
775 907 1127 961 quaesumns,
1175 893 1501 962 supplicum
1577 909 1792 962 preces,

100 986 147 1030 et
173 977 576 1033 confitentium
625 980 728 1033 tibi
760 996 926 1049 parce
959 982 1222 1049 peccatis,
1256 988 1321 1033 ut
1372 982 1587 1049 pariter
1633 982 1794 1034 nobis

98 1062 519 1131 indulgentiam
564 1064 782 1117 tribuas
832 1064 1115 1133 benignus
1169 1070 1224 1117 et
1255 1080 1474 1133 pacem.
1532 1066 1641 1117 Per
1685 1066 1791 1117 Do-

101 1150 337 1203 minum.

551 1242 725 1294 Lcetio
756 1242 1012 1293 Jeremiae
1038 1242 1334 1309 propheta.

163 1326 217 1380 Si
246 1326 588 1397 iniquitates
615 1334 825 1382 nostra!
855 1328 1252 1382 contenderint
1296 1334 1491 1383 contra
1521 1347 1642 1391 nos,
1684 1332 1791 1383 Do-

102 1415 268 1480 mine,
321 1417 507 1469 libera
566 1433 691 1482 nos,
736 1432 1100 1487 quaesumus;
1154 1416 1241 1470 fac
1298 1423 1536 1487 propter
1583 1434 1791 1472 nomen

104 1509 278 1556 tuum.

296 1594 477 1646 Lectio
505 1596 686 1647 sancti
714 1596 1009 1664 Evangelii
1035 1594 1329 1649 secundum
1361 1597 1578 1649 Lucam.

170 1700 227 1751 In
255 1699 356 1752 illo
386 1705 668 1769 tempore,
703 1699 847 1753 dixit
876 1702 1036 1753 Jesus
1067 1700 1361 1770 discipulis
1388 1700 1503 1753 suis
1539 1717 1551 1753 :
1588 1701 1789 1767 Petite,

107 1794 155 1838 et
182 1786 413 1840 dabitur
438 1788 625 1851 vobis;
667 1789 929 1857 quaerite,
979 1792 1035 1841 et
1083 1788 1414 1854 invenietis;
1462 1791 1702 1859 pulsate,
1737 1796 1793 1844 et

107 1874 384 1942 aperietur
423 1874 603 1927 vobis.

723 1964 897 2032 Super
930 1965 1148 2019 Oblata.

168 2048 388 2103 Hostias
419 2050 545 2115 tibi,
582 2052 842 2118 Domine,
891 2052 1225 2122 placationis
1257 2052 1570 2119 offerimus,
1626 2061 1688 2107 ut
1737 2061 1793 2108 et

109 2137 298 2190 delicta
324 2144 520 2191 nostra
562 2140 862 2193 miseratus
894 2140 1166 2204 8b30IVHS,
1225 2147 1282 2194 et
1331 2141 1591 2195 nutantia
1623 2142 1793 2196 corda

110 2230 165 2278 tu
192 2226 421 2295 dirigas.
454 2227 563 2280 Per
597 2227 928 2281 Dominum.

801 2336 1080 2401 Praefatio.

176 2420 233 2472 D.
306 2427 363 2475 et
418 2422 640 2489 justum
712 2427 813 2487 est,
873 2438 1062 2491 usque,
1112 2428 1324 2486 aeterne
1395 2424 1563 2477 Deus.
1631 2426 1792 2478 Salva

116 2524 203 2559 nos
233 2524 300 2562 ex
348 2525 442 2562 ore
504 2509 685 2562 leonis
745 2510 1062 2575 saevissimi,
1122 2511 1222 2581 qui
1275 2511 1511 2580 rugiens
1567 2512 1791 2579 circuit,

115 2611 357 2666 quaerens
387 2597 456 2650 de
494 2598 716 2651 unitate
752 2599 1006 2651 Ecclesiae
1040 2604 1171 2664 tum,
1205 2615 1376 2669 quem
1410 2599 1593 2669 rapiat
1618 2606 1788 2670 atque

116 2684 347 2738 devoret.
381 2685 489 2738 Sed
526 2691 606 2750 tu,
661 2685 969 2739 fortissime
1022 2687 1262 2740 Domine
1309 2688 1377 2740 de
1432 2688 1588 2741 tribu
1624 2688 1786 2753 Juda,

115 2780 327 2826 contere
360 2773 704 2827 contrariam
760 2774 983 2827 virtutis
1034 2791 1150 2827 sua:
1195 2775 1533 2844 nequitiam,
1568 2791 1671 2828 nos
1721 2776 1789 2829 ab

117 2860 293 2929 ignitis
323 2864 447 2931 ejus
496 2862 1033 2931 impugnationibus
1078 2863 1366 2929 liberatos,
1402 2880 1636 2933 corpore
1686 2881 1789 2917 nos

116 2964 384 3015 conserva,
418 2956 475 3003 et
504 2952 673 3004 corde
704 2951 961 3020 puritica.
992 2952 1098 3003 Per
1126 2952 1450 3006 Dominum.

700 3057 869 3116 Infra.
898 3058 1179 3109 actionem.

179 3144 317 3196 Hanc
347 3143 528 3213 igitur
552 3143 920 3212 oblationem,
955 3145 1214 3211 Domine,
1268 3161 1441 3215 quam
1491 3146 1594 3199 tibi
1649 3148 1787 3200 otl'e-

119 3229 277 3284 rimus
304 3248 409 3301 pro
462 3234 709 3301 peccatis
769 3240 938 3303 atque
990 3233 1406 3287 offensionibus
1437 3235 1672 3301 nostris,
1728 3241 1790 3289 ut

119 3320 353 3373 omnium
387 3322 728 3375 delictorum
772 3329 1101 3374 nostrorum
1140 3322 1535 3376 remissionem
1584 3339 1787 3377 conse-

120 3408 207 3475 qui
237 3416 540 3475 mereatur,
573 3426 921 3480 quaesumus,
957 3409 1216 3463 Domine.
1254 3411 1342 3464 Ut.

673 3515 769 3567 Ad
799 3515 1181 3583 Complendum
1194 3556 1208 3570 .

182 3601 375 3654 Presta
429 3601 623 3666 nobis,
668 3608 879 3656 teterne
940 3604 1215 3670 Salvator,
1273 3610 1334 3656 ut
1403 3604 1786 3674 pert-ipientes

121 3685 211 3739 hoc
252 3704 487 3742 munere
519 3689 745 3742 veniam
794 3695 1175 3760 peccatorum,
1237 3690 1504 3761 deinceps
1555 3697 1787 3761 peccata

121 3775 354 3830 vitemus.
385 3778 493 3831 Per
527 3778 858 3832 Dominum.

853 3885 1011 3939 Alia.

178 3968 330 4035 Deus,
362 3971 457 4024 cui
500 3971 803 4040 proprium
858 3978 942 4025 est
989 3988 1217 4042 semper
1261 3973 1522 4026 misereri
1575 3977 1633 4027 et
1658 3989 1784 4043 par-

122 4070 242 4121 cere,
295 4058 520 4129 suscipe
564 4058 1027 4128 deprecationem
1072 4065 1346 4127 nostram,
1382 4066 1443 4115 ut
1489 4077 1631 4131 quos
1677 4062 1782 4116 de-

123 4143 351 4200 lictorum
405 4154 609 4201 catena
641 4149 1003 4219 constringit,
1052 4149 1343 4203 miseratio
1392 4156 1501 4203 tum
1552 4150 1783 4220 pietatis

123 4231 361 4290 absolvat.
390 4238 499 4290 Per
530 4236 854 4291 Dominum.

830 4363 1041 4417 LXXXI.

460 4482 698 4523 ORATIO
746 4483 811 4522 IN
857 4484 1155 4523 TEMPORE
1202 4484 1413 4523 BELLI.

176 4572 533 4641 Omnipotens
582 4578 637 4626 et
683 4574 1003 4627 misericors
1052 4576 1218 4638 Dens,
1255 4592 1287 4628 a
1345 4576 1625 4629 bellorum
1680 4592 1785 4630 nos

125 4673 445 4728 qumsumus,
498 4663 731 4716 turbine
791 4663 878 4716 fac
931 4665 1172 4733 quietos,
1234 4664 1370 4734 quia
1420 4665 1581 4719 nobis
1637 4665 1787 4719 bona

126 4755 294 4802 cuncta
322 4750 646 4819 praestabis,
680 4751 725 4803 si
756 4767 954 4820 pacem
990 4752 1216 4807 dederis
1246 4760 1301 4807 et
1334 4754 1540 4806 mentis
1574 4759 1630 4807 et
1655 4769 1782 4807 cor-

127 4837 270 4900 poris.
303 4838 407 4891 Per
438 4839 769 4893 Dominum.

817 4965 1055 5019 LXXXII.

494 5085 686 5125 IISSA
731 5086 794 5125 IN
843 5086 1140 5127 TEBIPORE
1186 5088 1382 5128 BELLI.

180 5174 333 5242 Deus,
390 5191 705 5246 regnorum
760 5178 1016 5231 omnium
1062 5194 1381 5249 regumque
1433 5178 1780 5243 dominator,

126 5262 203 5328 qui
231 5279 323 5316 nos
351 5270 406 5318 et
431 5266 804 5334 percutiendo
849 5283 1015 5320 sanas
1064 5273 1121 5320 et
1150 5268 1497 5337 ignoscendo
1550 5284 1779 5321 conser-

127 5362 218 5409 vas.
261 5353 544 5420 praetende
601 5353 766 5406 nobis
821 5354 1272 5409 misericordiam
1314 5362 1495 5422 tuam,
1535 5359 1597 5409 ut
1629 5359 1781 5407 tran-

127 5435 371 5501 quillitate
408 5440 565 5509 pacis
613 5444 709 5492 tua
757 5446 1033 5509 potestate
1092 5440 1338 5509 ﬁrmata,
1398 5442 1468 5496 ad
1526 5440 1782 5495 remedia

127 5525 451 5577 correctionis
479 5530 732 5579 utamur.
765 5528 869 5579 Per
896 5527 1221 5581 Dominum.

1422 287 1626 342 LIBER
1664 287 2299 344 SACRAMENTORUM.

104 410 255 465 donis
279 412 422 466 facis
451 415 782 469 coelestibus
824 415 1116 480 interesse,
1164 432 1268 487 per
1313 417 1537 487 lignum
1584 424 1792 472 sancta:
1832 426 1872 474 Α

100 502 270 553 crucis
306 506 365 555 et
398 520 427 555 a
461 505 713 571 peccatis
743 505 1060 569 abstrahas,
1104 509 1160 558 et
1204 522 1237 558 a
1265 506 1534 575 periculis
1580 508 1798 560 cunctis

3496 297 3598 349 834

2540 421 2713 490 Super
2741 422 2953 477 Oblata.

1980 507 2351 574 Sacriﬁcium,
2389 509 2647 573 Domine,
2697 511 2848 580 quod
2900 512 3284 576 immolemus,
3341 512 3594 582 intende,

1908 600 1970 647 ut
2000 597 2071 647 ab
2098 597 2254 648 omni
2289 613 2393 649 nos
2428 603 2594 650 exuat
2639 599 2918 651 bellorum
2957 599 3233 669 nequitia,
3284 606 3340 652 et
3390 600 3449 653 in
3482 606 3595 654 tua:

1906 684 2274 752 protectionis
2305 685 2605 739 securitate
2637 687 2965 739 constituat.
3000 688 3105 740 Per
3140 689 3466 743 Dominum.

2610 793 2888 857 Praefatio.

1980 877 2041 929 D.
2078 881 2136 929 et
2171 878 2391 947 justum
2450 882 2553 938 est.
2608 894 2794 947 usque,
2854 884 3066 932 aeterne
3124 881 3288 933 Deus.
3352 881 3466 935 Sub
3498 898 3593 942 cu-

1899 964 1992 1030 jus
2020 966 2313 1032 potestatis
2335 966 2585 1031 {arbitrio
2612 966 2870 1019 omnium
2905 984 3216 1034 regnorum
3273 970 3596 1022 continetur

1906 1058 2170 1121 potestas,
2241 1059 2296 1105 te
2330 1054 2625 1107 humiliter
2679 1056 3077 1123 deprecamur,
3130 1062 3193 1109 ut
3241 1057 3596 1126 principibus

1904 1138 2110 1189 nostris
2139 1139 2425 1207 propitius
2476 1141 2671 1193 adesse
2706 1142 2995 1211 digneris;
3047 1148 3111 1194 ut
3164 1144 3260 1211 qui
3291 1148 3386 1195 tua
3426 1159 3592 1212 expe-

1903 1228 2031 1276 tunt
2061 1241 2117 1277 se
2161 1228 2513 1294 protectione
2561 1229 2813 1295 defendi,
2867 1230 3133 1282 omnibus
3188 1230 3299 1283 sint
3343 1230 3596 1285 hostibus

1904 1312 2183 1366 fortiores.
2220 1316 2326 1368 Per
2356 1315 2666 1370 Christum.

2431 1424 2553 1475 Post
2600 1425 3060 1478 Communionem.

1973 1507 2325 1561 Sacrosancti
2375 1511 2628 1579 corporis
2676 1515 2733 1563 et
2784 1512 3081 1581 sanguinis
3138 1512 3366 1565 Domini
3413 1514 3595 1566 nostri

1899 1596 2029 1648 Jesu
2060 1596 2269 1649 Christi
2326 1598 2633 1661 refectione
2683 1600 2948 1668 vegetati,
3009 1600 3293 1669 supplices
3344 1607 3399 1653 te
3432 1616 3594 1670 roga-

1834 1716 1870 1767 Β
1905 1698 2049 1745 mus,
2086 1684 2451 1753 omnipotens
2496 1686 2662 1749 Deus,
2713 1692 2774 1738 ut
2813 1686 2918 1738 hoc
2954 1688 3207 1739 remedio
3261 1689 3495 1741 salutari
3527 1687 3595 1740 ab

1901 1771 2159 1823 omnium
2194 1781 2560 1841 peccatorum
2620 1790 2721 1827 nos
2766 1775 3107 1844 contagione
3140 1774 3427 1843 puriﬁces,
3482 1781 3595 1827 eta

1902 1859 2293 1926 periculorum
2386 1862 2613 1914 munias
2665 1861 2992 1914 incursione
3058 1868 3412 1915 cunctorum.
3491 1863 3598 1915 Per

1902 1946 2190 2001 eumdem.

2619 2038 2883 2092 LXXXIII.

2548 2158 2690 2197 ALIA
2740 2158 2949 2199 MISSA.

1971 2230 2348 2298 Omnipotens
2415 2230 2581 2294 Deus,
2645 2230 2954 2285 Christiani
3009 2232 3260 2286 nominis
3327 2233 3592 2289 inimicos

1899 2318 2125 2383 virtute,
2195 2334 2548 2388 quaesumus,
2602 2323 2712 2372 tuae
2771 2319 3088 2389 comprime
3143 2321 3476 2390 majestatis,
3527 2328 3592 2376 ut

1900 2406 2146 2474 populus
2172 2411 2303 2458 tuus
2325 2406 2529 2459 ettidei
2562 2406 2889 2473 integritate
2919 2408 3163 2473 laetetur,
3188 2414 3242 2460 et
3265 2417 3589 2478 temporum

1894 2493 2306 2564 tranquillitate
2344 2510 2569 2564 semper
2598 2495 2860 2549 exsultet.
2900 2497 3003 2549 Per
3035 2496 3362 2549 Dominum.

2626 2601 2858 2655 Secreta.

1970 2689 2166 2755 Hujus,
2213 2689 2474 2754 Domine,
2524 2705 2872 2758 qumsumus,
2925 2689 3133 2742 virtute
3189 2690 3467 2758 mysterii,
3535 2695 3590 2745 et

1899 2794 1929 2828 a
1961 2776 2167 2829 nostris
2218 2779 2565 2830 mundemur
2597 2777 2852 2843 occultis,
2885 2782 2942 2829 et
2986 2776 3054 2829 ab
3102 2776 3466 2830 inimicorum
3518 2779 3587 2832 li-

1898 2864 2166 2918 beremur
2196 2864 2437 2918 insidiis.
2477 2865 2581 2917 Per
2612 2864 2938 2917 Dominum.

2483 2970 2579 3023 Ad
2604 2969 3004 3039 Complendum.

1971 3058 2222 3112 Viviﬁcet
2309 3075 2432 3124 nos,
2494 3059 2769 3120 Domine,
2817 3059 3185 3129 participatio
3258 3060 3343 3112 tui
3398 3067 3587 3115 sancta

1898 3147 2173 3215 mysterii,
2235 3151 2287 3199 et
2343 3147 2559 3215 pariter
2614 3146 2775 3199 nobis
2823 3147 3207 3216 expiationem
3266 3148 3479 3201 tribuat
3534 3152 3589 3201 et

1899 3234 2219 3289 munimen.
2255 3236 2363 3289 Per
2395 3236 2722 3289 Dominum.

2607 3359 2874 3412 LXXXIV.

2442 3480 2593 3519 ITEM
2643 3480 2788 3519 AhlA
2838 3479 3052 3519 MISSA.

1970 3572 2137 3635 Deus,
2167 3570 2265 3640 qui
2291 3569 2651 3639 providentia
2682 3575 2779 3622 tua
2801 3568 3049 3622 coelestia
3077 3567 3245 3621 simul
3279 3572 3334 3621 et
3361 3573 3588 3623 terrena

1898 3658 2231 3724 moderaris,
2274 3657 2589 3727 propitiare
2628 3656 3081 3710 Christianorum
3115 3657 3285 3709 rebus
3336 3660 3393 3708 et
3434 3657 3585 3725 regio

1894 3746 2024 3810 bus,
2059 3752 2122 3799 ut
2148 3746 2333 3799 omnis
2368 3744 2619 3798 hostium
2667 3743 2962 3809 fortitudo,
3012 3749 3065 3797 te
3112 3759 3218 3813 pro
3267 3743 3430 3797 nobis
3470 3760 3585 3813 pu-

1894 3840 2128 3904 gnante,
2158 3835 2476 3904 frangatur.
2516 3834 2621 3886 Per
2651 3832 2975 3886 Dominum.

2528 3940 2701 4008 Super
2729 3939 2942 3993 Oblata.

1964 4029 2302 4097 Propitiare,
2335 4029 2595 4091 Domine,
2628 4026 2891 4096 precibus
2935 4030 2992 4079 et
3010 4025 3212 4079 hostiis
3237 4026 3584 4079 famulorum

1892 4121 2144 4183 tuorum,
2169 4123 2226 4170 et
2258 4122 2493 4186 propter
2525 4131 2736 4169 nomen
2768 4121 2932 4169 tuum
2980 4114 3289 4169 Christiani
3335 4114 3585 4168 nominis

1891 4205 2130 4259 defende
2182 4212 2448 4271 rectores,
2487 4211 2549 4258 ut
2595 4204 2749 4257 salus
2798 4202 3169 4256 servientium
3222 4202 3323 4256 tibi
3369 4202 3587 4272 princi-

1822 4279 2025 4362 l)pum
2072 4308 2180 4362 pax
2231 4297 2467 4346 tuorum
2514 4291 2695 4362 possit
2728 4308 2850 4345 esse
2896 4291 3263 4362 populorum.
3316 4291 3424 4344 Per
3474 4291 3585 4345 Do-

1894 4379 2138 4434 minum.

2438 4472 2561 4523 Post
2590 4470 3040 4524 Communionem.

1966 4576 2228 4645 Protege,
2265 4574 2527 4637 Domine,
2566 4575 2809 4629 famulos
2839 4580 2964 4628 tuos
3020 4572 3288 4628 subsidiis
3336 4571 3492 4641 pacis
3525 4576 3583 4625 et

1892 4664 2166 4733 corporis,
2201 4669 2257 4717 et
2305 4663 2658 4733 spiritalibus
2716 4664 3012 4716 enutriens
3069 4677 3166 4714 eos
3215 4658 3503 4712 alimentis
3552 4676 3583 4711 a

1892 4751 2112 4805 cunctis
2152 4751 2410 4805 hostibus
2444 4750 2616 4804 redde
2650 4765 2893 4803 securos.
2929 4750 3036 4802 Per
3065 4747 3391 4802 Dominum.

2623 4874 2853 4928 LXXXV.

2448 4992 2639 5034 MISSA
2685 4993 2803 5033 Ριιο
2850 4993 3026 5033 ΡΔΟΕ.

1966 5089 2133 5152 Deus,
2166 5103 2199 5139 a
2258 5102 2370 5157 quo
2426 5091 2619 5139 sancta
2674 5085 2977 5149 desideria,
3025 5088 3173 5137 recta
3232 5082 3473 5136 consilia
3524 5087 3582 5136 et

1885 5175 2040 5244 justa
2073 5179 2205 5227 sunt
2233 5190 2423 5243 opera,
2450 5173 2522 5226 da
2554 5174 2731 5228 servis
2761 5173 2876 5227 tuis
2906 5174 3065 5226 illam
3115 5186 3286 5242 quam
3332 5171 3580 5225 mundus

1890 5279 2003 5315 non
2031 5268 2219 5332 potest
2243 5262 2379 5315 dare
2419 5276 2640 5329 pacem,
2671 5266 2735 5315 ut
2762 5267 2818 5315 et
2846 5261 3013 5315 corda
3044 5266 3239 5314 nostra
3293 5259 3581 5313 mandatis

1888 5351 2001 5403 tuis
2031 5349 2244 5417 dedita,
2287 5357 2343 5403 et
2371 5349 2622 5403 hostium
2674 5350 2897 5403 sublata
2940 5348 3266 5413 formidine,
3318 5352 3583 5420 tempora

1889 5439 2003 5493 sint
2032 5444 2130 5492 tua
2182 5439 2538 5508 protectione
2592 5438 2929 5508 tranquilla.
2963 5439 3071 5492 Per
3119 5436 3429 5491 Dominum
3474 5453 3577 5491 no-

1889 5534 2088 5581 strum.
