3868 6228
342 312 444 362 835

983 443 1156 510 Super
1186 443 1399 498 Oblata.

411 551 579 613 Deus,
648 549 745 619 qui
798 549 1093 603 credentes
1146 549 1206 602 in
1263 554 1315 603 te
1372 552 1618 620 populos
1670 553 1844 607 nullis
1896 554 2035 607 sinis

339 637 564 691 concuti
596 638 928 703 terroribus,
965 638 1203 706 dignare
1236 654 1433 707 preces
1472 646 1527 691 et
1568 640 1782 694 hostias
1833 643 2033 696 dicatae

342 726 440 779 tibi
483 724 667 795 plebis
708 726 1015 795 suscipere,
1072 732 1132 779 ut
1190 743 1297 794 pax
1347 733 1445 779 tua
1498 728 1710 798 pietate
1770 746 2031 784 concessa

338 814 787 867 Christianorum
822 814 963 867 tines
995 814 1066 867 ab
1098 815 1253 867 omni
1288 815 1450 869 hoste
1492 816 1662 869 faciat
1716 834 1838 871 esse
1870 836 2029 871 seru-

336 918 447 956 ros.
480 903 585 955 Per
616 902 942 955 Dominum.

877 1009 1000 1062 Post
1030 1008 1474 1063 Communionem.

408 1116 574 1182 Deus,
601 1119 791 1168 auctor
816 1114 971 1183 pacis
1001 1119 1057 1167 et
1086 1120 1326 1179 amator,
1377 1130 1550 1184 quem
1579 1131 1769 1184 nosse,
1802 1116 2024 1184 vivere;

335 1204 427 1257 cui
456 1204 686 1267 servire,
725 1218 965 1272 regnare
996 1207 1109 1268 est;
1146 1208 1379 1273 protege
1412 1203 1482 1256 ab
1513 1204 1780 1257 omnibus
1836 1205 2030 1277 impu-

334 1292 701 1362 gnationidus
733 1290 1017 1359 supplices
1055 1296 1201 1356 tuos,
1239 1296 1297 1344 ut
1330 1291 1428 1361 qui
1457 1291 1518 1345 in
1564 1293 1892 1348 defensione
1928 1302 2027 1349 tua

333 1380 675 1435 conﬁdimus
716 1379 926 1432 nullius
966 1378 1293 1433 hostilitatis
1333 1396 1493 1434 arma
1536 1381 1864 1437 timeamus.
1917 1385 2026 1437 Per

333 1469 658 1523 Dominum.

1048 1556 1308 1609 LXXXVI.

529 1678 719 1718 MISSA
768 1678 839 1716 DE
884 1677 1269 1723 QUACUNQUE
1314 1677 1819 1718 TRIBULATIONE.

398 1770 748 1825 Ineﬂ‘abilem
807 1768 1259 1821 misericordiam
1308 1775 1488 1835 tuam,
1548 1770 1803 1833 Domine,
1852 1772 2015 1825 nobis

328 1862 636 1913 clementer
665 1857 917 1921 ostende,
953 1860 1015 1909 ut
1045 1857 1215 1909 simul
1247 1874 1350 1909 nos
1382 1862 1435 1910 et
1465 1874 1496 1909 a
1527 1859 1766 1927 peccatis
1822 1875 2013 1927 exuas,

328 1952 384 1999 et
409 1964 439 1999 a
469 1946 653 2016 poenis
682 1961 821 2015 quas
853 1961 957 2014 pro
992 1944 1079 1997 his
1128 1959 1435 2010 meremur,
1490 1946 1715 2015 eripias.
1772 1949 1876 2001 Per
1908 1950 2014 2002 Do-

327 2036 551 2089 minum
582 2037 864 2086 nostrum.

955 2120 1129 2187 Super
1167 2120 1384 2174 Oblata.

396 2227 659 2282 Purificet
693 2242 820 2294 nos,
856 2226 1118 2293 Domine,
1175 2242 1523 2296 quaesumus,
1573 2230 1829 2283 muneris
1872 2247 2013 2301 prse-

325 2317 500 2371 sentis
524 2314 757 2377 oblatio,
799 2320 855 2367 et
887 2314 1093 2384 dignos
1148 2330 1306 2367 sacra
1350 2316 1790 2385 participatione
1840 2319 2011 2389 perﬁ-

322 2406 450 2459 ciat.
486 2406 605 2458 Per.

1026 2490 1305 2554 Prefatio.

392 2601 456 2653 D.
527 2603 583 2651 et
640 2597 857 2666 justum
943 2598 1042 2659 est,
1112 2609 1297 2662 usque,
1393 2599 1603 2650 aeterne
1667 2599 1835 2653 Deus.
1904 2600 2011 2663 Qui

321 2685 779 2759 proptereajure
818 2682 985 2753 punis
1017 2687 1294 2745 errantes,
1342 2688 1398 2735 et
1441 2684 1752 2739 clementer
1795 2687 2010 2742 refoves

320 2776 641 2845 castigatos,
677 2778 738 2826 ut
768 2788 869 2825 nos
894 2788 923 2824 a
957 2769 1119 2823 malis
1162 2770 1432 2839 operibus
1483 2772 1797 2841 abstrahas,
1850 2781 1906 2829 et
1938 2777 2009 2830 ad

318 2866 471 2920 bona
505 2862 763 2917 facienda
792 2864 1117 2925 convertas;
1157 2858 1253 2928 qui
1293 2875 1405 2913 non
1439 2860 1520 2913 vis
1555 2861 1813 2917 invenire
1856 2866 2006 2935 quod

317 2954 574 3017 damnes,
605 2951 701 3004 sed
732 2965 850 3003 esse
882 2947 1070 3018 potius
1099 2947 1253 3016 quod
1285 2964 1552 3016 corones;
1589 2952 1689 3021 qui
1721 2969 1850 3005 cum
1900 2970 2004 3022 pro

317 3044 525 3096 nostris
554 3039 773 3094 meritis
789 3017 1006 3108 jugiter
1039 3050 1330 3088 meremur
1369 3037 1567 3108 afﬂigi,
1602 3017 1663 3093 tu
1692 3044 1879 3093 tamen
1900 3017 2005 3110 —ju-
2046 3017 2085 3071 Ο

319 3131 529 3185 dicium
562 3130 634 3183 ad
682 3128 1103 3196 correptionem
1149 3134 1455 3195 temperas,
1509 3143 1623 3180 non
1667 3135 2006 3199 perpetuam

319 3230 541 3268 exerces
572 3214 639 3267 ad
672 3229 920 3282 pcenam,
968 3214 1120 3282 juste
1147 3212 1300 3266 enim
1351 3213 1605 3281 corrigis,
1656 3220 1713 3266 et
1765 3216 2009 3267 clemen-

316 3309 405 3358 ter
446 3303 715 3373 ignoscis,
759 3302 818 3353 in
877 3307 1120 3371 utroque
1163 3317 1346 3366 verax,
1404 3301 1462 3353 in
1498 3308 1737 3371 utroque
1792 3304 2006 3357 miscri-

317 3408 468 3457 cors;
520 3390 620 3460 qui
675 3406 778 3442 nos
809 3394 865 3443 et
910 3406 943 3441 a
986 3390 1107 3459 lege
1139 3389 1415 3459 disponis,
1468 3393 1530 3442 ut
1577 3392 1892 3445 coercendo
1946 3393 2005 3445 in

316 3486 591 3533 aeternum
621 3478 809 3549 perire
841 3494 957 3530 non
986 3478 1158 3539 sinas,
1194 3483 1245 3530 et
1280 3477 1564 3548 parcendo
1611 3479 1858 3547 spatium
1910 3481 2007 3533 tri-

312 3568 456 3622 buas
490 3566 850 3637 corrigendi;
886 3567 983 3637 qui
1016 3566 1144 3620 ideo
1176 3567 1339 3619 malis
1370 3567 1747 3635 praesentibus
1786 3585 1889 3621 nos
1910 3571 2006 3622 lla-

314 3658 511 3726 gellas,
536 3662 597 3709 ut
626 3657 696 3710 ad
728 3656 877 3709 bona
909 3656 1099 3708 futura
1134 3656 1441 3725 perducas;
1489 3656 1618 3709 ideo
1669 3657 1836 3709 bonis
1868 3664 2005 3711 tem-

313 3745 609 3814 poralibus
641 3744 973 3808 consolaris,
1007 3748 1069 3795 ut
1102 3743 1171 3796 de
1207 3743 1571 3813 sempiternis
1602 3744 1774 3798 facias
1806 3747 2004 3799 certio-

313 3850 423 3899 res,
456 3850 570 3903 quo
602 3839 655 3887 te
687 3839 741 3885 et
770 3834 829 3885 in
860 3832 1146 3902 prosperis
1179 3836 1235 3885 et
1263 3832 1320 3883 in
1352 3831 1606 3885 adversis
1650 3833 1745 3902 pia
1778 3851 2005 3904 semper

313 3922 670 3976 confessione
715 3921 1035 3975 laudemus.
1086 3921 1193 3973 Per
1242 3920 1529 3974 Christum
1575 3922 1881 3975 Dominum
1912 3940 2005 3977 no-

313 4018 517 4066 strum.

851 4082 975 4133 Post
1005 4080 1463 4133 Communionem.

384 4190 615 4252 Praesta,
669 4186 933 4253 Domine,
986 4201 1337 4254 quaesumus,
1388 4190 1450 4238 ut
1493 4186 1737 4240 terrenis
1788 4188 1999 4243 effecti-

312 4276 420 4329 bus
467 4273 700 4343 eXpiati,
748 4274 815 4327 ad
874 4274 1109 4342 superni
1160 4274 1577 4342 plenitudinem
1637 4278 1995 4346 sacramenti,
2038 4312 2081 4366 Β

313 4365 475 4434 cujus
523 4360 827 4416 libavimus
876 4368 1087 4428 sancta,
1137 4362 1456 4415 tendamus.
1532 4365 1639 4416 Per
1692 4365 1999 4420 Dominum

312 4456 594 4505 nostrum.

1013 4519 1295 4574 LXXXVII.

634 4640 825 4681 HISSA
868 4640 988 4681 PRO
1041 4641 1235 4680 PESTE
1279 4640 1677 4680 ANIMALIUM.

383 4736 549 4802 Deus,
583 4734 683 4805 qui
712 4732 1001 4786 laboribus
1032 4732 1335 4785 hominum
1364 4732 1535 4785 etiam
1566 4733 1634 4786 de
1666 4733 1841 4786 mutis
1870 4734 1999 4787 ani-

310 4825 556 4879 malibus
601 4822 803 4876 solatia
833 4822 1179 4892 subrogasti,
1222 4821 1508 4891 supplices
1552 4827 1607 4874 te
1637 4836 1908 4891 rogamus
1938 4828 2003 4877 ut

309 4913 428 4967 sine
459 4912 669 4983 quibus
711 4926 826 4964 non
873 4910 1047 4963 alitur
1089 4910 1342 4963 humana
1388 4909 1638 4964 conditio
1692 4911 1897 4965 nostris
1924 4912 2002 4966 fa-

309 5000 424 5055 cias
458 5001 649 5055 usibus
681 5016 795 5053 non
822 4998 1028 5069 perire.
1060 4999 1167 5052 Per
1210 4998 1534 5052 Dominum.

1038 5105 1270 5158 Secreta.

378 5194 698 5261 Sacrificiis,
758 5192 1018 5257 Domine,
1053 5193 1307 5261 placatus
1360 5193 1583 5259 oblatis,
1626 5209 1794 5264 opem
1842 5198 1999 5248 tuam

309 5281 525 5333 nostris
555 5281 911 5351 temporibus
939 5281 1248 5333 clementer
1278 5281 1569 5350 impende.

900 5388 1023 5439 Post
1054 5388 1509 5439 Commum‘onem.

382 5472 841 5526 Benedictionem
872 5478 1051 5539 tuam,
1090 5474 1351 5538 Domine,
1388 5476 1633 5542 populus
1675 5475 1860 5529 fidelis
1906 5491 1997 5529 ac-

305 5558 497 5628 cipiat,
529 5576 644 5631 qua
674 5576 913 5628 corpore
954 5561 1201 5612 salvatus
1249 5576 1313 5612 ac
1342 5568 1559 5626 mente,
1602 5568 1657 5615 et
1681 5579 1999 5632 congruam

1495 311 1831 365 GRIMALDI
1873 312 2395 372 SANGALLENSIS
2432 318 2727 374 ABBATIS
3719 337 3789 386 836

2077 451 2125 501 Α
2155 449 2256 503 tibi
2289 452 2555 506 exhibeat
2585 456 2932 522 servitutem,
2966 462 3021 510 et
3061 460 3488 529 propitiationis
3527 467 3635 517 tua!
3662 465 3790 519 bene-

2144 538 2274 591 ﬁcia
2307 556 2535 610 semper
2565 542 2837 596 inveniat.
2874 545 2979 598 Per
3002 546 3330 603 Dominum.

2914 651 3069 703 Alia.

2212 752 2436 819 Averte,
2471 752 2729 819 Domine,
2764 771 3112 825 quaesumus,
3166 775 3197 811 a
3241 759 3505 815 fidelibus
3541 766 3646 816 tuis
3688 783 3789 820 cun-

2141 844 2260 892 ctos
2319 841 2621 894 miseratus
2678 858 2921 911 errores,
2983 851 3040 897 et
3094 848 3451 903 saevientium
3504 853 3791 909 morborum

2139 927 2360 997 depelle
2403 930 2738 998 perniciem,
2790 936 2853 985 ut
2909 949 3051 1001 quos
3112 936 3312 989 merite
3344 937 3599 1009 ﬂagellas
3641 943 3793 997 devios

2136 1014 2328 1069 foveas
2355 1021 2453 1070 tua
2480 1018 2851 1073 miseratione
2882 1027 3183 1075 correctos.
3214 1026 3320 1078 Per
3352 1027 3669 1081 Dominum.

2828 1143 3137 1199 LXXXVIII.

2546 1264 2731 1304 MISSA
2778 1265 2896 1305 PRO
2940 1266 3413 1310 CONTENTIONB.

2207 1350 2578 1421 Omnipotens
2629 1357 2974 1426 sempiterne
3026 1359 3189 1423 Deus,
3234 1362 3333 1431 qui
3386 1365 3637 1433 superbis
3662 1369 3791 1420 resis-

2134 1437 2227 1504 tis,
2262 1444 2319 1493 et
2370 1441 2612 1510 gratiam
2666 1450 2900 1512 praestas
2951 1446 3289 1513 humilibus,
3343 1450 3549 1516 tribue,
3599 1470 3789 1523 quassu-

2134 1542 2279 1595 mus,
2313 1534 2379 1581 ut
2410 1545 2525 1582 non
2567 1530 3027 1601 indignationem
3059 1539 3216 1589 tuam
3267 1553 3637 1606 provocemus
3664 1545 3789 1605 elati,

2132 1616 2227 1667 sed
2263 1618 2689 1686 propitiationis
2740 1627 2852 1675 tuae
2896 1623 3189 1693 capiamus
3220 1626 3374 1679 dona
3423 1627 3673 1698 subjecti.
3708 1633 3790 1685 Per

2058 1726 2097 1777 Β
2133 1705 2437 1759 Dominum
2469 1711 2751 1762 nostrum.

2857 1796 3093 1853 Secreta.

2198 1897 2277 1951 Ab
2323 1899 2477 1952 omni
2531 1904 2691 1954 reatu
2743 1917 2863 1965 nos,
2916 1903 3176 1971 Domine,
3229 1914 3421 1963 sancta
3460 1927 3584 1980 qua:
3612 1915 3786 1968 tracta-

2126 2002 2253 2039 mus
2286 1988 2600 2053 absolvant,
2644 1995 2700 2042 et
2744 1990 2939 2044 eadem
2974 1994 3243 2048 muniant
3281 2012 3314 2049 a
3359 1998 3526 2050 totius
3573 2002 3788 2069 pravita-

2123 2074 2194 2127 tis
2211 2074 2470 2129 incursu.
2500 2077 2609 2130 Per
2638 2078 2966 2133 Dominum.

2670 2185 2801 2237 Post
2835 2187 3283 2243 Communionem.

2194 2269 2346 2331 Quos
2412 2270 2680 2334 refecisti,
2744 2273 3009 2341 Domine,
3065 2276 3278 2329 caelesti
3350 2280 3629 2348 mysterio,
3680 2300 3787 2352 pro-

2121 2354 2262 2423 priis
2295 2359 2349 2407 et
2395 2356 2618 2422 alienis,
2679 2373 3028 2426 quaesumus,
3062 2362 3409 2432 propitiatus
3446 2366 3663 2421 absolve
3700 2370 3786 2421 de-

2121 2440 2291 2503 lictis,
2325 2449 2390 2495 ut
2420 2443 2613 2497 divino
2671 2461 2908 2499 munere
2960 2448 3275 2516 puriﬁcatis
3330 2454 3615 2507 mentibus
3672 2471 3784 2523 per-

2120 2529 2397 2583 fruamur.
2432 2532 2539 2584 Per
2568 2532 2898 2587 Dominum.

2885 2641 2931 2693 A
2944 2641 3038 2693 lia.

2192 2724 2415 2786 Prazsta,
2466 2740 2815 2794 quaesumus,
2855 2730 3221 2798 omnipotens
3266 2733 3433 2799 Deus,
3476 2739 3538 2787 ut
3581 2752 3783 2805 semper

2118 2812 2480 2865 rationabilia
2513 2815 2874 2882 meditantes,
2912 2812 3175 2886 quaa'tibi
3216 2827 3350 2873 sunt
3396 2824 3597 2890 placita
3628 2830 3679 2876 et
3706 2826 3775 2877 di-

2115 2898 2217 2951 ctis
2243 2916 2625 2970 exsequamur
2647 2906 2701 2954 et
2726 2902 2905 2955 factis.
2940 2905 3046 2956 Per
3080 2906 3403 2961 Dominum.

2834 3027 3097 3081 LXXXIX.

2281 3143 2472 3183 MISSA
2524 3145 2771 3185 CONTRA
2815 3147 3075 3188 JUDICES
3125 3152 3289 3190 MALF.
3334 3154 3634 3195 AGENTES.

2188 3237 2446 3290 Ecclesiae
2474 3243 2603 3299 tuae,
2639 3239 2901 3303 Domine,
2935 3257 3129 3309 preces
3171 3244 3424 3312 placatus
3462 3248 3697 3307 admitte,
3729 3254 3777 3300 ut

2115 3324 2397 3377 destitutis
2447 3326 2880 3381 adversitatibus
2923 3329 3225 3397 universis,
3283 3349 3483 3387 secura
3526 3335 3621 3388 tibi
3668 3352 3774 3387 ser-

2113 3413 2228 3465 viat
2254 3413 2534 3467 libertate.
2568 3415 2674 3467 Per
2713 3416 3042 3470 Dominum.

2839 3522 3070 3576 Secreta.

2184 3609 2422 3677 Protege
2461 3623 2582 3673 nos,
2645 3609 2905 3675 Domine,
2954 3626 3301 3679 quaesumus,
3367 3614 3479 3667 tuis
3517 3616 3774 3684 mysteriis

2113 3696 2442 3762 servientes,
2479 3702 2542 3749 ut
2571 3696 2777 3749 divinis
2835 3699 3003 3752 rebus
3050 3704 3105 3751 et
3160 3716 3401 3770 corpore
3454 3702 3774 3757 famulemur

2112 3790 2168 3836 ct
2196 3789 2405 3837 mente.
2444 3786 2547 3837 Per
2575 3786 2880 3838 Dominum
2910 3790 3189 3839 nostrum.

2650 3892 2773 3943 Post
2804 3892 3254 3946 Communionem.

2182 3978 2539 4044 Quaesumus,
2582 3980 2820 4032 Domine
2866 3981 3014 4033 Deus
3063 3985 3270 4045 noster,
3312 3987 3377 4036 ut
3420 4000 3562 4053 quos
3602 3985 3774 4039 divina

2110 4066 2317 4120 tribuis
2365 4065 2798 4136 participatione
2853 4068 3103 4136 gaudere
3160 4068 3428 4123 humanis
3476 4087 3589 4126 non
3636 4074 3775 4127 sinas

2110 4154 2403 4224 subjacere
2452 4156 2737 4225 periculis.
2787 4156 2895 4209 Per
2940 4157 3246 4212 Dominum
3295 4164 3550 4215 nostrum
3602 4164 3771 4216 Jesum

2110 4243 2417 4299 Christum.

2899 4332 3007 4387 XC.

2453 4451 2638 4491 MISSA
2685 4452 2933 4493 CONTRA
2979 4456 3455 4505 OBLOQUBNTBS.

2182 4542 2414 4610 Praesta,
2449 4560 2798 4614 quaesumus,
2856 4546 3116 4614 Domine,
3170 4555 3234 4603 ut
3282 4553 3561 4607 mentium
3602 4570 3775 4624 repro-

2108 4629 2316 4684 borum
2350 4648 2462 4684 non
2493 4648 2757 4687 curemus
2788 4634 3143 4706 obloquium,
3178 4639 3275 4692 sed
3305 4642 3505 4696 eadem
3527 4643 3776 4713 pravitate

2110 4720 2323 4773 calcata
2353 4737 2672 4787 exoramus,
2725 4727 2785 4775 ut
2824 4740 2927 4776 nec
2961 4726 3162 4779 terreri
3208 4745 3310 4782 nos
3362 4731 3778 4786 lacerationibus

2110 4807 2347 4877 patiaris
2374 4808 2625 4878 injustis,
2674 4827 2776 4863 nec
2817 4813 3083 4882 captiosis
3134 4816 3561 4874 adulationibus
3604 4820 3778 4889 impli-

2110 4897 2247 4963 cari,
2275 4897 2369 4950 sed
2402 4898 2590 4967 potius
2617 4915 2807 4953 amare
2841 4917 2970 4971 quae
3000 4904 3282 4974 praecipis.
3326 4908 3435 4961 Per
3468 4909 3774 4962 Dominum.

2833 5007 3065 5062 Secreta.

2181 5092 2425 5158 Oblatio,
2489 5093 2750 5160 Domine,
2841 5094 2956 5147 tuis
3034 5098 3355 5166 aspectibus
3426 5101 3775 5163 immolanda,

2109 5195 2462 5249 qumsumus,
2498 5184 2560 5234 ut
2597 5187 2655 5234 et
2686 5198 2787 5234 nos
2808 5180 2878 5234 ab
2913 5184 3181 5237 omnibus
3213 5187 3365 5240 vitiis
3400 5194 3659 5259 potenter
3694 5188 3778 5241 ab-

2110 5270 2307 5333 solvat,
2341 5272 2399 5321 et
2429 5284 2459 5320 a
2490 5268 2707 5321 cunctis
2734 5269 3002 5323 defendat
3032 5270 3301 5327 inimicis.
3334 5276 3445 5329 Per
3473 5277 3771 5330 Dominum.

2652 5378 2778 5428 Post
2808 5376 3254 5431 Communionem.

2179 5480 2412 5544 Praesta,
2486 5481 2744 5545 Domine,
2793 5497 3143 5551 quaesumus,
3194 5488 3254 5537 ut
3294 5501 3396 5555 per
3443 5488 3563 5541 hzec
3607 5492 3775 5540 sancta

2108 5582 2236 5635 quae
2260 5566 2632 5635 sumpsimus,
2675 5567 3047 5622 dissimulatis
3100 5570 3546 5627 lacerationibus
3589 5575 3775 5641 impro-
