3868 6228
84 296 175 349 837
862 338 869 341 .
1391 295 1601 350 LIBER
1639 296 2250 351 SACRAMENTORUM

82 427 297 488 borum,
337 426 565 491 eadem,
597 430 653 479 te
686 427 1064 496 gubernante,
1103 441 1231 495 quae
1262 431 1416 479 recta
1466 431 1599 478 sunt
1629 442 1760 478 cau-
1812 431 1856 481 Α

84 516 185 568 tius
213 530 624 585 exsequamur.
660 516 769 568 Per
804 514 1133 568 Dominum.

856 640 994 694 .XCI.

308 778 553 818 ORATIO
596 780 676 819 AD
721 779 1007 819 PLUVIAM
1055 778 1545 818 POSTULANDAM.

149 870 379 923 Terram
431 876 617 937 tuam,
695 869 959 935 Domine,
1038 884 1209 938 quam
1265 867 1509 920 vidimus
1564 867 1776 920 nostris

92 957 462 1026 inquitatibus
492 959 898 1021 tabescentem,
954 957 1275 1011 coelestibus
1321 957 1482 1025 aquis
1515 957 1776 1023 infunde,

90 1052 245 1113 atque
279 1046 463 1116 irriga
509 1045 802 1100 beneficiis
855 1044 1052 1114 gratiae
1083 1044 1467 1114 sempiterna}.
1528 1046 1634 1097 Per
1665 1044 1775 1096 Do-

91 1150 323 1186 minam.

862 1222 1013 1275 Alia.

154 1329 228 1380 Da
254 1328 445 1395 nobis,
474 1328 739 1391 Domine,
773 1342 1123 1397 quaesumus,
1156 1325 1409 1395 pluviam
1443 1326 1773 1389 salutarem,

92 1422 140 1469 et
165 1416 381 1469 aridam
424 1421 590 1469 terra;
639 1415 838 1469 faciem
885 1413 1114 1467 fluentis
1144 1412 1467 1466 coelestibus
1523 1412 1776 1482 dignan-

94 1510 169 1557 ter
192 1504 450 1558 infunde.
489 1505 597 1557 Per
627 1503 935 1557 Dominum
963 1508 1240 1556 nostrum.

844 1634 889 1678 Α
904 1626 999 1679 lia.

156 1734 531 1803 Omnipotens
562 1732 909 1801 sempiterne
959 1734 1121 1795 Deus,
1174 1730 1274 1800 qui
1314 1731 1494 1783 salvas
1555 1746 1770 1795 omnes,

97 1828 144 1873 et
172 1821 462 1873 neminem
493 1820 577 1872 vis
599 1822 807 1888 perire,
830 1819 989 1888 aperi
1010 1818 1224 1871 fontem
1254 1817 1622 1886 benignitatis
1646 1825 1775 1884 tuas,

98 1916 144 1959 et
173 1915 382 1961 terram
442 1908 663 1961 aridam
712 1907 875 1976 aquis
926 1906 1129 1958 fluenti
1188 1906 1433 1959 caelestis
1478 1905 1780 1975 dignanter

99 1995 339 2049 infunde.
377 1997 484 2049 Per
526 1995 834 2048 Dominum
870 2000 1151 2047 nostrum.

858 2134 1015 2187 XCII.

338 2272 526 2314 MISSA
569 2274 649 2313 AD
695 2272 981 2312 PLUVIAM
1032 2273 1525 2313 POSTULANDAM.

163 2365 327 2429 Deus,
358 2366 416 2418 in
450 2381 566 2435 quo
616 2365 878 2430 vivimus,
942 2380 1241 2417 movemur
1286 2368 1341 2417 et
1388 2381 1606 2429 sumus,
1651 2366 1776 2433 plu-

101 2455 233 2507 viam
268 2454 433 2507 nobis
466 2454 653 2506 tribue
685 2459 1124 2521 congruentem,
1159 2458 1219 2506 ut
1250 2453 1627 2523 praesentibus
1652 2454 1779 2507 sub-

101 2542 244 2595 sidiis
274 2541 629 2605 sufficienter
681 2540 878 2607 adniti,
929 2542 1279 2610 sempiterna
1328 2540 1653 2594 fiducialius
1683 2556 1779 2611 ap-

103 2637 363 2699 petamus.
399 2630 527 2683 Per.

877 2700 1024 2752 Alia.

165 2806 374 2859 Delicta
429 2805 756 2875 fragilitatis
810 2809 1042 2871 nostrae,
1108 2804 1373 2869 Domine,
1423 2820 1774 2874 quaesumus,

105 2896 387 2947 miseratus
418 2894 672 2958 absolve,
699 2898 755 2945 et
783 2908 1062 2962 aquarum
1098 2891 1346 2945 subsidia
1376 2894 1569 2961 praebe
1611 2893 1777 2946 coele-

112 2984 285 3045 situm,
335 2981 547 3052 quibus
597 2987 823 3033 terrena
876 2980 1131 3034 conditio
1183 2985 1433 3049 vegetata
1492 2980 1776 3034 subsistat.
1821 3002 1861 3055 ρ

108 3071 199 3123 Per
230 3070 538 3124 Dominum
572 3074 853 3122 nostrum.

815 3192 1046 3247 Secreta.

166 3299 389 3363 Oblatis,
434 3298 701 3363 Domine,
750 3296 974 3366 placare
1028 3296 1381 3364 muneribus,
1408 3278 1465 3350 et
1500 3303 1776 3367 opportu-

108 3402 231 3440 num
256 3388 418 3441 nobts
450 3387 637 3440 tribue
668 3386 875 3456 pluviae
925 3386 1257 3438 sufficientis
1285 3385 1594 3456 auxilium.
1652 3387 1777 3440 Per.

664 3507 757 3561 Ad
797 3507 1207 3576 Complendum.

164 3614 326 3668 Tuere
360 3631 489 3681 nos,
518 3614 782 3680 Domine,
817 3629 1166 3683 quaesumus,
1204 3617 1299 3667 tua
1332 3616 1521 3665 sancta
1557 3629 1781 3667 sumen-

108 3706 196 3767 tes,
222 3708 273 3756 et
300 3704 371 3756 ab
403 3701 679 3756 omnibus
710 3701 967 3771 propitus
1001 3701 1229 3754 absolve
1258 3700 1521 3771 peccatis.
1554 3701 1677 3754 Per.

843 3822 1022 3879 XCIII.

230 3945 464 3986 ORATIO
511 3946 589 3985 AD
644 3945 1108 3985 POSTULANDAM
1155 3944 1632 3984 ΞΕΒΕΝῙΤΛΤΕΜ.

167 4037 395 4092 Domine
457 4039 627 4099 Deus,
685 4038 785 4107 qui
834 4038 894 4090 in
937 4036 1206 4106 mysterio
1253 4052 1533 4106 aquarum
1583 4036 1779 4089 salutis

112 4128 205 4176 tua:
258 4125 423 4177 nobis
477 4130 841 4177 sacramenta
895 4124 1151 4189 sanxisti,
1207 4124 1412 4177 exaudi
1457 4125 1777 4177 orationem

111 4216 281 4282 populi
314 4214 423 4278 tui,
458 4219 516 4266 et
536 4212 675 4287 jube
702 4220 947 4266 terrores
978 4214 1385 4266 inundantium
1406 4228 1621 4286 cessare
1644 4214 1779 4281 plu-

3477 306 3583 357 838

2614 429 2851 482 Secreta.

1960 532 2281 585 Praeveniat
2314 548 2434 593 nos,
2495 548 2850 602 quesumus,
2910 536 3162 603 Domine,
3211 536 3395 606 gratia
3460 542 3580 603 tua,

1888 635 2117 687 semper
2145 627 2201 671 et
2230 620 2628 688 subsequatur,
2673 628 2729 674 et
2782 622 2881 674 has
2921 624 3258 685 oblationes,
3287 642 3429 694 quas
3474 642 3580 694 pro

1886 708 2131 777 peccatis
2165 708 2372 760 nostris
2399 709 2619 761 nomini
2650 715 2747 761 tuo
2778 712 3184 765 consecrandas
3237 715 3567 778 deferimus,

1887 797 2170 866 benignus
2202 812 2446 862 assume,
2483 803 2544 849 ut
2577 813 2678 866 per
2728 799 3191 852 intercessionem
3240 816 3564 855 sanctorum

1888 890 2118 936 tuorum
2149 885 2365 937 cunctis
2395 883 2559 937 nobis
2591 885 2893 953 proﬁciant
2916 888 2983 938 ad
3015 889 3273 941 salutem.
3307 890 3427 942 Per.

2463 1008 2556 1061 Ad
2591 1009 3002 1077 Complendum.

1958 1131 2119 1184 Plebs
2190 1137 2307 1197 tua,
2358 1130 2618 1199 Domine,
2668 1133 2855 1200 capiat
2911 1149 3084 1185 sacrae
3152 1133 3572 1187 benedictionis

1887 1225 2281 1286 augmentum,
2317 1210 2375 1271 et
2400 1220 2648 1288 copiosis
2682 1221 3089 1273 beneficiorum
3120 1228 3351 1275 tuorum
3385 1224 3574 1276 suble-

1884 1314 2047 1361 vetur
2077 1308 2323 1371 auxiliis,
2375 1323 2505 1376 quas
2554 1309 2729 1360 tantis
2775 1308 3253 1363 intercessionum
3304 1312 3571 1381 depreca.

1885 1396 2136 1449 tionibus
2160 1397 2478 1465 adjuvetur.
2514 1397 2622 1449 Per
2649 1397 2976 1450 Dominum.

2652 1537 2802 1592 XCV.

2041 1657 2231 1697 MISSA
2278 1659 2354 1697 AD
2417 1657 2880 1696 REPELLENDAM
2928 1659 3418 1699 TEMPESTATEM.

1964 1745 2131 1811 Deus,
2166 1745 2264 1814 qui
2298 1744 2557 1797 omnium
2601 1760 2790 1796 rerum
2844 1745 2946 1797 tibi
2980 1748 3347 1800 servientium
3406 1752 3573 1801 natu-

1888 1850 2009 1887 ram
2044 1850 2146 1902 per
2179 1834 2327 1902 ipsos
2360 1838 2549 1885 motus
2577 1832 2724 1885 aeris
2757 1832 2828 1885 ad
2869 1833 3085 1886 cultum
3120 1840 3231 1886 tum
3264 1836 3573 1904 majestatis

1888 1922 2161 1985 instituis,
2196 1922 2673 1989 tranquillitatem
2708 1920 2869 1973 nobis
2901 1922 3307 1975 misericordiae.
3364 1929 3476 1976 tuae
3508 1923 3572 1992 [Γ.

1890 2008 2282 2062 misericordia
2338 2006 2479 2078 tua],
2536 2008 2769 2060 remotis
2840 2010 3045 2077 largire
3109 2011 3447 2063 terroribus.
3515 2015 3577 2064 ut

1887 2097 2047 2167 cujus
2105 2096 2249 2149 iram
2282 2096 2633 2165 expiavimus
2686 2096 3048 2149 clementiam
3080 2099 3411 2151 sentiamus.
3450 2100 3573 2152 Per.

2652 2201 2806 2253 Alia.

1958 2310 2003 2360 Α
2032 2307 2200 2360 domo
2228 2311 2346 2369 tua,
2381 2321 2731 2375 quaesumus,
2769 2306 3024 2371 Domine,
3059 2306 3341 2376 spiritales
3376 2307 3572 2377 nequi-

1888 2396 1981 2449 tiae
2025 2395 2435 2465 reppellantur,
2492 2400 2547 2447 et
2601 2393 2886 2447 aeriarum
2931 2395 3185 2448 discedat
3244 2396 3570 2465 malignitas

1888 2490 2315 2555 tempestatum.
2348 2483 2455 2535 Per
2484 2482 2813 2536 Dominum.

2620 2607 2852 2660 Secreta.

1959 2714 2281 2779 Oﬁ'erimus,
2316 2712 2796 2780 Domine,laudes
2822 2717 2877 2765 et
2908 2729 3165 2777 munera,
3211 2730 3314 2784 pro
3346 2731 3575 2767 conces-

1888 2804 1962 2855 sis
2000 2802 2289 2856 beneficiis
2332 2803 2542 2871 gratias
2591 2801 2918 2866 referentes,
2953 2807 3008 2853 et
3040 2818 3141 2871 pro
3199 2804 3575 2857 concedendis

1888 2907 2117 2960 semper
2147 2890 2485 2959 suppliciter
2512 2889 2899 2956 deprecantes.
2936 2890 3058 2943 Per.

2465 3013 2556 3067 Ad
2596 3013 2995 3081 Complendum.

1962 3120 2338 3190 Omnipotens
2386 3118 2730 3189 sempiterno
2778 3119 2946 3186 Deus,
2999 3119 3095 3189 qui
3156 3136 3255 3173 nos
3306 3126 3360 3173 et
3413 3121 3574 3175 casti-

1890 3209 2081 3278 gando
2130 3225 2314 3273 sanas,
2352 3213 2407 3260 et
2447 3208 2794 3278 ignoscendo
2835 3222 3154 3273 conservas,
3206 3213 3415 3277 praesta
3444 3225 3576 3279 sup-

1887 3298 2130 3367 plicibus
2164 3297 2293 3362 tuis,
2329 3302 2391 3349 ut
2418 3303 2475 3349 et
2496 3296 3002 3366 tranquillitatibus
3036 3297 3205 3366 hujus
3226 3302 3432 3367 Optata!
3457 3314 3582 3350 con-

1890 3384 2182 3439 solationis
2213 3386 2497 3451 laetemur,
2532 3390 2587 3438 et
2618 3386 2770 3438 dono
2802 3390 2914 3437 tua:
2944 3384 3172 3454 pietatis
3212 3402 3438 3455 semper
3462 3392 3582 3439 uta-

1889 3490 2038 3527 mur.
2076 3475 2201 3527 Per.

2638 3577 2817 3630 XCVI.

1889 3736 2182 3777 ORATIONES
2250 3735 2311 3771 ετ
2368 3732 2564 3771 PRECES
2624 3732 2791 3771 SUPER
2842 3733 3217 3779 PCENITENTEM,
3291 3733 3574 3771 CONFITEN-

1958 3826 2064 3863 ΤΕΜ
2120 3824 2343 3862 PECCATA
2392 3824 2489 3860 SUA
2538 3821 2681 3859 ΜΟΒΕ
2735 3821 2915 3859 SOLITO
2956 3822 3111 3859 FERIA
3151 3822 3203 3858 IV
3249 3821 3409 3861 INFRA
3448 3822 3579 3866 QUA-

1963 3909 2405 3952 DRAGESIMAH.

1962 4038 2193 4105 Exaudi,
2224 4037 2482 4101 Domine,
2533 4052 2727 4106 preces
2759 4041 3000 4102 nostras,
3056 4040 3112 4089 et
3150 4036 3255 4089 tibi
3294 4036 3575 4089 confiten-

1888 4128 2031 4182 tium
2084 4143 2250 4195 parce
2300 4125 2559 4196 peccatis,
2619 4130 2683 4177 ut
2740 4141 2886 4194 quos
2951 4124 3317 4178 conscientia:
3390 4130 3577 4177 reatus

1888 4220 2133 4279 accusat,
2165 4213 2525 4281 indulgentia
2557 4219 2669 4265 tua:
2702 4213 3084 4266 miserationis
3134 4214 3409 4268 absolvat.
3450 4215 3571 4266 Per.

112 4302 323 4368 viarum,
359 4303 773 4371 ﬂagellnmqne
797 4302 966 4369 hujus
994 4301 1261 4353 elementi
1294 4300 1361 4352 ad
1402 4299 1665 4353 etfectum
1692 4299 1775 4352 tui
1817 4299 1860 4352 D
1967 4299 2283 4355 Praeveniat
2314 4300 2464 4351 hunc
2511 4300 2789 4352 famulum
2846 4305 3029 4364 tuum,
3080 4317 3429 4371 qumsumus,
3473 4302 3580 4353 Do-

113 4397 349 4443 converte
408 4388 688 4458 mysterii,
725 4389 824 4458 qui
873 4394 936 4441 ut
991 4405 1049 4441 se
1094 4388 1568 4457 regenerantibus
1616 4387 1781 4457 aquis

112 4476 338 4542 gaudent
390 4482 645 4541 renatos,
702 4475 989 4543 gaudeant
1056 4474 1144 4526 his
1193 4473 1603 4543 castigantibus
1661 4488 1781 4527 esse

114 4570 387 4617 correctos.
421 4564 531 4617 Per
562 4564 893 4616 Dominum.

860 4666 1009 4720 Alia.

167 4752 515 4820 Quaesumus,
570 4753 939 4823 omnipotens
994 4755 1159 4819 Deus,
1193 4753 1558 4807 clementiam
1599 4758 1780 4819 tuam,

114 4846 162 4891 ut
223 4841 625 4896 inundantiam
685 4856 944 4907 coerceas
986 4841 1282 4907 imbrium,
1343 4846 1399 4894 et
1431 4842 1781 4894 hilaritatem

115 4929 375 4985 tuivultus
405 4931 575 4984 nobis
599 4930 882 4999 impertiri
910 4929 1184 5000 digneris.
1216 4931 1325 4983 Per
1354 4929 1683 4984 Dominum.

844 5054 1017 5108 XCIV.

255 5176 445 5225 IISSA
494 5176 574 5215 AD
620 5175 1090 5215 POSTULANDAM
1136 5174 1617 5214 SERENITATEM.

169 5266 238 5319 Ad
267 5271 319 5319 te
352 5284 479 5331 nos,
509 5266 780 5331 Domine,
816 5267 1127 5319 clamantes
1157 5265 1381 5333 exaudi,
1420 5271 1476 5318 et
1514 5265 1661 5318 aeris
1691 5280 1784 5317 se-

115 5354 387 5408 renitatem
437 5354 608 5408 nobis
653 5354 841 5406 tribue
887 5353 1361 5422 supplicantibus,
1420 5358 1483 5405 ut
1536 5351 1635 5423 qui
1680 5366 1783 5421 pro

113 5444 326 5507 peccatis
371 5443 588 5496 nostris
626 5441 780 5511 juste
832 5441 1165 5510 affligimur,
1237 5440 1625 5494 misericordia
1686 5444 1786 5492 tua

114 5531 489 5597 praeveniente,
520 5530 891 5583 clementiam
922 5531 1253 5583 sentiamus.
1289 5530 1413 5582 Per.

1890 4390 2066 4453 mine,
2118 4386 2511 4440 misericordia
2560 4393 2679 4453 tua,
2720 4392 2785 4440 ut
2816 4404 3016 4441 omnes
3064 4390 3400 4458 iniquitates
3455 4389 3577 4458 ejus

1889 4478 2058 4531 celeri
2080 4477 2440 4545 indulgentia
2461 4476 2776 4529 deleantur.
2812 4478 2940 4529 Per.

1959 4566 2166 4620 Adesto
2222 4563 2734 4634 supplicationibus
2769 4562 2997 4625 nostris,
3060 4578 3162 4615 nec
3215 4563 3287 4614 sit
3342 4562 3410 4615 ab
3468 4564 3577 4616 hoc

1889 4654 2105 4708 famulo
2157 4659 2254 4706 tuo
2311 4652 2629 4705 clementiae
2690 4656 2801 4702 tuae
2866 4649 3180 4718 longinqua
3237 4649 3579 4703 miseratio:

1891 4741 2129 4791 vulnera
2160 4752 2317 4801 sana,
2350 4736 2590 4804 ejusque
2622 4732 2847 4785 remitte
2875 4736 3122 4800 peccata,
3158 4738 3221 4783 ut
3252 4733 3426 4785 nullis
3458 4750 3491 4785 a
3528 4737 3583 4786 te

1890 4823 2294 4894 iniquitatibus
2337 4825 2652 4890 separatus,
2687 4819 2793 4871 tibi
2822 4817 3065 4870 Domino
3119 4833 3345 4887 semper
3394 4820 3581 4873 valeat

1891 4912 2202 4965 adbzerere.
2236 4909 2361 4961 Per.

1962 4998 2199 5053 Domine
2236 4998 2379 5050 Deus
2411 4998 2623 5058 noster,
2677 4992 2776 5063 qui
2822 4989 3141 5044 offensione
3196 4996 3392 5045 nostra
3460 5008 3582 5046 non

1888 5086 2153 5151 vincaris,
2188 5082 2287 5135 sed
2317 5081 2697 5133 satisfactione
2746 5077 3006 5149 placaris,
3064 5078 3301 5147 respice,
3346 5095 3581 5148 quassu-

1889 5191 2037 5238 mus,
2071 5174 2141 5225 ad
2174 5173 2324 5224 hunc
2358 5170 2636 5222 famulum
2691 5174 2873 5233 tuum,
2931 5167 3029 5236 qui
3062 5184 3121 5220 se
3153 5167 3259 5219 tibi
3316 5183 3582 5235 peccasse

1889 5261 2138 5332 graviter
2162 5259 2483 5311 confitetur.
2535 5258 2721 5310 Tuum
2775 5262 2859 5309 est
2888 5257 3045 5309 enim
3075 5255 3433 5309 ablutionem
3472 5257 3582 5311 cri-

1893 5351 2115 5403 minum
2147 5348 2301 5412 dare,
2357 5352 2412 5398 et
2457 5344 2682 5398 veniam
2714 5349 2983 5415 prteslare
3047 5344 3428 5415 peccantibus,
3484 5345 3586 5416 qui

1894 5437 2105 5501 dixisti,
2166 5432 2558 5504 pmnitentiam
2615 5438 2670 5485 te
2732 5434 2898 5487 malle
2966 5439 3349 5503 peccatorum,
3411 5450 3589 5503 quam

1892 5532 2155 5579 mortem.
2190 5522 2443 5576 Concede
2491 5536 2649 5588 ergo,
2683 5521 2955 5591 Domine,
2999 5523 3129 5591 lioc,
3164 5528 3223 5575 ut
3277 5519 3377 5572 tibi
3407 5522 3589 5590 pumi-
