3868 6228
298 296 402 348 839

1428 286 1767 341 GRIMALDI
1811 283 2317 341 SANGALLENSIS
2355 282 2643 338 ABBATIS
3686 287 3770 335 63,0

296 425 491 479 tentias
544 422 807 478 excubias
860 421 1126 486 celebret,
1179 426 1234 473 et
1265 419 1532 473 correctis
1580 419 1796 472 actibus
1845 418 1982 481 suis,
2023 421 2069 470 Α
2170 418 2335 480 Deus,
2368 416 2464 485 qui
2500 417 2753 469 humano
2779 417 2978 485 generi
3001 420 3059 469 et
3108 416 3309 469 salutis
3357 414 3701 477 remedium,
3732 422 3776 468 et

298 512 545 566 conferri
575 511 682 565 sibi
703 516 808 563 ate
833 509 1180 578 sempiterna
1206 508 1416 578 gaudia
1446 508 1782 577 gratuletur.
1816 508 1921 560 Per
1940 515 1982 556 α.

1040 632 1239 685 XCVII.

296 728 321 767 Ῐ)
362 739 659 778 ORATIONES
720 739 788 775 AD
835 736 1304 775 RECONCILIANDUH
1356 736 1722 782 ΡΕΕΝΙΤΕΝΤΕΙ,
1781 734 1919 772 FER»
1953 736 1985 768 V

368 828 431 866 IN
478 826 665 866 COENA
711 825 960 864 DOMINI.

364 916 591 980 Adesto,
625 915 884 975 Domine,
918 912 1432 982 supplicationibus
1468 910 1694 975 nostris,
1758 915 1815 963 et
1866 927 1977 974 me,

295 1004 393 1075 qui
415 1004 588 1057 etiam
612 1002 999 1055 misericordia
1035 1009 1129 1053 tua
1158 1001 1377 1069 primus
1400 1000 1651 1069 indigeo,
1674 999 1988 1051 clementer

295 1091 519 1157 exaudi,
564 1096 627 1143 ut
680 1106 850 1159 quem
898 1105 1012 1141 non
1065 1088 1341 1141 electione
1395 1088 1603 1151 meriti,
1690 1087 1785 1139 sed
1836 1087 1985 1139 dono

295 1180 494 1249 gratiae
524 1185 635 1231 tuae
684 1176 1025 1230 constituisti
1082 1176 1269 1245 operis
1302 1176 1471 1245 hujus
1508 1175 1854 1239 ministrum,
1917 1176 1987 1228 da

293 1267 557 1322 ﬁduciam
590 1266 671 1318 tui
724 1265 974 1318 muneris
1020 1264 1390 1333 exsequendi,
1447 1269 1502 1317 et
1533 1264 1652 1334 ipse
1702 1263 1761 1316 in
1793 1268 1986 1317 nostro

292 1355 612 1409 ministerio
645 1356 795 1425 quod
822 1359 934 1406 tute
963 1352 1196 1423 pietatis
1227 1359 1331 1418 est,
1365 1368 1624 1422 operare.
1662 1354 1771 1405 Per
1799 1352 1989 1404 Domi-

290 1460 430 1497 num
464 1449 745 1496 nostrum.

366 1533 597 1597 Praesta,
634 1545 983 1599 quazsumus,
1018 1528 1279 1593 Domine,
1314 1527 1449 1581 huic
1482 1528 1698 1581 famulo
1752 1533 1851 1580 tuo
1900 1528 1985 1580 di-

292 1635 469 1688 gnum
525 1619 878 1688 poenitentiae
911 1618 1181 1681 fructum,
1215 1623 1278 1669 ut
1308 1616 1567 1669 Beclesite
1600 1624 1714 1669 tua:
1749 1622 1983 1680 sanctm,

292 1724 324 1759 a
354 1708 513 1777 cujus
567 1706 898 1776 integritate
940 1706 1195 1759 deviarat
1236 1704 1543 1774 peccando,
1605 1706 1986 1758 admissurum

293 1796 564 1849 reddatur
593 1795 861 1847 innoxius
892 1794 1115 1847 veniam
1173 1793 1600 1863 consequendo.
1654 1794 1759 1846 Per
1788 1792 1983 1845 Domi-

294 1900 365 1936 nu
378 1900 431 1936 m
463 1888 655 1936 nostru
668 1900 741 1936 ω.

364 1974 529 2037 Deus,
585 1969 822 2024 humani
863 1971 1093 2039 generis
1145 1969 1557 2039 benignissime
1614 1968 1875 2022 conditor
1928 1973 1986 2022 et

293 2059 819 2113 misericordissima
852 2058 1208 2121 reformator,
1245 2057 1343 2127 qui
1392 2058 1707 2123 hominem,
1767 2057 1985 2110 invidia

292 2146 504 2201 diaboli
556 2147 625 2200 ab
654 2146 972 2199 aeternitate
1026 2146 1331 2216 dejectum,
1370 2146 1522 2198 unici
1556 2146 1681 2199 Filii
1732 2145 1816 2199 tui
1862 2162 1984 2198 san-

290 2235 463 2305 guine
494 2235 809 2300 redemisti,
842 2234 1063 2287 viviﬁca
1094 2236 1244 2287 hunc
1274 2234 1555 2288 famulum
1592 2238 1777 2300 tuum,
1808 2249 1982 2304 quem

288 2324 394 2377 tibi
426 2325 750 2377 nullatenus
766 2324 911 2377 mori
940 2324 1251 2387 desideras,
1284 2329 1340 2376 et
1359 2323 1458 2394 qui
1487 2340 1605 2377 non
1634 2324 1983 2393 derelinquis

289 2412 537 2479 devium,
572 2428 796 2465 assume
825 2418 1163 2465 correctum.
1206 2413 1463 2465 Moveant
1494 2411 1767 2481 pietatem
1799 2417 1978 2477 tuam,

291 2515 640 2569 quaesumus,
676 2500 935 2565 Domine,
968 2502 1137 2568 hujus
1167 2500 1366 2553 famuli
1420 2500 1505 2552 tui
1545 2501 1859 2569 lacrymosa
1890 2516 1985 2552 su-

293 2589 494 2658 spiria;
520 2595 581 2642 tu
616 2588 738 2657 ejus
773 2588 1001 2641 medere
1024 2588 1381 2653 vulneribus,
1408 2594 1470 2641 tu
1500 2588 1715 2658 jacenti
1747 2604 1984 2641 manum

290 2678 521 2746 porrige
555 2678 885 2742 salutarem,
920 2693 990 2729 ne
1026 2676 1267 2730 Ecclesia
1317 2682 1415 2730 tua
1444 2678 1634 2747 aliqua
1666 2676 1752 2730 sui
1779 2694 1983 2746 corpo-

291 2764 367 2817 ris
426 2764 693 2833 portione
753 2770 1024 2831 vastetur,
1071 2782 1141 2818 ne
1188 2781 1323 2834 grex
1388 2768 1519 2817 tuus
1575 2765 1983 2818 detrimentum

290 2852 581 2913 sustineat,
613 2868 685 2905 ne
730 2852 799 2906 de
839 2853 1072 2907 famulae
1105 2859 1215 2907 tum
1246 2854 1456 2906 damno
1497 2852 1763 2906 inimicus
1796 2853 1984 2905 exsul-

289 2945 389 3007 tet,
420 2956 523 2994 nec
550 2946 811 2993 renatum
841 2942 1062 2994 lavacro
1093 2940 1329 2994 salutari
1376 2956 1524 2993 mors
1570 2940 1818 2994 secunda
1860 2957 1991 3010 pos-

290 3028 488 3081 sideat.
550 3028 675 3081 Tibi
724 3044 882 3095 ergo,
930 3029 1173 3081 Domine
1248 3030 1532 3099 supplices
1586 3045 1803 3098 preces,
1877 3028 1981 3081 tibi

290 3116 488 3169 fletum
511 3116 701 3169 cordis
733 3116 1111 3182 effundimus;
1160 3123 1221 3169 tu
1262 3133 1431 3186 parce
1459 3116 1779 3182 conlitenti,
1811 3122 1873 3169 ut
1902 3118 1981 3169 sic

291 3204 351 3255 in
381 3204 484 3256 hac
515 3204 860 3256 mortalitate
892 3210 1115 3274 peccata
1148 3221 1268 3271 sua,
1304 3211 1357 3258 te
1388 3205 1713 3274 adjuvante,
1750 3206 1978 3272 delleat,

290 3295 573 3360 quatenus
603 3290 662 3343 in
696 3292 976 3344 tremendi
1018 3292 1225 3361 judicii
1270 3292 1362 3345 die
1417 3292 1761 3346 sententiam
1819 3293 1977 3346 dam-

290 3378 535 3432 nationis
580 3384 811 3432 aaternae
869 3380 1091 3445 evadat,
1128 3384 1179 3434 et
1210 3380 1428 3433 nesciat
1485 3381 1636 3451 quod
1680 3386 1856 3435 terret
1922 3381 1981 3434 in

288 3468 560 3532 tenebris,
590 3468 739 3537 quod
769 3468 970 3521 stridet
1013 3468 1070 3520 in
1118 3467 1394 3533 flammis;
1429 3473 1598 3538 atque
1654 3470 1725 3522 ab
1774 3469 1981 3522 erroris

288 3554 377 3608 via
406 3557 473 3610 ad
508 3556 616 3608 iter
652 3572 909 3609 reversus
942 3556 1204 3625 justitiaa,
1262 3572 1627 3626 nequaquam
1685 3557 1837 3609 ultra
1867 3557 1979 3608 vul-

286 3644 520 3698 neribus
548 3644 853 3709 saucietur,
886 3644 981 3697 sed
1025 3645 1314 3713 integrum
1362 3645 1434 3696 sit
1491 3644 1542 3697 ei
1575 3650 1747 3714 atque
1777 3660 1979 3714 perpe-

288 3726 448 3786 tuum
481 3739 536 3786 et
558 3732 711 3803 quod
754 3733 934 3802 gratia
963 3739 1062 3786 tua
1097 3733 1431 3799 contulit,et
1475 3733 1630 3801 quod
1665 3733 1982 3786 misericor-

288 3820 381 3873 dia
410 3821 755 3875 reformavit.
793 3823 897 3875 Per
921 3823 1186 3874 eumdem
1222 3822 1550 3875 Dominum.

1015 3927 1244 3981 XCVIII.

455 4030 821 4071 ORATIONBS
868 4030 946 4069 AD
994 4030 1399 4070 VISITANDUM
1450 4030 1806 4070 INFIRMUM.

362 4122 533 4186 Deus,
565 4122 664 4190 qui
694 4122 911 4174 famulo
944 4125 1043 4175 tuo
1078 4121 1327 4175 Ezechiae
1355 4128 1443 4175 ter
1471 4122 1678 4192 quinos
1705 4137 1886 4174 annos
1908 4120 1980 4174 ad

288 4207 461 4260 vitam
498 4208 743 4275 donasti,
779 4210 857 4262 ita
886 4215 944 4262 et
972 4209 1255 4262 famulum
1287 4214 1449 4263 tuum
1478 4210 1542 4262 N.
1580 4209 1778 4262 alecto
1810 4208 1978 4277 aegri-

289 4295 501 4349 tudinis
535 4301 629 4350 tua
658 4297 915 4365 potentia
940 4298 1123 4366 erigat
1151 4298 1223 4351 ad
1251 4299 1513 4351 salutem.
1541 4300 1647 4352 Per
1670 4298 1978 4351 Dominum

287 4389 570 4438 nostrum.

359 4473 612 4544 Respice,
641 4474 902 4539 Domine,
936 4473 1217 4528 famulum
1253 4480 1417 4527 tuum
1453 4476 1516 4529 N.
1552 4475 1612 4527 in
1642 4473 1977 4527 inﬁrmitate

287 4562 374 4615 sui
402 4563 654 4632 corporis
703 4563 1087 4630 laborantem,
1149 4569 1206 4617 et
1244 4563 1497 4616 animam
1552 4564 1741 4617 refove
1795 4580 1971 4634 quam

286 4650 509 4717 creasti,
558 4657 623 4704 ut
682 4650 1159 4720 castigationibus
1211 4650 1545 4717 emundata,
1594 4651 1869 4705 continuo
1917 4668 1975 4705 se

286 4741 494 4793 sentiat
545 4746 640 4792 tua
688 4739 973 4793 medicina
1004 4741 1303 4793 salvatum.
1340 4741 1451 4793 Per
1508 4740 1821 4793 Dominum
1883 4756 1981 4794 no—

286 4832 486 4881 strum.

357 4917 524 4983 Deus,
585 4917 683 4987 qui
716 4917 948 4971 facturae
980 4922 1091 4971 tuas
1120 4917 1216 4987 pio
1246 4933 1472 4987 semper
1492 4916 1808 4970 dominaris
1835 4917 1980 4971 affe-

286 5010 401 5069 ctu,
432 5006 644 5058 inclina
665 5022 862 5059 aurem
901 5012 1060 5059 tuam
1094 5006 1611 5075 supplicationibus
1662 5007 1889 5073 nostris,
1923 5011 1981 5059 et

285 5092 567 5146 famulum
623 5100 786 5147 tuum
835 5095 897 5147 N.
958 5110 1025 5146 ex
1063 5095 1297 5147 adversa
1349 5093 1671 5147 valetudine
1724 5095 1981 5164 corporis

285 5181 664 5247 laborantem,
699 5185 955 5251 placatus
988 5182 1228 5252 respice,
1253 5188 1309 5235 et
1334 5182 1496 5236 visita
1522 5183 1580 5234 in
1602 5184 1837 5235 salutari
1860 5190 1975 5249 tuo,

287 5284 351 5321 ac
379 5271 641 5323 caelestia:
667 5270 864 5340 gratia:
893 5274 1101 5339 praesta
1134 5270 1502 5324 medicinam.
1532 5272 1656 5325 Per.

357 5433 381 5456 ⁸
406 5425 557 5477 Alias
587 5431 866 5494 praeterea
899 5426 1185 5478 orationes
1217 5426 1409 5479 videre
1435 5431 1518 5478 est
1551 5426 1607 5478 in
1642 5427 1771 5480 0rd.
1809 5427 1976 5480 Rom.

287 5510 419 5564 pag.
453 5496 542 5559 28,
572 5499 638 5548 29
671 5503 727 5549 et
759 5499 844 5548 30.
901 5498 1154 5558 Quarum
1194 5497 1366 5548 etiam
1397 5498 1461 5549 ﬁt
1490 5499 1700 5549 mentio
1760 5498 1829 5549 ab
1889 5498 1979 5549 Al-

287 5568 457 5617 cuino
488 5580 620 5634 pag.
655 5566 743 5618 52.

2096 506 2222 557 vita:
2255 512 2483 557 aeterna;
2520 519 2759 557 munera
2788 503 3099 569 contulisti,
3130 519 3404 557 conserva
3443 503 3665 556 famulo
3690 510 3773 555 tuo

2094 593 2162 647 N.
2201 600 2427 644 tuarum
2461 594 2610 644 dona
2651 592 2946 657 virtutum,
3003 597 3058 645 et
3087 592 3332 645 concede.
3392 598 3455 644 ut
3504 591 3779 644 medelam

2094 686 2249 733 tuam
2293 697 2409 733 non
2439 681 2626 733 solum
2657 680 2715 733 in
2746 694 3008 751 corpore,
3037 680 3135 733 sed
3162 680 3334 733 etiam
3370 679 3429 732 in
3453 678 3654 731 anima
3673 696 3779 731 sen-

2095 768 2216 821 tiat.
2254 769 2375 821 Per.

2166 858 2451 910 Virtutum
2490 856 2805 909 caelestium
2848 858 3014 921 Deus,
3066 857 3165 927 qui
3195 856 3255 909 in
3286 855 3561 909 humanis
3610 871 3785 925 corpo

2093 944 2254 997 ribus
2283 960 2512 998 omnem
2541 945 2874 1013 languorem
2897 950 2953 997 et
2982 943 3635 997 omneminﬁrmitatem
3659 960 3784 1011 prae-

2094 1033 2244 1101 cepti
2294 1034 2375 1086 tui
2425 1040 2699 1102 potestate
2769 1032 3029 1103 depellis,
3082 1032 3277 1086 adesto
3326 1032 3617 1102 propitius
3665 1032 3781 1084 huic

2093 1120 2308 1175 famulo
2349 1128 2445 1175 tuo
2501 1123 2590 1187 N.,
2640 1127 2701 1175 ut
2747 1121 2958 1191 fugatis
2992 1121 3425 1175 inﬁrmitatibus
3477 1126 3535 1174 et
3578 1121 3783 1173 viribus

2093 1211 2355 1279 receptis,
2393 1226 2601 1263 nomen
2642 1216 2900 1263 sanctum
2955 1216 3115 1262 tuum
3170 1211 3486 1263 instaurata
3529 1210 3786 1278 protinus

2095 1299 2337 1351 sanitate
2370 1298 2691 1351 benedicat.

2169 1386 2410 1439 Domine
2459 1392 2671 1451 sancte,
2709 1386 2873 1438 Pater
2922 1386 3305 1455 omnipotens,
3360 1390 3575 1438 asterne
3622 1386 3781 1441 Deus.

2094 1475 2193 1544 qui
2216 1475 2585 1543 fragilitatem
2610 1473 2955 1526 conditionis
2987 1479 3200 1525 nostra:
3222 1473 3407 1526 infusa
3420 1473 3656 1525 virtutis
3678 1478 3780 1525 tuae

2092 1563 2427 1631 dignatione
2451 1562 2776 1627 conlirmas,
2803 1566 2864 1613 ut
2889 1560 3233 1613 salutaribus
3265 1561 3531 1613 remediis
3561 1562 3784 1631 pietatis

2096 1656 2209 1703 tute
2249 1666 2488 1720 corpora
2530 1656 2724 1703 nostra
2770 1654 2828 1703 et
2880 1649 3139 1702 membra
3208 1654 3566 1718 vegetentur,
3621 1665 3785 1717 super

2027 1712 2066 1764 Β
2095 1741 2246 1792 hunc
2274 1712 2555 1793 famulum
2590 1745 2750 1792 tuum
2809 1738 3149 1809 propitiatus
3198 1712 3434 1792 intende
3459 1780 3472 1802 ,
3514 1712 3583 1791 ut
3635 1712 3785 1791 omni

2096 1828 2431 1882 necessitate
2463 1843 2757 1897 corporea:
2813 1826 3164 1880 inﬁrmitatis
3212 1827 3456 1893 exclusa,
3507 1826 3786 1897 gratiam

2094 1932 2162 1970 eo
2228 1917 2483 1987 pristinae
2542 1915 2801 1970 sanitatis
2846 1915 3095 1984 perfecta
3142 1918 3461 1982 reparetur.
3514 1915 3626 1967 Per
3686 1913 3786 1964 Do-

2094 2006 2339 2059 minum.

2851 2091 3023 2146 XCIX.

2576 2214 2766 2254 MISSA
2814 2214 2933 2253 PRO
2980 2212 3304 2252 INFIRMIS.

2164 2306 2544 2376 Omnipotens
2596 2306 2943 2375 sempiterne
2975 2304 3144 2369 Deus,
3204 2304 3357 2356 salus
3396 2307 3615 2356 aeterna
3666 2317 3784 2353 ere-

2093 2394 2374 2461 dentium,
2411 2394 2614 2447 exaudi
2637 2412 2739 2447 nos
2771 2410 2875 2464 pro
2909 2394 3140 2447 famulis
3170 2392 3283 2446 tuis
3320 2394 3410 2459 N.,
3440 2409 3539 2462 pro
3570 2393 3783 2463 quibus

2094 2483 2503 2536 misericordiae
2554 2488 2667 2536 tua:
2725 2484 3103 2551 imploramus
3154 2482 3455 2547 auxilium,
3491 2487 3550 2534 ut
3600 2481 3784 2533 redita

2094 2571 2200 2625 sibi
2227 2572 2489 2634 sanitate,
2522 2572 2837 2641 gratiarum
2864 2571 2966 2625 tibi
3009 2570 3068 2622 in
3109 2571 3345 2623 ecclesia
3384 2575 3481 2622 tua
3538 2570 3787 2622 referant

2094 2661 2395 2715 actionem.
2433 2662 2555 2714 Per.

2816 2750 3047 2804 Secreta.

2164 2839 2335 2903 Deus,
2367 2838 2531 2907 cujus
2562 2837 2795 2891 nutibus
2835 2838 2964 2890 vitae
3003 2842 3211 2890 nostra:
3245 2841 3538 2890 momenta
3584 2835 3779 2889 decur-

2092 2932 2246 2992 runt,
2281 2926 2503 2996 suscipe
2538 2941 2731 2995 preces
2776 2932 2832 2978 et
2882 2925 3092 2977 hostias
3140 2925 3487 2977 famulorum
3536 2922 3775 2976 famula-

2023 3008 2063 3061 C
2095 3030 2337 3083 rumque
2382 3020 2636 3079 tuarum,
2688 3029 2791 3083 pro
2856 3012 3063 3082 quibus
3116 3011 3568 3065 misericordiam
3624 3016 3779 3064 tuam

2091 3102 2501 3173 aegrotantibus
2548 3102 2943 3173 imploramus,
2990 3107 3053 3155 ut
3111 3102 3178 3155 de
3232 3117 3477 3171 quorum
3527 3102 3779 3171 periculo

2091 3192 2401 3244 metuimus
2432 3190 2500 3243 de
2539 3206 2740 3243 eorum
2783 3190 2963 3243 salute
2987 3191 3267 3243 laetemur.
3307 3190 3415 3242 Per
3451 3188 3775 3241 Dominum.

2789 3298 3068 3363 Praefatio.

2166 3405 2227 3457 D.
2276 3408 2333 3456 et
2373 3404 2593 3473 justum
2642 3407 2745 3468 est,
2776 3418 2962 3470 usque.
3000 3407 3194 3456 eterne
3232 3403 3395 3456 Deus.
3430 3402 3542 3466 Qui
3598 3402 3775 3454 famu-

2092 3493 2177 3546 los
2210 3497 2337 3546 tuos
2363 3492 2494 3545 ideo
2525 3491 2899 3561 corporaliter
2956 3491 3225 3545 verberas
3274 3494 3334 3543 ut
3364 3494 3559 3543 mente
3601 3490 3779 3558 proﬁ—

2094 3580 2265 3643 ciant,
2300 3584 2562 3648 potenter
2591 3578 2893 3632 ostendens
2925 3578 3076 3648 quod
3119 3578 3190 3631 sit
3218 3578 3443 3648 pietatis
3490 3581 3608 3631 tum
3636 3593 3778 3647 prae-

2091 3669 2242 3721 clara
2273 3667 2528 3733 salvatio,
2561 3666 2698 3720 dum
2728 3672 2987 3736 praestas,
3022 3671 3081 3719 ut
3112 3670 3385 3736 operetur
3412 3666 3580 3719 nobis
3612 3666 3778 3719 etiam

2092 3756 2217 3826 ipsa
2250 3756 2552 3810 inﬁrmitas
2584 3757 2845 3809 salutem.
2878 3756 2984 3808 Per
3014 3755 3303 3810 Christum
3337 3754 3647 3808 Dominum
3680 3771 3779 3806 no-

2091 3851 2295 3899 strum.

2677 3932 2770 3985 Ad
2801 3932 3202 4000 Complendum.

2162 4039 2310 4091 Deus
2363 4036 2717 4091 inﬁrmitatis
2763 4036 3029 4090 humana:
3089 4036 3381 4106 singulare
3420 4035 3781 4104 prmsidium,

2090 4126 2289 4179 auxilii
2318 4125 2401 4178 tui
2440 4141 2612 4194 super
2641 4124 2896 4178 inﬁrmos
2948 4130 3169 4177 nostros
3221 4123 3457 4177 ostende
3488 4124 3781 4187 virtutem,

2092 4220 2155 4269 ut
2186 4230 2294 4283 ope
2324 4213 2733 4267 misericordiae
2763 4219 2877 4267 tuas
2902 4213 3107 4283 adjuti.
3144 4211 3395 4266 ecclesia:
3428 4217 3543 4265 ture.
3572 4218 3781 4265 sancte

2020 4328 2064 4381 ο
2091 4298 2492 4372 repraesentari
2524 4308 2872 4356 mereantur.
2908 4304 3031 4355 Per.

2900 4426 2957 4479 C.

2373 4547 2612 4587 ORATIO
2666 4547 2784 4587 PRO
2830 4546 3109 4587 REDDITA
3149 4546 3491 4586 SANITATE.

2158 4636 2397 4691 Domine
2426 4640 2638 4702 sancte,
2683 4636 2851 4688 Pater
2900 4634 3286 4704 omnipotens,
3347 4638 3561 4687 aeterne
3612 4636 3781 4693 Deus.

2088 4725 2187 4795 qui
2210 4724 2624 4778 benedictionis
2651 4729 2764 4776 tute
2798 4724 3042 4793 gratiam
3074 4722 3244 4792 aegris
3276 4722 3637 4776 infundendo
3660 4740 3785 4775 cor-

2086 4813 2342 4884 poribus,
2380 4813 2657 4865 facturam
2693 4816 2849 4864 tuam
2889 4811 3193 4880 multiplici
3250 4811 3463 4880 pietate
3504 4813 3784 4873 custodis,

2089 4902 2158 4955 ad
2190 4901 2613 4955 invocationem
2654 4900 2907 4952 nominis
2955 4899 3039 4952 tui
3099 4899 3383 4968 benignus
3448 4900 3674 4964 assiste,
3734 4905 3788 4952 et

2088 4990 2240 5043 hunc
2291 4988 2571 5041 famulum
2622 4994 2788 5041 tuum
2832 4989 2892 5041 N.
2952 4988 3255 5041 liberatum
3312 4988 3686 5057 aegritudine,
3735 4993 3787 5041 et

2089 5077 2330 5131 sanitate
2360 5077 2656 5142 donatum,
2691 5077 2921 5130 dextera
2958 5081 3053 5129 tua
3079 5076 3287 5145 erigas,
3328 5077 3538 5130 virtute
3576 5076 3787 5131 conﬁr-

2090 5181 2231 5231 mes,
2264 5169 2543 5234 potestate
2576 5164 2814 5227 tuearis,
2858 5164 3110 5217 ecclesiae
3140 5170 3254 5217 tua:
3286 5164 3615 5235 sanctisque
3657 5166 3791 5218 alta-

2090 5253 2248 5306 ribus
2304 5252 2418 5305 tuis
2452 5268 2584 5306 cum
2624 5252 2785 5305 omni
2844 5252 3166 5305 desiderata
3199 5252 3576 5321 prosperitate
3632 5253 3790 5306 resti-

2089 5347 2238 5397 tuas.
2261 5343 2387 5395 Per.

2162 5500 2187 5539 ὓ
2231 5496 2490 5550 Meminit
2545 5496 2754 5549 harum
2814 5494 3142 5549 orationum
3203 5494 3356 5548 Ordo
3419 5495 3581 5548 Rom.
3655 5510 3784 5564 pag.

2093 5570 2150 5618 :‘Sl
2210 5574 2266 5619 et
2321 5572 2589 5636 sequent;
2650 5566 2944 5631 Alcuinus,
3009 5582 3065 5636 p.
3124 5568 3209 5631 55;
3281 5566 3468 5618 Amat.
3534 5581 3658 5631 t,c.
3706 5569 3787 5618 12.
