3868 6228
49 352 120 403 Sil
176 382 177 385 η
1315 348 1521 405 LIBER
1559 350 2202 406 SACRAMENTORUM.

1736 484 1783 534 Α

815 478 902 531 Cl.

161 579 658 621 RECONCILIATIO
697 568 1115 621 PCENITKNTIS
1153 581 1230 620 AD
1270 582 1559 622 MORTEM.

104 671 420 740 Majestatem
476 678 662 735 tuam,
700 672 961 737 Domine,
990 672 1276 743 supplices
1309 674 1704 743 deprecamur,

51 768 98 815 ut
137 762 251 813 hinc
295 760 519 813 famulo
572 766 673 814 tuo
724 762 787 814 N.
820 762 994 830 longo
1053 762 1319 832 squalore
1353 762 1707 831 poenitentim

52 853 307 911 macerato,
344 848 741 902 miserationis
786 855 896 902 tum
926 848 1152 901 veniam
1184 848 1384 919 largiri
1418 848 1704 918 digneris,

53 944 114 1001 ut,
139 936 543 1005 nuptialiveste
573 941 824 1005 recepta,
852 936 920 990 ad
954 937 1209 1005 regalem
1245 952 1526 1003 mensam,
1556 937 1707 990 unde

55 1026 221 1095 ejectus
246 1023 453 1091 fuerat,
480 1031 775 1079 mereatur
800 1025 1061 1079 introire.
1112 1026 1238 1080 Per.
1400 1032 1401 1035 “

801 1132 911 1185 Cll.

108 1234 243 1271 HISSE
264 1234 314 1271 IN
340 1235 562 1273 AGENDA
589 1235 914 1273 MORTUORUM
958 1235 1058 1274 PRO
1090 1234 1376 1273 FRATRIBUS
1417 1236 1635 1274 NOSTRIS

667 1322 1045 1362 DEFUNCTIS.

108 1412 245 1476 Deus,
283 1411 469 1465 venim
517 1412 760 1482 largitor
815 1417 871 1466 et
917 1413 1185 1466 humanm
1216 1412 1418 1466 salutis
1462 1416 1703 1478 amator,

56 1515 334 1570 quaesumus
358 1501 732 1554 clementiam
767 1505 924 1555 tuam
960 1506 1023 1554 ut
1055 1505 1268 1555 nostrm
1300 1501 1707 1570 congregatio-

58 1590 123 1639 nis
159 1587 364 1652 fratres,
402 1588 505 1658 qui
555 1606 621 1641 ex
663 1590 767 1643 hoc
796 1590 1005 1644 smculo
1036 1591 1409 1655 transierunt,
1442 1590 1606 1643 beato
1640 1590 1702 1642 Ν.

56 1683 248 1745 patrono
281 1684 481 1731 nostro
510 1678 921 1745 intercedente,
964 1679 1033 1733 ad
1074 1684 1365 1750 perpetum
1389 1678 1704 1733 beatitudi-

57 1766 119 1816 uis
142 1767 480 1820 consortium
535 1768 837 1837 pervenire
891 1769 1190 1822 concedas.
1242 1769 1346 1820 Per
1397 1767 1705 1821 Dominum

60 1859 295 1908 nostrum.

646 1946 819 2014 Super
862 1945 1079 1999 Oblata.

109 2049 249 2114 Deus,
274 2050 440 2119 cujus
474 2050 877 2104 misericordim
909 2067 1023 2104 non
1052 2056 1137 2104 est
1165 2066 1461 2114 numerus,
1486 2047 1708 2118 suscipe

58 2137 295 2205 propitius
364 2154 566 2206 preces
622 2138 965 2192 humilitatis
1010 2145 1241 2204 nostrm,
1295 2143 1351 2192 et
1406 2137 1708 2191 animabus

58 2225 223 2293 quibus
276 2226 359 2278 tui
405 2226 658 2279 nominis
712 2225 917 2280 dedisti
971 2227 1408 2291 confessionem,
1458 2242 1561 2296 per
1590 2226 1709 2279 hmc

58 2320 367 2367 sacramenta
422 2315 622 2368 salutis
664 2320 873 2369 nostrae
907 2321 1242 2371 cunctorum
1278 2315 1465 2369 tribue
1507 2315 1705 2368 remis-

56 2400 235 2455 sionem
256 2410 648 2473 peccatorum.
677 2404 804 2458 Per.

625 2528 794 2593 Infra
822 2530 1101 2581 actionem.

111 2630 241 2683 Hanc
272 2631 451 2700 igitur
483 2631 856 2695 oblationem,
915 2648 1085 2702 quam
1136 2632 1241 2685 tibi
1271 2631 1563 2685 offerimus
1602 2648 1707 2702 pro

56 2719 316 2771 animabus
372 2720 617 2772 fratrum
666 2725 1014 2787 nostrorum,
1048 2736 1402 2789 quaesumus.
1438 2720 1705 2788 Domine,

54 2806 265 2873 placatus
298 2806 551 2870 intende,
587 2823 687 2877 pro
722 2808 932 2878 quibus
963 2808 1245 2877 majestati
1279 2811 1393 2862 tum
1423 2808 1708 2878 supplices

57 2892 311 2947 fundimus
341 2911 560 2964 preces,
607 2902 670 2949 ut
722 2912 816 2949 eas
854 2897 916 2950 in
947 2913 1189 2951 numero
1222 2904 1551 2950 sanctorum
1580 2902 1708 2949 tuo-

58 2996 155 3034 rum
207 2983 309 3035 tibi
359 2984 713 3053 placentium
771 2984 1078 3055 dignanter
1137 2985 1404 3050 ascribas,
1466 2985 1709 3054 Diesque

58 3078 264 3125 nostros.

559 3165 684 3217 Post
725 3165 1172 3220 Communionem.

110 3267 321 3333 Praesta,
367 3284 724 3339 qumsumus,
786 3270 1108 3324 misericors
1173 3271 1340 3336 Deus,
1389 3274 1452 3324 ut
1499 3269 1710 3324 animm

56 3369 137 3422 pro
170 3357 367 3425 quibus
392 3358 504 3411 hoc
534 3357 877 3417 sacriﬁcium
908 3359 1093 3412 laudis
1114 3362 1223 3412 tum
1267 3358 1560 3413 offerimus
1588 3375 1709 3413 ma-

53 3442 235 3511 jestati,
287 3461 389 3515 per
430 3447 605 3516 hujus
654 3448 921 3501 virtutem
982 3448 1325 3501 sacramenti
1378 3465 1409 3501 a
1468 3448 1712 3517 peccatis

58 3534 288 3587 omnibus
314 3535 581 3605 expiatm,
614 3537 754 3590 lucis
784 3542 1080 3606 perpetuae
1108 3542 1161 3590 te
1208 3537 1536 3606 miserante,
1578 3552 1710 3606 per-

55 3620 241 3689 cipiant
262 3622 695 3679 beatitudinem.
728 3626 856 3679 Per.

793 3750 945 3803 Alia.

114 3852 259 3917 Deus,
287 3852 400 3906 vita
429 3853 776 3922 viventium,
818 3870 946 3923 spes
976 3853 1373 3920 morientium,
1407 3854 1557 3907 salus
1589 3870 1714 3907 om-

58 3938 192 3992 nium
226 3940 279 3994 in
318 3946 373 3995 te
406 3943 788 4012 sperantium,
837 3948 1043 4012 prmsta
1082 3942 1369 4012 propitius
1413 3948 1477 3995 ut
1507 3942 1714 3995 animm

58 4026 203 4095 hujus
252 4030 712 4101 congregationis
761 4035 820 4083 et
902 4030 1165 4083 omnium
1219 4030 1311 4083 hic
1358 4030 1716 4099 requiescen-

60 4114 197 4177 tium,
265 4132 297 4169 a
354 4123 568 4170 nostrm
645 4117 1009 4175 mortalitatis
1086 4118 1340 4171 tenebris
1413 4118 1713 4183 absolutm,

60 4206 264 4267 patrono
318 4210 517 4258 nostro
560 4206 729 4258 beato
765 4206 827 4259 N.
874 4206 1287 4271 intercedente,
1319 4206 1378 4259 in
1416 4181 1717 4276 .perpetua

63 4304 170 4342 cum
185 4293 375 4347 sanctis
404 4296 519 4346 tuis
550 4294 677 4347 luce
708 4295 994 4348 laetentur.
1030 4296 1154 4349 Per.

63 4419 81 4442 ³
112 4429 158 4463 IX
196 4430 274 4468 ωε
324 4433 695 4470 DBPOSITIONIS
737 4433 990 4471 DEFUNCTI
1034 4434 1125 4484 III,
1167 4433 1267 4471 νει
1305 4434 1401 4483 VII,
1444 4433 1547 4470 νει
1577 4432 1707 4477 _XXX.

123 4520 306 4575 Adesto
337 4539 694 4593 qumsumus,
735 4524 997 4589 Domine,
1034 4540 1138 4594 pro
1185 4523 1375 4576 anima
1404 4522 1604 4576 famuli
1638 4521 1721 4575 tui

67 4607 141 4669 .\'.,
168 4610 245 4663 cui
269 4612 324 4664 in
346 4611 708 4681 depositione
740 4628 841 4665 sua
877 4612 1129 4665 officium
1162 4610 1722 4665 commemorationis

70 4694 434 4763 impendimus,
463 4704 532 4751 ut
562 4699 608 4751 si
636 4715 751 4769 qua
778 4700 831 4752 ei
853 4701 1140 4753 smcnlaris
1167 4699 1316 4753 mala
1346 4699 1593 4762 inhaesit,
1626 4702 1724 4751 aut

70 4784 235 4838 vitium
262 4788 553 4841 mundiale
585 4787 799 4854 infecit,
835 4788 985 4842 dono
1015 4793 1130 4842 tum
1158 4787 1390 4857 pietatis
1426 4787 1722 4856 indulgeas

70 4878 117 4923 et
142 4880 391 4946 extergas.
426 4876 557 4929 Per.

805 4967 961 5019 Alia.

132 5064 459 5130 Quaesumus,
505 5069 771 5135 Domine,
808 5070 1018 5123 animm
1058 5069 1258 5122 famuli
1293 5069 1379 5123 tui
1418 5071 1506 5128 N.,
1565 5070 1728 5139 cujus

74 5153 290 5219 tertium,
336 5158 421 5209 vel
468 5156 806 5225 septimum,
848 5158 938 5210 vel
986 5157 1342 5210 tricesimum
1402 5157 1592 5210 obitus
1642 5156 1731 5209 sui

75 5238 197 5293 diem
248 5260 786 5313 commemoramus,
846 5250 1172 5298 sanctorum
1252 5251 1482 5298 tuorum
1563 5249 1733 5314 atque

77 5326 339 5386 electorum
371 5334 585 5403 largire
608 5334 982 5397 consortium,
1025 5338 1081 5387 et
1108 5348 1293 5386 rorem
1327 5333 1735 5386 misericordim

76 5417 166 5467 tum
184 5432 482 5486 perennem
514 5420 775 5474 infunde.
811 5421 917 5473 Per
948 5420 1278 5473 Dominum.

3404 356 3507 409 8i?

1917 481 2097 533 Lectio
2128 482 2381 549 Epistolm
2408 484 2467 535 B.
2498 485 2656 536 Pauli
2684 486 2918 553 apostoli
2945 486 3020 538 ad
3059 487 3385 542 Corinthios.

1898 586 2136 652 Fratres,
2168 602 2292 639 ecce
2325 589 2658 656 mysterium
2706 591 2864 643 vobis
2911 592 3056 646 dico.
3111 593 3321 647 Omnes
3376 593 3499 664 qui—

1816 672 1948 726 dem
1971 690 2355 744 resurgemus,
2388 678 2481 729 sed
2507 693 2622 729 non
2654 694 2850 732 omnes
2882 680 3339 735 immutabimur.

1939 780 2229 846 Sequentia
2259 785 2437 835 sancti
2465 785 2755 849 Evangelii
2783 787 3074 840 secundum
3097 791 3376 843 Joannem.

1888 867 1948 919 In
1979 867 2076 920 illo
2109 872 2387 937 tempore,
2420 869 2563 922 dixit
2588 870 2804 925 Martha
2861 874 2931 927 ad
2962 875 3156 928 Iesum
3192 892 3203 929 :
3240 877 3501 941 Domine,

1815 954 1863 1007 si
1894 953 2096 1008 fuisses
2118 956 2230 1023 hic,
2263 957 2440 1010 frater
2468 974 2628 1011 meus
2658 976 2773 1012 non
2808 960 3007 1016 fuisset
3038 947 3315 1018 mortuus.

2453 1066 2633 1133 Super
2663 1067 2877 1120 Oblata.

1884 1150 2115 1215 Adesto,
2155 1152 2413 1215 Domine,
2448 1154 2963 1221 supplicationibus
2996 1156 3228 1223 nostris,
3263 1162 3320 1211 et
3360 1158 3507 1211 hanc

1815 1238 2183 1304 oblationem,
2215 1255 2388 1309 quam
2421 1240 2523 1294 tibi
2553 1240 2846 1295 offerimus
2881 1244 2954 1297 ob
2987 1243 3141 1297 diem
3194 1245 3506 1315 depositio-

1816 1326 1905 1379 nis
1930 1327 2180 1393 tertium,
2212 1330 2294 1380 vel
2328 1329 2660 1397 septimum,
2697 1332 2781 1384 vel
2818 1331 3193 1399 tricesimum,
3243 1350 3349 1404 pro
3383 1334 3507 1388 ani-

1818 1432 1910 1469 ma
1947 1417 2148 1470 famuli
2195 1418 2281 1471 tui
2341 1420 2404 1471 N.
2470 1420 2728 1489 placidus
2777 1422 2865 1474 vel
2919 1422 3206 1493 benignus
3256 1440 3504 1478 assume.

1817 1506 1943 1558 Per.

2515 1598 2789 1650 Prmfatio.

2515 1600 2631 1649 Prw
2662 1600 2789 1650 alio.

1891 1684 1954 1736 D.
1999 1686 2054 1735 et
2087 1683 2309 1753 justum
2351 1689 2454 1747 est,
2501 1600 2670 1752 usun
2700 1688 2805 1738 Per
2855 1686 3142 1739 Christum
3198 1688 3505 1742 Dominum

1749 1774 1788 1827 Β
1817 1776 2099 1825 nostrum.
2134 1773 2241 1824 Per
2270 1788 2443 1841 quem
2475 1760 2626 1825 salus
2660 1774 2881 1839 mundi,
2925 1790 3030 1844 per
3058 1791 3232 1845 quem
3262 1777 3378 1830 vita
3407 1777 3509 1831 ho-

1818 1859 2062 1925 minum,
2123 1876 2225 1928 per
2282 1876 2454 1930 quem
2512 1863 2883 1915 ressurrectio
2948 1870 3327 1919 mortuorum.
3407 1867 3513 1919 Per

1818 1948 2006 2017 ipsum
2040 1953 2115 2016 te,
2142 1948 2401 2013 Domine,
2438 1950 2772 2018 suppliciter
2805 1950 3198 2021 deprecamur,
3226 1960 3285 2006 ut
3303 1955 3512 2007 animm

1819 2035 2020 2089 famuli
2051 2035 2132 2089 tui
2164 2034 2257 2100 N.,
2292 2035 2451 2105 cujus
2473 2036 2850 2106 depositionis
2873 2038 3024 2092 diem
3048 2042 3106 2093 N.
3131 2041 3508 2107 celebramus,

1819 2124 2233 2193 indulgentiam
2268 2124 2464 2193 largiri
2499 2125 2752 2195 digneris
2782 2131 3139 2196 perpetuam,
3174 2134 3344 2199 atque
3376 2146 3509 2182 con-

1817 2213 1985 2282 tagiis
2036 2211 2396 2266 mortalitatis
2447 2219 2696 2280 exutam,
2758 2214 2817 2267 in
2876 2220 3103 2269 mternm
3180 2217 3511 2271 salvationis

1818 2307 2038 2372 partem
2060 2300 2343 2355 restituas.
2384 2302 2488 2354 Per
2517 2318 2709 2371 quem.

2419 2409 2581 2472 Infra
2619 2410 2899 2462 actionem.

1890 2499 2046 2551 Hanc
2077 2496 2251 2567 igitur
2280 2496 2652 2561 oblationem,
2682 2497 2941 2561 Domine,
2975 2514 3146 2568 quam
3181 2498 3283 2553 tibi
3314 2499 3511 2553 offeri—

1818 2600 1943 2637 mus
1964 2601 2065 2654 pro
2088 2584 2493 2637 animafamuli
2537 2584 2615 2637 tui
2650 2585 2735 2649 N.,
2761 2584 2923 2654 cujus
2944 2586 3317 2655 depositionis
3356 2587 3509 2641 diem

1818 2671 2075 2736 tertium,
2117 2671 2449 2741 septimum,
2482 2672 2564 2723 vel
2600 2671 2953 2725 tricesimum
2985 2673 3358 2739 celebramus,
3395 2689 3508 2743 quo

1819 2760 2074 2830 deposito
2147 2776 2404 2829 corpore,
2481 2759 2733 2812 animam
2792 2760 2897 2812 tibi
2965 2762 3207 2813 creatori
3263 2762 3512 2815 reddidit

1820 2865 1991 2919 quam
2024 2847 2249 2911 dedisti,
2290 2863 2393 2916 pro
2438 2864 2553 2917 quo
2576 2848 2823 2915 petimus
2856 2848 3108 2902 divinam
3142 2850 3509 2903 clementiam

1817 2942 1995 2999 tuam,
2023 2941 2105 3002 ut,
2142 2936 2340 2989 mortis
2362 2935 2600 2989 vinculis
2643 2936 2955 3001 absolutus,
3003 2938 3245 2991 transire
3295 2954 3509 2991 merea-

1820 3031 1915 3079 tur
1944 3025 2009 3079 ad
2043 3025 2234 3078 vitam.
2273 3026 2376 3078 Per
2407 3024 2697 3078 Christum
2731 3025 3039 3078 Dominum
3071 3032 3359 3083 nostrum.

2355 3131 2484 3184 Post
2523 3132 2979 3185 Communionem.

1891 3235 2269 3305 Omnipotens
2316 3235 2667 3304 sempiterne
2738 3237 2885 3289 Deus
2938 3238 3215 3290 collocare
3275 3237 3513 3307 dignare

1821 3339 2028 3393 corpus
2057 3328 2113 3377 et
2145 3324 2398 3377 animam
2432 3329 2485 3377 et
2534 3324 2799 3394 spiritum
2857 3325 3058 3378 famuli
3100 3327 3182 3378 tui
3215 3327 3302 3392 N.,
3354 3327 3514 3396 cujus

1821 3412 1975 3465 diem
2028 3413 2284 3478 tertium,
2346 3412 2675 3481 septimum,
2731 3413 2817 3465 vel
2866 3413 3216 3467 tricesimum
3270 3414 3385 3467 sive
3414 3415 3512 3467 de-

1822 3500 2167 3569 positionem
2217 3500 2593 3565 celebramus,
2664 3501 2723 3553 in
2767 3501 2986 3553 sinibus
3044 3502 3308 3569 Abrahae,
3358 3504 3514 3556 Isaac

1824 3594 1881 3642 et
1903 3589 2097 3653 Jacob,
2140 3594 2203 3641 ut
2235 3604 2363 3641 cum
2394 3587 2512 3641 dies
2542 3587 2853 3657 agnitionis
2905 3580 3019 3642 tum
3074 3591 3310 3653 venerit,
3360 3590 3512 3643 inter

1823 3682 2047 3731 sanctos
2078 3681 2134 3730 et
2159 3676 2367 3729 electos
2388 3680 2513 3729 tuos
2545 3691 2678 3729 eum
2706 3677 3027 3729 resuscitari
3059 3677 3378 3747 prmcipias.

1825 3767 1949 3819 Per.

2146 3849 2263 3889 PRO
2307 3848 2496 3889 CUJUS
2540 3849 2753 3890 ANIMA
2798 3850 3188 3890 DUBITATUR.

1898 3940 2271 4010 Omnipotens
2320 3946 2377 3993 et
2434 3940 2757 3994 misericors
2790 3942 2956 4007 Deus,
2994 3941 3225 4007 inclina,
3272 3957 3506 4013 quaesu-

1827 4045 1975 4095 mus,
2010 4029 2359 4082 venerabiles
2390 4045 2556 4082 aures
2606 4033 2732 4083 tuas
2798 4030 2867 4083 ad
2919 4030 3151 4100 exiguas
3184 4046 3377 4099 preces
3408 4048 3507 4085 no-

1830 4121 1993 4181 stras,
2054 4133 2194 4186 quas
2245 4116 2367 4185 [leg.
2419 4116 2647 4186 quibus]
2708 4122 2837 4170 ante
2896 4120 3265 4185 conspectum
3326 4117 3511 4186 maje—

1830 4204 1989 4257 statis
2014 4209 2126 4257 tum
2153 4221 2254 4274 pro
2302 4204 2489 4257 anima
2518 4204 2718 4258 famuli
2748 4206 2831 4257 tui
2864 4206 2925 4257 Ν.
2969 4205 3264 4258 humiliter
3314 4205 3517 4275 depre-

1829 4309 2046 4358 camur,
2069 4299 2135 4345 ut
2164 4293 2303 4345 dum
2344 4294 2412 4345 de
2436 4293 2711 4363 qualitate
2752 4294 2879 4346 vitm
2913 4292 3035 4363 ejus
3082 4292 3416 4360 diffidimus,
3451 4295 3521 4348 de

1761 4366 1802 4419 Ῐ)
1833 4382 2179 4435 abundantia
2202 4381 2429 4451 pietatis
2460 4387 2574 4436 tum
2604 4384 2985 4449 consolemur,
3023 4386 3077 4435 et
3107 4383 3153 4434 si
3196 4383 3265 4435 ad
3294 4383 3522 4453 plenam

1830 4470 2051 4523 veniam
2091 4470 2299 4522 animm
2333 4470 2515 4538 ipsius
2579 4471 2837 4524 obtinere
2868 4487 2982 4523 non
3037 4487 3363 4539 possumus,
3415 4472 3519 4524 sal-

1831 4563 1947 4612 tem
1976 4558 2064 4610 vel
2116 4558 2263 4611 inter
2317 4558 2439 4627 ipsa
2494 4562 2780 4612 tormenta
2828 4573 2957 4627 qum
3010 4557 3249 4610 forsitan
3284 4559 3520 4628 patitur,

1832 4645 2242 4699 abundantiam
2286 4645 2720 4699 miserationum
2752 4650 2981 4697 tuarum
3014 4644 3350 4700 sentiamus.
3384 4648 3515 4700 Per.

2468 4751 2641 4819 Super
2671 4751 2885 4802 Oblata.

1900 4858 2151 4928 Suscipe,
2216 4855 2657 4910 clementissime
2716 4856 2898 4919 Pater,
2952 4871 3054 4925 pro
3103 4871 3525 4911 commemora-

1833 4945 1985 4999 tione
2014 4944 2216 4998 famuli
2256 4944 2337 4996 tui
2386 4942 2450 4995 N.
2487 4941 2729 4993 hostiam
2763 4942 3099 5010 placationis
3129 4949 3185 4996 et
3217 4943 3424 5009 laudis,
3463 4951 3530 4998 ut

1834 5032 2174 5085 sacrificium
2208 5028 2514 5083 oblationis
2540 5028 2839 5098 prmsentis
2891 5029 2961 5081 ad
2998 5030 3368 5099 refrigerium
3402 5033 3526 5085 ani-

1838 5136 1944 5172 mm
1979 5120 2120 5188 ejus,
2150 5121 2203 5169 te
2236 5117 2565 5182 miserante,
2603 5116 2920 5185 perveniat.
2956 5119 3080 5171 Per.

2376 5224 2502 5275 Post
2543 5224 2996 5277 Communionem.

1914 5326 2296 5397 Sumpsimus,
2335 5325 2593 5392 Domine,
2630 5326 2881 5395 corporis
2920 5333 2977 5381 et
3008 5328 3302 5397 sanguinis
3331 5328 3411 5381 tui
3444 5345 3530 5383 re-

1845 5417 2053 5483 media,
2087 5415 2449 5468 obsecrantes
2481 5415 2795 5482 majestatis
2824 5420 2939 5468 tum
2980 5416 3346 5470 clementiam
3391 5422 3537 5471 utet

132 5580 150 5602 ⁸
177 5574 251 5628 Ad
272 5575 633 5631 hunclocum
664 5576 888 5630 videtur
917 5577 1173 5630 alludere
1206 5577 1387 5630 Arna].
1433 5576 1529 5630 lib.
1561 5592 1610 5628 Iv
1641 5575 1711 5629 de
1740 5575 1885 5627 Eccl.
1919 5572 2092 5637 offic,
2133 5587 2181 5624 c.
2217 5573 2308 5627 4‘2.

357 5665 655 5725 PATROL.
702 5664 927 5725 CXXI.
