  <div class='ocr_page' id='page_1' title='image "/cluster/home/n/w/nwhite01/storage/ocr_20150623/121/uva.x000827051/433.png"; bbox 0 0 3868 6228; ppageno 0'>
   <div class='ocr_carea' id='block_1_1' title="bbox 331 324 431 376">
    <p class='ocr_par' dir='ltr' id='par_1_1' title="bbox 331 324 431 376">
     <span class='ocr_line' id='line_1_1' title="bbox 331 324 431 376; baseline 0 -1"><span class='ocrx_word' id='word_1_1' title='bbox 331 324 431 376; x_wconf 76' lang='grc'>843</span> 
     </span>
    </p>
   </div>
   <div class='ocr_carea' id='block_1_2' title="bbox 335 456 2108 524">
    <p class='ocr_par' dir='ltr' id='par_1_2' title="bbox 335 456 2108 524">
     <span class='ocr_line' id='line_1_2' title="bbox 335 456 2108 524; baseline 0.002 -15"><span class='ocrx_word' id='word_1_2' title='bbox 335 459 650 513; x_wconf 78' lang='lat' dir='ltr'>viventibus</span> <span class='ocrx_word' id='word_1_3' title='bbox 673 459 787 512; x_wconf 90' lang='lat' dir='ltr'>sint</span> <span class='ocrx_word' id='word_1_4' title='bbox 819 458 1013 524; x_wconf 80' lang='lat' dir='ltr'>tutela,</span> <span class='ocrx_word' id='word_1_5' title='bbox 1048 461 1103 509; x_wconf 92' lang='lat' dir='ltr'>et</span> <span class='ocrx_word' id='word_1_6' title='bbox 1132 456 1415 511; x_wconf 81' lang='lat' dir='ltr'>defunctis</span> <span class='ocrx_word' id='word_1_7' title='bbox 1446 456 1745 511; x_wconf 86' lang='lat' dir='ltr'>obtineant</span> <span class='ocrx_word' id='word_1_8' title='bbox 1774 457 2021 511; x_wconf 82' lang='lat' dir='ltr'>veniam.</span> <span class='ocrx_word' id='word_1_9' title='bbox 2066 460 2108 512; x_wconf 84' lang='lat' dir='ltr'><strong>A</strong></span> 
     </span>
    </p>
   </div>
   <div class='ocr_carea' id='block_1_3' title="bbox 331 548 1084 602">
    <p class='ocr_par' dir='ltr' id='par_1_3' title="bbox 331 548 1084 602">
     <span class='ocr_line' id='line_1_3' title="bbox 331 548 1084 602; baseline -0.005 0"><span class='ocrx_word' id='word_1_10' title='bbox 331 551 438 602; x_wconf 86' lang='lat' dir='ltr'>Per</span> <span class='ocrx_word' id='word_1_11' title='bbox 468 548 775 602; x_wconf 90' lang='lat' dir='ltr'>Dominum</span> <span class='ocrx_word' id='word_1_12' title='bbox 806 550 1084 600; x_wconf 90' lang='lat' dir='ltr'>nostrum.</span> 
     </span>
    </p>
   </div>
   <div class='ocr_carea' id='block_1_4' title="bbox 1110 652 1248 705">
    <p class='ocr_par' dir='ltr' id='par_1_4' title="bbox 1110 652 1248 705">
     <span class='ocr_line' id='line_1_4' title="bbox 1110 652 1248 705; baseline -0.022 0"><span class='ocrx_word' id='word_1_13' title='bbox 1110 652 1248 705; x_wconf 88' lang='lat' dir='ltr'><strong>CIII.</strong></span> 
     </span>
    </p>
   </div>
   <div class='ocr_carea' id='block_1_5' title="bbox 772 754 1593 796">
    <p class='ocr_par' dir='ltr' id='par_1_5' title="bbox 772 754 1593 796">
     <span class='ocr_line' id='line_1_5' title="bbox 772 754 1593 796; baseline -0.004 0"><span class='ocrx_word' id='word_1_14' title='bbox 772 756 957 796; x_wconf 74' lang='lat' dir='ltr'>MISSA</span> <span class='ocrx_word' id='word_1_15' title='bbox 1011 754 1202 794; x_wconf 79' lang='lat' dir='ltr'>UNIUS</span> <span class='ocrx_word' id='word_1_16' title='bbox 1250 755 1593 794; x_wconf 78' lang='lat' dir='ltr'><strong>DEFUNCTI.</strong></span> 
     </span>
    </p>
   </div>
   <div class='ocr_carea' id='block_1_6' title="bbox 402 844 2023 919">
    <p class='ocr_par' dir='ltr' id='par_1_6' title="bbox 402 844 2023 919">
     <span class='ocr_line' id='line_1_6' title="bbox 402 844 2023 919; baseline -0.003 -17"><span class='ocrx_word' id='word_1_17' title='bbox 402 848 795 919; x_wconf 86' lang='lat' dir='ltr'>Omnipotens,</span> <span class='ocrx_word' id='word_1_18' title='bbox 842 847 1187 916; x_wconf 77' lang='lat' dir='ltr'>sempiterno</span> <span class='ocrx_word' id='word_1_19' title='bbox 1232 849 1397 910; x_wconf 90' lang='lat' dir='ltr'>Deus,</span> <span class='ocrx_word' id='word_1_20' title='bbox 1434 846 1524 899; x_wconf 89' lang='lat' dir='ltr'>cui</span> <span class='ocrx_word' id='word_1_21' title='bbox 1576 861 1873 914; x_wconf 83' lang='lat' dir='ltr'>nunquam</span> <span class='ocrx_word' id='word_1_22' title='bbox 1902 844 2023 897; x_wconf 84' lang='lat' dir='ltr'>sine</span> 
     </span>
    </p>
   </div>
   <div class='ocr_carea' id='block_1_7' title="bbox 333 933 2028 1007">
    <p class='ocr_par' dir='ltr' id='par_1_7' title="bbox 333 933 2028 1007">
     <span class='ocr_line' id='line_1_7' title="bbox 333 933 2028 1007; baseline -0.004 -16"><span class='ocrx_word' id='word_1_23' title='bbox 333 955 429 1007; x_wconf 85' lang='lat' dir='ltr'>spe</span> <span class='ocrx_word' id='word_1_24' title='bbox 474 938 879 991; x_wconf 66' lang='lat' dir='ltr'>misericordias</span> <span class='ocrx_word' id='word_1_25' title='bbox 926 936 1301 1005; x_wconf 82' lang='lat' dir='ltr'>supplicatur,</span> <span class='ocrx_word' id='word_1_26' title='bbox 1346 934 1661 1005; x_wconf 89' lang='lat' dir='ltr'>propitiare</span> <span class='ocrx_word' id='word_1_27' title='bbox 1694 933 1902 986; x_wconf 77' lang='lat' dir='ltr'>animae</span> <span class='ocrx_word' id='word_1_28' title='bbox 1937 933 2028 986; x_wconf 89' lang='lat' dir='ltr'>fa-</span> 
     </span>
    </p>
   </div>
   <div class='ocr_carea' id='block_1_8' title="bbox 334 1020 2031 1096">
    <p class='ocr_par' dir='ltr' id='par_1_8' title="bbox 334 1020 2031 1096">
     <span class='ocr_line' id='line_1_8' title="bbox 334 1020 2031 1096; baseline -0.005 -15"><span class='ocrx_word' id='word_1_29' title='bbox 334 1027 478 1081; x_wconf 88' lang='lat' dir='ltr'>muli</span> <span class='ocrx_word' id='word_1_30' title='bbox 508 1027 591 1080; x_wconf 88' lang='lat' dir='ltr'>tui</span> <span class='ocrx_word' id='word_1_31' title='bbox 614 1027 677 1079; x_wconf 87' lang='lat' dir='ltr'>N.</span> <span class='ocrx_word' id='word_1_32' title='bbox 713 1031 775 1079; x_wconf 93' lang='lat' dir='ltr'>ut</span> <span class='ocrx_word' id='word_1_33' title='bbox 806 1026 904 1096; x_wconf 88' lang='lat' dir='ltr'>qui</span> <span class='ocrx_word' id='word_1_34' title='bbox 940 1026 1009 1078; x_wconf 92' lang='lat' dir='ltr'>de</span> <span class='ocrx_word' id='word_1_35' title='bbox 1044 1026 1147 1077; x_wconf 83' lang='lat' dir='ltr'>hac</span> <span class='ocrx_word' id='word_1_36' title='bbox 1176 1024 1288 1076; x_wconf 89' lang='lat' dir='ltr'>vita</span> <span class='ocrx_word' id='word_1_37' title='bbox 1320 1022 1488 1075; x_wconf 92' lang='lat' dir='ltr'>intui</span> <span class='ocrx_word' id='word_1_38' title='bbox 1536 1021 1786 1075; x_wconf 91' lang='lat' dir='ltr'>nominis</span> <span class='ocrx_word' id='word_1_39' title='bbox 1817 1020 2031 1073; x_wconf 91' lang='lat' dir='ltr'>confes-</span> 
     </span>
    </p>
   </div>
   <div class='ocr_carea' id='block_1_9' title="bbox 335 1107 2031 1179">
    <p class='ocr_par' dir='ltr' id='par_1_9' title="bbox 335 1107 2031 1179">
     <span class='ocr_line' id='line_1_9' title="bbox 335 1107 2031 1179; baseline -0.006 -10"><span class='ocrx_word' id='word_1_40' title='bbox 335 1117 493 1168; x_wconf 85' lang='lat' dir='ltr'>sione</span> <span class='ocrx_word' id='word_1_41' title='bbox 543 1114 802 1179; x_wconf 77' lang='lat' dir='ltr'>decessit,</span> <span class='ocrx_word' id='word_1_42' title='bbox 862 1118 1185 1165; x_wconf 88' lang='lat' dir='ltr'>sanctorum</span> <span class='ocrx_word' id='word_1_43' title='bbox 1271 1117 1502 1163; x_wconf 91' lang='lat' dir='ltr'>tuorum</span> <span class='ocrx_word' id='word_1_44' title='bbox 1565 1124 1806 1162; x_wconf 89' lang='lat' dir='ltr'>numero</span> <span class='ocrx_word' id='word_1_45' title='bbox 1858 1107 2031 1161; x_wconf 83' lang='lat' dir='ltr'>facias</span> 
     </span>
    </p>
   </div>
   <div class='ocr_carea' id='block_1_10' title="bbox 337 1201 1156 1274">
    <p class='ocr_par' dir='ltr' id='par_1_10' title="bbox 337 1201 1156 1274">
     <span class='ocr_line' id='line_1_10' title="bbox 337 1201 1156 1274; baseline -0.007 -17"><span class='ocrx_word' id='word_1_46' title='bbox 337 1204 656 1274; x_wconf 87' lang='lat' dir='ltr'>aggregari.</span> <span class='ocrx_word' id='word_1_47' title='bbox 691 1206 794 1256; x_wconf 89' lang='lat' dir='ltr'>Per</span> <span class='ocrx_word' id='word_1_48' title='bbox 831 1201 1156 1255; x_wconf 91' lang='lat' dir='ltr'>Dominum.</span> 
     </span>
    </p>
   </div>
   <div class='ocr_carea' id='block_1_11' title="bbox 971 1304 1391 1373">
    <p class='ocr_par' dir='ltr' id='par_1_11' title="bbox 971 1304 1391 1373">
     <span class='ocr_line' id='line_1_11' title="bbox 971 1304 1391 1373; baseline -0.01 -13"><span class='ocrx_word' id='word_1_49' title='bbox 971 1307 1145 1373; x_wconf 82' lang='lat' dir='ltr'>Super</span> <span class='ocrx_word' id='word_1_50' title='bbox 1175 1304 1391 1358; x_wconf 82' lang='lat' dir='ltr'>Oblata.</span> 
     </span>
    </p>
   </div>
   <div class='ocr_carea' id='block_1_12' title="bbox 410 1407 2032 1485">
    <p class='ocr_par' dir='ltr' id='par_1_12' title="bbox 410 1407 2032 1485">
     <span class='ocr_line' id='line_1_12' title="bbox 410 1407 2032 1485; baseline -0.006 -15"><span class='ocrx_word' id='word_1_51' title='bbox 410 1415 1119 1485; x_wconf 67' lang='lat' dir='ltr'>Propitiare,quaasumus,</span> <span class='ocrx_word' id='word_1_52' title='bbox 1160 1410 1427 1476; x_wconf 87' lang='lat' dir='ltr'>Domine,</span> <span class='ocrx_word' id='word_1_53' title='bbox 1470 1407 1677 1462; x_wconf 68' lang='lat' dir='ltr'>animae</span> <span class='ocrx_word' id='word_1_54' title='bbox 1717 1407 1919 1461; x_wconf 87' lang='lat' dir='ltr'>famuli</span> <span class='ocrx_word' id='word_1_55' title='bbox 1951 1408 2032 1461; x_wconf 90' lang='lat' dir='ltr'>tui</span> 
     </span>
    </p>
   </div>
   <div class='ocr_carea' id='block_1_13' title="bbox 340 1496 2036 1575">
    <p class='ocr_par' dir='ltr' id='par_1_13' title="bbox 340 1496 2036 1575">
     <span class='ocr_line' id='line_1_13' title="bbox 340 1496 2036 1575; baseline -0.005 -18"><span class='ocrx_word' id='word_1_56' title='bbox 340 1505 427 1571; x_wconf 84' lang='lat' dir='ltr'>N.,</span> <span class='ocrx_word' id='word_1_57' title='bbox 475 1521 577 1575; x_wconf 90' lang='lat' dir='ltr'>pro</span> <span class='ocrx_word' id='word_1_58' title='bbox 646 1520 759 1573; x_wconf 91' lang='lat' dir='ltr'>qua</span> <span class='ocrx_word' id='word_1_59' title='bbox 806 1502 909 1555; x_wconf 91' lang='lat' dir='ltr'>tibi</span> <span class='ocrx_word' id='word_1_60' title='bbox 965 1501 1180 1555; x_wconf 84' lang='lat' dir='ltr'>hostias</span> <span class='ocrx_word' id='word_1_61' title='bbox 1232 1497 1569 1568; x_wconf 79' lang='lat' dir='ltr'>placationis</span> <span class='ocrx_word' id='word_1_62' title='bbox 1622 1496 1942 1559; x_wconf 73' lang='lat' dir='ltr'>offerimus,</span> <span class='ocrx_word' id='word_1_63' title='bbox 1980 1500 2036 1548; x_wconf 90' lang='lat' dir='ltr'>et</span> 
     </span>
    </p>
   </div>
   <div class='ocr_carea' id='block_1_14' title="bbox 339 1584 2035 1663">
    <p class='ocr_par' dir='ltr' id='par_1_14' title="bbox 339 1584 2035 1663">
     <span class='ocr_line' id='line_1_14' title="bbox 339 1584 2035 1663; baseline -0.006 -17"><span class='ocrx_word' id='word_1_64' title='bbox 339 1595 473 1663; x_wconf 87' lang='lat' dir='ltr'>quia</span> <span class='ocrx_word' id='word_1_65' title='bbox 501 1593 561 1645; x_wconf 91' lang='lat' dir='ltr'>in</span> <span class='ocrx_word' id='word_1_66' title='bbox 600 1593 705 1645; x_wconf 92' lang='lat' dir='ltr'>hac</span> <span class='ocrx_word' id='word_1_67' title='bbox 737 1593 860 1644; x_wconf 90' lang='lat' dir='ltr'>luce</span> <span class='ocrx_word' id='word_1_68' title='bbox 889 1591 950 1643; x_wconf 90' lang='lat' dir='ltr'>in</span> <span class='ocrx_word' id='word_1_69' title='bbox 994 1590 1107 1642; x_wconf 85' lang='lat' dir='ltr'>fide</span> <span class='ocrx_word' id='word_1_70' title='bbox 1142 1587 1353 1640; x_wconf 87' lang='lat' dir='ltr'>mansit</span> <span class='ocrx_word' id='word_1_71' title='bbox 1396 1585 1691 1647; x_wconf 85' lang='lat' dir='ltr'>catholica,</span> <span class='ocrx_word' id='word_1_72' title='bbox 1726 1586 1786 1638; x_wconf 93' lang='lat' dir='ltr'>in</span> <span class='ocrx_word' id='word_1_73' title='bbox 1842 1584 2035 1638; x_wconf 87' lang='lat' dir='ltr'>futura</span> 
     </span>
    </p>
   </div>
   <div class='ocr_carea' id='block_1_15' title="bbox 337 1676 1491 1751">
    <p class='ocr_par' dir='ltr' id='par_1_15' title="bbox 337 1676 1491 1751">
     <span class='ocr_line' id='line_1_15' title="bbox 337 1676 1491 1751; baseline -0.005 -19"><span class='ocrx_word' id='word_1_74' title='bbox 337 1682 450 1735; x_wconf 87' lang='lat' dir='ltr'>vita</span> <span class='ocrx_word' id='word_1_75' title='bbox 482 1682 603 1751; x_wconf 84' lang='lat' dir='ltr'>ejus</span> <span class='ocrx_word' id='word_1_76' title='bbox 626 1679 927 1733; x_wconf 82' lang='lat' dir='ltr'>retributio</span> <span class='ocrx_word' id='word_1_77' title='bbox 964 1677 1335 1731; x_wconf 88' lang='lat' dir='ltr'>condonetur.</span> <span class='ocrx_word' id='word_1_78' title='bbox 1368 1676 1491 1727; x_wconf 86' lang='lat' dir='ltr'>Per.</span> 
     </span>
    </p>
   </div>
   <div class='ocr_carea' id='block_1_16' title="bbox 943 1784 1425 1849">
    <p class='ocr_par' dir='ltr' id='par_1_16' title="bbox 943 1784 1425 1849">
     <span class='ocr_line' id='line_1_16' title="bbox 943 1784 1425 1849; baseline -0.006 -13"><span class='ocrx_word' id='word_1_79' title='bbox 943 1786 1101 1849; x_wconf 84' lang='lat' dir='ltr'>Infra</span> <span class='ocrx_word' id='word_1_80' title='bbox 1141 1784 1425 1835; x_wconf 77' lang='lat' dir='ltr'>actionem.</span> 
     </span>
    </p>
   </div>
   <div class='ocr_carea' id='block_1_17' title="bbox 415 1885 2031 1961">
    <p class='ocr_par' dir='ltr' id='par_1_17' title="bbox 415 1885 2031 1961">
     <span class='ocr_line' id='line_1_17' title="bbox 415 1885 2031 1961; baseline -0.006 -16"><span class='ocrx_word' id='word_1_81' title='bbox 415 1895 567 1946; x_wconf 87' lang='lat' dir='ltr'>Hanc</span> <span class='ocrx_word' id='word_1_82' title='bbox 597 1891 775 1961; x_wconf 79' lang='lat' dir='ltr'>igitur</span> <span class='ocrx_word' id='word_1_83' title='bbox 801 1890 1176 1954; x_wconf 87' lang='lat' dir='ltr'>oblationem,</span> <span class='ocrx_word' id='word_1_84' title='bbox 1210 1903 1382 1957; x_wconf 89' lang='lat' dir='ltr'>quam</span> <span class='ocrx_word' id='word_1_85' title='bbox 1418 1886 1517 1939; x_wconf 90' lang='lat' dir='ltr'>tibi</span> <span class='ocrx_word' id='word_1_86' title='bbox 1542 1902 1646 1955; x_wconf 93' lang='lat' dir='ltr'>pro</span> <span class='ocrx_word' id='word_1_87' title='bbox 1681 1885 1878 1955; x_wconf 87' lang='lat' dir='ltr'>requie</span> <span class='ocrx_word' id='word_1_88' title='bbox 1909 1885 2031 1937; x_wconf 88' lang='lat' dir='ltr'>ani-</span> 
     </span>
    </p>
   </div>
   <div class='ocr_carea' id='block_1_18' title="bbox 344 1974 2026 2045">
    <p class='ocr_par' dir='ltr' id='par_1_18' title="bbox 344 1974 2026 2045">
     <span class='ocr_line' id='line_1_18' title="bbox 344 1974 2026 2045; baseline -0.005 -12"><span class='ocrx_word' id='word_1_89' title='bbox 344 1997 451 2034; x_wconf 84' lang='lat' dir='ltr'>mae</span> <span class='ocrx_word' id='word_1_90' title='bbox 501 1980 699 2032; x_wconf 78' lang='lat' dir='ltr'>famuli</span> <span class='ocrx_word' id='word_1_91' title='bbox 748 1979 831 2031; x_wconf 87' lang='lat' dir='ltr'>tui</span> <span class='ocrx_word' id='word_1_92' title='bbox 884 1979 945 2031; x_wconf 76' lang='grc' dir='ltr'>Ν.</span> <span class='ocrx_word' id='word_1_93' title='bbox 995 1977 1305 2035; x_wconf 83' lang='lat' dir='ltr'>offerimus.</span> <span class='ocrx_word' id='word_1_94' title='bbox 1365 1991 1716 2045; x_wconf 67' lang='lat' dir='ltr'>quaesumus,</span> <span class='ocrx_word' id='word_1_95' title='bbox 1760 1974 2026 2039; x_wconf 88' lang='lat' dir='ltr'>Domine,</span> 
     </span>
    </p>
   </div>
   <div class='ocr_carea' id='block_1_19' title="bbox 344 2065 2033 2137">
    <p class='ocr_par' dir='ltr' id='par_1_19' title="bbox 344 2065 2033 2137">
     <span class='ocr_line' id='line_1_19' title="bbox 344 2065 2033 2137; baseline -0.004 -17"><span class='ocrx_word' id='word_1_96' title='bbox 344 2069 600 2137; x_wconf 87' lang='lat' dir='ltr'>placatus</span> <span class='ocrx_word' id='word_1_97' title='bbox 627 2067 889 2136; x_wconf 79' lang='lat' dir='ltr'>accipias,</span> <span class='ocrx_word' id='word_1_98' title='bbox 928 2071 983 2118; x_wconf 89' lang='lat' dir='ltr'>et</span> <span class='ocrx_word' id='word_1_99' title='bbox 1015 2071 1113 2118; x_wconf 88' lang='lat' dir='ltr'>tua</span> <span class='ocrx_word' id='word_1_100' title='bbox 1151 2066 1361 2134; x_wconf 78' lang='lat' dir='ltr'>pietate</span> <span class='ocrx_word' id='word_1_101' title='bbox 1396 2065 1673 2116; x_wconf 88' lang='lat' dir='ltr'>concedas</span> <span class='ocrx_word' id='word_1_102' title='bbox 1704 2068 1786 2126; x_wconf 90' lang='lat' dir='ltr'>ut,</span> <span class='ocrx_word' id='word_1_103' title='bbox 1823 2066 2033 2115; x_wconf 87' lang='lat' dir='ltr'>morta-</span> 
     </span>
    </p>
   </div>
   <div class='ocr_carea' id='block_1_20' title="bbox 345 2153 2037 2216">
    <p class='ocr_par' dir='ltr' id='par_1_20' title="bbox 345 2153 2037 2216">
     <span class='ocr_line' id='line_1_20' title="bbox 345 2153 2037 2216; baseline -0.004 -7"><span class='ocrx_word' id='word_1_104' title='bbox 345 2157 520 2209; x_wconf 86' lang='lat' dir='ltr'>litatis</span> <span class='ocrx_word' id='word_1_105' title='bbox 554 2156 793 2208; x_wconf 82' lang='lat' dir='ltr'>nexibus</span> <span class='ocrx_word' id='word_1_106' title='bbox 819 2155 1093 2216; x_wconf 89' lang='lat' dir='ltr'>absoluta,</span> <span class='ocrx_word' id='word_1_107' title='bbox 1157 2154 1303 2205; x_wconf 91' lang='lat' dir='ltr'>inter</span> <span class='ocrx_word' id='word_1_108' title='bbox 1336 2153 1533 2205; x_wconf 87' lang='lat' dir='ltr'>fideles</span> <span class='ocrx_word' id='word_1_109' title='bbox 1566 2157 1695 2205; x_wconf 88' lang='lat' dir='ltr'>tuos</span> <span class='ocrx_word' id='word_1_110' title='bbox 1748 2155 2037 2204; x_wconf 90' lang='lat' dir='ltr'>mereatur</span> 
     </span>
    </p>
   </div>
   <div class='ocr_carea' id='block_1_21' title="bbox 345 2242 1420 2329">
    <p class='ocr_par' dir='ltr' id='par_1_21' title="bbox 345 2242 1420 2329">
     <span class='ocr_line' id='line_1_21' title="bbox 345 2242 1420 2329; baseline -0.004 -31"><span class='ocrx_word' id='word_1_111' title='bbox 345 2245 557 2298; x_wconf 88' lang='lat' dir='ltr'>habere</span> <span class='ocrx_word' id='word_1_112' title='bbox 590 2244 939 2329; x_wconf 75' lang='lat' dir='ltr'>portionem.</span> <span class='ocrx_word' id='word_1_113' title='bbox 975 2244 1083 2295; x_wconf 90' lang='lat' dir='ltr'>Per</span> <span class='ocrx_word' id='word_1_114' title='bbox 1114 2242 1420 2296; x_wconf 87' lang='lat' dir='ltr'>Christum.</span> 
     </span>
    </p>
   </div>
   <div class='ocr_carea' id='block_1_22' title="bbox 886 2350 1503 2403">
    <p class='ocr_par' dir='ltr' id='par_1_22' title="bbox 886 2350 1503 2403">
     <span class='ocr_line' id='line_1_22' title="bbox 886 2350 1503 2403; baseline -0.006 0"><span class='ocrx_word' id='word_1_115' title='bbox 886 2353 1011 2403; x_wconf 84' lang='lat' dir='ltr'>Post</span> <span class='ocrx_word' id='word_1_116' title='bbox 1051 2350 1503 2403; x_wconf 83' lang='lat' dir='ltr'>Communionem.</span> 
     </span>
    </p>
   </div>
   <div class='ocr_carea' id='block_1_23' title="bbox 419 2448 2033 2525">
    <p class='ocr_par' dir='ltr' id='par_1_23' title="bbox 419 2448 2033 2525">
     <span class='ocr_line' id='line_1_23' title="bbox 419 2448 2033 2525; baseline -0.004 -17"><span class='ocrx_word' id='word_1_117' title='bbox 419 2458 648 2521; x_wconf 70' lang='lat' dir='ltr'>Praesta,</span> <span class='ocrx_word' id='word_1_118' title='bbox 682 2470 1031 2525; x_wconf 73' lang='lat' dir='ltr'>quaesumus,</span> <span class='ocrx_word' id='word_1_119' title='bbox 1066 2456 1429 2522; x_wconf 87' lang='lat' dir='ltr'>omnipotens</span> <span class='ocrx_word' id='word_1_120' title='bbox 1466 2453 1631 2516; x_wconf 87' lang='lat' dir='ltr'>Deus,</span> <span class='ocrx_word' id='word_1_121' title='bbox 1675 2453 1739 2502; x_wconf 92' lang='lat' dir='ltr'>ut</span> <span class='ocrx_word' id='word_1_122' title='bbox 1785 2448 2033 2502; x_wconf 90' lang='lat' dir='ltr'>animam</span> 
     </span>
    </p>
   </div>
   <div class='ocr_carea' id='block_1_24' title="bbox 344 2538 2037 2612">
    <p class='ocr_par' dir='ltr' id='par_1_24' title="bbox 344 2538 2037 2612">
     <span class='ocr_line' id='line_1_24' title="bbox 344 2538 2037 2612; baseline -0.005 -15"><span class='ocrx_word' id='word_1_123' title='bbox 344 2544 546 2597; x_wconf 92' lang='lat' dir='ltr'>famuli</span> <span class='ocrx_word' id='word_1_124' title='bbox 579 2545 662 2597; x_wconf 90' lang='lat' dir='ltr'>tui</span> <span class='ocrx_word' id='word_1_125' title='bbox 712 2545 775 2596; x_wconf 89' lang='lat' dir='ltr'>N.</span> <span class='ocrx_word' id='word_1_126' title='bbox 812 2544 880 2596; x_wconf 86' lang='lat' dir='ltr'>ab</span> <span class='ocrx_word' id='word_1_127' title='bbox 913 2543 1131 2612; x_wconf 83' lang='lat' dir='ltr'>angelis</span> <span class='ocrx_word' id='word_1_128' title='bbox 1159 2541 1299 2593; x_wconf 89' lang='lat' dir='ltr'>lucis</span> <span class='ocrx_word' id='word_1_129' title='bbox 1330 2545 1675 2609; x_wconf 89' lang='lat' dir='ltr'>susceptam,</span> <span class='ocrx_word' id='word_1_130' title='bbox 1720 2538 1780 2589; x_wconf 93' lang='lat' dir='ltr'>in</span> <span class='ocrx_word' id='word_1_131' title='bbox 1812 2553 2037 2608; x_wconf 65' lang='lat' dir='ltr'>praepa-</span> 
     </span>
    </p>
   </div>
   <div class='ocr_carea' id='block_1_25' title="bbox 345 2626 2039 2685">
    <p class='ocr_par' dir='ltr' id='par_1_25' title="bbox 345 2626 2039 2685">
     <span class='ocr_line' id='line_1_25' title="bbox 345 2626 2039 2685; baseline -0.004 -1"><span class='ocrx_word' id='word_1_132' title='bbox 345 2633 481 2685; x_wconf 88' lang='lat' dir='ltr'>ratis</span> <span class='ocrx_word' id='word_1_133' title='bbox 504 2633 841 2685; x_wconf 82' lang='lat' dir='ltr'>habitaculis</span> <span class='ocrx_word' id='word_1_134' title='bbox 895 2632 1097 2685; x_wconf 90' lang='lat' dir='ltr'>deduci</span> <span class='ocrx_word' id='word_1_135' title='bbox 1142 2630 1315 2683; x_wconf 84' lang='lat' dir='ltr'>facias</span> <span class='ocrx_word' id='word_1_136' title='bbox 1345 2629 1663 2682; x_wconf 79' lang='lat' dir='ltr'>beatorum.</span> <span class='ocrx_word' id='word_1_137' title='bbox 1703 2629 1807 2680; x_wconf 87' lang='lat' dir='ltr'>Per</span> <span class='ocrx_word' id='word_1_138' title='bbox 1841 2626 2039 2679; x_wconf 91' lang='lat' dir='ltr'>Domi-</span> 
     </span>
    </p>
   </div>
   <div class='ocr_carea' id='block_1_26' title="bbox 346 2724 799 2774">
    <p class='ocr_par' dir='ltr' id='par_1_26' title="bbox 346 2724 799 2774">
     <span class='ocr_line' id='line_1_26' title="bbox 346 2724 799 2774; baseline 0 -1"><span class='ocrx_word' id='word_1_139' title='bbox 346 2737 485 2773; x_wconf 89' lang='lat' dir='ltr'>num</span> <span class='ocrx_word' id='word_1_140' title='bbox 518 2724 799 2774; x_wconf 90' lang='lat' dir='ltr'>nostrum.</span> 
     </span>
    </p>
   </div>
   <div class='ocr_carea' id='block_1_27' title="bbox 1123 2808 1252 2861">
    <p class='ocr_par' dir='ltr' id='par_1_27' title="bbox 1123 2808 1252 2861">
     <span class='ocr_line' id='line_1_27' title="bbox 1123 2808 1252 2861; baseline -0.023 0"><span class='ocrx_word' id='word_1_141' title='bbox 1123 2808 1252 2861; x_wconf 87' lang='lat' dir='ltr'><strong>CIV.</strong></span> 
     </span>
    </p>
   </div>
   <div class='ocr_carea' id='block_1_28' title="bbox 497 2908 1896 2953">
    <p class='ocr_par' dir='ltr' id='par_1_28' title="bbox 497 2908 1896 2953">
     <span class='ocr_line' id='line_1_28' title="bbox 497 2908 1896 2953; baseline -0.005 0"><span class='ocrx_word' id='word_1_142' title='bbox 497 2914 684 2953; x_wconf 74' lang='lat' dir='ltr'>MISSA</span> <span class='ocrx_word' id='word_1_143' title='bbox 736 2913 853 2952; x_wconf 81' lang='lat' dir='ltr'>PRO</span> <span class='ocrx_word' id='word_1_144' title='bbox 896 2910 1220 2951; x_wconf 81' lang='lat' dir='ltr'>DEFUNCTO</span> <span class='ocrx_word' id='word_1_145' title='bbox 1268 2909 1474 2949; x_wconf 75' lang='lat' dir='ltr'><strong>NUPER</strong></span> <span class='ocrx_word' id='word_1_146' title='bbox 1516 2908 1896 2947; x_wconf 78' lang='lat' dir='ltr'>BAPTIZATO.</span> 
     </span>
    </p>
   </div>
   <div class='ocr_carea' id='block_1_29' title="bbox 418 2997 2041 3073">
    <p class='ocr_par' dir='ltr' id='par_1_29' title="bbox 418 2997 2041 3073">
     <span class='ocr_line' id='line_1_29' title="bbox 418 2997 2041 3073; baseline -0.005 -17"><span class='ocrx_word' id='word_1_147' title='bbox 418 3004 586 3069; x_wconf 90' lang='lat' dir='ltr'>Deus,</span> <span class='ocrx_word' id='word_1_148' title='bbox 636 3003 736 3073; x_wconf 88' lang='lat' dir='ltr'>qui</span> <span class='ocrx_word' id='word_1_149' title='bbox 768 3004 836 3057; x_wconf 92' lang='lat' dir='ltr'>ad</span> <span class='ocrx_word' id='word_1_150' title='bbox 870 3003 1095 3055; x_wconf 71' lang='lat' dir='ltr'>caeleste</span> <span class='ocrx_word' id='word_1_151' title='bbox 1130 3016 1374 3069; x_wconf 82' lang='lat' dir='ltr'>regnum</span> <span class='ocrx_word' id='word_1_152' title='bbox 1407 2998 1639 3052; x_wconf 84' lang='lat' dir='ltr'>nonnisi</span> <span class='ocrx_word' id='word_1_153' title='bbox 1689 2997 1902 3050; x_wconf 83' lang='lat' dir='ltr'>renatis</span> <span class='ocrx_word' id='word_1_154' title='bbox 1953 3013 2041 3049; x_wconf 89' lang='lat' dir='ltr'>ex-</span> 
     </span>
    </p>
   </div>
   <div class='ocr_carea' id='block_1_30' title="bbox 349 3086 2042 3161">
    <p class='ocr_par' dir='ltr' id='par_1_30' title="bbox 349 3086 2042 3161">
     <span class='ocr_line' id='line_1_30' title="bbox 349 3086 2042 3161; baseline -0.005 -17"><span class='ocrx_word' id='word_1_155' title='bbox 349 3106 498 3161; x_wconf 83' lang='lat' dir='ltr'>aqua</span> <span class='ocrx_word' id='word_1_156' title='bbox 531 3096 586 3144; x_wconf 88' lang='lat' dir='ltr'>et</span> <span class='ocrx_word' id='word_1_157' title='bbox 628 3091 837 3160; x_wconf 84' lang='lat' dir='ltr'>Spiritu</span> <span class='ocrx_word' id='word_1_158' title='bbox 874 3096 1066 3143; x_wconf 89' lang='lat' dir='ltr'>sancto</span> <span class='ocrx_word' id='word_1_159' title='bbox 1098 3090 1300 3159; x_wconf 84' lang='lat' dir='ltr'>pandis</span> <span class='ocrx_word' id='word_1_160' title='bbox 1350 3088 1673 3153; x_wconf 89' lang='lat' dir='ltr'>introitum,</span> <span class='ocrx_word' id='word_1_161' title='bbox 1725 3086 2042 3155; x_wconf 89' lang='lat' dir='ltr'>multiplica</span> 
     </span>
    </p>
   </div>
   <div class='ocr_carea' id='block_1_31' title="bbox 349 3174 2044 3249">
    <p class='ocr_par' dir='ltr' id='par_1_31' title="bbox 349 3174 2044 3249">
     <span class='ocr_line' id='line_1_31' title="bbox 349 3174 2044 3249; baseline -0.005 -16"><span class='ocrx_word' id='word_1_162' title='bbox 349 3196 523 3249; x_wconf 85' lang='lat' dir='ltr'>super</span> <span class='ocrx_word' id='word_1_163' title='bbox 552 3180 801 3233; x_wconf 89' lang='lat' dir='ltr'>animam</span> <span class='ocrx_word' id='word_1_164' title='bbox 844 3179 1044 3232; x_wconf 87' lang='lat' dir='ltr'>famuli</span> <span class='ocrx_word' id='word_1_165' title='bbox 1076 3178 1158 3231; x_wconf 87' lang='lat' dir='ltr'>tui</span> <span class='ocrx_word' id='word_1_166' title='bbox 1195 3179 1256 3230; x_wconf 87' lang='lat' dir='ltr'>N.</span> <span class='ocrx_word' id='word_1_167' title='bbox 1293 3174 1741 3229; x_wconf 88' lang='lat' dir='ltr'>misericordiam</span> <span class='ocrx_word' id='word_1_168' title='bbox 1777 3180 1955 3237; x_wconf 90' lang='lat' dir='ltr'>tuam,</span> <span class='ocrx_word' id='word_1_169' title='bbox 1988 3177 2044 3225; x_wconf 90' lang='lat' dir='ltr'>et</span> 
     </span>
    </p>
   </div>
   <div class='ocr_carea' id='block_1_32' title="bbox 350 3262 2039 3321">
    <p class='ocr_par' dir='ltr' id='par_1_32' title="bbox 350 3262 2039 3321">
     <span class='ocr_line' id='line_1_32' title="bbox 350 3262 2039 3321; baseline -0.005 -1"><span class='ocrx_word' id='word_1_170' title='bbox 350 3269 441 3321; x_wconf 92' lang='lat' dir='ltr'>cui</span> <span class='ocrx_word' id='word_1_171' title='bbox 474 3267 696 3320; x_wconf 88' lang='lat' dir='ltr'>donasti</span> <span class='ocrx_word' id='word_1_172' title='bbox 735 3268 1019 3319; x_wconf 68' lang='lat' dir='ltr'>cmlestem</span> <span class='ocrx_word' id='word_1_173' title='bbox 1053 3271 1107 3319; x_wconf 89' lang='lat' dir='ltr'>et</span> <span class='ocrx_word' id='word_1_174' title='bbox 1156 3263 1675 3318; x_wconf 84' lang='lat' dir='ltr'>incontaminatum</span> <span class='ocrx_word' id='word_1_175' title='bbox 1731 3262 2039 3313; x_wconf 84' lang='lat' dir='ltr'>transitum</span> 
     </span>
    </p>
   </div>
   <div class='ocr_carea' id='block_1_33' title="bbox 351 3349 2040 3425">
    <p class='ocr_par' dir='ltr' id='par_1_33' title="bbox 351 3349 2040 3425">
     <span class='ocr_line' id='line_1_33' title="bbox 351 3349 2040 3425; baseline -0.004 -17"><span class='ocrx_word' id='word_1_176' title='bbox 351 3360 479 3425; x_wconf 88' lang='lat' dir='ltr'>post</span> <span class='ocrx_word' id='word_1_177' title='bbox 507 3354 779 3423; x_wconf 86' lang='lat' dir='ltr'>baptismi</span> <span class='ocrx_word' id='word_1_178' title='bbox 814 3357 1258 3418; x_wconf 87' lang='lat' dir='ltr'>sacramentum,</span> <span class='ocrx_word' id='word_1_179' title='bbox 1299 3352 1367 3404; x_wconf 88' lang='lat' dir='ltr'>da</span> <span class='ocrx_word' id='word_1_180' title='bbox 1391 3351 1442 3403; x_wconf 93' lang='lat' dir='ltr'>ei</span> <span class='ocrx_word' id='word_1_181' title='bbox 1476 3357 1822 3403; x_wconf 76' lang='lat' dir='ltr'>aeternorum</span> <span class='ocrx_word' id='word_1_182' title='bbox 1855 3349 2040 3420; x_wconf 90' lang='lat' dir='ltr'>pleni-</span> 
     </span>
    </p>
   </div>
   <div class='ocr_carea' id='block_1_34' title="bbox 349 3440 1791 3512">
    <p class='ocr_par' dir='ltr' id='par_1_34' title="bbox 349 3440 1791 3512">
     <span class='ocr_line' id='line_1_34' title="bbox 349 3440 1791 3512; baseline -0.004 -16"><span class='ocrx_word' id='word_1_183' title='bbox 349 3444 611 3497; x_wconf 88' lang='lat' dir='ltr'>tudinem</span> <span class='ocrx_word' id='word_1_184' title='bbox 640 3443 1000 3512; x_wconf 85' lang='lat' dir='ltr'>gaudiorum.</span> <span class='ocrx_word' id='word_1_185' title='bbox 1036 3443 1140 3495; x_wconf 90' lang='lat' dir='ltr'>Per</span> <span class='ocrx_word' id='word_1_186' title='bbox 1172 3440 1479 3493; x_wconf 89' lang='lat' dir='ltr'>Dominum</span> <span class='ocrx_word' id='word_1_187' title='bbox 1512 3444 1791 3492; x_wconf 85' lang='lat' dir='ltr'>nostrum.</span> 
     </span>
    </p>
   </div>
   <div class='ocr_carea' id='block_1_35' title="bbox 1081 3549 1312 3601">
    <p class='ocr_par' dir='ltr' id='par_1_35' title="bbox 1081 3549 1312 3601">
     <span class='ocr_line' id='line_1_35' title="bbox 1081 3549 1312 3601; baseline -0.013 0"><span class='ocrx_word' id='word_1_188' title='bbox 1081 3549 1312 3601; x_wconf 76' lang='lat' dir='ltr'>Secreta.</span> 
     </span>
    </p>
   </div>
   <div class='ocr_carea' id='block_1_36' title="bbox 423 3648 2041 3725">
    <p class='ocr_par' dir='ltr' id='par_1_36' title="bbox 423 3648 2041 3725">
     <span class='ocr_line' id='line_1_36' title="bbox 423 3648 2041 3725; baseline -0.006 -16"><span class='ocrx_word' id='word_1_189' title='bbox 423 3655 761 3725; x_wconf 89' lang='lat' dir='ltr'>Propitiare,</span> <span class='ocrx_word' id='word_1_190' title='bbox 815 3654 1075 3721; x_wconf 86' lang='lat' dir='ltr'>Domine,</span> <span class='ocrx_word' id='word_1_191' title='bbox 1122 3650 1631 3723; x_wconf 85' lang='lat' dir='ltr'>supplicationibus</span> <span class='ocrx_word' id='word_1_192' title='bbox 1688 3648 1899 3703; x_wconf 87' lang='lat' dir='ltr'>nostris</span> <span class='ocrx_word' id='word_1_193' title='bbox 1939 3664 2041 3718; x_wconf 91' lang='lat' dir='ltr'>pro</span> 
     </span>
    </p>
   </div>
   <div class='ocr_carea' id='block_1_37' title="bbox 352 3736 2044 3812">
    <p class='ocr_par' dir='ltr' id='par_1_37' title="bbox 352 3736 2044 3812">
     <span class='ocr_line' id='line_1_37' title="bbox 352 3736 2044 3812; baseline -0.005 -16"><span class='ocrx_word' id='word_1_194' title='bbox 352 3746 543 3796; x_wconf 84' lang='lat' dir='ltr'>anima</span> <span class='ocrx_word' id='word_1_195' title='bbox 577 3745 774 3796; x_wconf 85' lang='lat' dir='ltr'>famuli</span> <span class='ocrx_word' id='word_1_196' title='bbox 808 3744 886 3796; x_wconf 83' lang='lat' dir='ltr'>tui</span> <span class='ocrx_word' id='word_1_197' title='bbox 942 3745 1029 3809; x_wconf 82' lang='lat' dir='ltr'>N.,</span> <span class='ocrx_word' id='word_1_198' title='bbox 1082 3759 1184 3811; x_wconf 72' lang='lat' dir='ltr'>[ro</span> <span class='ocrx_word' id='word_1_199' title='bbox 1214 3758 1326 3812; x_wconf 90' lang='lat' dir='ltr'>qua</span> <span class='ocrx_word' id='word_1_200' title='bbox 1356 3740 1457 3793; x_wconf 90' lang='lat' dir='ltr'>tibi</span> <span class='ocrx_word' id='word_1_201' title='bbox 1490 3738 1787 3791; x_wconf 76' lang='lat' dir='ltr'>offerimus</span> <span class='ocrx_word' id='word_1_202' title='bbox 1822 3736 2044 3788; x_wconf 88' lang='lat' dir='ltr'>sacrifi-</span> 
     </span>
    </p>
   </div>
   <div class='ocr_carea' id='block_1_38' title="bbox 349 3826 2041 3897">
    <p class='ocr_par' dir='ltr' id='par_1_38' title="bbox 349 3826 2041 3897">
     <span class='ocr_line' id='line_1_38' title="bbox 349 3826 2041 3897; baseline -0.005 -12"><span class='ocrx_word' id='word_1_203' title='bbox 349 3834 500 3885; x_wconf 91' lang='lat' dir='ltr'>cium</span> <span class='ocrx_word' id='word_1_204' title='bbox 553 3833 761 3897; x_wconf 84' lang='lat' dir='ltr'>laudis,</span> <span class='ocrx_word' id='word_1_205' title='bbox 828 3838 891 3885; x_wconf 88' lang='lat' dir='ltr'>ut</span> <span class='ocrx_word' id='word_1_206' title='bbox 924 3848 1048 3885; x_wconf 88' lang='lat' dir='ltr'>eam</span> <span class='ocrx_word' id='word_1_207' title='bbox 1098 3837 1424 3883; x_wconf 89' lang='lat' dir='ltr'>sanctorum</span> <span class='ocrx_word' id='word_1_208' title='bbox 1470 3833 1701 3881; x_wconf 88' lang='lat' dir='ltr'>tuorum</span> <span class='ocrx_word' id='word_1_209' title='bbox 1751 3826 2041 3877; x_wconf 89' lang='lat' dir='ltr'>consortio</span> 
     </span>
    </p>
   </div>
   <div class='ocr_carea' id='block_1_39' title="bbox 350 3921 1011 3991">
    <p class='ocr_par' dir='ltr' id='par_1_39' title="bbox 350 3921 1011 3991">
     <span class='ocr_line' id='line_1_39' title="bbox 350 3921 1011 3991; baseline 0 -19"><span class='ocrx_word' id='word_1_210' title='bbox 350 3921 563 3975; x_wconf 87' lang='lat' dir='ltr'>sociare</span> <span class='ocrx_word' id='word_1_211' title='bbox 586 3922 858 3991; x_wconf 86' lang='lat' dir='ltr'>digneris.</span> <span class='ocrx_word' id='word_1_212' title='bbox 888 3922 1011 3973; x_wconf 82' lang='lat' dir='ltr'>Per.</span> 
     </span>
    </p>
   </div>
   <div class='ocr_carea' id='block_1_40' title="bbox 958 4027 1436 4091">
    <p class='ocr_par' dir='ltr' id='par_1_40' title="bbox 958 4027 1436 4091">
     <span class='ocr_line' id='line_1_40' title="bbox 958 4027 1436 4091; baseline 0 -13"><span class='ocrx_word' id='word_1_213' title='bbox 958 4028 1116 4091; x_wconf 79' lang='lat' dir='ltr'>Infra</span> <span class='ocrx_word' id='word_1_214' title='bbox 1154 4027 1436 4078; x_wconf 79' lang='lat' dir='ltr'>actionem.</span> 
     </span>
    </p>
   </div>
   <div class='ocr_carea' id='block_1_41' title="bbox 426 4107 2043 4183">
    <p class='ocr_par' dir='ltr' id='par_1_41' title="bbox 426 4107 2043 4183">
     <span class='ocr_line' id='line_1_41' title="bbox 426 4107 2043 4183; baseline -0.006 -16"><span class='ocrx_word' id='word_1_215' title='bbox 426 4117 579 4167; x_wconf 84' lang='lat' dir='ltr'>Hanc</span> <span class='ocrx_word' id='word_1_216' title='bbox 632 4115 811 4183; x_wconf 85' lang='lat' dir='ltr'>igitur</span> <span class='ocrx_word' id='word_1_217' title='bbox 857 4114 1206 4165; x_wconf 86' lang='lat' dir='ltr'>oblationem</span> <span class='ocrx_word' id='word_1_218' title='bbox 1238 4128 1409 4181; x_wconf 86' lang='lat' dir='ltr'>quam</span> <span class='ocrx_word' id='word_1_219' title='bbox 1440 4110 1545 4163; x_wconf 89' lang='lat' dir='ltr'>tibi</span> <span class='ocrx_word' id='word_1_220' title='bbox 1597 4107 1891 4162; x_wconf 84' lang='lat' dir='ltr'>offerimus</span> <span class='ocrx_word' id='word_1_221' title='bbox 1937 4122 2043 4175; x_wconf 90' lang='lat' dir='ltr'>pro</span> 
     </span>
    </p>
   </div>
   <div class='ocr_carea' id='block_1_42' title="bbox 353 4200 2042 4268">
    <p class='ocr_par' dir='ltr' id='par_1_42' title="bbox 353 4200 2042 4268">
     <span class='ocr_line' id='line_1_42' title="bbox 353 4200 2042 4268; baseline -0.004 -15"><span class='ocrx_word' id='word_1_222' title='bbox 353 4204 546 4255; x_wconf 88' lang='lat' dir='ltr'>anima</span> <span class='ocrx_word' id='word_1_223' title='bbox 590 4203 787 4254; x_wconf 88' lang='lat' dir='ltr'>famuli</span> <span class='ocrx_word' id='word_1_224' title='bbox 848 4202 927 4251; x_wconf 91' lang='lat' dir='ltr'>tui</span> <span class='ocrx_word' id='word_1_225' title='bbox 968 4202 1029 4253; x_wconf 82' lang='grc' dir='ltr'><strong>Ν.</strong></span> <span class='ocrx_word' id='word_1_226' title='bbox 1062 4200 1347 4268; x_wconf 70' lang='lat' dir='ltr'>benignus</span> <span class='ocrx_word' id='word_1_227' title='bbox 1377 4212 1624 4260; x_wconf 89' lang='lat' dir='ltr'>assume,</span> <span class='ocrx_word' id='word_1_228' title='bbox 1676 4211 1924 4264; x_wconf 81' lang='lat' dir='ltr'>eumque</span> <span class='ocrx_word' id='word_1_229' title='bbox 1954 4210 2042 4246; x_wconf 88' lang='lat' dir='ltr'>re-</span> 
     </span>
    </p>
   </div>
   <div class='ocr_carea' id='block_1_43' title="bbox 353 4282 2043 4358">
    <p class='ocr_par' dir='ltr' id='par_1_43' title="bbox 353 4282 2043 4358">
     <span class='ocr_line' id='line_1_43' title="bbox 353 4282 2043 4358; baseline -0.005 -16"><span class='ocrx_word' id='word_1_230' title='bbox 353 4289 741 4358; x_wconf 82' lang='lat' dir='ltr'>generationis</span> <span class='ocrx_word' id='word_1_231' title='bbox 774 4289 923 4340; x_wconf 76' lang='lat' dir='ltr'>foute</span> <span class='ocrx_word' id='word_1_232' title='bbox 958 4293 1264 4355; x_wconf 76' lang='lat' dir='ltr'>purgatum</span> <span class='ocrx_word' id='word_1_233' title='bbox 1298 4293 1353 4339; x_wconf 90' lang='lat' dir='ltr'>et</span> <span class='ocrx_word' id='word_1_234' title='bbox 1393 4285 1658 4355; x_wconf 88' lang='lat' dir='ltr'>periculis</span> <span class='ocrx_word' id='word_1_235' title='bbox 1709 4289 1837 4335; x_wconf 67' lang='lat' dir='ltr'>Vita:</span> <span class='ocrx_word' id='word_1_236' title='bbox 1870 4282 2043 4350; x_wconf 87' lang='lat' dir='ltr'>hujus</span> 
     </span>
    </p>
   </div>
   <div class='ocr_carea' id='block_1_44' title="bbox 353 4371 2042 4443">
    <p class='ocr_par' dir='ltr' id='par_1_44' title="bbox 353 4371 2042 4443">
     <span class='ocr_line' id='line_1_44' title="bbox 353 4371 2042 4443; baseline -0.006 -11"><span class='ocrx_word' id='word_1_237' title='bbox 353 4384 609 4440; x_wconf 85' lang='lat' dir='ltr'>exutum,</span> <span class='ocrx_word' id='word_1_238' title='bbox 644 4379 941 4430; x_wconf 75' lang='lat' dir='ltr'>beatorum</span> <span class='ocrx_word' id='word_1_239' title='bbox 993 4391 1233 4427; x_wconf 90' lang='lat' dir='ltr'>numero</span> <span class='ocrx_word' id='word_1_240' title='bbox 1285 4374 1540 4443; x_wconf 84' lang='lat' dir='ltr'>digneris</span> <span class='ocrx_word' id='word_1_241' title='bbox 1584 4374 1833 4426; x_wconf 84' lang='lat' dir='ltr'>inserere</span> <span class='ocrx_word' id='word_1_242' title='bbox 1867 4371 2042 4440; x_wconf 91' lang='lat' dir='ltr'>spiri-</span> 
     </span>
    </p>
   </div>
   <div class='ocr_carea' id='block_1_45' title="bbox 354 4462 1622 4520">
    <p class='ocr_par' dir='ltr' id='par_1_45' title="bbox 354 4462 1622 4520">
     <span class='ocr_line' id='line_1_45' title="bbox 354 4462 1622 4520; baseline -0.006 0"><span class='ocrx_word' id='word_1_243' title='bbox 354 4474 536 4520; x_wconf 90' lang='lat' dir='ltr'>tuum.</span> <span class='ocrx_word' id='word_1_244' title='bbox 575 4468 678 4519; x_wconf 91' lang='lat' dir='ltr'>Per</span> <span class='ocrx_word' id='word_1_245' title='bbox 700 4466 986 4519; x_wconf 84' lang='lat' dir='ltr'>Christum</span> <span class='ocrx_word' id='word_1_246' title='bbox 1013 4462 1318 4515; x_wconf 88' lang='lat' dir='ltr'>Dominum</span> <span class='ocrx_word' id='word_1_247' title='bbox 1344 4467 1622 4514; x_wconf 79' lang='lat' dir='ltr'>uestrum.</span> 
     </span>
    </p>
   </div>
   <div class='ocr_carea' id='block_1_46' title="bbox 892 4570 1501 4623">
    <p class='ocr_par' dir='ltr' id='par_1_46' title="bbox 892 4570 1501 4623">
     <span class='ocr_line' id='line_1_46' title="bbox 892 4570 1501 4623; baseline -0.007 0"><span class='ocrx_word' id='word_1_248' title='bbox 892 4572 1013 4623; x_wconf 81' lang='lat' dir='ltr'>Post</span> <span class='ocrx_word' id='word_1_249' title='bbox 1054 4570 1501 4622; x_wconf 82' lang='lat' dir='ltr'>Communionem.</span> 
     </span>
    </p>
   </div>
   <div class='ocr_carea' id='block_1_47' title="bbox 422 4653 2041 4731">
    <p class='ocr_par' dir='ltr' id='par_1_47' title="bbox 422 4653 2041 4731">
     <span class='ocr_line' id='line_1_47' title="bbox 422 4653 2041 4731; baseline -0.006 -17"><span class='ocrx_word' id='word_1_250' title='bbox 422 4660 759 4731; x_wconf 86' lang='lat' dir='ltr'>Propitiare,</span> <span class='ocrx_word' id='word_1_251' title='bbox 795 4658 1053 4719; x_wconf 88' lang='lat' dir='ltr'>Domine,</span> <span class='ocrx_word' id='word_1_252' title='bbox 1086 4656 1294 4708; x_wconf 67' lang='lat' dir='ltr'>animas</span> <span class='ocrx_word' id='word_1_253' title='bbox 1324 4655 1522 4708; x_wconf 90' lang='lat' dir='ltr'>famuli</span> <span class='ocrx_word' id='word_1_254' title='bbox 1549 4653 1631 4705; x_wconf 89' lang='lat' dir='ltr'>tui</span> <span class='ocrx_word' id='word_1_255' title='bbox 1663 4653 1749 4714; x_wconf 84' lang='lat' dir='ltr'>N.,</span> <span class='ocrx_word' id='word_1_256' title='bbox 1778 4656 1841 4705; x_wconf 86' lang='lat' dir='ltr'>ut</span> <span class='ocrx_word' id='word_1_257' title='bbox 1870 4668 2041 4721; x_wconf 90' lang='lat' dir='ltr'>quem</span> 
     </span>
    </p>
   </div>
   <div class='ocr_carea' id='block_1_48' title="bbox 352 4742 2042 4816">
    <p class='ocr_par' dir='ltr' id='par_1_48' title="bbox 352 4742 2042 4816">
     <span class='ocr_line' id='line_1_48' title="bbox 352 4742 2042 4816; baseline -0.005 -13"><span class='ocrx_word' id='word_1_258' title='bbox 352 4750 410 4803; x_wconf 92' lang='lat' dir='ltr'>in</span> <span class='ocrx_word' id='word_1_259' title='bbox 440 4749 553 4803; x_wconf 89' lang='lat' dir='ltr'>fine</span> <span class='ocrx_word' id='word_1_260' title='bbox 585 4750 748 4801; x_wconf 82' lang='lat' dir='ltr'>istius</span> <span class='ocrx_word' id='word_1_261' title='bbox 777 4748 907 4800; x_wconf 67' lang='lat' dir='ltr'>vitae</span> <span class='ocrx_word' id='word_1_262' title='bbox 939 4744 1389 4816; x_wconf 84' lang='lat' dir='ltr'>regenerationis</span> <span class='ocrx_word' id='word_1_263' title='bbox 1440 4743 1595 4795; x_wconf 90' lang='lat' dir='ltr'>fonte</span> <span class='ocrx_word' id='word_1_264' title='bbox 1628 4743 1940 4807; x_wconf 90' lang='lat' dir='ltr'>mundasti,</span> <span class='ocrx_word' id='word_1_265' title='bbox 1976 4742 2042 4794; x_wconf 91' lang='lat' dir='ltr'>ad</span> 
     </span>
    </p>
   </div>
   <div class='ocr_carea' id='block_1_49' title="bbox 353 4830 1934 4906">
    <p class='ocr_par' dir='ltr' id='par_1_49' title="bbox 353 4830 1934 4906">
     <span class='ocr_line' id='line_1_49' title="bbox 353 4830 1934 4906; baseline -0.007 -13"><span class='ocrx_word' id='word_1_266' title='bbox 353 4839 595 4893; x_wconf 80' lang='lat' dir='ltr'>caelestis</span> <span class='ocrx_word' id='word_1_267' title='bbox 624 4837 787 4906; x_wconf 87' lang='lat' dir='ltr'>regni</span> <span class='ocrx_word' id='word_1_268' title='bbox 819 4836 1230 4890; x_wconf 87' lang='lat' dir='ltr'>beatitudinem</span> <span class='ocrx_word' id='word_1_269' title='bbox 1263 4834 1433 4887; x_wconf 88' lang='lat' dir='ltr'>facias</span> <span class='ocrx_word' id='word_1_270' title='bbox 1459 4830 1776 4901; x_wconf 83' lang='lat' dir='ltr'>pervenire.</span> <span class='ocrx_word' id='word_1_271' title='bbox 1810 4832 1934 4884; x_wconf 90' lang='lat' dir='ltr'>Per.</span> 
     </span>
    </p>
   </div>
   <div class='ocr_carea' id='block_1_50' title="bbox 1149 4942 1251 4995">
    <p class='ocr_par' dir='ltr' id='par_1_50' title="bbox 1149 4942 1251 4995">
     <span class='ocr_line' id='line_1_50' title="bbox 1149 4942 1251 4995; baseline 0 -1"><span class='ocrx_word' id='word_1_272' title='bbox 1149 4942 1251 4995; x_wconf 87' lang='lat' dir='ltr'>CV.</span> 
     </span>
    </p>
   </div>
   <div class='ocr_carea' id='block_1_51' title="bbox 423 5042 1966 5089">
    <p class='ocr_par' dir='ltr' id='par_1_51' title="bbox 423 5042 1966 5089">
     <span class='ocr_line' id='line_1_51' title="bbox 423 5042 1966 5089; baseline -0.006 -2"><span class='ocrx_word' id='word_1_273' title='bbox 423 5050 573 5088; x_wconf 67' lang='lat' dir='ltr'><strong>lIISSA</strong></span> <span class='ocrx_word' id='word_1_274' title='bbox 615 5050 715 5087; x_wconf 80' lang='lat' dir='ltr'><strong>PBO</strong></span> <span class='ocrx_word' id='word_1_275' title='bbox 756 5048 1041 5085; x_wconf 65' lang='lat' dir='ltr'>DEFL’NCTIS</span> <span class='ocrx_word' id='word_1_276' title='bbox 1084 5044 1533 5083; x_wconf 73' lang='lat' dir='ltr'>DESIDERANTIBUS</span> <span class='ocrx_word' id='word_1_277' title='bbox 1574 5042 1966 5089; x_wconf 71' lang='lat' dir='ltr'>PCENITENTIAI,</span> 
     </span>
    </p>
   </div>
   <div class='ocr_carea' id='block_1_52' title="bbox 710 5132 1684 5180">
    <p class='ocr_par' dir='ltr' id='par_1_52' title="bbox 710 5132 1684 5180">
     <span class='ocr_line' id='line_1_52' title="bbox 710 5132 1684 5180; baseline -0.005 -5"><span class='ocrx_word' id='word_1_278' title='bbox 710 5137 780 5175; x_wconf 82' lang='lat' dir='ltr'><strong>ET</strong></span> <span class='ocrx_word' id='word_1_279' title='bbox 830 5134 1062 5174; x_wconf 70' lang='lat' dir='ltr'><strong>MINIME</strong></span> <span class='ocrx_word' id='word_1_280' title='bbox 1094 5132 1684 5180; x_wconf 74' lang='lat' dir='ltr'>CONSEQUENTIBUS.</span> 
     </span>
    </p>
   </div>
   <div class='ocr_carea' id='block_1_53' title="bbox 421 5224 2039 5298">
    <p class='ocr_par' dir='ltr' id='par_1_53' title="bbox 421 5224 2039 5298">
     <span class='ocr_line' id='line_1_53' title="bbox 421 5224 2039 5298; baseline -0.004 -17"><span class='ocrx_word' id='word_1_281' title='bbox 421 5229 477 5281; x_wconf 90' lang='lat' dir='ltr'>Si</span> <span class='ocrx_word' id='word_1_282' title='bbox 528 5229 655 5298; x_wconf 87' lang='lat' dir='ltr'>quis</span> <span class='ocrx_word' id='word_1_283' title='bbox 689 5227 1084 5297; x_wconf 66' lang='lat' dir='ltr'>paenitentiam</span> <span class='ocrx_word' id='word_1_284' title='bbox 1131 5231 1349 5295; x_wconf 84' lang='lat' dir='ltr'>petens,</span> <span class='ocrx_word' id='word_1_285' title='bbox 1388 5225 1522 5277; x_wconf 90' lang='lat' dir='ltr'>dum</span> <span class='ocrx_word' id='word_1_286' title='bbox 1569 5224 1831 5277; x_wconf 88' lang='lat' dir='ltr'>sacerdos</span> <span class='ocrx_word' id='word_1_287' title='bbox 1869 5237 2039 5275; x_wconf 88' lang='lat' dir='ltr'>vene-</span> 
     </span>
    </p>
   </div>
   <div class='ocr_carea' id='block_1_54' title="bbox 355 5309 2041 5383">
    <p class='ocr_par' dir='ltr' id='par_1_54' title="bbox 355 5309 2041 5383">
     <span class='ocr_line' id='line_1_54' title="bbox 355 5309 2041 5383; baseline -0.003 -17"><span class='ocrx_word' id='word_1_288' title='bbox 355 5316 449 5380; x_wconf 87' lang='lat' dir='ltr'>rit,</span> <span class='ocrx_word' id='word_1_289' title='bbox 490 5316 661 5368; x_wconf 87' lang='lat' dir='ltr'>fuerit</span> <span class='ocrx_word' id='word_1_290' title='bbox 699 5316 885 5368; x_wconf 88' lang='lat' dir='ltr'>officio</span> <span class='ocrx_word' id='word_1_291' title='bbox 916 5316 1127 5383; x_wconf 72' lang='lat' dir='ltr'>linguze</span> <span class='ocrx_word' id='word_1_292' title='bbox 1178 5314 1445 5383; x_wconf 85' lang='lat' dir='ltr'>privatus,</span> <span class='ocrx_word' id='word_1_293' title='bbox 1495 5313 1869 5366; x_wconf 89' lang='lat' dir='ltr'>constitutum</span> <span class='ocrx_word' id='word_1_294' title='bbox 1903 5314 1965 5362; x_wconf 90' lang='lat' dir='ltr'>ut</span> <span class='ocrx_word' id='word_1_295' title='bbox 1995 5309 2041 5361; x_wconf 92' lang='lat' dir='ltr'>si</span> 
     </span>
    </p>
   </div>
   <div class='ocr_carea' id='block_1_55' title="bbox 354 5398 2043 5470">
    <p class='ocr_par' dir='ltr' id='par_1_55' title="bbox 354 5398 2043 5470">
     <span class='ocr_line' id='line_1_55' title="bbox 354 5398 2043 5470; baseline -0.001 -18"><span class='ocrx_word' id='word_1_296' title='bbox 354 5400 563 5454; x_wconf 88' lang='lat' dir='ltr'>idonea</span> <span class='ocrx_word' id='word_1_297' title='bbox 587 5402 912 5455; x_wconf 88' lang='lat' dir='ltr'>testimonia</span> <span class='ocrx_word' id='word_1_298' title='bbox 937 5403 1040 5454; x_wconf 87' lang='lat' dir='ltr'>hoc</span> <span class='ocrx_word' id='word_1_299' title='bbox 1071 5402 1337 5466; x_wconf 83' lang='lat' dir='ltr'>dixerint,</span> <span class='ocrx_word' id='word_1_300' title='bbox 1373 5407 1429 5453; x_wconf 87' lang='lat' dir='ltr'>et</span> <span class='ocrx_word' id='word_1_301' title='bbox 1452 5402 1569 5470; x_wconf 91' lang='lat' dir='ltr'>ipse</span> <span class='ocrx_word' id='word_1_302' title='bbox 1596 5417 1699 5470; x_wconf 89' lang='lat' dir='ltr'>per</span> <span class='ocrx_word' id='word_1_303' title='bbox 1730 5405 1919 5454; x_wconf 89' lang='lat' dir='ltr'>motus</span> <span class='ocrx_word' id='word_1_304' title='bbox 1947 5398 2043 5451; x_wconf 88' lang='lat' dir='ltr'>ali-</span> 
     </span>
    </p>
   </div>
   <div class='ocr_carea' id='block_1_56' title="bbox 355 5486 2036 5555">
    <p class='ocr_par' dir='ltr' id='par_1_56' title="bbox 355 5486 2036 5555">
     <span class='ocr_line' id='line_1_56' title="bbox 355 5486 2036 5555; baseline 0.001 -18"><span class='ocrx_word' id='word_1_305' title='bbox 355 5501 495 5555; x_wconf 87' lang='lat' dir='ltr'>quos</span> <span class='ocrx_word' id='word_1_306' title='bbox 522 5487 810 5549; x_wconf 84' lang='lat' dir='ltr'>satisfacit,</span> <span class='ocrx_word' id='word_1_307' title='bbox 841 5488 1101 5539; x_wconf 82' lang='lat' dir='ltr'>sacerdos</span> <span class='ocrx_word' id='word_1_308' title='bbox 1136 5487 1375 5554; x_wconf 88' lang='lat' dir='ltr'>impleat</span> <span class='ocrx_word' id='word_1_309' title='bbox 1430 5488 1623 5539; x_wconf 90' lang='lat' dir='ltr'>omnia</span> <span class='ocrx_word' id='word_1_310' title='bbox 1668 5488 1815 5539; x_wconf 83' lang='lat' dir='ltr'>circa</span> <span class='ocrx_word' id='word_1_311' title='bbox 1848 5486 2036 5555; x_wconf 83' lang='lat' dir='ltr'>pceni-</span> 
     </span>
    </p>
   </div>
   <div class='ocr_carea' id='block_1_57' title="bbox 354 5578 592 5627">
    <p class='ocr_par' dir='ltr' id='par_1_57' title="bbox 354 5578 592 5627">
     <span class='ocr_line' id='line_1_57' title="bbox 354 5578 592 5627; baseline 0 -2"><span class='ocrx_word' id='word_1_312' title='bbox 354 5578 592 5627; x_wconf 89' lang='lat' dir='ltr'>tentem.</span> 
     </span>
    </p>
   </div>
   <div class='ocr_carea' id='block_1_58' title="bbox 1465 318 3809 376">
    <p class='ocr_par' dir='ltr' id='par_1_58' title="bbox 1465 318 3809 376">
     <span class='ocr_line' id='line_1_58' title="bbox 1465 318 3809 376; baseline -0.002 -1"><span class='ocrx_word' id='word_1_313' title='bbox 1465 320 1805 375; x_wconf 80' lang='lat' dir='ltr'>GRIMALDI</span> <span class='ocrx_word' id='word_1_314' title='bbox 1847 320 2209 376; x_wconf 79' lang='lat' dir='ltr'>SANGALLE</span> <span class='ocrx_word' id='word_1_315' title='bbox 2222 319 2369 374; x_wconf 84' lang='lat' dir='ltr'>NSIS</span> <span class='ocrx_word' id='word_1_316' title='bbox 2409 318 2706 373; x_wconf 78' lang='lat' dir='ltr'>ABBATIS</span> <span class='ocrx_word' id='word_1_317' title='bbox 3730 321 3809 371; x_wconf 59' lang='lat' dir='ltr'>Sit</span> 
     </span>
    </p>
   </div>
   <div class='ocr_carea' id='block_1_59' title="bbox 2882 456 3091 508">
    <p class='ocr_par' dir='ltr' id='par_1_59' title="bbox 2882 456 3091 508">
     <span class='ocr_line' id='line_1_59' title="bbox 2882 456 3091 508; baseline 0 -2"><span class='ocrx_word' id='word_1_318' title='bbox 2882 456 3091 508; x_wconf 81' lang='lat' dir='ltr'>Oratio.</span> 
     </span>
    </p>
   </div>
   <div class='ocr_carea' id='block_1_60' title="bbox 2206 560 3816 631">
    <p class='ocr_par' dir='ltr' id='par_1_60' title="bbox 2206 560 3816 631">
     <span class='ocr_line' id='line_1_60' title="bbox 2206 560 3816 631; baseline -0.001 -16"><span class='ocrx_word' id='word_1_319' title='bbox 2206 562 2586 631; x_wconf 90' lang='lat' dir='ltr'>Omnipotens</span> <span class='ocrx_word' id='word_1_320' title='bbox 2615 566 2674 614; x_wconf 88' lang='lat' dir='ltr'>et</span> <span class='ocrx_word' id='word_1_321' title='bbox 2729 560 3054 613; x_wconf 73' lang='lat' dir='ltr'>misericors</span> <span class='ocrx_word' id='word_1_322' title='bbox 3093 562 3240 614; x_wconf 89' lang='lat' dir='ltr'>Deus</span> <span class='ocrx_word' id='word_1_323' title='bbox 3269 561 3328 614; x_wconf 89' lang='lat' dir='ltr'>in</span> <span class='ocrx_word' id='word_1_324' title='bbox 3361 561 3528 631; x_wconf 88' lang='lat' dir='ltr'>cujus</span> <span class='ocrx_word' id='word_1_325' title='bbox 3584 561 3816 615; x_wconf 79' lang='lat' dir='ltr'>humana</span> 
     </span>
    </p>
   </div>
   <div class='ocr_carea' id='block_1_61' title="bbox 2134 649 3817 719">
    <p class='ocr_par' dir='ltr' id='par_1_61' title="bbox 2134 649 3817 719">
     <span class='ocr_line' id='line_1_61' title="bbox 2134 649 3817 719; baseline -0.002 -17"><span class='ocrx_word' id='word_1_326' title='bbox 2134 650 2385 703; x_wconf 91' lang='lat' dir='ltr'>conditio</span> <span class='ocrx_word' id='word_1_327' title='bbox 2416 653 2709 719; x_wconf 86' lang='lat' dir='ltr'>potestate</span> <span class='ocrx_word' id='word_1_328' title='bbox 2767 649 3049 715; x_wconf 86' lang='lat' dir='ltr'>consistit,</span> <span class='ocrx_word' id='word_1_329' title='bbox 3098 649 3351 702; x_wconf 89' lang='lat' dir='ltr'>animam</span> <span class='ocrx_word' id='word_1_330' title='bbox 3409 650 3615 703; x_wconf 89' lang='lat' dir='ltr'>famuli</span> <span class='ocrx_word' id='word_1_331' title='bbox 3650 652 3731 701; x_wconf 89' lang='lat' dir='ltr'>tui</span> <span class='ocrx_word' id='word_1_332' title='bbox 3765 652 3817 702; x_wconf 72' lang='grc' dir='ltr'>Ν.</span> 
     </span>
    </p>
   </div>
   <div class='ocr_carea' id='block_1_62' title="bbox 2138 738 3819 808">
    <p class='ocr_par' dir='ltr' id='par_1_62' title="bbox 2138 738 3819 808">
     <span class='ocr_line' id='line_1_62' title="bbox 2138 738 3819 808; baseline 0 -17"><span class='ocrx_word' id='word_1_333' title='bbox 2138 755 2480 808; x_wconf 64' lang='grc' dir='ltr'>(Ιυωδιιωιιε</span> <span class='ocrx_word' id='word_1_334' title='bbox 2512 739 2583 790; x_wconf 89' lang='lat' dir='ltr'>ab</span> <span class='ocrx_word' id='word_1_335' title='bbox 2615 738 2885 791; x_wconf 86' lang='lat' dir='ltr'>omnibus</span> <span class='ocrx_word' id='word_1_336' title='bbox 2907 738 3132 790; x_wconf 80' lang='lat' dir='ltr'>absolve</span> <span class='ocrx_word' id='word_1_337' title='bbox 3163 739 3433 806; x_wconf 87' lang='lat' dir='ltr'>peccatis,</span> <span class='ocrx_word' id='word_1_338' title='bbox 3466 743 3523 790; x_wconf 88' lang='lat' dir='ltr'>et</span> <span class='ocrx_word' id='word_1_339' title='bbox 3552 740 3819 807; x_wconf 62' lang='lat' dir='ltr'>peniten-</span> 
     </span>
    </p>
   </div>
   <div class='ocr_carea' id='block_1_63' title="bbox 2137 827 3819 897">
    <p class='ocr_par' dir='ltr' id='par_1_63' title="bbox 2137 827 3819 897">
     <span class='ocr_line' id='line_1_63' title="bbox 2137 827 3819 897; baseline 0 -18"><span class='ocrx_word' id='word_1_340' title='bbox 2137 828 2231 880; x_wconf 78' lang='lat' dir='ltr'>tiae</span> <span class='ocrx_word' id='word_1_341' title='bbox 2260 827 2529 893; x_wconf 89' lang='lat' dir='ltr'>fructum,</span> <span class='ocrx_word' id='word_1_342' title='bbox 2566 843 2739 897; x_wconf 88' lang='lat' dir='ltr'>quem</span> <span class='ocrx_word' id='word_1_343' title='bbox 2774 828 3034 879; x_wconf 83' lang='lat' dir='ltr'>voluntas</span> <span class='ocrx_word' id='word_1_344' title='bbox 3064 828 3185 895; x_wconf 86' lang='lat' dir='ltr'>ejus</span> <span class='ocrx_word' id='word_1_345' title='bbox 3236 827 3473 895; x_wconf 83' lang='lat' dir='ltr'>optavit,</span> <span class='ocrx_word' id='word_1_346' title='bbox 3509 834 3819 895; x_wconf 58' lang='lat' dir='ltr'>praventus</span> 
     </span>
    </p>
   </div>
   <div class='ocr_carea' id='block_1_64' title="bbox 2138 915 3713 985">
    <p class='ocr_par' dir='ltr' id='par_1_64' title="bbox 2138 915 3713 985">
     <span class='ocr_line' id='line_1_64' title="bbox 2138 915 3713 985; baseline 0 -16"><span class='ocrx_word' id='word_1_347' title='bbox 2138 917 2507 982; x_wconf 89' lang='lat' dir='ltr'>mortalitate,</span> <span class='ocrx_word' id='word_1_348' title='bbox 2543 932 2659 969; x_wconf 90' lang='lat' dir='ltr'>non</span> <span class='ocrx_word' id='word_1_349' title='bbox 2690 915 2912 985; x_wconf 84' lang='lat' dir='ltr'>perdat.</span> <span class='ocrx_word' id='word_1_350' title='bbox 2949 917 3054 968; x_wconf 90' lang='lat' dir='ltr'>Per</span> <span class='ocrx_word' id='word_1_351' title='bbox 3087 915 3397 968; x_wconf 89' lang='lat' dir='ltr'>Dominum</span> <span class='ocrx_word' id='word_1_352' title='bbox 3428 921 3713 970; x_wconf 88' lang='lat' dir='ltr'>nostrum.</span> 
     </span>
    </p>
   </div>
   <div class='ocr_carea' id='block_1_65' title="bbox 2771 1021 3191 1089">
    <p class='ocr_par' dir='ltr' id='par_1_65' title="bbox 2771 1021 3191 1089">
     <span class='ocr_line' id='line_1_65' title="bbox 2771 1021 3191 1089; baseline -0.01 -14"><span class='ocrx_word' id='word_1_353' title='bbox 2771 1022 2944 1089; x_wconf 84' lang='lat' dir='ltr'>Super</span> <span class='ocrx_word' id='word_1_354' title='bbox 2976 1021 3191 1075; x_wconf 86' lang='lat' dir='ltr'>Oblata.</span> 
     </span>
    </p>
   </div>
   <div class='ocr_carea' id='block_1_66' title="bbox 2208 1128 3823 1197">
    <p class='ocr_par' dir='ltr' id='par_1_66' title="bbox 2208 1128 3823 1197">
     <span class='ocr_line' id='line_1_66' title="bbox 2208 1128 3823 1197; baseline -0.001 -16"><span class='ocrx_word' id='word_1_355' title='bbox 2208 1128 2526 1182; x_wconf 89' lang='lat' dir='ltr'>Satisfaciat</span> <span class='ocrx_word' id='word_1_356' title='bbox 2582 1128 2705 1193; x_wconf 90' lang='lat' dir='ltr'>tibi,</span> <span class='ocrx_word' id='word_1_357' title='bbox 2768 1128 3027 1192; x_wconf 91' lang='lat' dir='ltr'>Domine,</span> <span class='ocrx_word' id='word_1_358' title='bbox 3078 1144 3429 1197; x_wconf 67' lang='lat' dir='ltr'>quaesumus,</span> <span class='ocrx_word' id='word_1_359' title='bbox 3496 1144 3605 1197; x_wconf 91' lang='lat' dir='ltr'>pro</span> <span class='ocrx_word' id='word_1_360' title='bbox 3649 1128 3823 1180; x_wconf 83' lang='lat' dir='ltr'>anima</span> 
     </span>
    </p>
   </div>
   <div class='ocr_carea' id='block_1_67' title="bbox 2137 1216 3822 1285">
    <p class='ocr_par' dir='ltr' id='par_1_67' title="bbox 2137 1216 3822 1285">
     <span class='ocr_line' id='line_1_67' title="bbox 2137 1216 3822 1285; baseline -0.002 -14"><span class='ocrx_word' id='word_1_361' title='bbox 2137 1216 2339 1271; x_wconf 87' lang='lat' dir='ltr'>famuli</span> <span class='ocrx_word' id='word_1_362' title='bbox 2371 1218 2453 1269; x_wconf 89' lang='lat' dir='ltr'>tui</span> <span class='ocrx_word' id='word_1_363' title='bbox 2490 1218 2553 1270; x_wconf 87' lang='lat' dir='ltr'>N.</span> <span class='ocrx_word' id='word_1_364' title='bbox 2591 1216 2852 1268; x_wconf 78' lang='lat' dir='ltr'>sacrificii</span> <span class='ocrx_word' id='word_1_365' title='bbox 2884 1217 3180 1284; x_wconf 61' lang='lat' dir='ltr'>pressantis</span> <span class='ocrx_word' id='word_1_366' title='bbox 3210 1216 3448 1281; x_wconf 88' lang='lat' dir='ltr'>oblatio,</span> <span class='ocrx_word' id='word_1_367' title='bbox 3483 1221 3539 1269; x_wconf 89' lang='lat' dir='ltr'>et</span> <span class='ocrx_word' id='word_1_368' title='bbox 3571 1222 3822 1285; x_wconf 82' lang='lat' dir='ltr'>peccato-</span> 
     </span>
    </p>
   </div>
   <div class='ocr_carea' id='block_1_68' title="bbox 2140 1304 3821 1374">
    <p class='ocr_par' dir='ltr' id='par_1_68' title="bbox 2140 1304 3821 1374">
     <span class='ocr_line' id='line_1_68' title="bbox 2140 1304 3821 1374; baseline -0.001 -16"><span class='ocrx_word' id='word_1_369' title='bbox 2140 1322 2269 1359; x_wconf 88' lang='lat' dir='ltr'>rum</span> <span class='ocrx_word' id='word_1_370' title='bbox 2300 1306 2524 1357; x_wconf 84' lang='lat' dir='ltr'>veniam</span> <span class='ocrx_word' id='word_1_371' title='bbox 2550 1320 2721 1374; x_wconf 91' lang='lat' dir='ltr'>quam</span> <span class='ocrx_word' id='word_1_372' title='bbox 2756 1305 3032 1374; x_wconf 60' lang='lat' dir='ltr'>quesivit,</span> <span class='ocrx_word' id='word_1_373' title='bbox 3080 1304 3354 1367; x_wconf 87' lang='lat' dir='ltr'>inveniat,</span> <span class='ocrx_word' id='word_1_374' title='bbox 3390 1311 3448 1357; x_wconf 88' lang='lat' dir='ltr'>et</span> <span class='ocrx_word' id='word_1_375' title='bbox 3492 1305 3651 1374; x_wconf 91' lang='lat' dir='ltr'>quod</span> <span class='ocrx_word' id='word_1_376' title='bbox 3701 1306 3821 1357; x_wconf 79' lang='lat' dir='ltr'>offi-</span> 
     </span>
    </p>
   </div>
   <div class='ocr_carea' id='block_1_69' title="bbox 2140 1392 3823 1463">
    <p class='ocr_par' dir='ltr' id='par_1_69' title="bbox 2140 1392 3823 1463">
     <span class='ocr_line' id='line_1_69' title="bbox 2140 1392 3823 1463; baseline -0.002 -17"><span class='ocrx_word' id='word_1_377' title='bbox 2140 1393 2227 1447; x_wconf 92' lang='lat' dir='ltr'>cio</span> <span class='ocrx_word' id='word_1_378' title='bbox 2250 1393 2463 1463; x_wconf 63' lang='lat' dir='ltr'>lingua:</span> <span class='ocrx_word' id='word_1_379' title='bbox 2513 1393 2753 1463; x_wconf 87' lang='lat' dir='ltr'>implere</span> <span class='ocrx_word' id='word_1_380' title='bbox 2786 1408 2900 1445; x_wconf 91' lang='lat' dir='ltr'>non</span> <span class='ocrx_word' id='word_1_381' title='bbox 2936 1393 3144 1461; x_wconf 86' lang='lat' dir='ltr'>potuit,</span> <span class='ocrx_word' id='word_1_382' title='bbox 3175 1392 3516 1447; x_wconf 65' lang='lat' dir='ltr'>desiderata:</span> <span class='ocrx_word' id='word_1_383' title='bbox 3550 1393 3823 1463; x_wconf 72' lang='lat' dir='ltr'>paeniten-</span> 
     </span>
    </p>
   </div>
   <div class='ocr_carea' id='block_1_70' title="bbox 2141 1481 3216 1551">
    <p class='ocr_par' dir='ltr' id='par_1_70' title="bbox 2141 1481 3216 1551">
     <span class='ocr_line' id='line_1_70' title="bbox 2141 1481 3216 1551; baseline -0.002 -15"><span class='ocrx_word' id='word_1_384' title='bbox 2141 1482 2237 1536; x_wconf 67' lang='lat' dir='ltr'>tiae</span> <span class='ocrx_word' id='word_1_385' title='bbox 2268 1482 2736 1551; x_wconf 86' lang='lat' dir='ltr'>compensatione</span> <span class='ocrx_word' id='word_1_386' title='bbox 2765 1481 3060 1551; x_wconf 87' lang='lat' dir='ltr'>percipiat.</span> <span class='ocrx_word' id='word_1_387' title='bbox 3093 1483 3216 1535; x_wconf 90' lang='lat' dir='ltr'>Per.</span> 
     </span>
    </p>
   </div>
   <div class='ocr_carea' id='block_1_71' title="bbox 2750 1589 3217 1653">
    <p class='ocr_par' dir='ltr' id='par_1_71' title="bbox 2750 1589 3217 1653">
     <span class='ocr_line' id='line_1_71' title="bbox 2750 1589 3217 1653; baseline -0.004 -12"><span class='ocrx_word' id='word_1_388' title='bbox 2750 1589 2908 1653; x_wconf 78' lang='lat' dir='ltr'>Infra</span> <span class='ocrx_word' id='word_1_389' title='bbox 2937 1590 3217 1641; x_wconf 80' lang='lat' dir='ltr'>actionem.</span> 
     </span>
    </p>
   </div>
   <div class='ocr_carea' id='block_1_72' title="bbox 2217 1693 3830 1763">
    <p class='ocr_par' dir='ltr' id='par_1_72' title="bbox 2217 1693 3830 1763">
     <span class='ocr_line' id='line_1_72' title="bbox 2217 1693 3830 1763; baseline 0 -16"><span class='ocrx_word' id='word_1_390' title='bbox 2217 1696 2369 1747; x_wconf 85' lang='lat' dir='ltr'>Hanc</span> <span class='ocrx_word' id='word_1_391' title='bbox 2405 1693 2581 1763; x_wconf 88' lang='lat' dir='ltr'>igitur</span> <span class='ocrx_word' id='word_1_392' title='bbox 2617 1693 2987 1755; x_wconf 88' lang='lat' dir='ltr'>oblationem,</span> <span class='ocrx_word' id='word_1_393' title='bbox 3023 1710 3195 1763; x_wconf 90' lang='lat' dir='ltr'>quam</span> <span class='ocrx_word' id='word_1_394' title='bbox 3240 1693 3341 1746; x_wconf 87' lang='lat' dir='ltr'>tibi</span> <span class='ocrx_word' id='word_1_395' title='bbox 3411 1693 3713 1747; x_wconf 76' lang='lat' dir='ltr'>offerimus</span> <span class='ocrx_word' id='word_1_396' title='bbox 3741 1710 3830 1762; x_wconf 84' lang='lat' dir='ltr'>pro</span> 
     </span>
    </p>
   </div>
   <div class='ocr_carea' id='block_1_73' title="bbox 2146 1781 3832 1851">
    <p class='ocr_par' dir='ltr' id='par_1_73' title="bbox 2146 1781 3832 1851">
     <span class='ocr_line' id='line_1_73' title="bbox 2146 1781 3832 1851; baseline -0.001 -15"><span class='ocrx_word' id='word_1_397' title='bbox 2146 1782 2337 1836; x_wconf 90' lang='lat' dir='ltr'>anima</span> <span class='ocrx_word' id='word_1_398' title='bbox 2368 1782 2569 1835; x_wconf 87' lang='lat' dir='ltr'>famuli</span> <span class='ocrx_word' id='word_1_399' title='bbox 2600 1782 2684 1833; x_wconf 89' lang='lat' dir='ltr'>tui</span> <span class='ocrx_word' id='word_1_400' title='bbox 2713 1783 2801 1840; x_wconf 77' lang='grc' dir='ltr'><strong>Ν..</strong></span> <span class='ocrx_word' id='word_1_401' title='bbox 2830 1782 2991 1850; x_wconf 85' lang='lat' dir='ltr'>cujus</span> <span class='ocrx_word' id='word_1_402' title='bbox 3014 1782 3165 1834; x_wconf 89' lang='lat' dir='ltr'>diem</span> <span class='ocrx_word' id='word_1_403' title='bbox 3190 1781 3563 1851; x_wconf 80' lang='lat' dir='ltr'>depositionis</span> <span class='ocrx_word' id='word_1_404' title='bbox 3598 1782 3832 1834; x_wconf 55' lang='lat' dir='ltr'>celebra-</span> 
     </span>
    </p>
   </div>
   <div class='ocr_carea' id='block_1_74' title="bbox 2147 1870 3831 1940">
    <p class='ocr_par' dir='ltr' id='par_1_74' title="bbox 2147 1870 3831 1940">
     <span class='ocr_line' id='line_1_74' title="bbox 2147 1870 3831 1940; baseline -0.001 -17"><span class='ocrx_word' id='word_1_405' title='bbox 2147 1888 2293 1935; x_wconf 84' lang='lat' dir='ltr'>mus,</span> <span class='ocrx_word' id='word_1_406' title='bbox 2347 1886 2697 1940; x_wconf 69' lang='lat' dir='ltr'>qtimsumus,</span> <span class='ocrx_word' id='word_1_407' title='bbox 2753 1871 3012 1931; x_wconf 87' lang='lat' dir='ltr'>Domine,</span> <span class='ocrx_word' id='word_1_408' title='bbox 3064 1876 3126 1923; x_wconf 91' lang='lat' dir='ltr'>ut</span> <span class='ocrx_word' id='word_1_409' title='bbox 3171 1872 3423 1940; x_wconf 89' lang='lat' dir='ltr'>placatus</span> <span class='ocrx_word' id='word_1_410' title='bbox 3473 1870 3745 1939; x_wconf 82' lang='lat' dir='ltr'>accipias,</span> <span class='ocrx_word' id='word_1_411' title='bbox 3787 1878 3831 1922; x_wconf 85' lang='lat' dir='ltr'>et</span> 
     </span>
    </p>
   </div>
   <div class='ocr_carea' id='block_1_75' title="bbox 2144 1959 3831 2028">
    <p class='ocr_par' dir='ltr' id='par_1_75' title="bbox 2144 1959 3831 2028">
     <span class='ocr_line' id='line_1_75' title="bbox 2144 1959 3831 2028; baseline -0.002 -15"><span class='ocrx_word' id='word_1_412' title='bbox 2144 1959 2423 2013; x_wconf 77' lang='lat' dir='ltr'>ineffabili</span> <span class='ocrx_word' id='word_1_413' title='bbox 2451 1959 2659 2028; x_wconf 87' lang='lat' dir='ltr'>pietate</span> <span class='ocrx_word' id='word_1_414' title='bbox 2685 1959 3011 2023; x_wconf 85' lang='lat' dir='ltr'>concordas,</span> <span class='ocrx_word' id='word_1_415' title='bbox 3046 1965 3106 2010; x_wconf 92' lang='lat' dir='ltr'>ut</span> <span class='ocrx_word' id='word_1_416' title='bbox 3128 1960 3279 2027; x_wconf 87' lang='lat' dir='ltr'>quod</span> <span class='ocrx_word' id='word_1_417' title='bbox 3316 1959 3549 2028; x_wconf 84' lang='lat' dir='ltr'>exsequi</span> <span class='ocrx_word' id='word_1_418' title='bbox 3584 1975 3831 2027; x_wconf 56' lang='grc' dir='ltr'>βαίη-θη-</span> 
     </span>
    </p>
   </div>
   <div class='ocr_carea' id='block_1_76' title="bbox 2147 2047 3828 2118">
    <p class='ocr_par' dir='ltr' id='par_1_76' title="bbox 2147 2047 3828 2118">
     <span class='ocr_line' id='line_1_76' title="bbox 2147 2047 3828 2118; baseline 0 -19"><span class='ocrx_word' id='word_1_419' title='bbox 2147 2055 2238 2100; x_wconf 87' lang='lat' dir='ltr'>tus</span> <span class='ocrx_word' id='word_1_420' title='bbox 2270 2047 2599 2099; x_wconf 90' lang='lat' dir='ltr'>conditione</span> <span class='ocrx_word' id='word_1_421' title='bbox 2636 2048 2884 2109; x_wconf 85' lang='lat' dir='ltr'>mortali,</span> <span class='ocrx_word' id='word_1_422' title='bbox 2912 2047 3228 2100; x_wconf 89' lang='lat' dir='ltr'>ministerio</span> <span class='ocrx_word' id='word_1_423' title='bbox 3255 2048 3469 2116; x_wconf 57' lang='lat' dir='ltr'>lingua</span> <span class='ocrx_word' id='word_1_424' title='bbox 3492 2064 3613 2100; x_wconf 92' lang='lat' dir='ltr'>non</span> <span class='ocrx_word' id='word_1_425' title='bbox 3636 2051 3828 2118; x_wconf 74' lang='lat' dir='ltr'>potuit.</span> 
     </span>
    </p>
   </div>
   <div class='ocr_carea' id='block_1_77' title="bbox 2148 2134 3833 2203">
    <p class='ocr_par' dir='ltr' id='par_1_77' title="bbox 2148 2134 3833 2203">
     <span class='ocr_line' id='line_1_77' title="bbox 2148 2134 3833 2203; baseline -0.001 -16"><span class='ocrx_word' id='word_1_426' title='bbox 2148 2140 2435 2187; x_wconf 88' lang='lat' dir='ltr'>mereatur</span> <span class='ocrx_word' id='word_1_427' title='bbox 2455 2134 2817 2201; x_wconf 88' lang='lat' dir='ltr'>indulgentia</span> <span class='ocrx_word' id='word_1_428' title='bbox 2846 2134 3195 2203; x_wconf 81' lang='lat' dir='ltr'>sempiterna</span> <span class='ocrx_word' id='word_1_429' title='bbox 3225 2152 3236 2188; x_wconf 89' lang='lat'><strong>:</strong></span> <span class='ocrx_word' id='word_1_430' title='bbox 3272 2135 3508 2203; x_wconf 88' lang='lat' dir='ltr'>diesque</span> <span class='ocrx_word' id='word_1_431' title='bbox 3529 2141 3756 2188; x_wconf 86' lang='lat' dir='ltr'>nostros</span> <span class='ocrx_word' id='word_1_432' title='bbox 3785 2136 3833 2186; x_wconf 92' lang='lat' dir='ltr'>in</span> 
     </span>
    </p>
   </div>
   <div class='ocr_carea' id='block_1_78' title="bbox 2147 2222 2766 2293">
    <p class='ocr_par' dir='ltr' id='par_1_78' title="bbox 2147 2222 2766 2293">
     <span class='ocr_line' id='line_1_78' title="bbox 2147 2222 2766 2293; baseline -0.005 -17"><span class='ocrx_word' id='word_1_433' title='bbox 2147 2228 2248 2276; x_wconf 91' lang='lat' dir='ltr'>tua</span> <span class='ocrx_word' id='word_1_434' title='bbox 2268 2238 2404 2293; x_wconf 88' lang='lat' dir='ltr'>pace</span> <span class='ocrx_word' id='word_1_435' title='bbox 2436 2222 2766 2289; x_wconf 88' lang='lat' dir='ltr'>disponens.</span> 
     </span>
    </p>
   </div>
   <div class='ocr_carea' id='block_1_79' title="bbox 2652 2327 3292 2380">
    <p class='ocr_par' dir='ltr' id='par_1_79' title="bbox 2652 2327 3292 2380">
     <span class='ocr_line' id='line_1_79' title="bbox 2652 2327 3292 2380; baseline 0 -1"><span class='ocrx_word' id='word_1_436' title='bbox 2652 2342 2655 2347; x_wconf 89' lang='grc'>·</span> <span class='ocrx_word' id='word_1_437' title='bbox 2684 2329 2809 2379; x_wconf 85' lang='lat' dir='ltr'>Post</span> <span class='ocrx_word' id='word_1_438' title='bbox 2837 2327 3117 2380; x_wconf 86' lang='lat' dir='ltr'>Communi</span> <span class='ocrx_word' id='word_1_439' title='bbox 3122 2342 3292 2379; x_wconf 82' lang='lat' dir='ltr'>onem.</span> 
     </span>
    </p>
   </div>
   <div class='ocr_carea' id='block_1_80' title="bbox 2222 2432 3828 2502">
    <p class='ocr_par' dir='ltr' id='par_1_80' title="bbox 2222 2432 3828 2502">
     <span class='ocr_line' id='line_1_80' title="bbox 2222 2432 3828 2502; baseline -0.002 -15"><span class='ocrx_word' id='word_1_440' title='bbox 2222 2435 2390 2497; x_wconf 89' lang='lat' dir='ltr'>Deus,</span> <span class='ocrx_word' id='word_1_441' title='bbox 2420 2449 2452 2485; x_wconf 90' lang='lat' dir='ltr'>a</span> <span class='ocrx_word' id='word_1_442' title='bbox 2486 2449 2599 2502; x_wconf 90' lang='lat' dir='ltr'>quo</span> <span class='ocrx_word' id='word_1_443' title='bbox 2632 2437 2895 2501; x_wconf 88' lang='lat' dir='ltr'>speratur</span> <span class='ocrx_word' id='word_1_444' title='bbox 2924 2432 3161 2485; x_wconf 88' lang='lat' dir='ltr'>humani</span> <span class='ocrx_word' id='word_1_445' title='bbox 3198 2432 3455 2501; x_wconf 88' lang='lat' dir='ltr'>corporis</span> <span class='ocrx_word' id='word_1_446' title='bbox 3482 2449 3658 2486; x_wconf 88' lang='lat' dir='ltr'>omne</span> <span class='ocrx_word' id='word_1_447' title='bbox 3692 2434 3828 2502; x_wconf 86' lang='lat' dir='ltr'>quod</span> 
     </span>
    </p>
   </div>
   <div class='ocr_carea' id='block_1_81' title="bbox 2150 2522 3836 2590">
    <p class='ocr_par' dir='ltr' id='par_1_81' title="bbox 2150 2522 3836 2590">
     <span class='ocr_line' id='line_1_81' title="bbox 2150 2522 3836 2590; baseline -0.001 -16"><span class='ocrx_word' id='word_1_448' title='bbox 2150 2522 2364 2575; x_wconf 89' lang='lat' dir='ltr'>bonum</span> <span class='ocrx_word' id='word_1_449' title='bbox 2416 2526 2517 2587; x_wconf 89' lang='lat' dir='ltr'>est,</span> <span class='ocrx_word' id='word_1_450' title='bbox 2570 2522 2759 2573; x_wconf 86' lang='lat' dir='ltr'>tribue</span> <span class='ocrx_word' id='word_1_451' title='bbox 2818 2537 2920 2590; x_wconf 86' lang='lat' dir='ltr'>per</span> <span class='ocrx_word' id='word_1_452' title='bbox 2949 2522 3070 2573; x_wconf 68' lang='lat' dir='ltr'>haec</span> <span class='ocrx_word' id='word_1_453' title='bbox 3120 2527 3333 2588; x_wconf 87' lang='lat' dir='ltr'>sancta,</span> <span class='ocrx_word' id='word_1_454' title='bbox 3380 2538 3736 2589; x_wconf 63' lang='lat' dir='ltr'>quiesumus,</span> <span class='ocrx_word' id='word_1_455' title='bbox 3784 2530 3836 2573; x_wconf 86' lang='lat' dir='ltr'>ut</span> 
     </span>
    </p>
   </div>
   <div class='ocr_carea' id='block_1_82' title="bbox 2149 2610 3835 2680">
    <p class='ocr_par' dir='ltr' id='par_1_82' title="bbox 2149 2610 3835 2680">
     <span class='ocr_line' id='line_1_82' title="bbox 2149 2610 3835 2680; baseline -0.001 -17"><span class='ocrx_word' id='word_1_456' title='bbox 2149 2611 2296 2663; x_wconf 89' lang='lat' dir='ltr'>sicut</span> <span class='ocrx_word' id='word_1_457' title='bbox 2348 2610 2557 2662; x_wconf 69' lang='lat' dir='ltr'>animae</span> <span class='ocrx_word' id='word_1_458' title='bbox 2588 2610 2790 2662; x_wconf 89' lang='lat' dir='ltr'>famuli</span> <span class='ocrx_word' id='word_1_459' title='bbox 2843 2610 2927 2661; x_wconf 90' lang='lat' dir='ltr'>tui</span> <span class='ocrx_word' id='word_1_460' title='bbox 2972 2610 3036 2663; x_wconf 88' lang='lat' dir='ltr'><strong>N.</strong></span> <span class='ocrx_word' id='word_1_461' title='bbox 3072 2610 3421 2679; x_wconf 66' lang='lat' dir='ltr'>poenitentia:</span> <span class='ocrx_word' id='word_1_462' title='bbox 3453 2610 3518 2679; x_wconf 85' lang='lat' dir='ltr'>[f.</span> <span class='ocrx_word' id='word_1_463' title='bbox 3551 2611 3835 2680; x_wconf 64' lang='lat' dir='ltr'>paeniten-</span> 
     </span>
    </p>
   </div>
   <div class='ocr_carea' id='block_1_83' title="bbox 2150 2697 3837 2767">
    <p class='ocr_par' dir='ltr' id='par_1_83' title="bbox 2150 2697 3837 2767">
     <span class='ocr_line' id='line_1_83' title="bbox 2150 2697 3837 2767; baseline -0.001 -17"><span class='ocrx_word' id='word_1_464' title='bbox 2150 2697 2312 2765; x_wconf 78' lang='lat' dir='ltr'>tiam]</span> <span class='ocrx_word' id='word_1_465' title='bbox 2347 2698 2487 2751; x_wconf 86' lang='lat' dir='ltr'>velle</span> <span class='ocrx_word' id='word_1_466' title='bbox 2519 2697 2765 2759; x_wconf 86' lang='lat' dir='ltr'>donasti,</span> <span class='ocrx_word' id='word_1_467' title='bbox 2808 2698 2888 2751; x_wconf 91' lang='lat' dir='ltr'>sic</span> <span class='ocrx_word' id='word_1_468' title='bbox 2926 2698 3341 2767; x_wconf 89' lang='lat' dir='ltr'>indulgentiam</span> <span class='ocrx_word' id='word_1_469' title='bbox 3382 2700 3572 2752; x_wconf 88' lang='lat' dir='ltr'>tribue</span> <span class='ocrx_word' id='word_1_470' title='bbox 3600 2699 3837 2752; x_wconf 84' lang='lat' dir='ltr'>misera-</span> 
     </span>
    </p>
   </div>
   <div class='ocr_carea' id='block_1_84' title="bbox 2078 2786 3065 2856">
    <p class='ocr_par' dir='ltr' id='par_1_84' title="bbox 2078 2786 3065 2856">
     <span class='ocr_line' id='line_1_84' title="bbox 2078 2786 3065 2856; baseline 0 -17"><span class='ocrx_word' id='word_1_471' title='bbox 2078 2844 2081 2851; x_wconf 32' lang='lat'><strong><em>.</em></strong></span> <span class='ocrx_word' id='word_1_472' title='bbox 2150 2791 2241 2839; x_wconf 85' lang='lat' dir='ltr'>tus</span> <span class='ocrx_word' id='word_1_473' title='bbox 2272 2791 2548 2856; x_wconf 90' lang='lat' dir='ltr'>optatam.</span> <span class='ocrx_word' id='word_1_474' title='bbox 2582 2788 2690 2839; x_wconf 90' lang='lat' dir='ltr'>Per</span> <span class='ocrx_word' id='word_1_475' title='bbox 2730 2786 3065 2839; x_wconf 90' lang='lat' dir='ltr'>Dominum.</span> 
     </span>
    </p>
   </div>
   <div class='ocr_carea' id='block_1_85' title="bbox 2933 2893 3065 2946">
    <p class='ocr_par' dir='ltr' id='par_1_85' title="bbox 2933 2893 3065 2946">
     <span class='ocr_line' id='line_1_85' title="bbox 2933 2893 3065 2946; baseline -0.015 0"><span class='ocrx_word' id='word_1_476' title='bbox 2933 2893 3065 2946; x_wconf 89' lang='lat' dir='ltr'>CVI.</span> 
     </span>
    </p>
   </div>
   <div class='ocr_carea' id='block_1_86' title="bbox 2265 2995 3736 3035">
    <p class='ocr_par' dir='ltr' id='par_1_86' title="bbox 2265 2995 3736 3035">
     <span class='ocr_line' id='line_1_86' title="bbox 2265 2995 3736 3035; baseline -0.001 -1"><span class='ocrx_word' id='word_1_477' title='bbox 2265 2995 2454 3035; x_wconf 74' lang='lat' dir='ltr'>MISSA</span> <span class='ocrx_word' id='word_1_478' title='bbox 2493 2996 2555 3034; x_wconf 82' lang='lat' dir='ltr'><strong>IN</strong></span> <span class='ocrx_word' id='word_1_479' title='bbox 2603 2995 3095 3035; x_wconf 77' lang='lat' dir='ltr'>ANNIVERSARIO</span> <span class='ocrx_word' id='word_1_480' title='bbox 3151 2995 3348 3035; x_wconf 77' lang='lat' dir='ltr'>UNIL‘S</span> <span class='ocrx_word' id='word_1_481' title='bbox 3394 2996 3736 3035; x_wconf 79' lang='lat' dir='ltr'>DEI-&#39;UNCTI.</span> 
     </span>
    </p>
   </div>
   <div class='ocr_carea' id='block_1_87' title="bbox 2224 3084 3832 3155">
    <p class='ocr_par' dir='ltr' id='par_1_87' title="bbox 2224 3084 3832 3155">
     <span class='ocr_line' id='line_1_87' title="bbox 2224 3084 3832 3155; baseline -0.001 -18"><span class='ocrx_word' id='word_1_482' title='bbox 2224 3086 2454 3150; x_wconf 68' lang='lat' dir='ltr'>Prmsta,</span> <span class='ocrx_word' id='word_1_483' title='bbox 2492 3085 2746 3149; x_wconf 89' lang='lat' dir='ltr'>Domine,</span> <span class='ocrx_word' id='word_1_484' title='bbox 2781 3101 3132 3155; x_wconf 69' lang='lat' dir='ltr'>quaesumus,</span> <span class='ocrx_word' id='word_1_485' title='bbox 3190 3090 3254 3137; x_wconf 93' lang='lat' dir='ltr'>ut</span> <span class='ocrx_word' id='word_1_486' title='bbox 3283 3085 3478 3137; x_wconf 90' lang='lat' dir='ltr'>anima</span> <span class='ocrx_word' id='word_1_487' title='bbox 3516 3085 3718 3137; x_wconf 86' lang='lat' dir='ltr'>famuli</span> <span class='ocrx_word' id='word_1_488' title='bbox 3760 3084 3832 3137; x_wconf 87' lang='lat' dir='ltr'>tui</span> 
     </span>
    </p>
   </div>
   <div class='ocr_carea' id='block_1_88' title="bbox 2153 3174 3830 3243">
    <p class='ocr_par' dir='ltr' id='par_1_88' title="bbox 2153 3174 3830 3243">
     <span class='ocr_line' id='line_1_88' title="bbox 2153 3174 3830 3243; baseline -0.002 -17"><span class='ocrx_word' id='word_1_489' title='bbox 2153 3174 2241 3233; x_wconf 79' lang='lat' dir='ltr'>N.,</span> <span class='ocrx_word' id='word_1_490' title='bbox 2271 3174 2431 3242; x_wconf 85' lang='lat' dir='ltr'>cujus</span> <span class='ocrx_word' id='word_1_491' title='bbox 2480 3174 2934 3226; x_wconf 88' lang='lat' dir='ltr'>anniversarium</span> <span class='ocrx_word' id='word_1_492' title='bbox 2980 3174 3354 3243; x_wconf 89' lang='lat' dir='ltr'>depositionis</span> <span class='ocrx_word' id='word_1_493' title='bbox 3383 3174 3536 3226; x_wconf 90' lang='lat' dir='ltr'>diem</span> <span class='ocrx_word' id='word_1_494' title='bbox 3588 3174 3830 3227; x_wconf 81' lang='lat' dir='ltr'>celebra-</span> 
     </span>
    </p>
   </div>
   <div class='ocr_carea' id='block_1_89' title="bbox 2149 3261 3824 3331">
    <p class='ocr_par' dir='ltr' id='par_1_89' title="bbox 2149 3261 3824 3331">
     <span class='ocr_line' id='line_1_89' title="bbox 2149 3261 3824 3331; baseline -0.001 -18"><span class='ocrx_word' id='word_1_495' title='bbox 2149 3278 2294 3327; x_wconf 88' lang='lat' dir='ltr'>mus,</span> <span class='ocrx_word' id='word_1_496' title='bbox 2333 3261 2420 3313; x_wconf 82' lang='lat' dir='ltr'>liis</span> <span class='ocrx_word' id='word_1_497' title='bbox 2448 3266 2687 3330; x_wconf 87' lang='lat' dir='ltr'>purgata</span> <span class='ocrx_word' id='word_1_498' title='bbox 2717 3261 3028 3327; x_wconf 88' lang='lat' dir='ltr'>sarcificiis,</span> <span class='ocrx_word' id='word_1_499' title='bbox 3074 3261 3497 3331; x_wconf 88' lang='lat' dir='ltr'>indulgentiam</span> <span class='ocrx_word' id='word_1_500' title='bbox 3531 3262 3749 3331; x_wconf 87' lang='lat' dir='ltr'>pariter</span> <span class='ocrx_word' id='word_1_501' title='bbox 3778 3266 3824 3313; x_wconf 90' lang='lat' dir='ltr'>et</span> 
     </span>
    </p>
   </div>
   <div class='ocr_carea' id='block_1_90' title="bbox 2150 3350 3281 3420">
    <p class='ocr_par' dir='ltr' id='par_1_90' title="bbox 2150 3350 3281 3420">
     <span class='ocr_line' id='line_1_90' title="bbox 2150 3350 3281 3420; baseline 0.002 -18"><span class='ocrx_word' id='word_1_502' title='bbox 2150 3351 2410 3419; x_wconf 89' lang='lat' dir='ltr'>requiem</span> <span class='ocrx_word' id='word_1_503' title='bbox 2445 3350 2633 3419; x_wconf 88' lang='lat' dir='ltr'>capiat</span> <span class='ocrx_word' id='word_1_504' title='bbox 2652 3350 3085 3420; x_wconf 88' lang='lat' dir='ltr'>sempiternam.</span> <span class='ocrx_word' id='word_1_505' title='bbox 3124 3352 3281 3404; x_wconf 89' lang='lat' dir='ltr'>Per..</span> 
     </span>
    </p>
   </div>
   <div class='ocr_carea' id='block_1_91' title="bbox 2789 3456 3204 3524">
    <p class='ocr_par' dir='ltr' id='par_1_91' title="bbox 2789 3456 3204 3524">
     <span class='ocr_line' id='line_1_91' title="bbox 2789 3456 3204 3524; baseline -0.005 -15"><span class='ocrx_word' id='word_1_506' title='bbox 2789 3457 2966 3524; x_wconf 85' lang='lat' dir='ltr'>Super</span> <span class='ocrx_word' id='word_1_507' title='bbox 2988 3456 3204 3513; x_wconf 85' lang='lat' dir='ltr'>Oblata.</span> 
     </span>
    </p>
   </div>
   <div class='ocr_carea' id='block_1_92' title="bbox 2224 3561 3827 3632">
    <p class='ocr_par' dir='ltr' id='par_1_92' title="bbox 2224 3561 3827 3632">
     <span class='ocr_line' id='line_1_92' title="bbox 2224 3561 3827 3632; baseline -0.001 -19"><span class='ocrx_word' id='word_1_508' title='bbox 2224 3561 2561 3630; x_wconf 88' lang='lat' dir='ltr'>Propitiare,</span> <span class='ocrx_word' id='word_1_509' title='bbox 2615 3562 2877 3624; x_wconf 86' lang='lat' dir='ltr'>Domine,</span> <span class='ocrx_word' id='word_1_510' title='bbox 2927 3562 3439 3632; x_wconf 88' lang='lat' dir='ltr'>supplicationibus</span> <span class='ocrx_word' id='word_1_511' title='bbox 3482 3562 3692 3616; x_wconf 88' lang='lat' dir='ltr'>nostris</span> <span class='ocrx_word' id='word_1_512' title='bbox 3737 3579 3827 3631; x_wconf 87' lang='lat' dir='ltr'>pro</span> 
     </span>
    </p>
   </div>
   <div class='ocr_carea' id='block_1_93' title="bbox 2158 3649 3833 3719">
    <p class='ocr_par' dir='ltr' id='par_1_93' title="bbox 2158 3649 3833 3719">
     <span class='ocr_line' id='line_1_93' title="bbox 2158 3649 3833 3719; baseline -0.002 -16"><span class='ocrx_word' id='word_1_513' title='bbox 2158 3650 2349 3703; x_wconf 87' lang='lat' dir='ltr'>anima</span> <span class='ocrx_word' id='word_1_514' title='bbox 2397 3655 2452 3701; x_wconf 91' lang='lat' dir='ltr'>et</span> <span class='ocrx_word' id='word_1_515' title='bbox 2508 3649 2713 3719; x_wconf 88' lang='lat' dir='ltr'>spiritu</span> <span class='ocrx_word' id='word_1_516' title='bbox 2764 3650 2963 3703; x_wconf 86' lang='lat' dir='ltr'>famuli</span> <span class='ocrx_word' id='word_1_517' title='bbox 3022 3650 3147 3713; x_wconf 90' lang='lat' dir='ltr'>tui.,</span> <span class='ocrx_word' id='word_1_518' title='bbox 3196 3649 3356 3718; x_wconf 87' lang='lat' dir='ltr'>cujus</span> <span class='ocrx_word' id='word_1_519' title='bbox 3414 3649 3591 3702; x_wconf 89' lang='lat' dir='ltr'>hodie</span> <span class='ocrx_word' id='word_1_520' title='bbox 3658 3666 3833 3702; x_wconf 86' lang='lat' dir='ltr'>annua</span> 
     </span>
    </p>
   </div>
   <div class='ocr_carea' id='block_1_94' title="bbox 2153 3736 3830 3807">
    <p class='ocr_par' dir='ltr' id='par_1_94' title="bbox 2153 3736 3830 3807">
     <span class='ocr_line' id='line_1_94' title="bbox 2153 3736 3830 3807; baseline -0.003 -16"><span class='ocrx_word' id='word_1_521' title='bbox 2153 3738 2273 3791; x_wconf 89' lang='lat' dir='ltr'>dies</span> <span class='ocrx_word' id='word_1_522' title='bbox 2308 3737 2515 3806; x_wconf 85' lang='lat' dir='ltr'>agitur,</span> <span class='ocrx_word' id='word_1_523' title='bbox 2550 3754 2649 3805; x_wconf 87' lang='lat' dir='ltr'>pro</span> <span class='ocrx_word' id='word_1_524' title='bbox 2678 3754 2791 3807; x_wconf 89' lang='lat' dir='ltr'>qua</span> <span class='ocrx_word' id='word_1_525' title='bbox 2821 3738 2923 3790; x_wconf 89' lang='lat' dir='ltr'>tibi</span> <span class='ocrx_word' id='word_1_526' title='bbox 2957 3737 3248 3790; x_wconf 78' lang='lat' dir='ltr'>offerimus</span> <span class='ocrx_word' id='word_1_527' title='bbox 3270 3737 3615 3789; x_wconf 88' lang='lat' dir='ltr'>sacrificium</span> <span class='ocrx_word' id='word_1_528' title='bbox 3638 3736 3830 3797; x_wconf 83' lang='lat' dir='ltr'>laudis,</span> 
     </span>
    </p>
   </div>
   <div class='ocr_carea' id='block_1_95' title="bbox 2158 3826 3831 3893">
    <p class='ocr_par' dir='ltr' id='par_1_95' title="bbox 2158 3826 3831 3893">
     <span class='ocr_line' id='line_1_95' title="bbox 2158 3826 3831 3893; baseline -0.002 -14"><span class='ocrx_word' id='word_1_529' title='bbox 2158 3832 2224 3879; x_wconf 89' lang='lat' dir='ltr'>ut</span> <span class='ocrx_word' id='word_1_530' title='bbox 2252 3842 2376 3878; x_wconf 89' lang='lat' dir='ltr'>eam</span> <span class='ocrx_word' id='word_1_531' title='bbox 2412 3832 2739 3879; x_wconf 89' lang='lat' dir='ltr'>sanctorum</span> <span class='ocrx_word' id='word_1_532' title='bbox 2776 3832 3006 3880; x_wconf 89' lang='lat' dir='ltr'>tuorum</span> <span class='ocrx_word' id='word_1_533' title='bbox 3041 3826 3325 3879; x_wconf 88' lang='lat' dir='ltr'>consortio</span> <span class='ocrx_word' id='word_1_534' title='bbox 3370 3827 3590 3878; x_wconf 87' lang='lat' dir='ltr'>sociare</span> <span class='ocrx_word' id='word_1_535' title='bbox 3646 3826 3831 3893; x_wconf 81' lang='lat' dir='ltr'>digne-</span> 
     </span>
    </p>
   </div>
   <div class='ocr_carea' id='block_1_96' title="bbox 2156 3915 2755 3968">
    <p class='ocr_par' dir='ltr' id='par_1_96' title="bbox 2156 3915 2755 3968">
     <span class='ocr_line' id='line_1_96' title="bbox 2156 3915 2755 3968; baseline 0 -1"><span class='ocrx_word' id='word_1_536' title='bbox 2156 3915 2254 3968; x_wconf 89' lang='lat' dir='ltr'>ris.</span> <span class='ocrx_word' id='word_1_537' title='bbox 2292 3916 2399 3967; x_wconf 92' lang='lat' dir='ltr'>Per</span> <span class='ocrx_word' id='word_1_538' title='bbox 2428 3915 2755 3968; x_wconf 91' lang='lat' dir='ltr'>Dominum.</span> 
     </span>
    </p>
   </div>
   <div class='ocr_carea' id='block_1_97' title="bbox 2758 4024 3238 4087">
    <p class='ocr_par' dir='ltr' id='par_1_97' title="bbox 2758 4024 3238 4087">
     <span class='ocr_line' id='line_1_97' title="bbox 2758 4024 3238 4087; baseline 0.002 -14"><span class='ocrx_word' id='word_1_539' title='bbox 2758 4024 2925 4087; x_wconf 82' lang='lat' dir='ltr'>Infra</span> <span class='ocrx_word' id='word_1_540' title='bbox 2956 4024 3238 4075; x_wconf 84' lang='lat' dir='ltr'>actionem.</span> 
     </span>
    </p>
   </div>
   <div class='ocr_carea' id='block_1_98' title="bbox 2226 4124 3833 4196">
    <p class='ocr_par' dir='ltr' id='par_1_98' title="bbox 2226 4124 3833 4196">
     <span class='ocr_line' id='line_1_98' title="bbox 2226 4124 3833 4196; baseline -0.002 -17"><span class='ocrx_word' id='word_1_541' title='bbox 2226 4127 2381 4180; x_wconf 87' lang='lat' dir='ltr'>Hanc</span> <span class='ocrx_word' id='word_1_542' title='bbox 2422 4126 2598 4196; x_wconf 78' lang='lat' dir='ltr'>igitur</span> <span class='ocrx_word' id='word_1_543' title='bbox 2639 4127 3009 4191; x_wconf 88' lang='lat' dir='ltr'>oblationem,</span> <span class='ocrx_word' id='word_1_544' title='bbox 3046 4126 3307 4190; x_wconf 92' lang='lat' dir='ltr'>Domine,</span> <span class='ocrx_word' id='word_1_545' title='bbox 3355 4141 3529 4195; x_wconf 91' lang='lat' dir='ltr'>quam</span> <span class='ocrx_word' id='word_1_546' title='bbox 3574 4126 3681 4178; x_wconf 86' lang='lat' dir='ltr'>tibi</span> <span class='ocrx_word' id='word_1_547' title='bbox 3712 4124 3833 4177; x_wconf 85' lang='lat' dir='ltr'>olfe-</span> 
     </span>
    </p>
   </div>
   <div class='ocr_carea' id='block_1_99' title="bbox 2154 4214 3828 4283">
    <p class='ocr_par' dir='ltr' id='par_1_99' title="bbox 2154 4214 3828 4283">
     <span class='ocr_line' id='line_1_99' title="bbox 2154 4214 3828 4283; baseline -0.002 -16"><span class='ocrx_word' id='word_1_548' title='bbox 2154 4216 2335 4268; x_wconf 87' lang='lat' dir='ltr'>rimus</span> <span class='ocrx_word' id='word_1_549' title='bbox 2386 4231 2488 4283; x_wconf 87' lang='lat' dir='ltr'>pro</span> <span class='ocrx_word' id='word_1_550' title='bbox 2547 4215 2738 4268; x_wconf 87' lang='lat' dir='ltr'>anima</span> <span class='ocrx_word' id='word_1_551' title='bbox 2770 4215 2970 4267; x_wconf 87' lang='lat' dir='ltr'>famuli</span> <span class='ocrx_word' id='word_1_552' title='bbox 3004 4214 3087 4267; x_wconf 90' lang='lat' dir='ltr'>tui</span> <span class='ocrx_word' id='word_1_553' title='bbox 3119 4216 3207 4279; x_wconf 89' lang='lat' dir='ltr'>N.,</span> <span class='ocrx_word' id='word_1_554' title='bbox 3251 4214 3413 4281; x_wconf 85' lang='lat' dir='ltr'>cujus</span> <span class='ocrx_word' id='word_1_555' title='bbox 3449 4214 3618 4267; x_wconf 89' lang='lat' dir='ltr'>hodie</span> <span class='ocrx_word' id='word_1_556' title='bbox 3652 4230 3828 4267; x_wconf 83' lang='lat' dir='ltr'>annua</span> 
     </span>
    </p>
   </div>
   <div class='ocr_carea' id='block_1_100' title="bbox 2154 4303 3834 4373">
    <p class='ocr_par' dir='ltr' id='par_1_100' title="bbox 2154 4303 3834 4373">
     <span class='ocr_line' id='line_1_100' title="bbox 2154 4303 3834 4373; baseline -0.003 -16"><span class='ocrx_word' id='word_1_557' title='bbox 2154 4305 2273 4357; x_wconf 88' lang='lat' dir='ltr'>dies</span> <span class='ocrx_word' id='word_1_558' title='bbox 2329 4304 2535 4371; x_wconf 86' lang='lat' dir='ltr'>agitur,</span> <span class='ocrx_word' id='word_1_559' title='bbox 2599 4320 2947 4373; x_wconf 68' lang='lat' dir='ltr'>quaesumus,</span> <span class='ocrx_word' id='word_1_560' title='bbox 2987 4304 3241 4373; x_wconf 88' lang='lat' dir='ltr'>placatus</span> <span class='ocrx_word' id='word_1_561' title='bbox 3284 4303 3537 4369; x_wconf 87' lang='lat' dir='ltr'>intende,</span> <span class='ocrx_word' id='word_1_562' title='bbox 3606 4320 3834 4371; x_wconf 76' lang='lat' dir='ltr'>eamque</span> 
     </span>
    </p>
   </div>
   <div class='ocr_carea' id='block_1_101' title="bbox 2156 4392 3837 4453">
    <p class='ocr_par' dir='ltr' id='par_1_101' title="bbox 2156 4392 3837 4453">
     <span class='ocr_line' id='line_1_101' title="bbox 2156 4392 3837 4453; baseline -0.003 -9"><span class='ocrx_word' id='word_1_563' title='bbox 2156 4392 2521 4445; x_wconf 89' lang='lat' dir='ltr'>mortalitatis</span> <span class='ocrx_word' id='word_1_564' title='bbox 2585 4392 2823 4445; x_wconf 80' lang='lat' dir='ltr'>nexibus</span> <span class='ocrx_word' id='word_1_565' title='bbox 2874 4393 3209 4453; x_wconf 85' lang='lat' dir='ltr'>absolutam,</span> <span class='ocrx_word' id='word_1_566' title='bbox 3258 4392 3408 4444; x_wconf 89' lang='lat' dir='ltr'>inter</span> <span class='ocrx_word' id='word_1_567' title='bbox 3465 4395 3598 4444; x_wconf 86' lang='lat' dir='ltr'>tuos</span> <span class='ocrx_word' id='word_1_568' title='bbox 3658 4392 3837 4444; x_wconf 73' lang='lat' dir='ltr'>fideles</span> 
     </span>
    </p>
   </div>
   <div class='ocr_carea' id='block_1_102' title="bbox 2154 4479 3836 4550">
    <p class='ocr_par' dir='ltr' id='par_1_102' title="bbox 2154 4479 3836 4550">
     <span class='ocr_line' id='line_1_102' title="bbox 2154 4479 3836 4550; baseline -0.001 -18"><span class='ocrx_word' id='word_1_569' title='bbox 2154 4479 2445 4532; x_wconf 89' lang='lat' dir='ltr'>ministros</span> <span class='ocrx_word' id='word_1_570' title='bbox 2472 4479 2681 4532; x_wconf 84' lang='lat' dir='ltr'>habere</span> <span class='ocrx_word' id='word_1_571' title='bbox 2709 4486 3043 4550; x_wconf 89' lang='lat' dir='ltr'>perpetuam</span> <span class='ocrx_word' id='word_1_572' title='bbox 3071 4480 3273 4549; x_wconf 86' lang='lat' dir='ltr'>juneas</span> <span class='ocrx_word' id='word_1_573' title='bbox 3298 4480 3646 4549; x_wconf 86' lang='lat' dir='ltr'>portionem.</span> <span class='ocrx_word' id='word_1_574' title='bbox 3672 4482 3836 4543; x_wconf 84' lang='lat' dir='ltr'>Quam</span> 
     </span>
    </p>
   </div>
   <div class='ocr_carea' id='block_1_103' title="bbox 2156 4567 2529 4620">
    <p class='ocr_par' dir='ltr' id='par_1_103' title="bbox 2156 4567 2529 4620">
     <span class='ocr_line' id='line_1_103' title="bbox 2156 4567 2529 4620; baseline 0.003 -1"><span class='ocrx_word' id='word_1_575' title='bbox 2156 4567 2529 4620; x_wconf 88' lang='lat' dir='ltr'>oblationem.</span> 
     </span>
    </p>
   </div>
   <div class='ocr_carea' id='block_1_104' title="bbox 2691 4657 3297 4712">
    <p class='ocr_par' dir='ltr' id='par_1_104' title="bbox 2691 4657 3297 4712">
     <span class='ocr_line' id='line_1_104' title="bbox 2691 4657 3297 4712; baseline 0 -2"><span class='ocrx_word' id='word_1_576' title='bbox 2691 4658 2815 4710; x_wconf 88' lang='lat' dir='ltr'>Post</span> <span class='ocrx_word' id='word_1_577' title='bbox 2845 4657 3297 4712; x_wconf 85' lang='lat' dir='ltr'>Communionem.</span> 
     </span>
    </p>
   </div>
   <div class='ocr_carea' id='block_1_105' title="bbox 2224 4762 3839 4833">
    <p class='ocr_par' dir='ltr' id='par_1_105' title="bbox 2224 4762 3839 4833">
     <span class='ocr_line' id='line_1_105' title="bbox 2224 4762 3839 4833; baseline -0.001 -18"><span class='ocrx_word' id='word_1_578' title='bbox 2224 4762 2475 4832; x_wconf 89' lang='lat' dir='ltr'>Suscipe,</span> <span class='ocrx_word' id='word_1_579' title='bbox 2514 4763 2779 4827; x_wconf 87' lang='lat' dir='ltr'>Domine,</span> <span class='ocrx_word' id='word_1_580' title='bbox 2812 4779 3009 4833; x_wconf 89' lang='lat' dir='ltr'>preces</span> <span class='ocrx_word' id='word_1_581' title='bbox 3036 4771 3260 4816; x_wconf 87' lang='lat' dir='ltr'>nostras</span> <span class='ocrx_word' id='word_1_582' title='bbox 3290 4778 3396 4832; x_wconf 89' lang='lat' dir='ltr'>pro</span> <span class='ocrx_word' id='word_1_583' title='bbox 3424 4763 3622 4816; x_wconf 88' lang='lat' dir='ltr'>anima</span> <span class='ocrx_word' id='word_1_584' title='bbox 3652 4762 3839 4816; x_wconf 86' lang='lat' dir='ltr'>famuli</span> 
     </span>
    </p>
   </div>
   <div class='ocr_carea' id='block_1_106' title="bbox 2152 4851 3841 4920">
    <p class='ocr_par' dir='ltr' id='par_1_106' title="bbox 2152 4851 3841 4920">
     <span class='ocr_line' id='line_1_106' title="bbox 2152 4851 3841 4920; baseline -0.002 -17"><span class='ocrx_word' id='word_1_585' title='bbox 2152 4851 2237 4904; x_wconf 90' lang='lat' dir='ltr'>tui</span> <span class='ocrx_word' id='word_1_586' title='bbox 2296 4852 2384 4915; x_wconf 87' lang='lat' dir='ltr'>N.,</span> <span class='ocrx_word' id='word_1_587' title='bbox 2444 4856 2505 4903; x_wconf 90' lang='lat' dir='ltr'>ut</span> <span class='ocrx_word' id='word_1_588' title='bbox 2543 4851 2589 4903; x_wconf 91' lang='lat' dir='ltr'>si</span> <span class='ocrx_word' id='word_1_589' title='bbox 2632 4867 2760 4920; x_wconf 63' lang='lat' dir='ltr'>quae</span> <span class='ocrx_word' id='word_1_590' title='bbox 2822 4851 2873 4904; x_wconf 90' lang='lat' dir='ltr'>ei</span> <span class='ocrx_word' id='word_1_591' title='bbox 2909 4852 3150 4903; x_wconf 77' lang='lat' dir='ltr'>maculae</span> <span class='ocrx_word' id='word_1_592' title='bbox 3197 4851 3266 4903; x_wconf 89' lang='lat' dir='ltr'>de</span> <span class='ocrx_word' id='word_1_593' title='bbox 3298 4851 3541 4903; x_wconf 89' lang='lat' dir='ltr'>terrenis</span> <span class='ocrx_word' id='word_1_594' title='bbox 3572 4852 3841 4919; x_wconf 82' lang='lat' dir='ltr'>contagiis</span> 
     </span>
    </p>
   </div>
   <div class='ocr_carea' id='block_1_107' title="bbox 2155 4938 3838 5004">
    <p class='ocr_par' dir='ltr' id='par_1_107' title="bbox 2155 4938 3838 5004">
     <span class='ocr_line' id='line_1_107' title="bbox 2155 4938 3838 5004; baseline -0.003 -12"><span class='ocrx_word' id='word_1_595' title='bbox 2155 4940 2540 5004; x_wconf 65' lang='lat' dir='ltr'>adhaeserunt,</span> <span class='ocrx_word' id='word_1_596' title='bbox 2571 4938 2924 4991; x_wconf 87' lang='lat' dir='ltr'>remissionis</span> <span class='ocrx_word' id='word_1_597' title='bbox 2956 4943 3069 4991; x_wconf 73' lang='lat' dir='ltr'>tuae</span> <span class='ocrx_word' id='word_1_598' title='bbox 3103 4938 3500 4991; x_wconf 88' lang='lat' dir='ltr'>misericordia</span> <span class='ocrx_word' id='word_1_599' title='bbox 3530 4939 3838 4993; x_wconf 87' lang='lat' dir='ltr'>deleantur.</span> 
     </span>
    </p>
   </div>
   <div class='ocr_carea' id='block_1_108' title="bbox 2155 5027 2621 5081">
    <p class='ocr_par' dir='ltr' id='par_1_108' title="bbox 2155 5027 2621 5081">
     <span class='ocr_line' id='line_1_108' title="bbox 2155 5027 2621 5081; baseline -0.004 0"><span class='ocrx_word' id='word_1_600' title='bbox 2155 5029 2262 5081; x_wconf 85' lang='lat' dir='ltr'>Per</span> <span class='ocrx_word' id='word_1_601' title='bbox 2292 5027 2621 5080; x_wconf 89' lang='lat' dir='ltr'>Dominum.</span> 
     </span>
    </p>
   </div>
   <div class='ocr_carea' id='block_1_109' title="bbox 2922 5114 3080 5167">
    <p class='ocr_par' dir='ltr' id='par_1_109' title="bbox 2922 5114 3080 5167">
     <span class='ocr_line' id='line_1_109' title="bbox 2922 5114 3080 5167; baseline 0 0"><span class='ocrx_word' id='word_1_602' title='bbox 2922 5114 3080 5167; x_wconf 82' lang='lat' dir='ltr'><strong>CVII.</strong></span> 
     </span>
    </p>
   </div>
   <div class='ocr_carea' id='block_1_110' title="bbox 2396 5216 3614 5257">
    <p class='ocr_par' dir='ltr' id='par_1_110' title="bbox 2396 5216 3614 5257">
     <span class='ocr_line' id='line_1_110' title="bbox 2396 5216 3614 5257; baseline 0 0"><span class='ocrx_word' id='word_1_603' title='bbox 2396 5218 2585 5257; x_wconf 77' lang='lat' dir='ltr'>MISSA</span> <span class='ocrx_word' id='word_1_604' title='bbox 2633 5217 3065 5257; x_wconf 74' lang='lat' dir='ltr'>PLURIMORUM</span> <span class='ocrx_word' id='word_1_605' title='bbox 3120 5216 3614 5257; x_wconf 71' lang='lat' dir='ltr'>DEFUNCTORUM.</span> 
     </span>
    </p>
   </div>
   <div class='ocr_carea' id='block_1_111' title="bbox 2225 5308 3841 5378">
    <p class='ocr_par' dir='ltr' id='par_1_111' title="bbox 2225 5308 3841 5378">
     <span class='ocr_line' id='line_1_111' title="bbox 2225 5308 3841 5378; baseline -0.001 -17"><span class='ocrx_word' id='word_1_606' title='bbox 2225 5308 2569 5378; x_wconf 89' lang='lat' dir='ltr'>Propitiare,</span> <span class='ocrx_word' id='word_1_607' title='bbox 2608 5308 2869 5374; x_wconf 92' lang='lat' dir='ltr'>Domine,</span> <span class='ocrx_word' id='word_1_608' title='bbox 2912 5324 3263 5378; x_wconf 68' lang='lat' dir='ltr'>quaesumus,</span> <span class='ocrx_word' id='word_1_609' title='bbox 3312 5308 3616 5361; x_wconf 82' lang='lat' dir='ltr'>animabus</span> <span class='ocrx_word' id='word_1_610' title='bbox 3668 5310 3841 5363; x_wconf 85' lang='lat' dir='ltr'>famu-</span> 
     </span>
    </p>
   </div>
   <div class='ocr_carea' id='block_1_112' title="bbox 2150 5397 3837 5468">
    <p class='ocr_par' dir='ltr' id='par_1_112' title="bbox 2150 5397 3837 5468">
     <span class='ocr_line' id='line_1_112' title="bbox 2150 5397 3837 5468; baseline 0 -19"><span class='ocrx_word' id='word_1_611' title='bbox 2150 5397 2339 5449; x_wconf 89' lang='lat' dir='ltr'>lorum</span> <span class='ocrx_word' id='word_1_612' title='bbox 2398 5397 2867 5466; x_wconf 89' lang='lat' dir='ltr'>famularumque</span> <span class='ocrx_word' id='word_1_613' title='bbox 2913 5402 3143 5451; x_wconf 85' lang='lat' dir='ltr'>tuarum</span> <span class='ocrx_word' id='word_1_614' title='bbox 3206 5397 3601 5451; x_wconf 88' lang='lat' dir='ltr'>misericordia</span> <span class='ocrx_word' id='word_1_615' title='bbox 3633 5398 3837 5468; x_wconf 89' lang='lat' dir='ltr'>sempi-</span> 
     </span>
    </p>
   </div>
   <div class='ocr_carea' id='block_1_113' title="bbox 2149 5485 3839 5554">
    <p class='ocr_par' dir='ltr' id='par_1_113' title="bbox 2149 5485 3839 5554">
     <span class='ocr_line' id='line_1_113' title="bbox 2149 5485 3839 5554; baseline -0.002 -16"><span class='ocrx_word' id='word_1_616' title='bbox 2149 5490 2332 5550; x_wconf 90' lang='lat' dir='ltr'>terna,</span> <span class='ocrx_word' id='word_1_617' title='bbox 2400 5490 2462 5537; x_wconf 92' lang='lat' dir='ltr'>ut</span> <span class='ocrx_word' id='word_1_618' title='bbox 2519 5485 2859 5538; x_wconf 88' lang='lat' dir='ltr'>mortalibus</span> <span class='ocrx_word' id='word_1_619' title='bbox 2912 5485 3155 5539; x_wconf 82' lang='lat' dir='ltr'>nexibus</span> <span class='ocrx_word' id='word_1_620' title='bbox 3221 5485 3527 5554; x_wconf 73' lang='lat' dir='ltr'>expeditae,</span> <span class='ocrx_word' id='word_1_621' title='bbox 3583 5486 3685 5539; x_wconf 86' lang='lat' dir='ltr'>lux</span> <span class='ocrx_word' id='word_1_622' title='bbox 3757 5500 3839 5538; x_wconf 83' lang='lat' dir='ltr'>eas</span> 
     </span>
    </p>
   </div>
   <div class='ocr_carea' id='block_1_114' title="bbox 2149 5572 2859 5643">
    <p class='ocr_par' dir='ltr' id='par_1_114' title="bbox 2149 5572 2859 5643">
     <span class='ocr_line' id='line_1_114' title="bbox 2149 5572 2859 5643; baseline 0.001 -18"><span class='ocrx_word' id='word_1_623' title='bbox 2149 5576 2363 5626; x_wconf 63' lang='lat' dir='ltr'>aeterna</span> <span class='ocrx_word' id='word_1_624' title='bbox 2390 5572 2698 5643; x_wconf 88' lang='lat' dir='ltr'>possideat.</span> <span class='ocrx_word' id='word_1_625' title='bbox 2734 5574 2859 5626; x_wconf 89' lang='lat' dir='ltr'>Per.</span> 
     </span>
    </p>
   </div>
  </div>
