  <div class='ocr_page' id='page_1' title='image "/cluster/home/n/w/nwhite01/storage/ocr_20150623/121/uva.x000827051/434.png"; bbox 0 0 3868 6228; ppageno 0'>
   <div class='ocr_carea' id='block_1_1' title="bbox 44 309 134 361">
    <p class='ocr_par' dir='ltr' id='par_1_1' title="bbox 44 309 134 361">
     <span class='ocr_line' id='line_1_1' title="bbox 44 309 134 361; baseline 0 -8"><span class='ocrx_word' id='word_1_1' title='bbox 44 309 134 361; x_wconf 62' lang='grc' dir='ltr'>84ῖὶ</span> 
     </span>
    </p>
   </div>
   <div class='ocr_carea' id='block_1_2' title="bbox 482 439 1303 495">
    <p class='ocr_par' dir='ltr' id='par_1_2' title="bbox 482 439 1303 495">
     <span class='ocr_line' id='line_1_2' title="bbox 482 439 1303 495; baseline 0.004 -3"><span class='ocrx_word' id='word_1_2' title='bbox 482 440 663 493; x_wconf 77' lang='lat' dir='ltr'>Lectio</span> <span class='ocrx_word' id='word_1_3' title='bbox 694 439 825 493; x_wconf 83' lang='lat' dir='ltr'>libri</span> <span class='ocrx_word' id='word_1_4' title='bbox 849 440 1303 495; x_wconf 73' lang='lat' dir='ltr'>Machabaeorum.</span> 
     </span>
    </p>
   </div>
   <div class='ocr_carea' id='block_1_3' title="bbox 105 524 1735 595">
    <p class='ocr_par' dir='ltr' id='par_1_3' title="bbox 105 524 1735 595">
     <span class='ocr_line' id='line_1_3' title="bbox 105 524 1735 595; baseline 0.006 -19"><span class='ocrx_word' id='word_1_5' title='bbox 105 525 163 577; x_wconf 87' lang='lat' dir='ltr'><strong>In</strong></span> <span class='ocrx_word' id='word_1_6' title='bbox 223 524 437 579; x_wconf 89' lang='lat' dir='ltr'>diebus</span> <span class='ocrx_word' id='word_1_7' title='bbox 468 527 606 593; x_wconf 85' lang='lat' dir='ltr'>illis,</span> <span class='ocrx_word' id='word_1_8' title='bbox 666 527 751 579; x_wconf 88' lang='lat' dir='ltr'>vir</span> <span class='ocrx_word' id='word_1_9' title='bbox 792 528 1137 582; x_wconf 85' lang='lat' dir='ltr'>fortissimus</span> <span class='ocrx_word' id='word_1_10' title='bbox 1181 529 1371 595; x_wconf 87' lang='lat' dir='ltr'>Judas,</span> <span class='ocrx_word' id='word_1_11' title='bbox 1432 531 1735 585; x_wconf 85' lang='lat' dir='ltr'>collatione</span> 
     </span>
    </p>
   </div>
   <div class='ocr_carea' id='block_1_4' title="bbox 44 610 1734 685">
    <p class='ocr_par' dir='ltr' id='par_1_4' title="bbox 44 610 1734 685">
     <span class='ocr_line' id='line_1_4' title="bbox 44 610 1734 685; baseline 0.005 -22"><span class='ocrx_word' id='word_1_12' title='bbox 44 610 195 677; x_wconf 82' lang='lat' dir='ltr'>facta,</span> <span class='ocrx_word' id='word_1_13' title='bbox 246 611 563 666; x_wconf 86' lang='lat' dir='ltr'>duodecim</span> <span class='ocrx_word' id='word_1_14' title='bbox 600 613 777 667; x_wconf 81' lang='lat' dir='ltr'>millia</span> <span class='ocrx_word' id='word_1_15' title='bbox 809 614 1111 668; x_wconf 88' lang='lat' dir='ltr'>drachmas</span> <span class='ocrx_word' id='word_1_16' title='bbox 1143 618 1365 685; x_wconf 83' lang='lat' dir='ltr'>argenti</span> <span class='ocrx_word' id='word_1_17' title='bbox 1422 618 1577 671; x_wconf 81' lang='lat' dir='ltr'>misit</span> <span class='ocrx_word' id='word_1_18' title='bbox 1609 619 1734 671; x_wconf 89' lang='lat' dir='ltr'>Ilie-</span> 
     </span>
    </p>
   </div>
   <div class='ocr_carea' id='block_1_5' title="bbox 46 700 1662 772">
    <p class='ocr_par' dir='ltr' id='par_1_5' title="bbox 46 700 1662 772">
     <span class='ocr_line' id='line_1_5' title="bbox 46 700 1662 772; baseline 0.002 -19"><span class='ocrx_word' id='word_1_19' title='bbox 46 700 414 769; x_wconf 75' lang='lat' dir='ltr'>rosolymam,</span> <span class='ocrx_word' id='word_1_20' title='bbox 446 702 639 754; x_wconf 85' lang='lat' dir='ltr'>offerri</span> <span class='ocrx_word' id='word_1_21' title='bbox 670 718 736 755; x_wconf 90' lang='lat' dir='ltr'>ea</span> <span class='ocrx_word' id='word_1_22' title='bbox 764 703 841 755; x_wconf 87' lang='lat' dir='ltr'>ibi</span> <span class='ocrx_word' id='word_1_23' title='bbox 873 718 976 771; x_wconf 91' lang='lat' dir='ltr'>pro</span> <span class='ocrx_word' id='word_1_24' title='bbox 1008 706 1250 772; x_wconf 81' lang='lat' dir='ltr'>peccatis</span> <span class='ocrx_word' id='word_1_25' title='bbox 1282 709 1662 759; x_wconf 89' lang='lat' dir='ltr'>mortuorum.</span> 
     </span>
    </p>
   </div>
   <div class='ocr_carea' id='block_1_6' title="bbox 170 790 1590 858">
    <p class='ocr_par' dir='ltr' id='par_1_6' title="bbox 170 790 1590 858">
     <span class='ocr_line' id='line_1_6' title="bbox 170 790 1590 858; baseline 0.004 -17"><span class='ocrx_word' id='word_1_26' title='bbox 170 790 474 856; x_wconf 80' lang='lat' dir='ltr'>Sequentia</span> <span class='ocrx_word' id='word_1_27' title='bbox 502 793 679 843; x_wconf 84' lang='lat' dir='ltr'>sancti</span> <span class='ocrx_word' id='word_1_28' title='bbox 699 791 979 858; x_wconf 81' lang='lat' dir='ltr'>Evangelii</span> <span class='ocrx_word' id='word_1_29' title='bbox 1000 793 1290 846; x_wconf 83' lang='lat' dir='ltr'>secundum</span> <span class='ocrx_word' id='word_1_30' title='bbox 1312 798 1590 848; x_wconf 78' lang='lat' dir='ltr'>Joannem.</span> 
     </span>
    </p>
   </div>
   <div class='ocr_carea' id='block_1_7' title="bbox 106 878 1733 951">
    <p class='ocr_par' dir='ltr' id='par_1_7' title="bbox 106 878 1733 951">
     <span class='ocr_line' id='line_1_7' title="bbox 106 878 1733 951; baseline 0.003 -21"><span class='ocrx_word' id='word_1_31' title='bbox 106 878 163 930; x_wconf 94' lang='lat' dir='ltr'><strong>In</strong></span> <span class='ocrx_word' id='word_1_32' title='bbox 197 878 299 930; x_wconf 91' lang='lat' dir='ltr'>illo</span> <span class='ocrx_word' id='word_1_33' title='bbox 328 882 617 948; x_wconf 88' lang='lat' dir='ltr'>tempore,</span> <span class='ocrx_word' id='word_1_34' title='bbox 651 879 793 931; x_wconf 80' lang='lat' dir='ltr'>dixit</span> <span class='ocrx_word' id='word_1_35' title='bbox 838 881 998 931; x_wconf 88' lang='lat' dir='ltr'>Jesus</span> <span class='ocrx_word' id='word_1_36' title='bbox 1031 881 1295 951; x_wconf 90' lang='lat' dir='ltr'>dicipulis</span> <span class='ocrx_word' id='word_1_37' title='bbox 1327 883 1444 936; x_wconf 89' lang='lat' dir='ltr'>suis</span> <span class='ocrx_word' id='word_1_38' title='bbox 1477 898 1490 935; x_wconf 93' lang='lat'><strong>:</strong></span> <span class='ocrx_word' id='word_1_39' title='bbox 1554 882 1733 937; x_wconf 88' lang='lat' dir='ltr'>Omne</span> 
     </span>
    </p>
   </div>
   <div class='ocr_carea' id='block_1_8' title="bbox 48 966 1166 1037">
    <p class='ocr_par' dir='ltr' id='par_1_8' title="bbox 48 966 1166 1037">
     <span class='ocr_line' id='line_1_8' title="bbox 48 966 1166 1037; baseline 0.003 -18"><span class='ocrx_word' id='word_1_40' title='bbox 48 968 179 1037; x_wconf 85' lang='lat' dir='ltr'>quod</span> <span class='ocrx_word' id='word_1_41' title='bbox 211 966 313 1019; x_wconf 86' lang='lat' dir='ltr'>dat</span> <span class='ocrx_word' id='word_1_42' title='bbox 348 968 497 1020; x_wconf 87' lang='lat' dir='ltr'>mihi</span> <span class='ocrx_word' id='word_1_43' title='bbox 528 968 712 1031; x_wconf 86' lang='lat' dir='ltr'>Pater,</span> <span class='ocrx_word' id='word_1_44' title='bbox 736 967 807 1019; x_wconf 91' lang='lat' dir='ltr'>ad</span> <span class='ocrx_word' id='word_1_45' title='bbox 839 983 927 1019; x_wconf 87' lang='lat' dir='ltr'>me</span> <span class='ocrx_word' id='word_1_46' title='bbox 960 968 1166 1022; x_wconf 86' lang='lat' dir='ltr'>veniet.</span> 
     </span>
    </p>
   </div>
   <div class='ocr_carea' id='block_1_9' title="bbox 704 1056 1126 1124">
    <p class='ocr_par' dir='ltr' id='par_1_9' title="bbox 704 1056 1126 1124">
     <span class='ocr_line' id='line_1_9' title="bbox 704 1056 1126 1124; baseline -0.005 -15"><span class='ocrx_word' id='word_1_47' title='bbox 704 1056 879 1124; x_wconf 82' lang='lat' dir='ltr'>Super</span> <span class='ocrx_word' id='word_1_48' title='bbox 909 1056 1126 1109; x_wconf 82' lang='lat' dir='ltr'>Oblata.</span> 
     </span>
    </p>
   </div>
   <div class='ocr_carea' id='block_1_10' title="bbox 108 1142 1737 1213">
    <p class='ocr_par' dir='ltr' id='par_1_10' title="bbox 108 1142 1737 1213">
     <span class='ocr_line' id='line_1_10' title="bbox 108 1142 1737 1213; baseline 0.002 -18"><span class='ocrx_word' id='word_1_49' title='bbox 108 1142 322 1195; x_wconf 81' lang='lat' dir='ltr'>Hostias</span> <span class='ocrx_word' id='word_1_50' title='bbox 356 1142 488 1207; x_wconf 84' lang='lat' dir='ltr'>tibi,</span> <span class='ocrx_word' id='word_1_51' title='bbox 524 1142 781 1210; x_wconf 83' lang='lat' dir='ltr'>Domine,</span> <span class='ocrx_word' id='word_1_52' title='bbox 815 1145 1023 1197; x_wconf 83' lang='lat' dir='ltr'>humili</span> <span class='ocrx_word' id='word_1_53' title='bbox 1072 1145 1393 1213; x_wconf 83' lang='lat' dir='ltr'>placatione</span> <span class='ocrx_word' id='word_1_54' title='bbox 1424 1146 1737 1201; x_wconf 82' lang='lat' dir='ltr'>deferimus</span> 
     </span>
    </p>
   </div>
   <div class='ocr_carea' id='block_1_11' title="bbox 50 1231 1738 1305">
    <p class='ocr_par' dir='ltr' id='par_1_11' title="bbox 50 1231 1738 1305">
     <span class='ocr_line' id='line_1_11' title="bbox 50 1231 1738 1305; baseline 0.004 -23"><span class='ocrx_word' id='word_1_55' title='bbox 50 1237 103 1283; x_wconf 89' lang='lat' dir='ltr'>ut</span> <span class='ocrx_word' id='word_1_56' title='bbox 145 1231 359 1284; x_wconf 69' lang='lat' dir='ltr'>anima:</span> <span class='ocrx_word' id='word_1_57' title='bbox 418 1231 774 1285; x_wconf 86' lang='lat' dir='ltr'>famulorum</span> <span class='ocrx_word' id='word_1_58' title='bbox 832 1232 1300 1303; x_wconf 82' lang='lat' dir='ltr'>famularumque</span> <span class='ocrx_word' id='word_1_59' title='bbox 1359 1241 1586 1289; x_wconf 89' lang='lat' dir='ltr'>tuarum</span> <span class='ocrx_word' id='word_1_60' title='bbox 1634 1252 1738 1305; x_wconf 89' lang='lat' dir='ltr'>per</span> 
     </span>
    </p>
   </div>
   <div class='ocr_carea' id='block_1_12' title="bbox 46 1320 1736 1389">
    <p class='ocr_par' dir='ltr' id='par_1_12' title="bbox 46 1320 1736 1389">
     <span class='ocr_line' id='line_1_12' title="bbox 46 1320 1736 1389; baseline 0.004 -18"><span class='ocrx_word' id='word_1_61' title='bbox 46 1320 153 1371; x_wconf 78' lang='lat' dir='ltr'>hiPc</span> <span class='ocrx_word' id='word_1_62' title='bbox 207 1320 557 1389; x_wconf 79' lang='lat' dir='ltr'>placationis</span> <span class='ocrx_word' id='word_1_63' title='bbox 606 1320 792 1374; x_wconf 85' lang='lat' dir='ltr'>officia</span> <span class='ocrx_word' id='word_1_64' title='bbox 832 1327 991 1375; x_wconf 89' lang='lat' dir='ltr'>tuam</span> <span class='ocrx_word' id='word_1_65' title='bbox 1043 1322 1487 1378; x_wconf 90' lang='lat' dir='ltr'>misericordiam</span> <span class='ocrx_word' id='word_1_66' title='bbox 1534 1340 1736 1378; x_wconf 91' lang='lat' dir='ltr'>conse-</span> 
     </span>
    </p>
   </div>
   <div class='ocr_carea' id='block_1_13' title="bbox 51 1409 481 1477">
    <p class='ocr_par' dir='ltr' id='par_1_13' title="bbox 51 1409 481 1477">
     <span class='ocr_line' id='line_1_13' title="bbox 51 1409 481 1477; baseline 0.012 -20"><span class='ocrx_word' id='word_1_67' title='bbox 51 1414 307 1477; x_wconf 81' lang='lat' dir='ltr'>quantur.</span> <span class='ocrx_word' id='word_1_68' title='bbox 348 1409 481 1462; x_wconf 86' lang='lat' dir='ltr'>Per.</span> 
     </span>
    </p>
   </div>
   <div class='ocr_carea' id='block_1_14' title="bbox 755 1501 1035 1565">
    <p class='ocr_par' dir='ltr' id='par_1_14' title="bbox 755 1501 1035 1565">
     <span class='ocr_line' id='line_1_14' title="bbox 755 1501 1035 1565; baseline -0.004 -12"><span class='ocrx_word' id='word_1_69' title='bbox 755 1501 1035 1565; x_wconf 74' lang='lat' dir='ltr'>Praefatio.</span> 
     </span>
    </p>
   </div>
   <div class='ocr_carea' id='block_1_15' title="bbox 112 1586 1737 1658">
    <p class='ocr_par' dir='ltr' id='par_1_15' title="bbox 112 1586 1737 1658">
     <span class='ocr_line' id='line_1_15' title="bbox 112 1586 1737 1658; baseline 0.003 -19"><span class='ocrx_word' id='word_1_70' title='bbox 112 1588 167 1639; x_wconf 92' lang='lat' dir='ltr'>D.</span> <span class='ocrx_word' id='word_1_71' title='bbox 200 1591 255 1639; x_wconf 91' lang='lat' dir='ltr'>et</span> <span class='ocrx_word' id='word_1_72' title='bbox 287 1586 519 1655; x_wconf 85' lang='lat' dir='ltr'>justum</span> <span class='ocrx_word' id='word_1_73' title='bbox 571 1591 675 1652; x_wconf 88' lang='lat' dir='ltr'>est,</span> <span class='ocrx_word' id='word_1_74' title='bbox 711 1603 896 1655; x_wconf 81' lang='lat' dir='ltr'>usque,</span> <span class='ocrx_word' id='word_1_75' title='bbox 950 1604 1054 1658; x_wconf 89' lang='lat' dir='ltr'>per</span> <span class='ocrx_word' id='word_1_76' title='bbox 1107 1588 1394 1642; x_wconf 84' lang='lat' dir='ltr'>Christum</span> <span class='ocrx_word' id='word_1_77' title='bbox 1429 1589 1737 1645; x_wconf 90' lang='lat' dir='ltr'>Dominum</span> 
     </span>
    </p>
   </div>
   <div class='ocr_carea' id='block_1_16' title="bbox 58 1675 1739 1746">
    <p class='ocr_par' dir='ltr' id='par_1_16' title="bbox 58 1675 1739 1746">
     <span class='ocr_line' id='line_1_16' title="bbox 58 1675 1739 1746; baseline 0.002 -20"><span class='ocrx_word' id='word_1_78' title='bbox 58 1679 319 1727; x_wconf 82' lang='lat' dir='ltr'>nostrum.</span> <span class='ocrx_word' id='word_1_79' title='bbox 357 1675 539 1741; x_wconf 85' lang='lat' dir='ltr'>Cujus</span> <span class='ocrx_word' id='word_1_80' title='bbox 570 1691 791 1728; x_wconf 82' lang='lat' dir='ltr'>sacram</span> <span class='ocrx_word' id='word_1_81' title='bbox 823 1676 1146 1745; x_wconf 77' lang='lat' dir='ltr'>passionem</span> <span class='ocrx_word' id='word_1_82' title='bbox 1180 1693 1285 1746; x_wconf 88' lang='lat' dir='ltr'>pro</span> <span class='ocrx_word' id='word_1_83' title='bbox 1315 1678 1739 1730; x_wconf 82' lang='lat' dir='ltr'>immortalibus</span> 
     </span>
    </p>
   </div>
   <div class='ocr_carea' id='block_1_17' title="bbox 54 1763 1737 1832">
    <p class='ocr_par' dir='ltr' id='par_1_17' title="bbox 54 1763 1737 1832">
     <span class='ocr_line' id='line_1_17' title="bbox 54 1763 1737 1832; baseline 0.002 -18"><span class='ocrx_word' id='word_1_84' title='bbox 54 1768 99 1814; x_wconf 85' lang='lat' dir='ltr'>et</span> <span class='ocrx_word' id='word_1_85' title='bbox 134 1763 272 1815; x_wconf 84' lang='lat' dir='ltr'>bene</span> <span class='ocrx_word' id='word_1_86' title='bbox 313 1763 750 1832; x_wconf 74' lang='lat' dir='ltr'>quiescentibus</span> <span class='ocrx_word' id='word_1_87' title='bbox 781 1764 1084 1818; x_wconf 86' lang='lat' dir='ltr'>animabus</span> <span class='ocrx_word' id='word_1_88' title='bbox 1114 1764 1236 1819; x_wconf 87' lang='lat' dir='ltr'>sine</span> <span class='ocrx_word' id='word_1_89' title='bbox 1278 1766 1450 1818; x_wconf 88' lang='lat' dir='ltr'>dubio</span> <span class='ocrx_word' id='word_1_90' title='bbox 1484 1767 1737 1819; x_wconf 81' lang='lat' dir='ltr'>celebra-</span> 
     </span>
    </p>
   </div>
   <div class='ocr_carea' id='block_1_18' title="bbox 56 1850 1741 1923">
    <p class='ocr_par' dir='ltr' id='par_1_18' title="bbox 56 1850 1741 1923">
     <span class='ocr_line' id='line_1_18' title="bbox 56 1850 1741 1923; baseline 0.001 -19"><span class='ocrx_word' id='word_1_91' title='bbox 56 1867 185 1905; x_wconf 86' lang='lat' dir='ltr'>mus.</span> <span class='ocrx_word' id='word_1_92' title='bbox 221 1852 328 1904; x_wconf 85' lang='lat' dir='ltr'>Pro</span> <span class='ocrx_word' id='word_1_93' title='bbox 376 1850 471 1903; x_wconf 88' lang='lat' dir='ltr'>his</span> <span class='ocrx_word' id='word_1_94' title='bbox 502 1851 812 1921; x_wconf 60' lang='lat' dir='ltr'>prmcipue,</span> <span class='ocrx_word' id='word_1_95' title='bbox 852 1852 1062 1923; x_wconf 88' lang='lat' dir='ltr'>quibus</span> <span class='ocrx_word' id='word_1_96' title='bbox 1111 1854 1375 1907; x_wconf 64' lang='lat' dir='ltr'>secunda;</span> <span class='ocrx_word' id='word_1_97' title='bbox 1435 1854 1741 1906; x_wconf 83' lang='lat' dir='ltr'>nativitatis</span> 
     </span>
    </p>
   </div>
   <div class='ocr_carea' id='block_1_19' title="bbox 58 1938 1742 2009">
    <p class='ocr_par' dir='ltr' id='par_1_19' title="bbox 58 1938 1742 2009">
     <span class='ocr_line' id='line_1_19' title="bbox 58 1938 1742 2009; baseline 0.002 -20"><span class='ocrx_word' id='word_1_98' title='bbox 58 1938 279 2005; x_wconf 78' lang='lat' dir='ltr'>gratiam</span> <span class='ocrx_word' id='word_1_99' title='bbox 328 1938 675 2005; x_wconf 65' lang='lat' dir='ltr'>prmstitisti.</span> <span class='ocrx_word' id='word_1_100' title='bbox 736 1941 856 2001; x_wconf 80' lang='lat' dir='ltr'>Quo</span> <span class='ocrx_word' id='word_1_101' title='bbox 908 1940 1168 2009; x_wconf 83' lang='lat' dir='ltr'>exemplo</span> <span class='ocrx_word' id='word_1_102' title='bbox 1198 1940 1328 1993; x_wconf 84' lang='lat' dir='ltr'>Jesu</span> <span class='ocrx_word' id='word_1_103' title='bbox 1385 1939 1595 1992; x_wconf 85' lang='lat' dir='ltr'>Christi</span> <span class='ocrx_word' id='word_1_104' title='bbox 1639 1940 1742 1992; x_wconf 93' lang='lat' dir='ltr'>Do-</span> 
     </span>
    </p>
   </div>
   <div class='ocr_carea' id='block_1_20' title="bbox 59 2025 1737 2095">
    <p class='ocr_par' dir='ltr' id='par_1_20' title="bbox 59 2025 1737 2095">
     <span class='ocr_line' id='line_1_20' title="bbox 59 2025 1737 2095; baseline 0.001 -18"><span class='ocrx_word' id='word_1_105' title='bbox 59 2025 180 2077; x_wconf 85' lang='lat' dir='ltr'>mini</span> <span class='ocrx_word' id='word_1_106' title='bbox 209 2025 420 2088; x_wconf 88' lang='lat' dir='ltr'>nostri,</span> <span class='ocrx_word' id='word_1_107' title='bbox 480 2031 775 2095; x_wconf 73' lang='lat' dir='ltr'>cmperunt</span> <span class='ocrx_word' id='word_1_108' title='bbox 808 2042 926 2079; x_wconf 89' lang='lat' dir='ltr'>esse</span> <span class='ocrx_word' id='word_1_109' title='bbox 986 2027 1054 2079; x_wconf 89' lang='lat' dir='ltr'>de</span> <span class='ocrx_word' id='word_1_110' title='bbox 1086 2028 1503 2081; x_wconf 81' lang='lat' dir='ltr'>resurrectione</span> <span class='ocrx_word' id='word_1_111' title='bbox 1536 2027 1737 2080; x_wconf 90' lang='lat' dir='ltr'>securi.</span> 
     </span>
    </p>
   </div>
   <div class='ocr_carea' id='block_1_21' title="bbox 61 2113 1742 2185">
    <p class='ocr_par' dir='ltr' id='par_1_21' title="bbox 61 2113 1742 2185">
     <span class='ocr_line' id='line_1_21' title="bbox 61 2113 1742 2185; baseline 0.002 -21"><span class='ocrx_word' id='word_1_112' title='bbox 61 2114 258 2181; x_wconf 85' lang='lat' dir='ltr'>Quippe</span> <span class='ocrx_word' id='word_1_113' title='bbox 290 2114 397 2183; x_wconf 87' lang='lat' dir='ltr'>qui</span> <span class='ocrx_word' id='word_1_114' title='bbox 429 2113 612 2166; x_wconf 82' lang='lat' dir='ltr'>fecisti</span> <span class='ocrx_word' id='word_1_115' title='bbox 634 2130 761 2183; x_wconf 68' lang='lat' dir='ltr'>quae</span> <span class='ocrx_word' id='word_1_116' title='bbox 786 2130 898 2166; x_wconf 82' lang='lat' dir='ltr'>non</span> <span class='ocrx_word' id='word_1_117' title='bbox 923 2120 1102 2177; x_wconf 87' lang='lat' dir='ltr'>erant,</span> <span class='ocrx_word' id='word_1_118' title='bbox 1135 2120 1299 2184; x_wconf 89' lang='lat' dir='ltr'>potes</span> <span class='ocrx_word' id='word_1_119' title='bbox 1330 2131 1591 2185; x_wconf 89' lang='lat' dir='ltr'>separare</span> <span class='ocrx_word' id='word_1_120' title='bbox 1614 2132 1742 2185; x_wconf 72' lang='lat' dir='ltr'>qua:</span> 
     </span>
    </p>
   </div>
   <div class='ocr_carea' id='block_1_22' title="bbox 61 2201 1743 2271">
    <p class='ocr_par' dir='ltr' id='par_1_22' title="bbox 61 2201 1743 2271">
     <span class='ocr_line' id='line_1_22' title="bbox 61 2201 1743 2271; baseline 0.003 -20"><span class='ocrx_word' id='word_1_121' title='bbox 61 2201 283 2252; x_wconf 86' lang='lat' dir='ltr'>fuerant.</span> <span class='ocrx_word' id='word_1_122' title='bbox 335 2202 405 2253; x_wconf 83' lang='lat' dir='ltr'>Et</span> <span class='ocrx_word' id='word_1_123' title='bbox 440 2202 875 2254; x_wconf 82' lang='lat' dir='ltr'>resurrectionis</span> <span class='ocrx_word' id='word_1_124' title='bbox 924 2202 1127 2256; x_wconf 66' lang='lat' dir='ltr'>futurae</span> <span class='ocrx_word' id='word_1_125' title='bbox 1175 2202 1341 2257; x_wconf 90' lang='lat' dir='ltr'>nobis</span> <span class='ocrx_word' id='word_1_126' title='bbox 1380 2204 1743 2271; x_wconf 83' lang='lat' dir='ltr'>documenta,</span> 
     </span>
    </p>
   </div>
   <div class='ocr_carea' id='block_1_23' title="bbox 62 2289 1741 2361">
    <p class='ocr_par' dir='ltr' id='par_1_23' title="bbox 62 2289 1741 2361">
     <span class='ocr_line' id='line_1_23' title="bbox 62 2289 1741 2361; baseline 0.002 -21"><span class='ocrx_word' id='word_1_127' title='bbox 62 2305 161 2340; x_wconf 90' lang='lat' dir='ltr'>non</span> <span class='ocrx_word' id='word_1_128' title='bbox 193 2291 386 2342; x_wconf 89' lang='lat' dir='ltr'>solum</span> <span class='ocrx_word' id='word_1_129' title='bbox 439 2305 545 2358; x_wconf 89' lang='lat' dir='ltr'>per</span> <span class='ocrx_word' id='word_1_130' title='bbox 600 2289 989 2359; x_wconf 88' lang='lat' dir='ltr'>propheticam</span> <span class='ocrx_word' id='word_1_131' title='bbox 1036 2295 1092 2343; x_wconf 91' lang='lat' dir='ltr'>et</span> <span class='ocrx_word' id='word_1_132' title='bbox 1130 2291 1500 2361; x_wconf 89' lang='lat' dir='ltr'>apostolicam</span> <span class='ocrx_word' id='word_1_133' title='bbox 1536 2291 1741 2345; x_wconf 90' lang='lat' dir='ltr'>doctri-</span> 
     </span>
    </p>
   </div>
   <div class='ocr_carea' id='block_1_24' title="bbox 63 2377 1746 2448">
    <p class='ocr_par' dir='ltr' id='par_1_24' title="bbox 63 2377 1746 2448">
     <span class='ocr_line' id='line_1_24' title="bbox 63 2377 1746 2448; baseline 0.002 -21"><span class='ocrx_word' id='word_1_134' title='bbox 63 2393 196 2439; x_wconf 87' lang='lat' dir='ltr'>nam,</span> <span class='ocrx_word' id='word_1_135' title='bbox 226 2378 325 2430; x_wconf 90' lang='lat' dir='ltr'>sed</span> <span class='ocrx_word' id='word_1_136' title='bbox 360 2378 622 2446; x_wconf 86' lang='lat' dir='ltr'>ejusdem</span> <span class='ocrx_word' id='word_1_137' title='bbox 660 2377 947 2446; x_wconf 85' lang='lat' dir='ltr'>Unigeniti</span> <span class='ocrx_word' id='word_1_138' title='bbox 979 2378 1063 2431; x_wconf 91' lang='lat' dir='ltr'>tui</span> <span class='ocrx_word' id='word_1_139' title='bbox 1114 2378 1516 2448; x_wconf 84' lang='lat' dir='ltr'>Redemptoris</span> <span class='ocrx_word' id='word_1_140' title='bbox 1564 2378 1746 2431; x_wconf 88' lang='lat' dir='ltr'>nostri</span> 
     </span>
    </p>
   </div>
   <div class='ocr_carea' id='block_1_25' title="bbox 64 2466 1745 2536">
    <p class='ocr_par' dir='ltr' id='par_1_25' title="bbox 64 2466 1745 2536">
     <span class='ocr_line' id='line_1_25' title="bbox 64 2466 1745 2536; baseline 0.001 -19"><span class='ocrx_word' id='word_1_141' title='bbox 64 2466 467 2518; x_wconf 83' lang='lat' dir='ltr'>resurrectione</span> <span class='ocrx_word' id='word_1_142' title='bbox 504 2466 730 2519; x_wconf 89' lang='lat' dir='ltr'>dedisti.</span> <span class='ocrx_word' id='word_1_143' title='bbox 786 2466 852 2518; x_wconf 90' lang='lat' dir='ltr'>Ut</span> <span class='ocrx_word' id='word_1_144' title='bbox 878 2467 1030 2535; x_wconf 87' lang='lat' dir='ltr'>quod</span> <span class='ocrx_word' id='word_1_145' title='bbox 1064 2482 1166 2536; x_wconf 90' lang='lat' dir='ltr'>per</span> <span class='ocrx_word' id='word_1_146' title='bbox 1196 2467 1502 2536; x_wconf 87' lang='lat' dir='ltr'>prophetas</span> <span class='ocrx_word' id='word_1_147' title='bbox 1534 2471 1617 2520; x_wconf 88' lang='lat' dir='ltr'>est</span> <span class='ocrx_word' id='word_1_148' title='bbox 1643 2483 1745 2519; x_wconf 91' lang='lat' dir='ltr'>an-</span> 
     </span>
    </p>
   </div>
   <div class='ocr_carea' id='block_1_26' title="bbox 65 2554 1747 2624">
    <p class='ocr_par' dir='ltr' id='par_1_26' title="bbox 65 2554 1747 2624">
     <span class='ocr_line' id='line_1_26' title="bbox 65 2554 1747 2624; baseline 0.001 -18"><span class='ocrx_word' id='word_1_149' title='bbox 65 2554 401 2617; x_wconf 86' lang='lat' dir='ltr'>nuntiatum,</span> <span class='ocrx_word' id='word_1_150' title='bbox 434 2570 539 2624; x_wconf 89' lang='lat' dir='ltr'>per</span> <span class='ocrx_word' id='word_1_151' title='bbox 558 2554 846 2624; x_wconf 88' lang='lat' dir='ltr'>apostolos</span> <span class='ocrx_word' id='word_1_152' title='bbox 862 2555 1159 2619; x_wconf 85' lang='lat' dir='ltr'>traditum,</span> <span class='ocrx_word' id='word_1_153' title='bbox 1184 2555 1363 2624; x_wconf 91' lang='lat' dir='ltr'>ipsius</span> <span class='ocrx_word' id='word_1_154' title='bbox 1386 2556 1747 2609; x_wconf 85' lang='lat' dir='ltr'>resurrectio-</span> 
     </span>
    </p>
   </div>
   <div class='ocr_carea' id='block_1_27' title="bbox 67 2642 1032 2712">
    <p class='ocr_par' dir='ltr' id='par_1_27' title="bbox 67 2642 1032 2712">
     <span class='ocr_line' id='line_1_27' title="bbox 67 2642 1032 2712; baseline -0.001 -17"><span class='ocrx_word' id='word_1_155' title='bbox 67 2642 140 2695; x_wconf 88' lang='lat' dir='ltr'>nis</span> <span class='ocrx_word' id='word_1_156' title='bbox 168 2642 435 2712; x_wconf 77' lang='lat' dir='ltr'>exemplo</span> <span class='ocrx_word' id='word_1_157' title='bbox 468 2642 869 2697; x_wconf 88' lang='lat' dir='ltr'>sitfirmatum.</span> <span class='ocrx_word' id='word_1_158' title='bbox 906 2644 1032 2696; x_wconf 92' lang='lat' dir='ltr'>Per.</span> 
     </span>
    </p>
   </div>
   <div class='ocr_carea' id='block_1_28' title="bbox 658 2732 1139 2797">
    <p class='ocr_par' dir='ltr' id='par_1_28' title="bbox 658 2732 1139 2797">
     <span class='ocr_line' id='line_1_28' title="bbox 658 2732 1139 2797; baseline 0.006 -15"><span class='ocrx_word' id='word_1_159' title='bbox 658 2732 825 2797; x_wconf 84' lang='lat' dir='ltr'>Infra</span> <span class='ocrx_word' id='word_1_160' title='bbox 858 2734 1139 2785; x_wconf 83' lang='lat' dir='ltr'>actionem.</span> 
     </span>
    </p>
   </div>
   <div class='ocr_carea' id='block_1_29' title="bbox 124 2818 1749 2889">
    <p class='ocr_par' dir='ltr' id='par_1_29' title="bbox 124 2818 1749 2889">
     <span class='ocr_line' id='line_1_29' title="bbox 124 2818 1749 2889; baseline 0.002 -19"><span class='ocrx_word' id='word_1_161' title='bbox 124 2818 268 2870; x_wconf 81' lang='lat' dir='ltr'>Hanc</span> <span class='ocrx_word' id='word_1_162' title='bbox 309 2818 496 2887; x_wconf 82' lang='lat' dir='ltr'>igitur</span> <span class='ocrx_word' id='word_1_163' title='bbox 526 2818 900 2885; x_wconf 86' lang='lat' dir='ltr'>oblationem,</span> <span class='ocrx_word' id='word_1_164' title='bbox 935 2835 1107 2889; x_wconf 89' lang='lat' dir='ltr'>quam</span> <span class='ocrx_word' id='word_1_165' title='bbox 1140 2819 1244 2873; x_wconf 89' lang='lat' dir='ltr'>tibi</span> <span class='ocrx_word' id='word_1_166' title='bbox 1277 2834 1381 2889; x_wconf 93' lang='lat' dir='ltr'>pro</span> <span class='ocrx_word' id='word_1_167' title='bbox 1408 2818 1607 2889; x_wconf 88' lang='lat' dir='ltr'>requie</span> <span class='ocrx_word' id='word_1_168' title='bbox 1631 2819 1749 2873; x_wconf 87' lang='lat' dir='ltr'>ani-</span> 
     </span>
    </p>
   </div>
   <div class='ocr_carea' id='block_1_30' title="bbox 68 2908 1743 2978">
    <p class='ocr_par' dir='ltr' id='par_1_30' title="bbox 68 2908 1743 2978">
     <span class='ocr_line' id='line_1_30' title="bbox 68 2908 1743 2978; baseline 0.001 -19"><span class='ocrx_word' id='word_1_169' title='bbox 68 2923 269 2961; x_wconf 88' lang='lat' dir='ltr'>marum</span> <span class='ocrx_word' id='word_1_170' title='bbox 289 2908 653 2962; x_wconf 90' lang='lat' dir='ltr'>famulorum</span> <span class='ocrx_word' id='word_1_171' title='bbox 676 2908 1397 2978; x_wconf 84' lang='lat' dir='ltr'>famnlarumqnetuarum</span> <span class='ocrx_word' id='word_1_172' title='bbox 1428 2908 1743 2975; x_wconf 77' lang='lat' dir='ltr'>offerimus,</span> 
     </span>
    </p>
   </div>
   <div class='ocr_carea' id='block_1_31' title="bbox 1358 311 2241 371">
    <p class='ocr_par' dir='ltr' id='par_1_31' title="bbox 1358 311 2241 371">
     <span class='ocr_line' id='line_1_31' title="bbox 1358 311 2241 371; baseline 0.005 -6"><span class='ocrx_word' id='word_1_173' title='bbox 1358 311 1561 367; x_wconf 86' lang='lat' dir='ltr'>LIBER</span> <span class='ocrx_word' id='word_1_174' title='bbox 1599 312 1867 369; x_wconf 78' lang='lat' dir='ltr'>SACRAM</span> <span class='ocrx_word' id='word_1_175' title='bbox 1880 314 2241 371; x_wconf 79' lang='lat' dir='ltr'>ENTORUM.</span> 
     </span>
    </p>
   </div>
   <div class='ocr_carea' id='block_1_32' title="bbox 3436 327 3538 378">
    <p class='ocr_par' dir='ltr' id='par_1_32' title="bbox 3436 327 3538 378">
     <span class='ocr_line' id='line_1_32' title="bbox 3436 327 3538 378; baseline 0 0"><span class='ocrx_word' id='word_1_176' title='bbox 3436 327 3538 378; x_wconf 82' lang='grc'>846</span> 
     </span>
    </p>
   </div>
   <div class='ocr_carea' id='block_1_33' title="bbox 1773 444 3537 526">
    <p class='ocr_par' dir='ltr' id='par_1_33' title="bbox 1773 444 3537 526">
     <span class='ocr_line' id='line_1_33' title="bbox 1773 444 3537 526; baseline 0.006 -26"><span class='ocrx_word' id='word_1_177' title='bbox 1773 445 2145 517; x_wconf 84' lang='lat' dir='ltr'>Alarumque</span> <span class='ocrx_word' id='word_1_178' title='bbox 2204 451 2432 501; x_wconf 91' lang='lat' dir='ltr'>tuarum</span> <span class='ocrx_word' id='word_1_179' title='bbox 2507 450 2961 505; x_wconf 87' lang='lat' dir='ltr'>misericordiam</span> <span class='ocrx_word' id='word_1_180' title='bbox 3016 444 3264 508; x_wconf 81' lang='lat' dir='ltr'>concede</span> <span class='ocrx_word' id='word_1_181' title='bbox 3322 471 3537 526; x_wconf 89' lang='lat' dir='ltr'>perpe-</span> 
     </span>
    </p>
   </div>
   <div class='ocr_carea' id='block_1_34' title="bbox 1843 536 3530 613">
    <p class='ocr_par' dir='ltr' id='par_1_34' title="bbox 1843 536 3530 613">
     <span class='ocr_line' id='line_1_34' title="bbox 1843 536 3530 613; baseline 0.008 -27"><span class='ocrx_word' id='word_1_182' title='bbox 1843 539 2022 600; x_wconf 86' lang='lat' dir='ltr'>tuam,</span> <span class='ocrx_word' id='word_1_183' title='bbox 2061 542 2119 587; x_wconf 90' lang='lat' dir='ltr'>ut</span> <span class='ocrx_word' id='word_1_184' title='bbox 2148 536 2229 588; x_wconf 87' lang='lat' dir='ltr'>eis</span> <span class='ocrx_word' id='word_1_185' title='bbox 2258 537 2513 605; x_wconf 88' lang='lat' dir='ltr'>proficiat</span> <span class='ocrx_word' id='word_1_186' title='bbox 2554 539 2609 590; x_wconf 91' lang='lat' dir='ltr'>iu</span> <span class='ocrx_word' id='word_1_187' title='bbox 2636 546 2912 593; x_wconf 68' lang='lat' dir='ltr'>reternum</span> <span class='ocrx_word' id='word_1_188' title='bbox 2972 543 3126 612; x_wconf 89' lang='lat' dir='ltr'>quod</span> <span class='ocrx_word' id='word_1_189' title='bbox 3156 543 3217 596; x_wconf 92' lang='lat' dir='ltr'>in</span> <span class='ocrx_word' id='word_1_190' title='bbox 3248 549 3303 597; x_wconf 88' lang='lat' dir='ltr'>te</span> <span class='ocrx_word' id='word_1_191' title='bbox 3334 561 3530 613; x_wconf 86' lang='lat' dir='ltr'>spera-</span> 
     </span>
    </p>
   </div>
   <div class='ocr_carea' id='block_1_35' title="bbox 1844 624 3035 683">
    <p class='ocr_par' dir='ltr' id='par_1_35' title="bbox 1844 624 3035 683">
     <span class='ocr_line' id='line_1_35' title="bbox 1844 624 3035 683; baseline 0.007 -10"><span class='ocrx_word' id='word_1_192' title='bbox 1844 628 2051 675; x_wconf 88' lang='lat' dir='ltr'>verunt</span> <span class='ocrx_word' id='word_1_193' title='bbox 2069 628 2124 676; x_wconf 91' lang='lat' dir='ltr'>et</span> <span class='ocrx_word' id='word_1_194' title='bbox 2153 624 2537 678; x_wconf 89' lang='lat' dir='ltr'>crediderunt.</span> <span class='ocrx_word' id='word_1_195' title='bbox 2574 628 2677 679; x_wconf 91' lang='lat' dir='ltr'>Per</span> <span class='ocrx_word' id='word_1_196' title='bbox 2714 629 3035 683; x_wconf 89' lang='lat' dir='ltr'>Dominum.</span> 
     </span>
    </p>
   </div>
   <div class='ocr_carea' id='block_1_36' title="bbox 1987 729 3369 805">
    <p class='ocr_par' dir='ltr' id='par_1_36' title="bbox 1987 729 3369 805">
     <span class='ocr_line' id='line_1_36' title="bbox 1987 729 3369 805; baseline 0.009 -24"><span class='ocrx_word' id='word_1_197' title='bbox 1987 729 2167 782; x_wconf 91' lang='lat' dir='ltr'>Lectio</span> <span class='ocrx_word' id='word_1_198' title='bbox 2198 730 2328 782; x_wconf 87' lang='lat' dir='ltr'>libri</span> <span class='ocrx_word' id='word_1_199' title='bbox 2365 731 2724 799; x_wconf 84' lang='lat' dir='ltr'>Apocalypsis</span> <span class='ocrx_word' id='word_1_200' title='bbox 2754 734 2821 787; x_wconf 91' lang='lat' dir='ltr'>B.</span> <span class='ocrx_word' id='word_1_201' title='bbox 2864 738 3087 790; x_wconf 78' lang='lat' dir='ltr'>Joannis</span> <span class='ocrx_word' id='word_1_202' title='bbox 3118 741 3369 805; x_wconf 84' lang='lat' dir='ltr'>apostoli.</span> 
     </span>
    </p>
   </div>
   <div class='ocr_carea' id='block_1_37' title="bbox 1916 817 3528 884">
    <p class='ocr_par' dir='ltr' id='par_1_37' title="bbox 1916 817 3528 884">
     <span class='ocr_line' id='line_1_37' title="bbox 1916 817 3528 884; baseline 0.008 -15"><span class='ocrx_word' id='word_1_203' title='bbox 1916 818 1979 869; x_wconf 90' lang='lat' dir='ltr'><strong>In</strong></span> <span class='ocrx_word' id='word_1_204' title='bbox 2039 817 2240 872; x_wconf 89' lang='lat' dir='ltr'>diebus</span> <span class='ocrx_word' id='word_1_205' title='bbox 2282 819 2414 884; x_wconf 89' lang='lat' dir='ltr'>illis,</span> <span class='ocrx_word' id='word_1_206' title='bbox 2474 821 2663 873; x_wconf 83' lang='lat' dir='ltr'>audivi</span> <span class='ocrx_word' id='word_1_207' title='bbox 2723 839 2916 875; x_wconf 81' lang='lat' dir='ltr'>vocem</span> <span class='ocrx_word' id='word_1_208' title='bbox 2951 824 3019 877; x_wconf 91' lang='lat' dir='ltr'>de</span> <span class='ocrx_word' id='word_1_209' title='bbox 3071 828 3213 879; x_wconf 71' lang='lat' dir='ltr'>caelo</span> <span class='ocrx_word' id='word_1_210' title='bbox 3246 827 3528 882; x_wconf 86' lang='lat' dir='ltr'>dicentem</span> 
     </span>
    </p>
   </div>
   <div class='ocr_carea' id='block_1_38' title="bbox 1847 904 2009 958">
    <p class='ocr_par' dir='ltr' id='par_1_38' title="bbox 1847 904 2009 958">
     <span class='ocr_line' id='line_1_38' title="bbox 1847 904 2009 958; baseline 0.006 -1"><span class='ocrx_word' id='word_1_211' title='bbox 1847 904 2009 958; x_wconf 88' lang='lat' dir='ltr'>mihi.</span> 
     </span>
    </p>
   </div>
   <div class='ocr_carea' id='block_1_39' title="bbox 1958 1014 3422 1083">
    <p class='ocr_par' dir='ltr' id='par_1_39' title="bbox 1958 1014 3422 1083">
     <span class='ocr_line' id='line_1_39' title="bbox 1958 1014 3422 1083; baseline 0.006 -17"><span class='ocrx_word' id='word_1_212' title='bbox 1958 1014 2255 1079; x_wconf 81' lang='lat' dir='ltr'>Sequentia</span> <span class='ocrx_word' id='word_1_213' title='bbox 2282 1018 2459 1067; x_wconf 86' lang='lat' dir='ltr'>sancti</span> <span class='ocrx_word' id='word_1_214' title='bbox 2492 1018 2779 1083; x_wconf 75' lang='lat' dir='ltr'>Evangelii</span> <span class='ocrx_word' id='word_1_215' title='bbox 2806 1019 3095 1071; x_wconf 83' lang='lat' dir='ltr'>secundum</span> <span class='ocrx_word' id='word_1_216' title='bbox 3132 1021 3422 1075; x_wconf 87' lang='lat' dir='ltr'>Joannem.</span> 
     </span>
    </p>
   </div>
   <div class='ocr_carea' id='block_1_40' title="bbox 1916 1101 3523 1177">
    <p class='ocr_par' dir='ltr' id='par_1_40' title="bbox 1916 1101 3523 1177">
     <span class='ocr_line' id='line_1_40' title="bbox 1916 1101 3523 1177; baseline 0.007 -24"><span class='ocrx_word' id='word_1_217' title='bbox 1916 1101 1981 1154; x_wconf 91' lang='lat' dir='ltr'><strong>In</strong></span> <span class='ocrx_word' id='word_1_218' title='bbox 2011 1103 2108 1154; x_wconf 92' lang='lat' dir='ltr'>illo</span> <span class='ocrx_word' id='word_1_219' title='bbox 2140 1108 2418 1173; x_wconf 88' lang='lat' dir='ltr'>tempore,</span> <span class='ocrx_word' id='word_1_220' title='bbox 2454 1106 2595 1158; x_wconf 85' lang='lat' dir='ltr'>dixit</span> <span class='ocrx_word' id='word_1_221' title='bbox 2652 1108 2810 1159; x_wconf 83' lang='lat' dir='ltr'>Jesus</span> <span class='ocrx_word' id='word_1_222' title='bbox 2842 1108 3138 1177; x_wconf 89' lang='lat' dir='ltr'>discipulis</span> <span class='ocrx_word' id='word_1_223' title='bbox 3194 1110 3344 1165; x_wconf 88' lang='lat' dir='ltr'>suis:</span> <span class='ocrx_word' id='word_1_224' title='bbox 3408 1112 3523 1165; x_wconf 82' lang='lat' dir='ltr'>Nisi</span> 
     </span>
    </p>
   </div>
   <div class='ocr_carea' id='block_1_41' title="bbox 1848 1191 3036 1249">
    <p class='ocr_par' dir='ltr' id='par_1_41' title="bbox 1848 1191 3036 1249">
     <span class='ocr_line' id='line_1_41' title="bbox 1848 1191 3036 1249; baseline 0.005 -7"><span class='ocrx_word' id='word_1_225' title='bbox 1848 1191 2327 1245; x_wconf 79' lang='lat' dir='ltr'>manducaveritis</span> <span class='ocrx_word' id='word_1_226' title='bbox 2349 1209 2578 1247; x_wconf 87' lang='lat' dir='ltr'>carnem</span> <span class='ocrx_word' id='word_1_227' title='bbox 2614 1194 2739 1247; x_wconf 86' lang='lat' dir='ltr'>Filii</span> <span class='ocrx_word' id='word_1_228' title='bbox 2765 1195 3036 1249; x_wconf 90' lang='lat' dir='ltr'>hominis.</span> 
     </span>
    </p>
   </div>
   <div class='ocr_carea' id='block_1_42' title="bbox 2483 1300 2894 1366">
    <p class='ocr_par' dir='ltr' id='par_1_42' title="bbox 2483 1300 2894 1366">
     <span class='ocr_line' id='line_1_42' title="bbox 2483 1300 2894 1366; baseline 0 -13"><span class='ocrx_word' id='word_1_229' title='bbox 2483 1300 2657 1366; x_wconf 80' lang='lat' dir='ltr'>Super</span> <span class='ocrx_word' id='word_1_230' title='bbox 2679 1300 2894 1353; x_wconf 77' lang='lat' dir='ltr'>Oblata.</span> 
     </span>
    </p>
   </div>
   <div class='ocr_carea' id='block_1_43' title="bbox 1921 1384 3534 1458">
    <p class='ocr_par' dir='ltr' id='par_1_43' title="bbox 1921 1384 3534 1458">
     <span class='ocr_line' id='line_1_43' title="bbox 1921 1384 3534 1458; baseline 0.006 -22"><span class='ocrx_word' id='word_1_231' title='bbox 1921 1384 2036 1452; x_wconf 89' lang='lat' dir='ltr'>His,</span> <span class='ocrx_word' id='word_1_232' title='bbox 2060 1400 2410 1454; x_wconf 74' lang='lat' dir='ltr'>quaesumus,</span> <span class='ocrx_word' id='word_1_233' title='bbox 2451 1388 2710 1452; x_wconf 86' lang='lat' dir='ltr'>Domine,</span> <span class='ocrx_word' id='word_1_234' title='bbox 2754 1390 3005 1458; x_wconf 90' lang='lat' dir='ltr'>placatus</span> <span class='ocrx_word' id='word_1_235' title='bbox 3065 1390 3298 1444; x_wconf 89' lang='lat' dir='ltr'>intende</span> <span class='ocrx_word' id='word_1_236' title='bbox 3334 1409 3534 1445; x_wconf 87' lang='lat' dir='ltr'>mune-</span> 
     </span>
    </p>
   </div>
   <div class='ocr_carea' id='block_1_44' title="bbox 1849 1474 3537 1550">
    <p class='ocr_par' dir='ltr' id='par_1_44' title="bbox 1849 1474 3537 1550">
     <span class='ocr_line' id='line_1_44' title="bbox 1849 1474 3537 1550; baseline 0.005 -24"><span class='ocrx_word' id='word_1_237' title='bbox 1849 1474 2026 1539; x_wconf 87' lang='lat' dir='ltr'>ribus,</span> <span class='ocrx_word' id='word_1_238' title='bbox 2064 1480 2117 1526; x_wconf 81' lang='lat' dir='ltr'>et</span> <span class='ocrx_word' id='word_1_239' title='bbox 2158 1475 2308 1544; x_wconf 90' lang='lat' dir='ltr'>quod</span> <span class='ocrx_word' id='word_1_240' title='bbox 2354 1476 2421 1528; x_wconf 90' lang='lat' dir='ltr'>ad</span> <span class='ocrx_word' id='word_1_241' title='bbox 2460 1477 2682 1530; x_wconf 89' lang='lat' dir='ltr'>laudem</span> <span class='ocrx_word' id='word_1_242' title='bbox 2718 1478 2799 1530; x_wconf 90' lang='lat' dir='ltr'>tui</span> <span class='ocrx_word' id='word_1_243' title='bbox 2855 1479 3107 1532; x_wconf 90' lang='lat' dir='ltr'>nominis</span> <span class='ocrx_word' id='word_1_244' title='bbox 3152 1482 3537 1550; x_wconf 88' lang='lat' dir='ltr'>supplicantes</span> 
     </span>
    </p>
   </div>
   <div class='ocr_carea' id='block_1_45' title="bbox 1848 1562 3533 1635">
    <p class='ocr_par' dir='ltr' id='par_1_45' title="bbox 1848 1562 3533 1635">
     <span class='ocr_line' id='line_1_45' title="bbox 1848 1562 3533 1635; baseline 0.007 -21"><span class='ocrx_word' id='word_1_245' title='bbox 1848 1562 2162 1628; x_wconf 83' lang='lat' dir='ltr'>offerimus,</span> <span class='ocrx_word' id='word_1_246' title='bbox 2193 1564 2261 1615; x_wconf 88' lang='lat' dir='ltr'>ad</span> <span class='ocrx_word' id='word_1_247' title='bbox 2309 1564 2723 1633; x_wconf 78' lang='lat' dir='ltr'>indulgentiam</span> <span class='ocrx_word' id='word_1_248' title='bbox 2791 1568 3054 1635; x_wconf 83' lang='lat' dir='ltr'>proficiat</span> <span class='ocrx_word' id='word_1_249' title='bbox 3108 1568 3533 1625; x_wconf 85' lang='lat' dir='ltr'>defunctorum.</span> 
     </span>
    </p>
   </div>
   <div class='ocr_carea' id='block_1_46' title="bbox 1849 1652 2599 1705">
    <p class='ocr_par' dir='ltr' id='par_1_46' title="bbox 1849 1652 2599 1705">
     <span class='ocr_line' id='line_1_46' title="bbox 1849 1652 2599 1705; baseline 0 -2"><span class='ocrx_word' id='word_1_250' title='bbox 1849 1652 1956 1703; x_wconf 84' lang='lat' dir='ltr'>Per</span> <span class='ocrx_word' id='word_1_251' title='bbox 1986 1652 2290 1705; x_wconf 90' lang='lat' dir='ltr'>Dominum</span> <span class='ocrx_word' id='word_1_252' title='bbox 2320 1660 2599 1705; x_wconf 84' lang='lat' dir='ltr'>nostrum.</span> 
     </span>
    </p>
   </div>
   <div class='ocr_carea' id='block_1_47' title="bbox 2392 1760 3004 1813">
    <p class='ocr_par' dir='ltr' id='par_1_47' title="bbox 2392 1760 3004 1813">
     <span class='ocr_line' id='line_1_47' title="bbox 2392 1760 3004 1813; baseline 0.003 -2"><span class='ocrx_word' id='word_1_253' title='bbox 2392 1760 2513 1812; x_wconf 83' lang='lat' dir='ltr'>Post</span> <span class='ocrx_word' id='word_1_254' title='bbox 2549 1761 3004 1813; x_wconf 87' lang='lat' dir='ltr'>Communionem.</span> 
     </span>
    </p>
   </div>
   <div class='ocr_carea' id='block_1_48' title="bbox 1922 1846 3536 1918">
    <p class='ocr_par' dir='ltr' id='par_1_48' title="bbox 1922 1846 3536 1918">
     <span class='ocr_line' id='line_1_48' title="bbox 1922 1846 3536 1918; baseline 0.004 -20"><span class='ocrx_word' id='word_1_255' title='bbox 1922 1846 2235 1916; x_wconf 88' lang='lat' dir='ltr'>Supplices,</span> <span class='ocrx_word' id='word_1_256' title='bbox 2270 1862 2618 1915; x_wconf 59' lang='lat' dir='ltr'>quaesumus,</span> <span class='ocrx_word' id='word_1_257' title='bbox 2649 1849 2908 1911; x_wconf 89' lang='lat' dir='ltr'>Domine,</span> <span class='ocrx_word' id='word_1_258' title='bbox 2944 1865 3047 1918; x_wconf 89' lang='lat' dir='ltr'>pro</span> <span class='ocrx_word' id='word_1_259' title='bbox 3099 1850 3400 1903; x_wconf 87' lang='lat' dir='ltr'>animabus</span> <span class='ocrx_word' id='word_1_260' title='bbox 3450 1852 3536 1905; x_wconf 85' lang='lat' dir='ltr'>fa-</span> 
     </span>
    </p>
   </div>
   <div class='ocr_carea' id='block_1_49' title="bbox 1851 1934 3535 2005">
    <p class='ocr_par' dir='ltr' id='par_1_49' title="bbox 1851 1934 3535 2005">
     <span class='ocr_line' id='line_1_49' title="bbox 1851 1934 3535 2005; baseline 0.004 -19"><span class='ocrx_word' id='word_1_261' title='bbox 1851 1934 2143 1986; x_wconf 89' lang='lat' dir='ltr'>mulorum</span> <span class='ocrx_word' id='word_1_262' title='bbox 2183 1934 2645 2004; x_wconf 87' lang='lat' dir='ltr'>famularumque</span> <span class='ocrx_word' id='word_1_263' title='bbox 2680 1942 2903 1988; x_wconf 88' lang='lat' dir='ltr'>tuarum</span> <span class='ocrx_word' id='word_1_264' title='bbox 2952 1953 3144 2005; x_wconf 89' lang='lat' dir='ltr'>preces</span> <span class='ocrx_word' id='word_1_265' title='bbox 3171 1938 3535 2005; x_wconf 78' lang='lat' dir='ltr'>effundimus,</span> 
     </span>
    </p>
   </div>
   <div class='ocr_carea' id='block_1_50' title="bbox 1853 2023 3541 2093">
    <p class='ocr_par' dir='ltr' id='par_1_50' title="bbox 1853 2023 3541 2093">
     <span class='ocr_line' id='line_1_50' title="bbox 1853 2023 3541 2093; baseline 0.005 -20"><span class='ocrx_word' id='word_1_266' title='bbox 1853 2027 2149 2091; x_wconf 89' lang='lat' dir='ltr'>sperantes</span> <span class='ocrx_word' id='word_1_267' title='bbox 2190 2026 2253 2074; x_wconf 92' lang='lat' dir='ltr'>ut</span> <span class='ocrx_word' id='word_1_268' title='bbox 2310 2023 2589 2093; x_wconf 85' lang='lat' dir='ltr'>quidquid</span> <span class='ocrx_word' id='word_1_269' title='bbox 2648 2026 3081 2077; x_wconf 71' lang='lat' dir='ltr'>conversatione</span> <span class='ocrx_word' id='word_1_270' title='bbox 3134 2033 3541 2081; x_wconf 83' lang='lat' dir='ltr'>contraxerunt</span> 
     </span>
    </p>
   </div>
   <div class='ocr_carea' id='block_1_51' title="bbox 1855 2111 3542 2181">
    <p class='ocr_par' dir='ltr' id='par_1_51' title="bbox 1855 2111 3542 2181">
     <span class='ocr_line' id='line_1_51' title="bbox 1855 2111 3542 2181; baseline 0.004 -19"><span class='ocrx_word' id='word_1_271' title='bbox 1855 2111 2129 2177; x_wconf 89' lang='lat' dir='ltr'>humana,</span> <span class='ocrx_word' id='word_1_272' title='bbox 2165 2113 2217 2163; x_wconf 86' lang='lat' dir='ltr'>et</span> <span class='ocrx_word' id='word_1_273' title='bbox 2251 2112 2563 2164; x_wconf 86' lang='lat' dir='ltr'>clementer</span> <span class='ocrx_word' id='word_1_274' title='bbox 2602 2112 2919 2181; x_wconf 75' lang='lat' dir='ltr'>indulgeas,</span> <span class='ocrx_word' id='word_1_275' title='bbox 2956 2122 3011 2166; x_wconf 91' lang='lat' dir='ltr'>et</span> <span class='ocrx_word' id='word_1_276' title='bbox 3059 2114 3113 2166; x_wconf 91' lang='lat' dir='ltr'>in</span> <span class='ocrx_word' id='word_1_277' title='bbox 3149 2120 3379 2168; x_wconf 90' lang='lat' dir='ltr'>tuorum</span> <span class='ocrx_word' id='word_1_278' title='bbox 3412 2116 3542 2169; x_wconf 91' lang='lat' dir='ltr'>sede</span> 
     </span>
    </p>
   </div>
   <div class='ocr_carea' id='block_1_52' title="bbox 1854 2199 3137 2270">
    <p class='ocr_par' dir='ltr' id='par_1_52' title="bbox 1854 2199 3137 2270">
     <span class='ocr_line' id='line_1_52' title="bbox 1854 2199 3137 2270; baseline 0.002 -17"><span class='ocrx_word' id='word_1_279' title='bbox 1854 2199 2169 2253; x_wconf 68' lang='lat' dir='ltr'>laetantium</span> <span class='ocrx_word' id='word_1_280' title='bbox 2194 2200 2505 2253; x_wconf 86' lang='lat' dir='ltr'>constituas</span> <span class='ocrx_word' id='word_1_281' title='bbox 2537 2201 2985 2270; x_wconf 87' lang='lat' dir='ltr'>redemptorum.</span> <span class='ocrx_word' id='word_1_282' title='bbox 3014 2203 3137 2255; x_wconf 90' lang='lat' dir='ltr'>Per.</span> 
     </span>
    </p>
   </div>
   <div class='ocr_carea' id='block_1_53' title="bbox 2648 2307 2746 2361">
    <p class='ocr_par' dir='ltr' id='par_1_53' title="bbox 2648 2307 2746 2361">
     <span class='ocr_line' id='line_1_53' title="bbox 2648 2307 2746 2361; baseline -0.02 0"><span class='ocrx_word' id='word_1_283' title='bbox 2648 2307 2746 2361; x_wconf 76' lang='lat' dir='ltr'>CX.</span> 
     </span>
    </p>
   </div>
   <div class='ocr_carea' id='block_1_54' title="bbox 2308 2410 3101 2449">
    <p class='ocr_par' dir='ltr' id='par_1_54' title="bbox 2308 2410 3101 2449">
     <span class='ocr_line' id='line_1_54' title="bbox 2308 2410 3101 2449; baseline 0.001 -1"><span class='ocrx_word' id='word_1_284' title='bbox 2308 2410 2497 2449; x_wconf 76' lang='lat' dir='ltr'><strong>MISSA</strong></span> <span class='ocrx_word' id='word_1_285' title='bbox 2549 2410 2608 2448; x_wconf 81' lang='lat' dir='ltr'>IN</span> <span class='ocrx_word' id='word_1_286' title='bbox 2659 2410 3101 2449; x_wconf 78' lang='lat' dir='ltr'>COEMETERIIS.</span> 
     </span>
    </p>
   </div>
   <div class='ocr_carea' id='block_1_55' title="bbox 1929 2499 3542 2572">
    <p class='ocr_par' dir='ltr' id='par_1_55' title="bbox 1929 2499 3542 2572">
     <span class='ocr_line' id='line_1_55' title="bbox 1929 2499 3542 2572; baseline 0.003 -21"><span class='ocrx_word' id='word_1_287' title='bbox 1929 2499 2288 2569; x_wconf 86' lang='lat' dir='ltr'>Deus,cujus</span> <span class='ocrx_word' id='word_1_288' title='bbox 2347 2501 2707 2554; x_wconf 84' lang='lat' dir='ltr'>miseratione</span> <span class='ocrx_word' id='word_1_289' title='bbox 2741 2501 2946 2553; x_wconf 67' lang='lat' dir='ltr'>anima:</span> <span class='ocrx_word' id='word_1_290' title='bbox 3001 2500 3259 2554; x_wconf 86' lang='lat' dir='ltr'>fidelium</span> <span class='ocrx_word' id='word_1_291' title='bbox 3315 2503 3542 2572; x_wconf 88' lang='lat' dir='ltr'>requie-</span> 
     </span>
    </p>
   </div>
   <div class='ocr_carea' id='block_1_56' title="bbox 1857 2586 3541 2652">
    <p class='ocr_par' dir='ltr' id='par_1_56' title="bbox 1857 2586 3541 2652">
     <span class='ocr_line' id='line_1_56' title="bbox 1857 2586 3541 2652; baseline 0.002 -11"><span class='ocrx_word' id='word_1_292' title='bbox 1857 2593 2043 2652; x_wconf 89' lang='lat' dir='ltr'>scunt,</span> <span class='ocrx_word' id='word_1_293' title='bbox 2078 2586 2306 2640; x_wconf 90' lang='lat' dir='ltr'>famulis</span> <span class='ocrx_word' id='word_1_294' title='bbox 2344 2588 2457 2640; x_wconf 90' lang='lat' dir='ltr'>tuis</span> <span class='ocrx_word' id='word_1_295' title='bbox 2494 2588 2555 2640; x_wconf 82' lang='lat' dir='ltr'>N.</span> <span class='ocrx_word' id='word_1_296' title='bbox 2591 2594 2649 2640; x_wconf 88' lang='lat' dir='ltr'>et</span> <span class='ocrx_word' id='word_1_297' title='bbox 2685 2589 2748 2641; x_wconf 88' lang='lat' dir='ltr'>N.</span> <span class='ocrx_word' id='word_1_298' title='bbox 2781 2593 2835 2640; x_wconf 91' lang='lat' dir='ltr'>et</span> <span class='ocrx_word' id='word_1_299' title='bbox 2865 2588 3131 2641; x_wconf 90' lang='lat' dir='ltr'>omnibus</span> <span class='ocrx_word' id='word_1_300' title='bbox 3162 2588 3252 2642; x_wconf 90' lang='lat' dir='ltr'>hic</span> <span class='ocrx_word' id='word_1_301' title='bbox 3282 2590 3343 2642; x_wconf 91' lang='lat' dir='ltr'>in</span> <span class='ocrx_word' id='word_1_302' title='bbox 3383 2592 3541 2644; x_wconf 86' lang='lat' dir='ltr'>Chri-</span> 
     </span>
    </p>
   </div>
   <div class='ocr_carea' id='block_1_57' title="bbox 1858 2676 3545 2747">
    <p class='ocr_par' dir='ltr' id='par_1_57' title="bbox 1858 2676 3545 2747">
     <span class='ocr_line' id='line_1_57' title="bbox 1858 2676 3545 2747; baseline 0.001 -17"><span class='ocrx_word' id='word_1_303' title='bbox 1858 2681 1944 2730; x_wconf 91' lang='lat' dir='ltr'>sto</span> <span class='ocrx_word' id='word_1_304' title='bbox 2028 2676 2477 2746; x_wconf 89' lang='lat' dir='ltr'>qniescentibus,</span> <span class='ocrx_word' id='word_1_305' title='bbox 2540 2676 2608 2729; x_wconf 91' lang='lat' dir='ltr'>de</span> <span class='ocrx_word' id='word_1_306' title='bbox 2666 2676 2952 2746; x_wconf 88' lang='lat' dir='ltr'>propitius</span> <span class='ocrx_word' id='word_1_307' title='bbox 3008 2678 3228 2730; x_wconf 84' lang='lat' dir='ltr'>veniam</span> <span class='ocrx_word' id='word_1_308' title='bbox 3286 2684 3545 2747; x_wconf 87' lang='lat' dir='ltr'>peccato-</span> 
     </span>
    </p>
   </div>
   <div class='ocr_carea' id='block_1_58' title="bbox 1857 2765 3543 2829">
    <p class='ocr_par' dir='ltr' id='par_1_58' title="bbox 1857 2765 3543 2829">
     <span class='ocr_line' id='line_1_58' title="bbox 1857 2765 3543 2829; baseline 0.002 -12"><span class='ocrx_word' id='word_1_309' title='bbox 1857 2782 2008 2825; x_wconf 89' lang='lat' dir='ltr'>rum.</span> <span class='ocrx_word' id='word_1_310' title='bbox 2056 2768 2137 2829; x_wconf 92' lang='lat' dir='ltr'>ut,</span> <span class='ocrx_word' id='word_1_311' title='bbox 2199 2781 2230 2817; x_wconf 91' lang='lat' dir='ltr'>a</span> <span class='ocrx_word' id='word_1_312' title='bbox 2280 2765 2498 2818; x_wconf 89' lang='lat' dir='ltr'>cunctis</span> <span class='ocrx_word' id='word_1_313' title='bbox 2572 2765 2823 2818; x_wconf 89' lang='lat' dir='ltr'>reatibns</span> <span class='ocrx_word' id='word_1_314' title='bbox 2905 2765 3168 2829; x_wconf 88' lang='lat' dir='ltr'>absoluti,</span> <span class='ocrx_word' id='word_1_315' title='bbox 3236 2766 3358 2820; x_wconf 89' lang='lat' dir='ltr'>sine</span> <span class='ocrx_word' id='word_1_316' title='bbox 3430 2769 3543 2821; x_wconf 89' lang='lat' dir='ltr'>fine</span> 
     </span>
    </p>
   </div>
   <div class='ocr_carea' id='block_1_59' title="bbox 1856 2854 2142 2908">
    <p class='ocr_par' dir='ltr' id='par_1_59' title="bbox 1856 2854 2142 2908">
     <span class='ocr_line' id='line_1_59' title="bbox 1856 2854 2142 2908; baseline -0.007 0"><span class='ocrx_word' id='word_1_317' title='bbox 1856 2854 2142 2908; x_wconf 77' lang='lat' dir='ltr'>laetentur.</span> 
     </span>
    </p>
   </div>
   <div class='ocr_carea' id='block_1_60' title="bbox 2495 2924 2904 2992">
    <p class='ocr_par' dir='ltr' id='par_1_60' title="bbox 2495 2924 2904 2992">
     <span class='ocr_line' id='line_1_60' title="bbox 2495 2924 2904 2992; baseline -0.002 -14"><span class='ocrx_word' id='word_1_318' title='bbox 2495 2925 2667 2992; x_wconf 79' lang='lat' dir='ltr'>Super</span> <span class='ocrx_word' id='word_1_319' title='bbox 2693 2924 2904 2978; x_wconf 86' lang='lat' dir='ltr'>Oblata.</span> 
     </span>
    </p>
   </div>
   <div class='ocr_carea' id='block_1_61' title="bbox 66 2997 3545 3089">
    <p class='ocr_par' dir='ltr' id='par_1_61' title="bbox 66 2997 3545 3089">
     <span class='ocr_line' id='line_1_61' title="bbox 66 2997 3545 3089; baseline 0.001 -24"><span class='ocrx_word' id='word_1_320' title='bbox 66 3012 398 3065; x_wconf 63' lang='grc' dir='ltr'>ίῐυδὲδοῐηυδ,</span> <span class='ocrx_word' id='word_1_321' title='bbox 460 2998 724 3062; x_wconf 62' lang='lat' dir='ltr'>Domine,</span> <span class='ocrx_word' id='word_1_322' title='bbox 793 2998 1075 3067; x_wconf 54' lang='lat' dir='ltr'>Propitius</span> <span class='ocrx_word' id='word_1_323' title='bbox 1110 2998 1352 3062; x_wconf 67' lang='grc' dir='ltr'>ίΐιῐυθτθν</span> <span class='ocrx_word' id='word_1_324' title='bbox 1418 3001 1473 3050; x_wconf 60' lang='grc' dir='ltr'><strong>εἴ</strong></span> <span class='ocrx_word' id='word_1_325' title='bbox 1501 2997 1747 3050; x_wconf 74' lang='lat' dir='ltr'>concede</span> <span class='ocrx_word' id='word_1_326' title='bbox 1788 3035 1827 3089; x_wconf 71' lang='grc' dir='ltr'><strong>ρ</strong></span> <span class='ocrx_word' id='word_1_327' title='bbox 1932 3014 2038 3067; x_wconf 85' lang='lat' dir='ltr'>Pro</span> <span class='ocrx_word' id='word_1_328' title='bbox 2060 3011 2362 3065; x_wconf 89' lang='lat' dir='ltr'>animabus</span> <span class='ocrx_word' id='word_1_329' title='bbox 2393 3012 2744 3065; x_wconf 86' lang='lat' dir='ltr'>famulorum</span> <span class='ocrx_word' id='word_1_330' title='bbox 2784 3018 3013 3067; x_wconf 89' lang='lat' dir='ltr'>tuorum</span> <span class='ocrx_word' id='word_1_331' title='bbox 3049 3015 3112 3067; x_wconf 86' lang='lat' dir='ltr'>N.</span> <span class='ocrx_word' id='word_1_332' title='bbox 3166 3019 3222 3067; x_wconf 91' lang='lat' dir='ltr'>et</span> <span class='ocrx_word' id='word_1_333' title='bbox 3254 3016 3317 3067; x_wconf 83' lang='lat' dir='ltr'>N.</span> <span class='ocrx_word' id='word_1_334' title='bbox 3359 3019 3416 3067; x_wconf 89' lang='lat' dir='ltr'>et</span> <span class='ocrx_word' id='word_1_335' title='bbox 3454 3012 3545 3067; x_wconf 90' lang='lat' dir='ltr'>hic</span> 
     </span>
    </p>
   </div>
   <div class='ocr_carea' id='block_1_62' title="bbox 66 3084 1743 3157">
    <p class='ocr_par' dir='ltr' id='par_1_62' title="bbox 66 3084 1743 3157">
     <span class='ocr_line' id='line_1_62' title="bbox 66 3084 1743 3157; baseline 0.001 -21"><span class='ocrx_word' id='word_1_336' title='bbox 66 3090 116 3136; x_wconf 88' lang='lat' dir='ltr'>nt</span> <span class='ocrx_word' id='word_1_337' title='bbox 136 3086 372 3140; x_wconf 86' lang='lat' dir='ltr'>mortuis</span> <span class='ocrx_word' id='word_1_338' title='bbox 401 3085 587 3155; x_wconf 90' lang='lat' dir='ltr'>prosit</span> <span class='ocrx_word' id='word_1_339' title='bbox 616 3086 688 3138; x_wconf 92' lang='lat' dir='ltr'>ad</span> <span class='ocrx_word' id='word_1_340' title='bbox 746 3086 992 3151; x_wconf 76' lang='lat' dir='ltr'>veniam,</span> <span class='ocrx_word' id='word_1_341' title='bbox 1029 3086 1179 3157; x_wconf 91' lang='lat' dir='ltr'>quod</span> <span class='ocrx_word' id='word_1_342' title='bbox 1240 3084 1458 3139; x_wconf 91' lang='lat' dir='ltr'>cunctis</span> <span class='ocrx_word' id='word_1_343' title='bbox 1504 3085 1743 3138; x_wconf 82' lang='lat' dir='ltr'>viventi—</span> 
     </span>
    </p>
   </div>
   <div class='ocr_carea' id='block_1_63' title="bbox 64 3172 1742 3244">
    <p class='ocr_par' dir='ltr' id='par_1_63' title="bbox 64 3172 1742 3244">
     <span class='ocr_line' id='line_1_63' title="bbox 64 3172 1742 3244; baseline 0.002 -21"><span class='ocrx_word' id='word_1_344' title='bbox 64 3172 150 3224; x_wconf 81' lang='lat' dir='ltr'>bus</span> <span class='ocrx_word' id='word_1_345' title='bbox 198 3188 533 3244; x_wconf 61' lang='lat' dir='ltr'>praeparare</span> <span class='ocrx_word' id='word_1_346' title='bbox 585 3173 851 3244; x_wconf 89' lang='lat' dir='ltr'>dignatus</span> <span class='ocrx_word' id='word_1_347' title='bbox 903 3190 962 3227; x_wconf 90' lang='lat' dir='ltr'>es</span> <span class='ocrx_word' id='word_1_348' title='bbox 992 3174 1060 3228; x_wconf 91' lang='lat' dir='ltr'>ad</span> <span class='ocrx_word' id='word_1_349' title='bbox 1114 3174 1444 3228; x_wconf 88' lang='lat' dir='ltr'>medelam:</span> <span class='ocrx_word' id='word_1_350' title='bbox 1507 3173 1742 3243; x_wconf 90' lang='lat' dir='ltr'>diesque</span> 
     </span>
    </p>
   </div>
   <div class='ocr_carea' id='block_1_64' title="bbox 67 3266 283 3321">
    <p class='ocr_par' dir='ltr' id='par_1_64' title="bbox 67 3266 283 3321">
     <span class='ocr_line' id='line_1_64' title="bbox 67 3266 283 3321; baseline 0.009 -8"><span class='ocrx_word' id='word_1_351' title='bbox 67 3266 283 3321; x_wconf 80' lang='lat' dir='ltr'>nostros.</span> 
     </span>
    </p>
   </div>
   <div class='ocr_carea' id='block_1_65' title="bbox 597 3352 1191 3406">
    <p class='ocr_par' dir='ltr' id='par_1_65' title="bbox 597 3352 1191 3406">
     <span class='ocr_line' id='line_1_65' title="bbox 597 3352 1191 3406; baseline 0.002 -2"><span class='ocrx_word' id='word_1_352' title='bbox 597 3353 722 3404; x_wconf 90' lang='lat' dir='ltr'>Post</span> <span class='ocrx_word' id='word_1_353' title='bbox 748 3352 1191 3406; x_wconf 84' lang='lat' dir='ltr'>Communionem.</span> 
     </span>
    </p>
   </div>
   <div class='ocr_carea' id='block_1_66' title="bbox 124 3438 1741 3509">
    <p class='ocr_par' dir='ltr' id='par_1_66' title="bbox 124 3438 1741 3509">
     <span class='ocr_line' id='line_1_66' title="bbox 124 3438 1741 3509; baseline 0.001 -17"><span class='ocrx_word' id='word_1_354' title='bbox 124 3438 433 3505; x_wconf 77' lang='lat' dir='ltr'>lnveniant,</span> <span class='ocrx_word' id='word_1_355' title='bbox 460 3454 817 3509; x_wconf 67' lang='lat' dir='ltr'>qumsumus,</span> <span class='ocrx_word' id='word_1_356' title='bbox 853 3438 1111 3505; x_wconf 89' lang='lat' dir='ltr'>Domine,</span> <span class='ocrx_word' id='word_1_357' title='bbox 1142 3438 1348 3492; x_wconf 74' lang='lat' dir='ltr'>animae</span> <span class='ocrx_word' id='word_1_358' title='bbox 1396 3438 1741 3493; x_wconf 89' lang='lat' dir='ltr'>famulorum</span> 
     </span>
    </p>
   </div>
   <div class='ocr_carea' id='block_1_67' title="bbox 67 3527 1740 3598">
    <p class='ocr_par' dir='ltr' id='par_1_67' title="bbox 67 3527 1740 3598">
     <span class='ocr_line' id='line_1_67' title="bbox 67 3527 1740 3598; baseline 0.001 -20"><span class='ocrx_word' id='word_1_359' title='bbox 67 3527 512 3598; x_wconf 85' lang='lat' dir='ltr'>famularumque</span> <span class='ocrx_word' id='word_1_360' title='bbox 542 3532 796 3593; x_wconf 89' lang='lat' dir='ltr'>tuarum,</span> <span class='ocrx_word' id='word_1_361' title='bbox 820 3528 1193 3597; x_wconf 91' lang='lat' dir='ltr'>omniumque</span> <span class='ocrx_word' id='word_1_362' title='bbox 1228 3527 1286 3581; x_wconf 90' lang='lat' dir='ltr'>in</span> <span class='ocrx_word' id='word_1_363' title='bbox 1318 3528 1539 3581; x_wconf 83' lang='lat' dir='ltr'>Christo</span> <span class='ocrx_word' id='word_1_364' title='bbox 1574 3527 1740 3597; x_wconf 90' lang='lat' dir='ltr'>quie-</span> 
     </span>
    </p>
   </div>
   <div class='ocr_carea' id='block_1_68' title="bbox 68 3616 1741 3686">
    <p class='ocr_par' dir='ltr' id='par_1_68' title="bbox 68 3616 1741 3686">
     <span class='ocr_line' id='line_1_68' title="bbox 68 3616 1741 3686; baseline 0 -18"><span class='ocrx_word' id='word_1_365' title='bbox 68 3617 345 3682; x_wconf 74' lang='lat' dir='ltr'>scentinm,</span> <span class='ocrx_word' id='word_1_366' title='bbox 381 3617 531 3669; x_wconf 89' lang='lat' dir='ltr'>lucis</span> <span class='ocrx_word' id='word_1_367' title='bbox 554 3620 786 3669; x_wconf 67' lang='lat' dir='ltr'>aeternae</span> <span class='ocrx_word' id='word_1_368' title='bbox 833 3616 1207 3681; x_wconf 90' lang='lat' dir='ltr'>consortium,</span> <span class='ocrx_word' id='word_1_369' title='bbox 1242 3616 1340 3686; x_wconf 92' lang='lat' dir='ltr'>qui</span> <span class='ocrx_word' id='word_1_370' title='bbox 1368 3616 1425 3669; x_wconf 91' lang='lat' dir='ltr'>in</span> <span class='ocrx_word' id='word_1_371' title='bbox 1459 3616 1564 3670; x_wconf 90' lang='lat' dir='ltr'>hac</span> <span class='ocrx_word' id='word_1_372' title='bbox 1614 3616 1741 3669; x_wconf 88' lang='lat' dir='ltr'>luce</span> 
     </span>
    </p>
   </div>
   <div class='ocr_carea' id='block_1_69' title="bbox 68 3706 1547 3773">
    <p class='ocr_par' dir='ltr' id='par_1_69' title="bbox 68 3706 1547 3773">
     <span class='ocr_line' id='line_1_69' title="bbox 68 3706 1547 3773; baseline -0.001 -15"><span class='ocrx_word' id='word_1_373' title='bbox 68 3707 232 3773; x_wconf 84' lang='lat' dir='ltr'>positi,</span> <span class='ocrx_word' id='word_1_374' title='bbox 262 3710 434 3759; x_wconf 86' lang='lat' dir='ltr'>tuum</span> <span class='ocrx_word' id='word_1_375' title='bbox 461 3706 755 3759; x_wconf 87' lang='lat' dir='ltr'>consecuti</span> <span class='ocrx_word' id='word_1_376' title='bbox 784 3708 917 3757; x_wconf 89' lang='lat' dir='ltr'>sunt</span> <span class='ocrx_word' id='word_1_377' title='bbox 947 3709 1387 3758; x_wconf 88' lang='lat' dir='ltr'>sacramentum.</span> <span class='ocrx_word' id='word_1_378' title='bbox 1424 3706 1547 3757; x_wconf 86' lang='lat' dir='ltr'>Per.</span> 
     </span>
    </p>
   </div>
   <div class='ocr_carea' id='block_1_70' title="bbox 802 3794 981 3848">
    <p class='ocr_par' dir='ltr' id='par_1_70' title="bbox 802 3794 981 3848">
     <span class='ocr_line' id='line_1_70' title="bbox 802 3794 981 3848; baseline -0.011 0"><span class='ocrx_word' id='word_1_379' title='bbox 802 3794 981 3848; x_wconf 83' lang='lat' dir='ltr'><strong>CVIII.</strong></span> 
     </span>
    </p>
   </div>
   <div class='ocr_carea' id='block_1_71' title="bbox 594 3896 1204 3936">
    <p class='ocr_par' dir='ltr' id='par_1_71' title="bbox 594 3896 1204 3936">
     <span class='ocr_line' id='line_1_71' title="bbox 594 3896 1204 3936; baseline -0.002 -1"><span class='ocrx_word' id='word_1_380' title='bbox 594 3897 745 3936; x_wconf 73' lang='lat' dir='ltr'><strong>ITEM</strong></span> <span class='ocrx_word' id='word_1_381' title='bbox 791 3897 939 3935; x_wconf 79' lang='lat' dir='ltr'><strong>ALIA</strong></span> <span class='ocrx_word' id='word_1_382' title='bbox 991 3896 1204 3936; x_wconf 78' lang='lat' dir='ltr'><strong>MISSA.</strong></span> 
     </span>
    </p>
   </div>
   <div class='ocr_carea' id='block_1_72' title="bbox 127 3968 1738 4038">
    <p class='ocr_par' dir='ltr' id='par_1_72' title="bbox 127 3968 1738 4038">
     <span class='ocr_line' id='line_1_72' title="bbox 127 3968 1738 4038; baseline -0.001 -16"><span class='ocrx_word' id='word_1_383' title='bbox 127 3968 394 4023; x_wconf 80' lang='lat' dir='ltr'>Fidelium</span> <span class='ocrx_word' id='word_1_384' title='bbox 452 3971 603 4022; x_wconf 87' lang='lat' dir='ltr'>Deus</span> <span class='ocrx_word' id='word_1_385' title='bbox 652 3970 912 4022; x_wconf 91' lang='lat' dir='ltr'>omnium</span> <span class='ocrx_word' id='word_1_386' title='bbox 962 3969 1226 4022; x_wconf 91' lang='lat' dir='ltr'>conditor</span> <span class='ocrx_word' id='word_1_387' title='bbox 1286 3972 1342 4021; x_wconf 92' lang='lat' dir='ltr'>et</span> <span class='ocrx_word' id='word_1_388' title='bbox 1392 3968 1738 4038; x_wconf 89' lang='lat' dir='ltr'>redemptor,</span> 
     </span>
    </p>
   </div>
   <div class='ocr_carea' id='block_1_73' title="bbox 74 4058 1743 4127">
    <p class='ocr_par' dir='ltr' id='par_1_73' title="bbox 74 4058 1743 4127">
     <span class='ocr_line' id='line_1_73' title="bbox 74 4058 1743 4127; baseline 0.002 -20"><span class='ocrx_word' id='word_1_389' title='bbox 74 4058 338 4111; x_wconf 85' lang='lat' dir='ltr'>animabus</span> <span class='ocrx_word' id='word_1_390' title='bbox 368 4058 725 4111; x_wconf 89' lang='lat' dir='ltr'>famulorum</span> <span class='ocrx_word' id='word_1_391' title='bbox 756 4058 1215 4127; x_wconf 87' lang='lat' dir='ltr'>famularumque</span> <span class='ocrx_word' id='word_1_392' title='bbox 1249 4065 1494 4118; x_wconf 87' lang='lat' dir='ltr'>tuarum,</span> <span class='ocrx_word' id='word_1_393' title='bbox 1527 4058 1743 4126; x_wconf 78' lang='lat' dir='ltr'>[remis-</span> 
     </span>
    </p>
   </div>
   <div class='ocr_carea' id='block_1_74' title="bbox 74 4144 1743 4215">
    <p class='ocr_par' dir='ltr' id='par_1_74' title="bbox 74 4144 1743 4215">
     <span class='ocr_line' id='line_1_74' title="bbox 74 4144 1743 4215; baseline 0.002 -22"><span class='ocrx_word' id='word_1_394' title='bbox 74 4144 257 4199; x_wconf 86' lang='lat' dir='ltr'>sionem</span> <span class='ocrx_word' id='word_1_395' title='bbox 310 4150 654 4199; x_wconf 81' lang='lat' dir='ltr'>cunctorum</span> <span class='ocrx_word' id='word_1_396' title='bbox 700 4145 885 4198; x_wconf 87' lang='lat' dir='ltr'>tribue</span> <span class='ocrx_word' id='word_1_397' title='bbox 930 4150 1317 4215; x_wconf 89' lang='lat' dir='ltr'>peccatorum,</span> <span class='ocrx_word' id='word_1_398' title='bbox 1351 4150 1413 4197; x_wconf 91' lang='lat' dir='ltr'>ut</span> <span class='ocrx_word' id='word_1_399' title='bbox 1442 4144 1743 4214; x_wconf 87' lang='lat' dir='ltr'>indulgen-</span> 
     </span>
    </p>
   </div>
   <div class='ocr_carea' id='block_1_75' title="bbox 74 4232 1741 4304">
    <p class='ocr_par' dir='ltr' id='par_1_75' title="bbox 74 4232 1741 4304">
     <span class='ocr_line' id='line_1_75' title="bbox 74 4232 1741 4304; baseline 0.001 -21"><span class='ocrx_word' id='word_1_400' title='bbox 74 4232 181 4286; x_wconf 71' lang='lat' dir='ltr'>tiam</span> <span class='ocrx_word' id='word_1_401' title='bbox 211 4251 382 4304; x_wconf 86' lang='lat' dir='ltr'>quam</span> <span class='ocrx_word' id='word_1_402' title='bbox 420 4249 651 4303; x_wconf 86' lang='lat' dir='ltr'>semper</span> <span class='ocrx_word' id='word_1_403' title='bbox 682 4238 1024 4302; x_wconf 77' lang='lat' dir='ltr'>optaverunt</span> <span class='ocrx_word' id='word_1_404' title='bbox 1059 4232 1168 4301; x_wconf 90' lang='lat' dir='ltr'>piis</span> <span class='ocrx_word' id='word_1_405' title='bbox 1225 4232 1741 4302; x_wconf 88' lang='lat' dir='ltr'>supplicationibus</span> 
     </span>
    </p>
   </div>
   <div class='ocr_carea' id='block_1_76' title="bbox 73 4322 993 4393">
    <p class='ocr_par' dir='ltr' id='par_1_76' title="bbox 73 4322 993 4393">
     <span class='ocr_line' id='line_1_76' title="bbox 73 4322 993 4393; baseline 0.002 -21"><span class='ocrx_word' id='word_1_406' title='bbox 73 4328 489 4393; x_wconf 84' lang='lat' dir='ltr'>consequantur.</span> <span class='ocrx_word' id='word_1_407' title='bbox 526 4324 632 4375; x_wconf 91' lang='lat' dir='ltr'>Per</span> <span class='ocrx_word' id='word_1_408' title='bbox 664 4322 993 4376; x_wconf 92' lang='lat' dir='ltr'>Dominum.</span> 
     </span>
    </p>
   </div>
   <div class='ocr_carea' id='block_1_77' title="bbox 778 4411 1015 4465">
    <p class='ocr_par' dir='ltr' id='par_1_77' title="bbox 778 4411 1015 4465">
     <span class='ocr_line' id='line_1_77' title="bbox 778 4411 1015 4465; baseline -0.013 0"><span class='ocrx_word' id='word_1_409' title='bbox 778 4411 1015 4465; x_wconf 80' lang='lat' dir='ltr'>Secreta.</span> 
     </span>
    </p>
   </div>
   <div class='ocr_carea' id='block_1_78' title="bbox 128 4496 1739 4567">
    <p class='ocr_par' dir='ltr' id='par_1_78' title="bbox 128 4496 1739 4567">
     <span class='ocr_line' id='line_1_78' title="bbox 128 4496 1739 4567; baseline 0 -18"><span class='ocrx_word' id='word_1_410' title='bbox 128 4498 347 4566; x_wconf 82' lang='lat' dir='ltr'>Hostias,</span> <span class='ocrx_word' id='word_1_411' title='bbox 388 4514 745 4567; x_wconf 65' lang='lat' dir='ltr'>quaesumus,</span> <span class='ocrx_word' id='word_1_412' title='bbox 785 4498 1042 4561; x_wconf 88' lang='lat' dir='ltr'>Domine,</span> <span class='ocrx_word' id='word_1_413' title='bbox 1072 4512 1213 4567; x_wconf 90' lang='lat' dir='ltr'>quas</span> <span class='ocrx_word' id='word_1_414' title='bbox 1242 4497 1348 4550; x_wconf 91' lang='lat' dir='ltr'>tibi</span> <span class='ocrx_word' id='word_1_415' title='bbox 1377 4512 1481 4565; x_wconf 89' lang='lat' dir='ltr'>pro</span> <span class='ocrx_word' id='word_1_416' title='bbox 1512 4496 1739 4549; x_wconf 88' lang='lat' dir='ltr'>anima-</span> 
     </span>
    </p>
   </div>
   <div class='ocr_carea' id='block_1_79' title="bbox 76 4583 1738 4655">
    <p class='ocr_par' dir='ltr' id='par_1_79' title="bbox 76 4583 1738 4655">
     <span class='ocr_line' id='line_1_79' title="bbox 76 4583 1738 4655; baseline 0.001 -20"><span class='ocrx_word' id='word_1_417' title='bbox 76 4583 157 4636; x_wconf 83' lang='lat' dir='ltr'>bus</span> <span class='ocrx_word' id='word_1_418' title='bbox 208 4587 558 4640; x_wconf 85' lang='lat' dir='ltr'>famulorum</span> <span class='ocrx_word' id='word_1_419' title='bbox 611 4586 1072 4655; x_wconf 89' lang='lat' dir='ltr'>famularumque</span> <span class='ocrx_word' id='word_1_420' title='bbox 1130 4591 1360 4638; x_wconf 87' lang='lat' dir='ltr'>tuarum</span> <span class='ocrx_word' id='word_1_421' title='bbox 1422 4585 1738 4651; x_wconf 77' lang='lat' dir='ltr'>offerimus,</span> 
     </span>
    </p>
   </div>
   <div class='ocr_carea' id='block_1_80' title="bbox 77 4673 1741 4743">
    <p class='ocr_par' dir='ltr' id='par_1_80' title="bbox 77 4673 1741 4743">
     <span class='ocr_line' id='line_1_80' title="bbox 77 4673 1741 4743; baseline 0.002 -21"><span class='ocrx_word' id='word_1_422' title='bbox 77 4675 389 4742; x_wconf 86' lang='lat' dir='ltr'>propitiatus</span> <span class='ocrx_word' id='word_1_423' title='bbox 418 4676 679 4741; x_wconf 87' lang='lat' dir='ltr'>intende,</span> <span class='ocrx_word' id='word_1_424' title='bbox 715 4680 775 4727; x_wconf 85' lang='lat' dir='ltr'>ut</span> <span class='ocrx_word' id='word_1_425' title='bbox 808 4675 1015 4743; x_wconf 87' lang='lat' dir='ltr'>quibus</span> <span class='ocrx_word' id='word_1_426' title='bbox 1036 4673 1529 4727; x_wconf 69' lang='lat' dir='ltr'>fideiChristianaa</span> <span class='ocrx_word' id='word_1_427' title='bbox 1562 4673 1741 4727; x_wconf 90' lang='lat' dir='ltr'>meri-</span> 
     </span>
    </p>
   </div>
   <div class='ocr_carea' id='block_1_81' title="bbox 78 4754 1742 4832">
    <p class='ocr_par' dir='ltr' id='par_1_81' title="bbox 78 4754 1742 4832">
     <span class='ocr_line' id='line_1_81' title="bbox 78 4754 1742 4832; baseline 0.002 -23"><span class='ocrx_word' id='word_1_428' title='bbox 78 4763 174 4813; x_wconf 88' lang='lat' dir='ltr'>tum</span> <span class='ocrx_word' id='word_1_429' title='bbox 211 4764 522 4824; x_wconf 89' lang='lat' dir='ltr'>contulisti,</span> <span class='ocrx_word' id='word_1_430' title='bbox 573 4754 751 4816; x_wconf 86' lang='lat' dir='ltr'>dones</span> <span class='ocrx_word' id='word_1_431' title='bbox 813 4767 868 4815; x_wconf 91' lang='lat' dir='ltr'>et</span> <span class='ocrx_word' id='word_1_432' title='bbox 912 4762 1237 4832; x_wconf 61' lang='lat' dir='ltr'>praemium.</span> <span class='ocrx_word' id='word_1_433' title='bbox 1285 4763 1396 4814; x_wconf 89' lang='lat' dir='ltr'>Per</span> <span class='ocrx_word' id='word_1_434' title='bbox 1438 4761 1742 4815; x_wconf 87' lang='lat' dir='ltr'>Dominum</span> 
     </span>
    </p>
   </div>
   <div class='ocr_carea' id='block_1_82' title="bbox 84 4855 324 4905">
    <p class='ocr_par' dir='ltr' id='par_1_82' title="bbox 84 4855 324 4905">
     <span class='ocr_line' id='line_1_82' title="bbox 84 4855 324 4905; baseline 0.021 -7"><span class='ocrx_word' id='word_1_435' title='bbox 84 4855 324 4905; x_wconf 84' lang='lat' dir='ltr'>nostrum.</span> 
     </span>
    </p>
   </div>
   <div class='ocr_carea' id='block_1_83' title="bbox 584 4938 1213 4992">
    <p class='ocr_par' dir='ltr' id='par_1_83' title="bbox 584 4938 1213 4992">
     <span class='ocr_line' id='line_1_83' title="bbox 584 4938 1213 4992; baseline -0.002 0"><span class='ocrx_word' id='word_1_436' title='bbox 584 4941 709 4992; x_wconf 90' lang='lat' dir='ltr'>Post</span> <span class='ocrx_word' id='word_1_437' title='bbox 749 4938 1213 4992; x_wconf 83' lang='lat' dir='ltr'>Communionem.</span> 
     </span>
    </p>
   </div>
   <div class='ocr_carea' id='block_1_84' title="bbox 135 5024 1751 5097">
    <p class='ocr_par' dir='ltr' id='par_1_84' title="bbox 135 5024 1751 5097">
     <span class='ocr_line' id='line_1_84' title="bbox 135 5024 1751 5097; baseline -0.001 -19"><span class='ocrx_word' id='word_1_438' title='bbox 135 5028 448 5088; x_wconf 79' lang='lat' dir='ltr'>Animabus,</span> <span class='ocrx_word' id='word_1_439' title='bbox 484 5040 832 5097; x_wconf 66' lang='lat' dir='ltr'>quaesumus,</span> <span class='ocrx_word' id='word_1_440' title='bbox 866 5026 1122 5086; x_wconf 89' lang='lat' dir='ltr'>Domine,</span> <span class='ocrx_word' id='word_1_441' title='bbox 1173 5025 1527 5078; x_wconf 83' lang='lat' dir='ltr'>famulorum</span> <span class='ocrx_word' id='word_1_442' title='bbox 1559 5024 1751 5078; x_wconf 86' lang='lat' dir='ltr'>famu-</span> 
     </span>
    </p>
   </div>
   <div class='ocr_carea' id='block_1_85' title="bbox 83 5112 1756 5187">
    <p class='ocr_par' dir='ltr' id='par_1_85' title="bbox 83 5112 1756 5187">
     <span class='ocr_line' id='line_1_85' title="bbox 83 5112 1756 5187; baseline 0 -22"><span class='ocrx_word' id='word_1_443' title='bbox 83 5127 287 5187; x_wconf 84' lang='lat' dir='ltr'>rumque</span> <span class='ocrx_word' id='word_1_444' title='bbox 339 5123 577 5171; x_wconf 82' lang='lat' dir='ltr'>tuarum</span> <span class='ocrx_word' id='word_1_445' title='bbox 631 5116 811 5168; x_wconf 85' lang='lat' dir='ltr'>oratio</span> <span class='ocrx_word' id='word_1_446' title='bbox 862 5114 1124 5184; x_wconf 84' lang='lat' dir='ltr'>proficiat</span> <span class='ocrx_word' id='word_1_447' title='bbox 1170 5112 1638 5183; x_wconf 87' lang='lat' dir='ltr'>supplicantium.</span> <span class='ocrx_word' id='word_1_448' title='bbox 1691 5117 1756 5165; x_wconf 94' lang='lat' dir='ltr'>nt</span> 
     </span>
    </p>
   </div>
   <div class='ocr_carea' id='block_1_86' title="bbox 86 5200 1754 5275">
    <p class='ocr_par' dir='ltr' id='par_1_86' title="bbox 86 5200 1754 5275">
     <span class='ocr_line' id='line_1_86' title="bbox 86 5200 1754 5275; baseline 0 -22"><span class='ocrx_word' id='word_1_449' title='bbox 86 5216 152 5253; x_wconf 81' lang='lat' dir='ltr'>eas</span> <span class='ocrx_word' id='word_1_450' title='bbox 179 5210 228 5257; x_wconf 85' lang='lat' dir='ltr'>et</span> <span class='ocrx_word' id='word_1_451' title='bbox 276 5222 307 5259; x_wconf 89' lang='lat' dir='ltr'>a</span> <span class='ocrx_word' id='word_1_452' title='bbox 334 5205 589 5275; x_wconf 86' lang='lat' dir='ltr'>peccatis</span> <span class='ocrx_word' id='word_1_453' title='bbox 634 5220 824 5267; x_wconf 86' lang='lat' dir='ltr'>exuas,</span> <span class='ocrx_word' id='word_1_454' title='bbox 882 5209 939 5256; x_wconf 92' lang='lat' dir='ltr'>et</span> <span class='ocrx_word' id='word_1_455' title='bbox 986 5208 1099 5255; x_wconf 59' lang='lat' dir='ltr'>tua;</span> <span class='ocrx_word' id='word_1_456' title='bbox 1133 5201 1550 5270; x_wconf 86' lang='lat' dir='ltr'>redempsiouis</span> <span class='ocrx_word' id='word_1_457' title='bbox 1580 5200 1754 5254; x_wconf 89' lang='lat' dir='ltr'>facias</span> 
     </span>
    </p>
   </div>
   <div class='ocr_carea' id='block_1_87' title="bbox 86 5292 695 5362">
    <p class='ocr_par' dir='ltr' id='par_1_87' title="bbox 86 5292 695 5362">
     <span class='ocr_line' id='line_1_87' title="bbox 86 5292 695 5362; baseline 0.002 -21"><span class='ocrx_word' id='word_1_458' title='bbox 86 5302 174 5342; x_wconf 83' lang='lat' dir='ltr'>esse</span> <span class='ocrx_word' id='word_1_459' title='bbox 200 5292 527 5362; x_wconf 79' lang='lat' dir='ltr'>participes.</span> <span class='ocrx_word' id='word_1_460' title='bbox 565 5292 695 5344; x_wconf 87' lang='lat' dir='ltr'>Per.</span> 
     </span>
    </p>
   </div>
   <div class='ocr_carea' id='block_1_88' title="bbox 846 5376 973 5431">
    <p class='ocr_par' dir='ltr' id='par_1_88' title="bbox 846 5376 973 5431">
     <span class='ocr_line' id='line_1_88' title="bbox 846 5376 973 5431; baseline -0.008 0"><span class='ocrx_word' id='word_1_461' title='bbox 846 5376 973 5431; x_wconf 81' lang='lat' dir='ltr'>CIX.</span> 
     </span>
    </p>
   </div>
   <div class='ocr_carea' id='block_1_89' title="bbox 601 5478 1218 5519">
    <p class='ocr_par' dir='ltr' id='par_1_89' title="bbox 601 5478 1218 5519">
     <span class='ocr_line' id='line_1_89' title="bbox 601 5478 1218 5519; baseline -0.002 -1"><span class='ocrx_word' id='word_1_462' title='bbox 601 5480 753 5519; x_wconf 60' lang='lat' dir='ltr'>1TB!</span> <span class='ocrx_word' id='word_1_463' title='bbox 806 5480 955 5519; x_wconf 71' lang='lat' dir='ltr'><strong>ALIA</strong></span> <span class='ocrx_word' id='word_1_464' title='bbox 1003 5478 1218 5518; x_wconf 69' lang='lat' dir='ltr'>MISSA.</span> 
     </span>
    </p>
   </div>
   <div class='ocr_carea' id='block_1_90' title="bbox 142 5550 1757 5623">
    <p class='ocr_par' dir='ltr' id='par_1_90' title="bbox 142 5550 1757 5623">
     <span class='ocr_line' id='line_1_90' title="bbox 142 5550 1757 5623; baseline -0.003 -18"><span class='ocrx_word' id='word_1_465' title='bbox 142 5554 448 5617; x_wconf 72' lang='lat' dir='ltr'>Animabns,</span> <span class='ocrx_word' id='word_1_466' title='bbox 491 5569 846 5623; x_wconf 63' lang='lat' dir='ltr'>quaesumus,</span> <span class='ocrx_word' id='word_1_467' title='bbox 883 5552 1148 5615; x_wconf 86' lang='lat' dir='ltr'>Domine,</span> <span class='ocrx_word' id='word_1_468' title='bbox 1184 5552 1533 5605; x_wconf 80' lang='lat' dir='ltr'>famulorum</span> <span class='ocrx_word' id='word_1_469' title='bbox 1568 5550 1757 5602; x_wconf 83' lang='lat' dir='ltr'>famu—</span> 
     </span>
    </p>
   </div>
   <div class='ocr_carea' id='block_1_91' title="bbox 1857 3100 3544 3167">
    <p class='ocr_par' dir='ltr' id='par_1_91' title="bbox 1857 3100 3544 3167">
     <span class='ocr_line' id='line_1_91' title="bbox 1857 3100 3544 3167; baseline -0.001 -12"><span class='ocrx_word' id='word_1_470' title='bbox 1857 3100 2124 3155; x_wconf 90' lang='lat' dir='ltr'>omninm</span> <span class='ocrx_word' id='word_1_471' title='bbox 2180 3101 2591 3154; x_wconf 88' lang='lat' dir='ltr'>catholicorum</span> <span class='ocrx_word' id='word_1_472' title='bbox 2645 3101 3061 3155; x_wconf 88' lang='lat' dir='ltr'>dormientium</span> <span class='ocrx_word' id='word_1_473' title='bbox 3113 3103 3386 3167; x_wconf 86' lang='lat' dir='ltr'>hostiam,</span> <span class='ocrx_word' id='word_1_474' title='bbox 3460 3105 3544 3156; x_wconf 85' lang='lat' dir='ltr'>Do</span> 
     </span>
    </p>
   </div>
   <div class='ocr_carea' id='block_1_92' title="bbox 1852 3188 3545 3258">
    <p class='ocr_par' dir='ltr' id='par_1_92' title="bbox 1852 3188 3545 3258">
     <span class='ocr_line' id='line_1_92' title="bbox 1852 3188 3545 3258; baseline 0.001 -15"><span class='ocrx_word' id='word_1_475' title='bbox 1852 3190 2029 3255; x_wconf 90' lang='lat' dir='ltr'>mino,</span> <span class='ocrx_word' id='word_1_476' title='bbox 2078 3188 2301 3258; x_wconf 88' lang='lat' dir='ltr'>suscipe</span> <span class='ocrx_word' id='word_1_477' title='bbox 2350 3189 2654 3257; x_wconf 81' lang='lat' dir='ltr'>benignus,</span> <span class='ocrx_word' id='word_1_478' title='bbox 2701 3190 2971 3255; x_wconf 88' lang='lat' dir='ltr'>oblatam,</span> <span class='ocrx_word' id='word_1_479' title='bbox 3030 3194 3089 3245; x_wconf 94' lang='lat' dir='ltr'>nt</span> <span class='ocrx_word' id='word_1_480' title='bbox 3137 3192 3241 3245; x_wconf 87' lang='lat' dir='ltr'>hoc</span> <span class='ocrx_word' id='word_1_481' title='bbox 3273 3192 3545 3245; x_wconf 86' lang='lat' dir='ltr'>sacrificio</span> 
     </span>
    </p>
   </div>
   <div class='ocr_carea' id='block_1_93' title="bbox 1851 3277 3546 3348">
    <p class='ocr_par' dir='ltr' id='par_1_93' title="bbox 1851 3277 3546 3348">
     <span class='ocr_line' id='line_1_93' title="bbox 1851 3277 3546 3348; baseline 0.002 -17"><span class='ocrx_word' id='word_1_482' title='bbox 1851 3277 2151 3348; x_wconf 81' lang='lat' dir='ltr'>singulari,</span> <span class='ocrx_word' id='word_1_483' title='bbox 2212 3277 2455 3331; x_wconf 77' lang='lat' dir='ltr'>vinculis</span> <span class='ocrx_word' id='word_1_484' title='bbox 2509 3278 2811 3333; x_wconf 66' lang='lat' dir='ltr'>horrendae</span> <span class='ocrx_word' id='word_1_485' title='bbox 2869 3279 3071 3333; x_wconf 91' lang='lat' dir='ltr'>mortis</span> <span class='ocrx_word' id='word_1_486' title='bbox 3129 3280 3313 3346; x_wconf 84' lang='lat' dir='ltr'>exuti,</span> <span class='ocrx_word' id='word_1_487' title='bbox 3374 3281 3546 3334; x_wconf 84' lang='lat' dir='ltr'>vitam</span> 
     </span>
    </p>
   </div>
   <div class='ocr_carea' id='block_1_94' title="bbox 1851 3367 2659 3421">
    <p class='ocr_par' dir='ltr' id='par_1_94' title="bbox 1851 3367 2659 3421">
     <span class='ocr_line' id='line_1_94' title="bbox 1851 3367 2659 3421; baseline -0.002 0"><span class='ocrx_word' id='word_1_488' title='bbox 1851 3372 2183 3421; x_wconf 90' lang='lat' dir='ltr'>mereantur</span> <span class='ocrx_word' id='word_1_489' title='bbox 2211 3371 2504 3420; x_wconf 62' lang='lat' dir='ltr'>aeternam.</span> <span class='ocrx_word' id='word_1_490' title='bbox 2536 3367 2659 3419; x_wconf 87' lang='lat' dir='ltr'>Per.</span> 
     </span>
    </p>
   </div>
   <div class='ocr_carea' id='block_1_95' title="bbox 2462 3456 2932 3520">
    <p class='ocr_par' dir='ltr' id='par_1_95' title="bbox 2462 3456 2932 3520">
     <span class='ocr_line' id='line_1_95' title="bbox 2462 3456 2932 3520; baseline 0.004 -13"><span class='ocrx_word' id='word_1_491' title='bbox 2462 3456 2621 3520; x_wconf 79' lang='lat' dir='ltr'>Infra</span> <span class='ocrx_word' id='word_1_492' title='bbox 2651 3459 2932 3509; x_wconf 85' lang='lat' dir='ltr'>actionem.</span> 
     </span>
    </p>
   </div>
   <div class='ocr_carea' id='block_1_96' title="bbox 1923 3542 3547 3613">
    <p class='ocr_par' dir='ltr' id='par_1_96' title="bbox 1923 3542 3547 3613">
     <span class='ocr_line' id='line_1_96' title="bbox 1923 3542 3547 3613; baseline -0.001 -16"><span class='ocrx_word' id='word_1_493' title='bbox 1923 3544 2075 3597; x_wconf 87' lang='lat' dir='ltr'>Hanc</span> <span class='ocrx_word' id='word_1_494' title='bbox 2105 3547 2285 3613; x_wconf 80' lang='lat' dir='ltr'>igitur</span> <span class='ocrx_word' id='word_1_495' title='bbox 2315 3542 2692 3607; x_wconf 88' lang='lat' dir='ltr'>oblationem,</span> <span class='ocrx_word' id='word_1_496' title='bbox 2726 3559 2901 3613; x_wconf 85' lang='lat' dir='ltr'>quam</span> <span class='ocrx_word' id='word_1_497' title='bbox 2928 3543 3031 3596; x_wconf 90' lang='lat' dir='ltr'>tibi</span> <span class='ocrx_word' id='word_1_498' title='bbox 3068 3542 3378 3606; x_wconf 80' lang='lat' dir='ltr'>offerimus,</span> <span class='ocrx_word' id='word_1_499' title='bbox 3434 3544 3547 3596; x_wconf 91' lang='lat' dir='ltr'>Do-</span> 
     </span>
    </p>
   </div>
   <div class='ocr_carea' id='block_1_97' title="bbox 1852 3629 3546 3701">
    <p class='ocr_par' dir='ltr' id='par_1_97' title="bbox 1852 3629 3546 3701">
     <span class='ocr_line' id='line_1_97' title="bbox 1852 3629 3546 3701; baseline 0 -17"><span class='ocrx_word' id='word_1_500' title='bbox 1852 3632 2024 3691; x_wconf 90' lang='lat' dir='ltr'>mine,</span> <span class='ocrx_word' id='word_1_501' title='bbox 2055 3647 2157 3701; x_wconf 90' lang='lat' dir='ltr'>pro</span> <span class='ocrx_word' id='word_1_502' title='bbox 2186 3636 2419 3683; x_wconf 91' lang='lat' dir='ltr'>tuorum</span> <span class='ocrx_word' id='word_1_503' title='bbox 2470 3630 2668 3699; x_wconf 88' lang='lat' dir='ltr'>requie</span> <span class='ocrx_word' id='word_1_504' title='bbox 2710 3629 3058 3682; x_wconf 89' lang='lat' dir='ltr'>famulorum</span> <span class='ocrx_word' id='word_1_505' title='bbox 3105 3636 3161 3681; x_wconf 93' lang='lat' dir='ltr'>et</span> <span class='ocrx_word' id='word_1_506' title='bbox 3201 3630 3546 3684; x_wconf 87' lang='lat' dir='ltr'>famularum</span> 
     </span>
    </p>
   </div>
   <div class='ocr_carea' id='block_1_98' title="bbox 1852 3717 3545 3775">
    <p class='ocr_par' dir='ltr' id='par_1_98' title="bbox 1852 3717 3545 3775">
     <span class='ocr_line' id='line_1_98' title="bbox 1852 3717 3545 3775; baseline -0.001 -1"><span class='ocrx_word' id='word_1_507' title='bbox 1852 3722 1915 3775; x_wconf 89' lang='lat' dir='ltr'>N.</span> <span class='ocrx_word' id='word_1_508' title='bbox 1951 3726 2007 3773; x_wconf 91' lang='lat' dir='ltr'>et</span> <span class='ocrx_word' id='word_1_509' title='bbox 2064 3721 2126 3772; x_wconf 87' lang='lat' dir='ltr'>N.</span> <span class='ocrx_word' id='word_1_510' title='bbox 2178 3724 2233 3771; x_wconf 91' lang='lat' dir='ltr'>et</span> <span class='ocrx_word' id='word_1_511' title='bbox 2272 3718 2529 3771; x_wconf 91' lang='lat' dir='ltr'>omnium</span> <span class='ocrx_word' id='word_1_512' title='bbox 2578 3717 2833 3771; x_wconf 87' lang='lat' dir='ltr'>fidelium</span> <span class='ocrx_word' id='word_1_513' title='bbox 2891 3718 3302 3770; x_wconf 86' lang='lat' dir='ltr'>catholicorum</span> <span class='ocrx_word' id='word_1_514' title='bbox 3354 3719 3545 3772; x_wconf 88' lang='lat' dir='ltr'>ortho-</span> 
     </span>
    </p>
   </div>
   <div class='ocr_carea' id='block_1_99' title="bbox 1852 3804 3543 3875">
    <p class='ocr_par' dir='ltr' id='par_1_99' title="bbox 1852 3804 3543 3875">
     <span class='ocr_line' id='line_1_99' title="bbox 1852 3804 3543 3875; baseline -0.002 -13"><span class='ocrx_word' id='word_1_515' title='bbox 1852 3809 2149 3873; x_wconf 87' lang='lat' dir='ltr'>doxornm,</span> <span class='ocrx_word' id='word_1_516' title='bbox 2193 3807 2251 3859; x_wconf 90' lang='lat' dir='ltr'>in</span> <span class='ocrx_word' id='word_1_517' title='bbox 2300 3806 2404 3858; x_wconf 90' lang='lat' dir='ltr'>hac</span> <span class='ocrx_word' id='word_1_518' title='bbox 2444 3804 2675 3859; x_wconf 89' lang='lat' dir='ltr'>basilica</span> <span class='ocrx_word' id='word_1_519' title='bbox 2716 3805 2773 3858; x_wconf 92' lang='lat' dir='ltr'>in</span> <span class='ocrx_word' id='word_1_520' title='bbox 2810 3805 3055 3875; x_wconf 90' lang='lat' dir='ltr'>Christo</span> <span class='ocrx_word' id='word_1_521' title='bbox 3104 3805 3543 3875; x_wconf 89' lang='lat' dir='ltr'>quiescentium,</span> 
     </span>
    </p>
   </div>
   <div class='ocr_carea' id='block_1_100' title="bbox 1851 3893 3547 3966">
    <p class='ocr_par' dir='ltr' id='par_1_100' title="bbox 1851 3893 3547 3966">
     <span class='ocr_line' id='line_1_100' title="bbox 1851 3893 3547 3966; baseline -0.001 -17"><span class='ocrx_word' id='word_1_522' title='bbox 1851 3900 1907 3949; x_wconf 89' lang='lat' dir='ltr'>et</span> <span class='ocrx_word' id='word_1_523' title='bbox 1952 3897 2049 3966; x_wconf 92' lang='lat' dir='ltr'>qui</span> <span class='ocrx_word' id='word_1_524' title='bbox 2098 3896 2154 3949; x_wconf 91' lang='lat' dir='ltr'>in</span> <span class='ocrx_word' id='word_1_525' title='bbox 2194 3894 2427 3947; x_wconf 88' lang='lat' dir='ltr'>circuitu</span> <span class='ocrx_word' id='word_1_526' title='bbox 2472 3893 2642 3963; x_wconf 90' lang='lat' dir='ltr'>hujus</span> <span class='ocrx_word' id='word_1_527' title='bbox 2664 3893 2916 3947; x_wconf 61' lang='lat' dir='ltr'>ecclesiae</span> <span class='ocrx_word' id='word_1_528' title='bbox 2960 3895 3354 3962; x_wconf 83' lang='lat' dir='ltr'>requiescunt,</span> <span class='ocrx_word' id='word_1_529' title='bbox 3397 3910 3547 3963; x_wconf 64' lang='lat' dir='ltr'>quaa-</span> 
     </span>
    </p>
   </div>
   <div class='ocr_carea' id='block_1_101' title="bbox 1851 3981 3544 4051">
    <p class='ocr_par' dir='ltr' id='par_1_101' title="bbox 1851 3981 3544 4051">
     <span class='ocr_line' id='line_1_101' title="bbox 1851 3981 3544 4051; baseline -0.004 -13"><span class='ocrx_word' id='word_1_530' title='bbox 1851 4002 2067 4050; x_wconf 90' lang='lat' dir='ltr'>sumns,</span> <span class='ocrx_word' id='word_1_531' title='bbox 2100 3984 2359 4046; x_wconf 89' lang='lat' dir='ltr'>Domine,</span> <span class='ocrx_word' id='word_1_532' title='bbox 2397 3983 2650 4051; x_wconf 89' lang='lat' dir='ltr'>placatus</span> <span class='ocrx_word' id='word_1_533' title='bbox 2706 3981 2969 4051; x_wconf 89' lang='lat' dir='ltr'>accipias,</span> <span class='ocrx_word' id='word_1_534' title='bbox 3004 3986 3067 4033; x_wconf 91' lang='lat' dir='ltr'>ut</span> <span class='ocrx_word' id='word_1_535' title='bbox 3098 3998 3200 4050; x_wconf 87' lang='lat' dir='ltr'>per</span> <span class='ocrx_word' id='word_1_536' title='bbox 3234 3981 3353 4034; x_wconf 49' lang='lat' dir='ltr'>haec</span> <span class='ocrx_word' id='word_1_537' title='bbox 3387 3982 3544 4034; x_wconf 89' lang='lat' dir='ltr'>salu-</span> 
     </span>
    </p>
   </div>
   <div class='ocr_carea' id='block_1_102' title="bbox 1852 4069 3546 4139">
    <p class='ocr_par' dir='ltr' id='par_1_102' title="bbox 1852 4069 3546 4139">
     <span class='ocr_line' id='line_1_102' title="bbox 1852 4069 3546 4139; baseline -0.002 -14"><span class='ocrx_word' id='word_1_538' title='bbox 1852 4073 1923 4125; x_wconf 89' lang='lat' dir='ltr'>tis</span> <span class='ocrx_word' id='word_1_539' title='bbox 1960 4072 2228 4125; x_wconf 69' lang='lat' dir='ltr'>humana:</span> <span class='ocrx_word' id='word_1_540' title='bbox 2279 4069 2526 4123; x_wconf 88' lang='lat' dir='ltr'>subsidia</span> <span class='ocrx_word' id='word_1_541' title='bbox 2580 4070 2637 4122; x_wconf 92' lang='lat' dir='ltr'>in</span> <span class='ocrx_word' id='word_1_542' title='bbox 2669 4075 2899 4123; x_wconf 87' lang='lat' dir='ltr'>tuorum</span> <span class='ocrx_word' id='word_1_543' title='bbox 2932 4085 3171 4121; x_wconf 82' lang='lat' dir='ltr'>numero</span> <span class='ocrx_word' id='word_1_544' title='bbox 3225 4069 3546 4139; x_wconf 85' lang='lat' dir='ltr'>redempto-</span> 
     </span>
    </p>
   </div>
   <div class='ocr_carea' id='block_1_103' title="bbox 1852 4158 3049 4227">
    <p class='ocr_par' dir='ltr' id='par_1_103' title="bbox 1852 4158 3049 4227">
     <span class='ocr_line' id='line_1_103' title="bbox 1852 4158 3049 4227; baseline -0.003 -14"><span class='ocrx_word' id='word_1_545' title='bbox 1852 4175 2003 4225; x_wconf 89' lang='lat' dir='ltr'>rum,</span> <span class='ocrx_word' id='word_1_546' title='bbox 2036 4164 2185 4211; x_wconf 88' lang='lat' dir='ltr'>sorte</span> <span class='ocrx_word' id='word_1_547' title='bbox 2208 4161 2487 4227; x_wconf 86' lang='lat' dir='ltr'>perpetua</span> <span class='ocrx_word' id='word_1_548' title='bbox 2518 4162 2883 4210; x_wconf 88' lang='lat' dir='ltr'>censeantur.</span> <span class='ocrx_word' id='word_1_549' title='bbox 2926 4158 3049 4209; x_wconf 87' lang='lat' dir='ltr'>Per.</span> 
     </span>
    </p>
   </div>
   <div class='ocr_carea' id='block_1_104' title="bbox 2390 4264 3011 4317">
    <p class='ocr_par' dir='ltr' id='par_1_104' title="bbox 2390 4264 3011 4317">
     <span class='ocr_line' id='line_1_104' title="bbox 2390 4264 3011 4317; baseline -0.006 1"><span class='ocrx_word' id='word_1_550' title='bbox 2390 4264 2521 4317; x_wconf 88' lang='lat' dir='ltr'>Post</span> <span class='ocrx_word' id='word_1_551' title='bbox 2554 4265 3011 4317; x_wconf 83' lang='lat' dir='ltr'>Communionem.</span> 
     </span>
    </p>
   </div>
   <div class='ocr_carea' id='block_1_105' title="bbox 1924 4368 3540 4439">
    <p class='ocr_par' dir='ltr' id='par_1_105' title="bbox 1924 4368 3540 4439">
     <span class='ocr_line' id='line_1_105' title="bbox 1924 4368 3540 4439; baseline -0.001 -15"><span class='ocrx_word' id='word_1_552' title='bbox 1924 4372 2090 4436; x_wconf 91' lang='lat' dir='ltr'>Deus,</span> <span class='ocrx_word' id='word_1_553' title='bbox 2126 4370 2384 4423; x_wconf 82' lang='lat' dir='ltr'>fidelium</span> <span class='ocrx_word' id='word_1_554' title='bbox 2418 4370 2613 4422; x_wconf 89' lang='lat' dir='ltr'>lumen</span> <span class='ocrx_word' id='word_1_555' title='bbox 2648 4369 2993 4433; x_wconf 89' lang='lat' dir='ltr'>animarum,</span> <span class='ocrx_word' id='word_1_556' title='bbox 3030 4368 3221 4422; x_wconf 85' lang='lat' dir='ltr'>adesto</span> <span class='ocrx_word' id='word_1_557' title='bbox 3254 4371 3540 4439; x_wconf 88' lang='lat' dir='ltr'>supplica-</span> 
     </span>
    </p>
   </div>
   <div class='ocr_carea' id='block_1_106' title="bbox 1846 4456 3541 4515">
    <p class='ocr_par' dir='ltr' id='par_1_106' title="bbox 1846 4456 3541 4515">
     <span class='ocr_line' id='line_1_106' title="bbox 1846 4456 3541 4515; baseline -0.001 -3"><span class='ocrx_word' id='word_1_558' title='bbox 1846 4458 2101 4513; x_wconf 89' lang='lat' dir='ltr'>tionibus</span> <span class='ocrx_word' id='word_1_559' title='bbox 2132 4457 2355 4515; x_wconf 87' lang='lat' dir='ltr'>nostris,</span> <span class='ocrx_word' id='word_1_560' title='bbox 2388 4462 2442 4509; x_wconf 90' lang='lat' dir='ltr'>et</span> <span class='ocrx_word' id='word_1_561' title='bbox 2489 4457 2560 4509; x_wconf 90' lang='lat' dir='ltr'>da</span> <span class='ocrx_word' id='word_1_562' title='bbox 2594 4456 2824 4510; x_wconf 87' lang='lat' dir='ltr'>famulis</span> <span class='ocrx_word' id='word_1_563' title='bbox 2870 4457 2955 4509; x_wconf 84' lang='lat' dir='ltr'>vel</span> <span class='ocrx_word' id='word_1_564' title='bbox 2987 4456 3310 4509; x_wconf 88' lang='lat' dir='ltr'>famulabus</span> <span class='ocrx_word' id='word_1_565' title='bbox 3338 4458 3448 4509; x_wconf 87' lang='lat' dir='ltr'>tuis</span> <span class='ocrx_word' id='word_1_566' title='bbox 3480 4459 3541 4511; x_wconf 85' lang='lat' dir='ltr'>N.</span> 
     </span>
    </p>
   </div>
   <div class='ocr_carea' id='block_1_107' title="bbox 1849 4542 3556 4615">
    <p class='ocr_par' dir='ltr' id='par_1_107' title="bbox 1849 4542 3556 4615">
     <span class='ocr_line' id='line_1_107' title="bbox 1849 4542 3556 4615; baseline -0.003 -14"><span class='ocrx_word' id='word_1_567' title='bbox 1849 4552 1905 4601; x_wconf 90' lang='lat' dir='ltr'>et</span> <span class='ocrx_word' id='word_1_568' title='bbox 1936 4547 1999 4599; x_wconf 87' lang='lat' dir='ltr'>N.</span> <span class='ocrx_word' id='word_1_569' title='bbox 2035 4546 2122 4598; x_wconf 86' lang='lat' dir='ltr'>vel</span> <span class='ocrx_word' id='word_1_570' title='bbox 2154 4559 2401 4615; x_wconf 90' lang='lat' dir='ltr'>quorum</span> <span class='ocrx_word' id='word_1_571' title='bbox 2451 4559 2693 4612; x_wconf 89' lang='lat' dir='ltr'>corpora</span> <span class='ocrx_word' id='word_1_572' title='bbox 2737 4544 2826 4595; x_wconf 91' lang='lat' dir='ltr'>hic</span> <span class='ocrx_word' id='word_1_573' title='bbox 2857 4542 3241 4610; x_wconf 84' lang='lat' dir='ltr'>requiescunt,</span> <span class='ocrx_word' id='word_1_574' title='bbox 3279 4542 3556 4612; x_wconf 84' lang='lat' dir='ltr'>refrigerii</span> 
     </span>
    </p>
   </div>
   <div class='ocr_carea' id='block_1_108' title="bbox 1850 4616 3559 4703">
    <p class='ocr_par' dir='ltr' id='par_1_108' title="bbox 1850 4616 3559 4703">
     <span class='ocr_line' id='line_1_108' title="bbox 1850 4616 3559 4703; baseline -0.002 -15"><span class='ocrx_word' id='word_1_575' title='bbox 1850 4634 2063 4697; x_wconf 90' lang='lat' dir='ltr'>sedem,</span> <span class='ocrx_word' id='word_1_576' title='bbox 2100 4616 2307 4703; x_wconf 88' lang='lat' dir='ltr'>quietis</span> <span class='ocrx_word' id='word_1_577' title='bbox 2336 4631 2772 4689; x_wconf 85' lang='lat' dir='ltr'>beatitudinem,</span> <span class='ocrx_word' id='word_1_578' title='bbox 2810 4628 3042 4680; x_wconf 85' lang='lat' dir='ltr'>luminis</span> <span class='ocrx_word' id='word_1_579' title='bbox 3075 4630 3420 4684; x_wconf 85' lang='lat' dir='ltr'>claritatem.</span> <span class='ocrx_word' id='word_1_580' title='bbox 3452 4632 3559 4685; x_wconf 89' lang='lat' dir='ltr'>Per</span> 
     </span>
    </p>
   </div>
   <div class='ocr_carea' id='block_1_109' title="bbox 1854 4722 2184 4775">
    <p class='ocr_par' dir='ltr' id='par_1_109' title="bbox 1854 4722 2184 4775">
     <span class='ocr_line' id='line_1_109' title="bbox 1854 4722 2184 4775; baseline -0.012 0"><span class='ocrx_word' id='word_1_581' title='bbox 1854 4722 2184 4775; x_wconf 91' lang='lat' dir='ltr'>Dominum.</span> 
     </span>
    </p>
   </div>
   <div class='ocr_carea' id='block_1_110' title="bbox 2645 4803 2775 4855">
    <p class='ocr_par' dir='ltr' id='par_1_110' title="bbox 2645 4803 2775 4855">
     <span class='ocr_line' id='line_1_110' title="bbox 2645 4803 2775 4855; baseline -0.031 0"><span class='ocrx_word' id='word_1_582' title='bbox 2645 4803 2775 4855; x_wconf 81' lang='lat' dir='ltr'>CXI.</span> 
     </span>
    </p>
   </div>
   <div class='ocr_carea' id='block_1_111' title="bbox 1861 4920 3558 4973">
    <p class='ocr_par' dir='ltr' id='par_1_111' title="bbox 1861 4920 3558 4973">
     <span class='ocr_line' id='line_1_111' title="bbox 1861 4920 3558 4973; baseline -0.004 -3"><span class='ocrx_word' id='word_1_583' title='bbox 1861 4932 2008 4969; x_wconf 74' lang='lat' dir='ltr'><strong>MISSA</strong></span> <span class='ocrx_word' id='word_1_584' title='bbox 2049 4930 2147 4967; x_wconf 77' lang='lat' dir='ltr'>PRO</span> <span class='ocrx_word' id='word_1_585' title='bbox 2187 4927 2380 4965; x_wconf 76' lang='lat' dir='ltr'>SALUTE</span> <span class='ocrx_word' id='word_1_586' title='bbox 2409 4924 2680 4973; x_wconf 73' lang='grc' dir='ltr'>νινοιιυιί,</span> <span class='ocrx_word' id='word_1_587' title='bbox 2724 4922 2823 4959; x_wconf 70' lang='grc' dir='ltr'>νει,</span> <span class='ocrx_word' id='word_1_588' title='bbox 2862 4922 2915 4957; x_wconf 70' lang='lat' dir='ltr'><strong>IN</strong></span> <span class='ocrx_word' id='word_1_589' title='bbox 2948 4920 3175 4961; x_wconf 74' lang='lat' dir='ltr'>AGENDA</span> <span class='ocrx_word' id='word_1_590' title='bbox 3206 4925 3558 4964; x_wconf 69' lang='lat' dir='ltr'>MORTUORUH.</span> 
     </span>
    </p>
   </div>
   <div class='ocr_carea' id='block_1_112' title="bbox 1929 5010 3557 5084">
    <p class='ocr_par' dir='ltr' id='par_1_112' title="bbox 1929 5010 3557 5084">
     <span class='ocr_line' id='line_1_112' title="bbox 1929 5010 3557 5084; baseline -0.004 -10"><span class='ocrx_word' id='word_1_591' title='bbox 1929 5021 2264 5075; x_wconf 89' lang='lat' dir='ltr'>Sanctorum</span> <span class='ocrx_word' id='word_1_592' title='bbox 2317 5020 2546 5068; x_wconf 83' lang='lat' dir='ltr'>tuorum</span> <span class='ocrx_word' id='word_1_593' title='bbox 2608 5010 3127 5075; x_wconf 89' lang='lat' dir='ltr'>intercessionibus,</span> <span class='ocrx_word' id='word_1_594' title='bbox 3190 5031 3557 5084; x_wconf 63' lang='lat' dir='ltr'>quaesumus,</span> 
     </span>
    </p>
   </div>
   <div class='ocr_carea' id='block_1_113' title="bbox 1864 5100 3558 5176">
    <p class='ocr_par' dir='ltr' id='par_1_113' title="bbox 1864 5100 3558 5176">
     <span class='ocr_line' id='line_1_113' title="bbox 1864 5100 3558 5176; baseline -0.004 -14"><span class='ocrx_word' id='word_1_595' title='bbox 1864 5108 2130 5173; x_wconf 90' lang='lat' dir='ltr'>Domine,</span> <span class='ocrx_word' id='word_1_596' title='bbox 2163 5110 2220 5158; x_wconf 93' lang='lat' dir='ltr'>et</span> <span class='ocrx_word' id='word_1_597' title='bbox 2242 5121 2347 5157; x_wconf 87' lang='lat' dir='ltr'>nos</span> <span class='ocrx_word' id='word_1_598' title='bbox 2378 5105 2636 5172; x_wconf 80' lang='lat' dir='ltr'>protege,</span> <span class='ocrx_word' id='word_1_599' title='bbox 2668 5105 2723 5153; x_wconf 88' lang='lat' dir='ltr'>et</span> <span class='ocrx_word' id='word_1_600' title='bbox 2751 5100 2979 5152; x_wconf 88' lang='lat' dir='ltr'>famulis</span> <span class='ocrx_word' id='word_1_601' title='bbox 3007 5105 3057 5153; x_wconf 89' lang='lat' dir='ltr'>et</span> <span class='ocrx_word' id='word_1_602' title='bbox 3083 5102 3404 5155; x_wconf 87' lang='lat' dir='ltr'>famulabus</span> <span class='ocrx_word' id='word_1_603' title='bbox 3426 5104 3558 5176; x_wconf 61' lang='lat' dir='ltr'>tuis,</span> 
     </span>
    </p>
   </div>
   <div class='ocr_carea' id='block_1_114' title="bbox 1864 5186 3563 5264">
    <p class='ocr_par' dir='ltr' id='par_1_114' title="bbox 1864 5186 3563 5264">
     <span class='ocr_line' id='line_1_114' title="bbox 1864 5186 3563 5264; baseline -0.002 -18"><span class='ocrx_word' id='word_1_604' title='bbox 1864 5209 2109 5264; x_wconf 89' lang='lat' dir='ltr'>quorum</span> <span class='ocrx_word' id='word_1_605' title='bbox 2160 5188 2772 5244; x_wconf 84' lang='lat' dir='ltr'>commemorationem</span> <span class='ocrx_word' id='word_1_606' title='bbox 2837 5186 3080 5255; x_wconf 83' lang='lat' dir='ltr'>agimus,</span> <span class='ocrx_word' id='word_1_607' title='bbox 3157 5190 3243 5241; x_wconf 83' lang='lat' dir='ltr'>vel</span> <span class='ocrx_word' id='word_1_608' title='bbox 3316 5206 3563 5258; x_wconf 90' lang='lat' dir='ltr'>quorum</span> 
     </span>
    </p>
   </div>
   <div class='ocr_carea' id='block_1_115' title="bbox 1865 5274 3565 5348">
    <p class='ocr_par' dir='ltr' id='par_1_115' title="bbox 1865 5274 3565 5348">
     <span class='ocr_line' id='line_1_115' title="bbox 1865 5274 3565 5348; baseline -0.002 -15"><span class='ocrx_word' id='word_1_609' title='bbox 1865 5281 2255 5348; x_wconf 88' lang='lat' dir='ltr'>eleemosynas</span> <span class='ocrx_word' id='word_1_610' title='bbox 2288 5275 2626 5344; x_wconf 82' lang='lat' dir='ltr'>recepimus,</span> <span class='ocrx_word' id='word_1_611' title='bbox 2665 5292 2761 5328; x_wconf 91' lang='lat' dir='ltr'>seu</span> <span class='ocrx_word' id='word_1_612' title='bbox 2821 5274 2993 5327; x_wconf 88' lang='lat' dir='ltr'>etiam</span> <span class='ocrx_word' id='word_1_613' title='bbox 3024 5275 3111 5328; x_wconf 88' lang='lat' dir='ltr'>bis</span> <span class='ocrx_word' id='word_1_614' title='bbox 3144 5276 3243 5345; x_wconf 89' lang='lat' dir='ltr'>qui</span> <span class='ocrx_word' id='word_1_615' title='bbox 3274 5276 3434 5329; x_wconf 90' lang='lat' dir='ltr'>nobis</span> <span class='ocrx_word' id='word_1_616' title='bbox 3492 5278 3565 5330; x_wconf 83' lang='lat' dir='ltr'>fa-</span> 
     </span>
    </p>
   </div>
   <div class='ocr_carea' id='block_1_116' title="bbox 1865 5349 3567 5436">
    <p class='ocr_par' dir='ltr' id='par_1_116' title="bbox 1865 5349 3567 5436">
     <span class='ocr_line' id='line_1_116' title="bbox 1865 5349 3567 5436; baseline -0.002 -14"><span class='ocrx_word' id='word_1_617' title='bbox 1865 5367 2195 5424; x_wconf 90' lang='lat' dir='ltr'>miliaritate</span> <span class='ocrx_word' id='word_1_618' title='bbox 2242 5366 2426 5435; x_wconf 89' lang='lat' dir='ltr'>juncti</span> <span class='ocrx_word' id='word_1_619' title='bbox 2455 5367 2581 5415; x_wconf 84' lang='lat' dir='ltr'>sunt</span> <span class='ocrx_word' id='word_1_620' title='bbox 2637 5349 3098 5416; x_wconf 79' lang='lat' dir='ltr'>misericordiam</span> <span class='ocrx_word' id='word_1_621' title='bbox 3144 5369 3300 5416; x_wconf 85' lang='lat' dir='ltr'>tuam</span> <span class='ocrx_word' id='word_1_622' title='bbox 3350 5364 3567 5436; x_wconf 84' lang='lat' dir='ltr'>ubique</span> 
     </span>
    </p>
   </div>
   <div class='ocr_carea' id='block_1_117' title="bbox 1865 5449 3565 5528">
    <p class='ocr_par' dir='ltr' id='par_1_117' title="bbox 1865 5449 3565 5528">
     <span class='ocr_line' id='line_1_117' title="bbox 1865 5449 3565 5528; baseline -0.002 -18"><span class='ocrx_word' id='word_1_623' title='bbox 1865 5455 2178 5528; x_wconf 81' lang='lat' dir='ltr'>praetende,</span> <span class='ocrx_word' id='word_1_624' title='bbox 2237 5458 2316 5513; x_wconf 90' lang='lat' dir='ltr'>ut,</span> <span class='ocrx_word' id='word_1_625' title='bbox 2349 5452 2417 5503; x_wconf 86' lang='lat' dir='ltr'>ab</span> <span class='ocrx_word' id='word_1_626' title='bbox 2458 5449 2731 5503; x_wconf 90' lang='lat' dir='ltr'>omnibus</span> <span class='ocrx_word' id='word_1_627' title='bbox 2761 5451 3296 5521; x_wconf 84' lang='lat' dir='ltr'>impugnationibus</span> <span class='ocrx_word' id='word_1_628' title='bbox 3327 5452 3565 5519; x_wconf 83' lang='lat' dir='ltr'>defensi,</span> 
     </span>
    </p>
   </div>
   <div class='ocr_carea' id='block_1_118' title="bbox 1868 5538 3566 5611">
    <p class='ocr_par' dir='ltr' id='par_1_118' title="bbox 1868 5538 3566 5611">
     <span class='ocr_line' id='line_1_118' title="bbox 1868 5538 3566 5611; baseline -0.003 -14"><span class='ocrx_word' id='word_1_629' title='bbox 1868 5552 1965 5598; x_wconf 90' lang='lat' dir='ltr'>tua</span> <span class='ocrx_word' id='word_1_630' title='bbox 1995 5543 2216 5611; x_wconf 89' lang='lat' dir='ltr'>opitula</span> <span class='ocrx_word' id='word_1_631' title='bbox 2244 5541 2374 5594; x_wconf 91' lang='lat' dir='ltr'>ione</span> <span class='ocrx_word' id='word_1_632' title='bbox 2414 5540 2719 5601; x_wconf 77' lang='lat' dir='ltr'>alventur,</span> <span class='ocrx_word' id='word_1_633' title='bbox 2752 5543 2808 5591; x_wconf 89' lang='lat' dir='ltr'>et</span> <span class='ocrx_word' id='word_1_634' title='bbox 2840 5538 3062 5592; x_wconf 87' lang='lat' dir='ltr'>animas</span> <span class='ocrx_word' id='word_1_635' title='bbox 3103 5540 3452 5593; x_wconf 87' lang='lat' dir='ltr'>famulorum</span> <span class='ocrx_word' id='word_1_636' title='bbox 3485 5540 3566 5592; x_wconf 62' lang='lat' dir='ltr'>fa-</span> 
     </span>
    </p>
   </div>
  </div>
