3868 6228
327 315 430 367 847

1456 309 1790 364 GRIMALDI
1831 310 2339 367 SANGALLENSIS
2378 308 2676 365 ABBATIS
3720 314 3799 364 Sis

328 449 731 519 mularumque
764 452 996 500 tuarum
1034 445 1298 498 omnium
1340 444 1602 498 videlicet
1631 443 1890 498 ﬁdelium
1922 462 2016 499 ca-
2059 450 2105 503 Α
2130 446 2261 499 dam
2295 461 2525 499 omnem
2554 449 2893 515 potestatem
2926 444 3165 509 inimici,
3193 450 3249 499 et
3298 445 3493 515 ipsum
3524 444 3798 499 inimicum

328 538 674 590 tholicornm
706 535 1183 599 orthodoxorum,
1220 547 1470 603 quorum
1514 533 2020 586 commemoratio—

328 638 462 676 nem
492 622 738 692 agimus,
783 625 839 674 et
875 635 1122 691 quorum
1184 635 1430 688 corpora
1458 618 1517 672 in
1550 619 1658 673 hoc
1703 620 2020 673 monastrio

329 710 713 780 requiescunt,
762 707 851 761 vel
883 723 1135 778 quorum
1175 707 1414 761 nomina
1470 711 1600 759 ante
1631 712 1893 761 sanctum
1945 708 2024 761 a1-

326 804 446 853 tare
478 804 643 852 tuum
671 798 883 867 scripta
908 796 1105 850 adesse
1124 797 1411 861 videntur,
1444 795 1755 851 electorum
1790 801 2021 849 tuorum

324 889 568 958 jungere
599 886 857 957 digneris
887 885 1191 938 consortio.
1228 886 1335 939 Per
1369 885 1696 938 Dominum.

1063 1008 1294 1062 Secreta.

360 1126 719 1196 ’PrOpitiare
778 1124 1038 1190 Dimine,
1097 1121 1621 1192 supplicationibus
1678 1121 1912 1188 nostris,
1967 1124 2024 1174 et

329 1216 431 1268 has
461 1214 779 1269 oblationes
805 1228 946 1282 quas
977 1227 1078 1281 pro
1122 1209 1512 1263 incolumitate
1552 1209 1901 1262 famulorum
1933 1208 2021 1262 fa-

330 1309 733 1376 mularumque
762 1309 1011 1364 tuarum,
1043 1308 1097 1355 et
1118 1318 1219 1372 pro
1249 1301 1552 1355 animabus
1585 1302 1843 1355 omnium
1878 1300 2020 1354 ﬁde-

329 1395 472 1448 lium
497 1394 909 1448 catholicorum
960 1390 1435 1456 orthodoxorum,
1493 1406 1743 1460 quorum
1785 1390 2022 1444 nomina

327 1488 457 1537 ante
510 1488 770 1535 sanctum
810 1480 989 1533 altare
1020 1484 1184 1532 tuum
1223 1478 1432 1547 scripta
1481 1478 1680 1531 adesse
1732 1464 2016 1545 videntur,

329 1570 550 1624 nomini
584 1574 679 1622 tuo
710 1567 1119 1620 consecrandas
1172 1565 1501 1631 deferimus,
1557 1566 1841 1634 benignus
1870 1581 2022 1619 assu-

328 1675 440 1723 me,
500 1662 561 1710 nt
610 1654 873 1709 sacrificii
934 1653 1234 1723 praesentis
1276 1652 1491 1706 oblatio
1537 1653 1605 1705 ad
1654 1653 2015 1721 refrigerium

274 1792 295 1809 ,
329 1746 650 1798 animarum
679 1758 901 1807 eorum,
932 1749 986 1794 te
1020 1740 1347 1806 miserante,
1380 1739 1696 1809 perveniat.
1732 1740 1856 1792 Per.

878 1856 1007 1909 Post
1028 1856 1479 1910 Communionem.

407 1972 669 2025 Puriticet
689 1987 812 2037 nos,
847 1985 1193 2040 quiesumns,
1232 1970 1492 2033 Domine,
1527 1973 1583 2020 et
1612 1967 1792 2021 divini
1831 1982 2018 2019 sacra-

329 2060 509 2113 menti
538 2059 845 2128 perceptio.
886 2061 940 2110 et
983 2056 1234 2123 gloriosa
1264 2061 1591 2108 sanctorum
1616 2059 1849 2108 tuorum
1900 2070 2023 2107 ora-

330 2149 431 2212 tio,
461 2152 517 2200 et
549 2146 850 2200 animabus
881 2146 1226 2197 famulorum
1261 2144 1724 2214 famularumque
1766 2148 2018 2205 tuarum,

330 2252 578 2305 quorum
653 2233 1258 2287 commemorationem
1316 2232 1562 2301 agimus,
1624 2232 2021 2284 remissionem

328 2328 662 2377 cunctorum
694 2322 880 2375 tribue
912 2327 1295 2391 peccatorum,
1323 2325 1385 2371 ut
1408 2319 1827 2388 indulgentiam
1847 2333 2021 2388 quam

330 2426 554 2481 semper
587 2415 943 2480 optaverunt,
976 2409 1089 2478 piis
1120 2406 1634 2479 supplicationibus
1672 2422 2023 2477 consequan-

329 2506 442 2553 tur.
488 2501 612 2553 Per.

1105 2585 1254 2638 CXII.

853 2713 1257 2754 EXORCISMUS
1303 2712 1505 2753 SALIS.

401 2818 668 2870 Exorcizo
711 2819 767 2869 te
798 2819 1056 2868 creatura
1113 2813 1266 2880 salis,
1299 2828 1405 2882 per
1444 2814 1621 2865 Deum
1657 2812 1867 2879 vivum,
1919 2827 2021 2883 per

329 2906 510 2959 Deum
537 2919 757 2963 verum.
804 2918 907 2973 per
944 2904 1123 2955 Deum
1167 2908 1449 2967 sanctum,
1482 2916 1584 2971 per
1620 2903 1796 2953 Deum
1828 2901 1928 2971 qui
1967 2906 2021 2954 te

327 3010 433 3064 per
463 2993 707 3047 Eliseum
734 2992 1077 3062 prOphetam
1109 2991 1171 3043 in
1201 3006 1408 3059 aquam
1437 2990 1588 3042 mitti
1609 2990 1800 3058 jussit,
1836 2995 1896 3042 ut
1941 3006 2023 3042 sa-

2133 534 2424 588 eradicare
2472 540 2529 587 et
2590 534 2916 603 explantare
2974 533 3160 586 valeas
3216 535 3358 602 :cum
3406 534 3631 603 angelis
3709 536 3804 587 suis

2133 621 2481 691 apostaticis,
2512 637 2617 692 per
2644 621 2912 675 virtutem
2961 622 3185 675 Domini
3215 622 3397 675 nostri
3432 623 3562 675 Jesu
3594 622 3804 685 Christi,

2133 712 2232 781 qui
2260 715 2415 766 vent.

2907 798 3062 853 CXV.

2674 920 3056 959 BBNEDICTIO
3083 920 3289 966 AQUIE.

2203 1011 2372 1075 Deus,
2434 1010 2534 1080 qui
2590 1010 2658 1064 ad
2702 1011 2942 1064 salutem
2997 1011 3236 1064 humani
3293 1011 3523 1080 generis
3580 1010 3810 1063 maxime

2130 1114 2373 1168 quaeque
2413 1103 2765 1151 sacramenta
2806 1098 2863 1150 in
2894 1114 3177 1167 aquarum
3215 1098 3596 1152 substantiam
3627 1098 3806 1152 condi~

2131 1187 2284 1253 disti,
2316 1186 2508 1241 adesto
2536 1188 2816 1256 propitius
2846 1187 3299 1241 invocationibus
3330 1188 3566 1251 nostris,
3600 1192 3657 1241 et
3712 1189 3809 1240 ele-

2131 1281 2322 1328 mento
2370 1275 2501 1329 huic
2541 1275 2897 1329 multimodis
2929 1276 3429 1344 pnriticationibus
3476 1282 3805 1347 praeparato,

2130 1364 2398 1417 virtutem
2454 1369 2563 1417 tuas
2646 1364 3057 1417 benedictionis
3126 1364 3385 1430 infunde,
3457 1370 3520 1417 ut
3564 1369 3810 1417 creatura

2130 1452 2414 1521 mysteriis
2471 1453 2585 1506 tuis
2636 1453 2906 1517 serviens,
2963 1453 3034 1506 ad
3116 1453 3472 1521 abjiciendos
3528 1452 3807 1506 daemones

2130 1541 2474 1611 morbosque
2501 1540 2815 1611 pellendos,
2850 1541 3055 1594 divina:
3088 1541 3287 1609 gratim
3319 1545 3508 1593 sumat
3534 1540 3806 1601 etfectnm,

2130 1634 2192 1681 ut
2222 1629 2499 1698 quidquid
2558 1629 2617 1681 in
2674 1629 2939 1682 domibus
2971 1629 3054 1681 vel
3091 1630 3151 1681 in
3207 1629 3345 1681 locis
3395 1628 3657 1681 fidelium
3708 1627 3813 1679 haec

2130 1717 2284 1771 unda
2338 1717 2692 1787 resperserit,
2750 1724 2941 1770 careat
2995 1716 3383 1782 immunditia,
3453 1716 3727 1769 liberetur
3786 1732 3813 1767 a

2131 1821 2279 1859 noxa
2307 1822 2319 1859 :
2352 1822 2466 1859 non
2497 1806 2611 1859 illic
2650 1806 2895 1859 resideat
2923 1805 3158 1875 spiritus
3197 1805 3491 1875 pestilens,
3537 1820 3661 1857 non
3691 1820 3813 1855 aura

2130 1910 2523 1964 corrumpens.
2580 1894 2878 1948 Discedant
2920 1910 3117 1947 omnes
3160 1894 3381 1947 insidia:
3433 1894 3664 1947 latentis
3716 1892 3811 1945 ini-

2131 1983 2284 2049 mici,
2318 1988 2373 2035 et
2412 1983 2457 2035 si
2485 1971 2617 2052 quid
2643 1982 3019 2035 incolumitati
3049 1982 3433 2035 habitantium
3486 1982 3703 2035 invidet
3726 1987 3811 2033 aut

2132 2070 2328 2140 quieti,
2356 2070 2685 2140 aspersione
2718 2071 2889 2140 hujus
2919 2086 3083 2141 aquae
3116 2070 3370 2140 effugiat,
3429 2076 3491 2123 ut
3520 2070 3809 2123 salubritas

2130 2174 2234 2228 per
2264 2158 2679 2212 invocationem
2734 2159 2816 2212 iui
2846 2158 3095 2212 nominis
3127 2160 3395 2228 expetita,
3430 2158 3500 2211 ab
3544 2158 3805 2211 omnibus

2131 2247 2202 2301 sit
2230 2247 2765 2318 impugnationibus
2790 2248 3040 2302 defensa.
3078 2249 3181 2301 Per
3208 2247 3537 2301 Dominum.

2884 2370 3058 2424 CXVI.

2345 2492 2731 2533 BENBDICTIO
2770 2492 2950 2532 SALIS
2982 2493 3053 2532 ET
3092 2493 3273 2539 AQUE
3312 2493 3606 2533 PARITER.

2564 2604 2665 2655 Hic
2691 2604 2932 2655 mittitur
2961 2603 3047 2655 sal
3076 2604 3137 2655 in
3168 2617 3389 2670 aquam.

2202 2708 2369 2775 Deus,
2402 2706 2627 2760 invictae
2651 2707 2874 2760 virtutis
2896 2713 3113 2771 auctor,
3141 2707 3618 2776 etinseparabilis
3648 2706 3713 2775 [/2
3739 2707 3811 2759 in-

2131 2794 2497 2866 superabilis]
2532 2796 2761 2864 imperii
2789 2811 2887 2848 rex
2910 2812 2971 2847 ac
3004 2811 3229 2865 semper
3256 2795 3593 2865 magnificus
3627 2795 3811 2848 trium-

2131 2885 2356 2954 phator,
2401 2885 2501 2954 qui
2545 2885 2797 2938 adversas
2851 2883 3261 2937 dominationis
3321 2884 3470 2937 vires
3526 2884 3802 2953 reprimis,

2132 2975 2233 3044 qui
2253 2973 2474 3027 inimici
2499 2973 2760 3042 rugentis
2817 2973 3090 3026 saevitiam
3120 2989 3376 3042 superas,
3426 2974 3527 3042 qui
3571 2973 3803 3026 hostiles

332 3043 1014 3064 τ---ν--η-κηπρη
1252 3043 1271 3059 .
1609 3043 1628 3058 ,
1788 3043 1799 3055 ,
2152 3043 2164 3044 κ

330 3088 564 3136 naretur
593 3082 862 3134 sterilitas
892 3095 1078 3149 aquae,
1114 3084 1176 3131 ut
1210 3078 1474 3131 efficiaris
1508 3078 1590 3130 sal
1639 3077 2021 3131 exorcizatum
2061 3043 2101 3098 Ο
2132 3063 2414 3132 “equm”
2459 3068 2665 3131 Ροῑθηδ
2725 3077 3038 3131 expugnas:
3089 3064 3143 3114 te
3180 3062 3439 3149 Domine
3498 3065 3799 3115 trementes

327 3171 389 3224 in
416 3170 658 3223 salutem
714 3167 1089 3231 credentium,
1131 3171 1189 3218 et
1238 3166 1313 3218 sis
1355 3164 1624 3218 omnibus
1658 3171 1711 3218 te
1740 3166 2019 3218 sumenti-

326 3258 432 3312 bns
454 3257 662 3311 sanitas
690 3256 897 3310 animas
919 3260 976 3308 et
1006 3253 1278 3322 corporis,
1314 3258 1368 3305 et
1402 3252 1640 3323 effugiat
1699 3259 1869 3322 atque
1913 3251 2021 3306 dis-

326 3347 487 3400 cedat
517 3346 588 3399 ab
636 3361 702 3398 eo
740 3343 865 3396 loco
908 3358 1022 3413 quo
1055 3357 1318 3411 aspersus
1344 3341 1518 3393 fueris
1550 3340 1737 3393 omnis
1776 3342 2017 3409 phanta-

326 3437 409 3489 sia
439 3439 496 3489 et
520 3433 798 3504 nequitia,
847 3432 934 3485 vel
988 3430 1231 3483 versutia
1260 3429 1555 3483 diabolicae
1612 3429 1847 3494 fraudis,
1895 3444 2017 3482 om-

326 3524 528 3594 nisque
571 3521 805 3593 spiritus
852 3519 1207 3587 immundus,
1253 3518 1548 3588 adjuratus
1577 3534 1681 3587 per
1728 3534 1860 3572 enm
1914 3518 2017 3587 qui

323 3618 595 3666 venturus
621 3614 704 3664 est
728 3609 985 3679 judicare
1016 3607 1169 3661 vivos
1198 3612 1254 3660 et
1282 3610 1563 3660 mortuos.

1077 3748 1260 3804 CXIII.

860 3878 1245 3919 BENEDICTIO
1273 3876 1477 3918 SALIS.

393 3984 737 4036 Immensam
779 3978 1148 4033 clementiam
1180 3983 1361 4045 tuam,
1395 3977 1763 4047 omnipotens
1802 3978 2015 4029 aeterne

321 4070 492 4137 Deus,
526 4069 822 4122 humiliter
851 4067 1253 4135 imploramus,
1297 4070 1361 4117 ut
1389 4065 1535 4117 hanc
1566 4069 1891 4116 creaturam
1918 4077 2014 4114 sa—

323 4156 413 4223 lis,
445 4172 616 4226 quam
644 4157 701 4208 in
736 4171 897 4207 usum
925 4154 1151 4223 generis
1205 4152 1445 4206 humani
1476 4151 1739 4213 tribuisti.
1770 4150 2012 4204 benedi-

321 4261 447 4297 cere
478 4252 533 4296 et
559 4244 909 4295 sanctificare
950 4250 1047 4294 tua
1102 4241 1310 4310 pietate
1354 4240 1630 4308 digneris,
1692 4244 1755 4292 ut
1788 4239 1862 4292 sit
1891 4255 2013 4292 om-

320 4332 488 4386 nibus
518 4332 874 4384 sumentilius
906 4330 1055 4383 salus
1100 4328 1308 4382 mentis
1339 4332 1395 4381 et
1440 4327 1716 4397 corporis,
1750 4333 1806 4381 et
1853 4327 2014 4397 quid—
2052 4339 2095 4393 1)

320 4421 457 4491 quid
508 4436 576 4473 ex
605 4435 672 4472 eo
721 4424 933 4471 tactum
965 4418 1048 4471 vel
1084 4432 1406 4485 respersum
1438 4415 1629 4481 fuerit,
1680 4420 1869 4469 careat
1900 4416 2008 4468 im-

317 4508 620 4574 munditia,
665 4506 938 4561 liberetur
966 4523 999 4559 a
1022 4505 1219 4572 noxia;
1262 4520 1377 4557 non
1416 4503 1532 4557 illic
1558 4504 1805 4557 resideat
1835 4503 2007 4573 spiri-

314 4602 405 4652 tus
436 4598 731 4667 pestilens,
765 4611 880 4648 non
918 4610 1057 4648 aura
1105 4609 1503 4662 corrumpens.
1539 4592 1841 4646 Discedent
1875 4608 2005 4644 om-

314 4686 651 4740 nesinsidiae
681 4684 913 4737 latentis
944 4682 1187 4747 inimici,
1239 4686 1301 4735 nt
1350 4680 1395 4733 si
1425 4680 1563 4751 quid
1606 4685 1692 4733 est
1720 4680 1875 4750 quod
1908 4682 2006 4732 aut

314 4773 695 4827 incolumitati
736 4771 1113 4825 habitantium
1145 4768 1373 4828 invidet,
1434 4774 1533 4821 aut
1562 4767 1771 4838 quieti,
1810 4782 2004 4836 asper-

312 4862 469 4915 sione
500 4862 672 4931 hujus
702 4876 866 4930 aquae
888 4858 1142 4927 effugiat,
1179 4862 1242 4911 ut
1287 4856 1592 4910 salubritas
1632 4872 1733 4925 per
1776 4855 2005 4908 invoca-

310 4950 525 5003 tionem
584 4950 665 5003 tui
700 4948 947 5003 nominis
1005 4947 1284 5017 expedita,
1317 4945 1387 4999 ab
1420 4944 1687 4998 omnibus
1719 4944 1789 4997 sit
1822 4944 2003 5013 impu-

313 5039 679 5107 gnationibus
711 5037 958 5090 defensa.
996 5037 1123 5088 Per.

1069 5149 1244 5204 CXIV.

833 5277 1237 5319 EXORCISMUS
1286 5277 1480 5324 ΔΟυᾸΞ.

385 5379 669 5443 Exorcizo,
720 5386 772 5433 te
817 5385 1079 5433 creatura
1115 5396 1278 5449 aqua:
1329 5379 1388 5432 in
1413 5378 1652 5432 nomine
1692 5378 1790 5431 Dei
1820 5377 2000 5430 Patris

310 5466 746 5535 omnipotentis,
778 5475 832 5521 et
864 5470 921 5521 in
956 5468 1189 5521 nomine
1239 5469 1371 5521 Jesu
1432 5467 1641 5520 Christi
1697 5466 1822 5519 Filii
1876 5467 1999 5536 ejus

308 5554 538 5607 Domini
570 5556 768 5621 nostri,
810 5561 873 5609 ut
911 5557 1014 5609 tias
1063 5570 1214 5622 aqua
1254 5553 1599 5607 excorcizata
1629 5554 1698 5610 ad
1734 5553 1997 5623 effugan-

2128 3166 2193 3204 ac
2233 3151 2518 3221 supplices
2575 3150 2952 3220 deprecamur
2981 3166 3046 3202 ac
3074 3148 3344 3220 petimus,
3374 3154 3435 3202 ut
3485 3149 3635 3202 hanc
3661 3166 3802 3202 crea-

2127 3245 2315 3293 turam
2343 3240 2477 3292 salis
2508 3245 2564 3292 et
2591 3255 2757 3309 aqua;
2787 3239 3093 3309 dignanter
3130 3238 3371 3308 accipias
3390 3280 3406 3305 ,
3440 3238 3723 3309 benignus
3752 3239 3803 3289 il-

2127 3329 2351 3395 lustres,
2387 3327 2614 3397 pietatis
2660 3334 2772 3381 tuae
2829 3343 2988 3381 more
3023 3326 3361 3393 sanctifices,
3391 3332 3453 3379 ut
3484 3328 3800 3395 ubicunque

2126 3415 2299 3471 fuerit
2330 3416 2604 3486 dispersa,
2628 3432 2730 3486 per
2761 3415 3179 3469 invocationem
3231 3415 3414 3468 sancti
3443 3416 3528 3467 tui
3564 3416 3802 3468 nominis

2124 3506 2311 3560 omnis
2364 3506 2649 3559 infestatio
2697 3504 2983 3559 immundi
3038 3504 3269 3574 spiritus
3331 3503 3662 3573 abjiciatur,
3702 3509 3802 3556 ter-

2123 3611 2335 3665 rorque
2366 3594 2634 3648 venenosi
2670 3593 2951 3664 serpentis
2979 3594 3179 3662 procul
3201 3593 3472 3661 pellatur,
3499 3598 3556 3645 et
3575 3607 3802 3663 praesen-

2124 3684 2202 3737 tia
2232 3684 2410 3737 sancti
2441 3682 2688 3753 Spiritus
2735 3682 2899 3736 nobis
2961 3681 3412 3735 misericordiam
3467 3687 3627 3734 tuam
3682 3697 3797 3751 pos-

2124 3772 2384 3826 centibus
2414 3771 2627 3841 ubique
2658 3770 2852 3824 adesse
2883 3769 3171 3839 dignetur.
3216 3771 3321 3823 Per
3351 3770 3678 3823 Dominum.

2867 3893 3066 3948 CXVII.

2231 4015 2473 4055 ORATIO
2507 4014 2761 4062 QUANDO
2802 4014 2967 4061 AQUA
3004 4014 3370 4054 SPARGITUR
3418 4014 3484 4053 IN
3524 4014 3703 4053 DOMO.

2192 4124 2407 4178 Exaudi
2466 4140 2590 4191 nos,
2651 4124 2888 4177 Domine
2948 4129 3157 4188 sancte,
3214 4124 3380 4176 Pater
3420 4124 3799 4193 omnipotens,

2122 4218 2343 4267 mterne’
2366 4214 2533 4279 Deus,
2567 4218 2623 4265 et
2649 4215 2874 4265 mittere
2909 4213 3147 4282 dignare
3178 4213 3452 4282 angelum
3485 4220 3648 4266 tuum
3679 4229 3799 4265 san-

2121 4308 2276 4356 ctum
2306 4303 2374 4355 de
2405 4302 2577 4367 caelis,
2610 4302 2709 4371 qui
2741 4301 3043 4366 custodiat,
3078 4301 3283 4367 foveat,
3308 4307 3593 4372 protegat,
3624 4302 3799 4354 visitet

2122 4395 2177 4443 et
2207 4388 2475 4443 defendat
2495 4405 2694 4442 omnes
2719 4388 3041 4442 habitantes
3073 4389 3133 4441 in
3164 4390 3273 4442 hoc
3306 4389 3796 4444 habitaculo.Per.

2851 4512 3077 4566 CXVIII.

2631 4633 3015 4673 BENEDICTIO
3056 4632 3291 4673 DOMUS.

2184 4724 2417 4787 Adesto,
2460 4724 2718 4789 Domine,
2750 4723 3268 4793 supplicationibus
3314 4724 3546 4792 nostris,
3581 4730 3637 4778 et
3664 4724 3801 4778 hanc

2115 4814 2350 4867 domum
2373 4813 2585 4866 serenis
2616 4812 2795 4866 oculis
2820 4817 2933 4865 tua;
2956 4812 3182 4881 pietatis
3212 4813 3470 4879 illustre;
3504 4813 3803 4866 descendat

2113 4919 2285 4973 super
2331 4902 2653 4955 habitantes
2680 4902 2738 4954 in
2772 4918 2837 4954 ea
2888 4901 3085 4971 gratiae
3130 4905 3243 4954 tute
3283 4902 3443 4971 larga
3468 4902 3799 4962 benedictio,

2114 4996 2177 5043 ut
2204 4991 2262 5042 in
2295 4989 2376 5042 eis
2408 4988 2743 5043 manufactis
2776 4988 3114 5042 habitaculis
3144 5004 3276 5042 eum
3319 4989 3658 5043 salubritate
3690 5006 3799 5043 ma-

2113 5084 2335 5146 nentes,
2362 5077 2471 5148 ipsi
2494 5084 2655 5131 tuum
2687 5093 2917 5147 semper
2938 5077 3052 5131 sint
3102 5077 3516 5132 habitaculum.
3556 5079 3683 5133 Per.

2883 5183 3031 5238 Alia.

2184 5289 2400 5344 Exaudi
2444 5305 2570 5356 nos,
2623 5288 2865 5343 Domine
2914 5294 3126 5352 sancte,
3180 5290 3349 5343 Pater
3423 5290 3798 5361 omnipotens,

2110 5384 2320 5433 aeterne
2355 5379 2526 5444 Deus,
2550 5385 2613 5431 ut
2646 5379 2691 5431 si
2722 5394 2835 5448 qua
2852 5384 2988 5432 sunt
3027 5377 3284 5443 adversa,
3310 5379 3357 5431 si
3389 5395 3505 5448 qua
3526 5378 3800 5433 contraria

2110 5466 2169 5520 in
2202 5467 2308 5520 hac
2349 5466 2516 5519 domo
2538 5466 2739 5519 famuli
2770 5466 2853 5519 tui
2880 5468 2968 5533 N.,
3002 5465 3343 5519 auctoritate
3358 5466 3676 5536 majestatis
3697 5472 3798 5520 tua:

2109 5554 2415 5623 pellantur.
2441 5555 2546 5607 Per
2580 5554 2891 5609 Dominum
2921 5559 3204 5651 nostrn‘m.
