3868 6228
861 451 1026 505 CXIX.

487 565 736 609 ORATIO
780 570 1023 611 CONTRA
1078 574 1389 615 I-‘ULGURA.

67 648 331 704 Primum
385 663 697 725 spargatur
734 676 878 729 aqua
920 663 1212 732 benedicta,
1254 672 1305 719 et
1338 672 1527 736 postea
1566 669 1783 723 dicatur

763 752 936 803 oratio
962 752 1103 804 ista:

131 842 555 918 Omnipotens,
590 854 939 922 sempiterne
973 858 1140 919 Deus,
1174 874 1340 927 parce
1368 862 1776 931 metuentibus,

64 936 115 981 et
157 935 494 1002 propitiare
546 942 920 1010 supplicibus,
958 950 1023 997 ut
1054 954 1183 1014 post
1213 948 1413 1001 noxios
1454 949 1615 1019 ignes
1666 968 1777 1005 nu-

65 1017 216 1072 bium
250 1026 315 1075 et
348 1024 469 1077 vim
503 1030 906 1098 procellarum,
948 1033 1007 1085 in
1040 1036 1338 1090 materiam
1368 1042 1620 1093 transeat
1648 1040 1778 1093 lau-

65 1107 143 1159 dis
169 1113 568 1168 comminatio
601 1119 917 1186 potestatis.
953 1122 1079 1176 Per.

854 1225 1000 1279 CXX.

64 1315 304 1357 ORATIO
353 1320 563 1363 SUPER
614 1326 771 1365 VASA
819 1327 885 1366 IN
932 1329 1081 1369 LOCO
1127 1331 1410 1380 ANTIQUO
1457 1334 1770 1375 RBPBRTA.

125 1406 544 1480 Omnipotens,
600 1418 948 1485 sempiterno
1000 1422 1170 1489 Deus,
1219 1422 1405 1477 insere
1453 1430 1509 1477 te
1567 1426 1772 1481 ofﬁciis

63 1497 290 1555 nostris.
332 1504 394 1553 et
440 1501 564 1555 haec
595 1507 821 1559 vascula
849 1514 970 1561 arte
1001 1508 1274 1563 fabricata
1307 1514 1632 1581 gentilium,
1678 1532 1771 1583 su-

61 1582 367 1639 blimitatis
420 1593 537 1643 tua:
585 1594 842 1661 potentia
881 1595 960 1649 ita
1002 1599 1315 1652 emundare
1363 1601 1640 1671 digneris,
1690 1582 1769 1669 ut,

61 1673 211 1725 omni
232 1675 623 1733 immunditia
646 1682 905 1752 depulsa,
941 1685 1055 1738 sint
1084 1687 1478 1744 tuistidelibus
1509 1696 1769 1762 tempore

58 1761 205 1830 pacis
235 1769 421 1834 atque
453 1770 886 1839 tranquillitatis
920 1775 1145 1828 utenda.
1181 1777 1304 1828 Per.

831 1879 1005 1933 CXXI.

601 1978 986 2021 BENBDICTIO
1030 1962 1241 2023 porci.

124 2064 543 2134 Deprecamur,
580 2069 843 2137 Domine,
877 2073 1238 2129 clementiam
1272 2077 1503 2146 pietatis
1535 2084 1668 2147 tuae,
1702 2086 1763 2135 ut

60 2166 260 2221 aquam
308 2156 474 2222 putei
517 2155 691 2227 hujus
740 2161 955 2214 coalesti
985 2161 1384 2219 benedictione
1424 2168 1760 2237 sanctiﬁces,

60 2246 108 2291 et
152 2240 223 2293 ad
278 2257 659 2299 communem
705 2246 879 2301 vitam
909 2252 1183 2305 concedas
1233 2255 1540 2319 salubrem,
1581 2262 1636 2310 et
1681 2259 1762 2313 ita

59 2343 116 2379 ex
156 2344 224 2381 eo
257 2329 469 2399 fugare
508 2333 764 2404 digneris
815 2353 1047 2393 omnem
1082 2340 1377 2397 diabolicae
1425 2346 1758 2402 tentationis

58 2416 374 2484 incursum,
435 2424 496 2473 ut
530 2422 860 2494 quicunque
892 2441 955 2479 ex
991 2442 1057 2480 eo
1101 2427 1171 2481 ab
1203 2420 1336 2482 hinc
1368 2430 1622 2486 hauserit
1670 2435 1757 2488 bi-

56 2501 282 2567 beritve,
341 2508 430 2561 vel
467 2509 528 2563 in
572 2512 922 2581 quibuslibet
952 2518 1287 2571 necessariis
1319 2520 1516 2574 usibus
1557 2522 1758 2577 hausta

59 2609 193 2661 aqua
240 2612 387 2649 usus
423 2598 616 2665 fuerit,
659 2601 834 2655 totius
883 2604 1108 2658 virtutis
1149 2622 1213 2659 ac
1259 2608 1519 2663 sanitatis
1562 2611 1754 2665 dulce-

56 2680 176 2733 dine
208 2684 580 2756 perfruatur,
601 2692 665 2741 ut
684 2688 789 2742 tibi
820 2706 1046 2761 semper
1066 2694 1465 2748 sanctiﬁcatori
1487 2701 1542 2749 et
1572 2698 1751 2751 salva-

55 2769 155 2822 tori
187 2774 462 2828 omnium
499 2776 740 2830 Domino
771 2779 982 2848 gratias
1012 2796 1182 2851 agere
1212 2790 1518 2838 mereatur.
1556 2787 1677 2839 Per.

802 2885 1002 2941 CXXII.

371 2984 765 3027 BENEDICTIO
810 2990 948 3029 υνΑζ
996 2991 1115 3031 VBL
1155 2987 1179 3011 ⁸
1223 2993 1423 3035 ΕΔΥΒ.

113 3068 377 3138 Benedic,
422 3074 687 3141 Domine,
732 3078 834 3132 hos
864 3081 1080 3134 fructus
1114 3099 1287 3136 novos
1332 3101 1453 3139 uvae
1486 3086 1600 3140 sive
1648 3089 1738 3142 fa—

52 3172 141 3219 ve,
192 3174 344 3229 quos
377 3167 463 3227 tu,
522 3165 781 3232 Domine,
813 3184 917 3237 per
963 3185 1149 3224 rorem
1183 3173 1326 3235 caeli,
1361 3180 1419 3227 et
1464 3175 1745 3230 inundan-

52 3246 174 3298 tiarn
224 3249 587 3317 pluviarum,
625 3260 681 3306 et
712 3260 972 3325 tempora
999 3274 1199 3311 serena
1233 3266 1403 3331 atque
1434 3266 1743 3334 tranquilla

52 3332 108 3385 ad
137 3337 541 3392 maturitatem
573 3342 883 3409 perducere
915 3345 1185 3415 dignatus
1219 3363 1297 3413 es,
1324 3350 1393 3403 ad
1426 3332 1743 3421 percipien-

52 3421 173 3475 dum
214 3424 388 3478 nobis
441 3443 572 3480 cum
620 3431 933 3497 gratiarum
969 3434 1214 3503 actione,
1263 3437 1318 3489 in
1353 3439 1585 3493 nomine
1628 3442 1738 3494 Do—

50 3510 175 3563 mini
201 3514 387 3567 nostri
410 3516 542 3568 Jesu
578 3517 810 3580 Christi,
844 3520 942 3588 qui
970 3526 1183 3575 tecum.

773 3625 1004 3679 CXXIII.

354 3722 748 3765 BBNBDICTIO
787 3727 863 3767 AB
902 3728 1142 3770 FRL’GBS
1188 3731 1410 3773 NOVAS.

109 3792 343 3848 Domine
395 3802 620 3865 sancte,
670 3800 838 3853 Pater
876 3803 1263 3873 omnipotens,
1300 3811 1513 3862 asterne
1566 3810 1729 3876 Deus,

50 3879 130 3947 qui
157 3883 362 3937 ccelum
397 3889 455 3938 et
486 3891 725 3955 terram,
754 3904 910 3943 mare
944 3896 1000 3943 et
1028 3892 1227 3945 omnia
1253 3898 1479 3962 creasti,
1510 3902 1565 3950 te
1597 3914 1732 3968 sup-

52 3968 200 4035 plices
230 3987 575 4041 quzesumus
618 3979 679 4029 ut
714 3977 866 4030 hunc
905 3979 1155 4033 fructum
1186 3998 1399 4036 novum
1429 3984 1729 4039 benedice-

50 4070 97 4107 re
127 4061 177 4110 et
204 4060 570 4115 sanctiﬁcarc
604 4063 878 4132 digneris,
915 4071 971 4120 et
1006 4068 1389 4140 multiplicare
1429 4072 1727 4127 abundan-

51 4148 119 4195 ter
158 4145 536 4203 offerentibus
565 4150 692 4217 tibi,
727 4158 791 4206 ut
820 4154 1042 4223 repleas
1073 4172 1272 4211 eorum
1306 4161 1557 4228 cellaria,
1598 4178 1728 4216 cum

50 4230 356 4290 fortitudine
404 4238 687 4292 frumenti
719 4246 776 4293 et
818 4242 956 4308 vini,
1006 4250 1072 4297 ut
1101 4245 1359 4300 laetantes
1389 4248 1447 4302 in
1483 4249 1583 4316 eis,
1636 4267 1725 4304 re-

1410 326 1616 381 LIBER
1658 330 2289 390 SACRAMENTORUM.

3485 352 3585 399 850

1823 464 1871 517 A
1898 466 2111 517 stantes
2154 481 2221 517 ex
2251 481 2338 532 eo,
2383 469 2662 538 accipiant
2707 478 2821 524 tam
2853 475 3108 543 corporis
3159 492 3333 546 quam
3376 478 3585 530 animo;

1895 550 2216 606 sanitatem.
2255 555 2378 608 Per.

2624 648 2840 725 cxxvr

2381 773 2618 817 ORATIO
2666 777 2827 816 ANTE
2871 780 3093 819 CIBUM.

1958 870 2146 924 Reﬁce
2179 888 2302 938 nos,
2355 874 2612 939 Domine,
2647 877 2811 929 donis
2853 878 2982 939 tuis,
3021 887 3075 933 et
3107 884 3413 950 opulentiae
3465 892 3578 939 tuae

1885 956 2150 1027 largitate
2182 968 2460 1015 sustenta.
2493 966 2597 1017 Per
2620 966 2927 1019 Dominum
2956 974 3240 1025 nostrum.

2654 1083 2805 1135 Alia.

1954 1160 2214 1229 Benedic,
2270 1164 2531 1233 Domine,
2563 1169 2713 1221 dona
2744 1177 2859 1236 tua,
2906 1188 3033 1242 qua:
3069 1173 3138 1226 de
3167 1178 3261 1225 tua
3312 1175 3577 1245 largitate

1880 1262 2075 1300 sumus
2102 1253 2406 1319 sumpturi.
2446 1254 2553 1307 Per
2584 1256 2896 1310 Dominum
2935 1266 3218 1315 nostrum.

2601 1370 2846 1426 CXXVII.

2319 1479 2546 1521 ORATIO
2591 1484 2790 1523 SUPER
2840 1486 3047 1525 MENSA
3066 1488 3127 1525 Μ.

1952 1575 2370 1633 Benedicantur
2408 1583 2593 1645 nobis,
2649 1585 2907 1652 Domine,
2961 1588 3112 1640 dona
3154 1594 3270 1657 tua,
3320 1606 3447 1657 qua:
3500 1590 3570 1644 de

1877 1665 1976 1715 tua
2022 1665 2286 1735 largitate
2320 1669 2484 1723 nobis
2529 1672 2596 1724 ad
2625 1674 2942 1727 remedium
2988 1676 3230 1729 deducta
3260 1683 3414 1746 sunt,
3468 1680 3568 1749 qui

1810 1757 1848 1810 Β
1877 1764 1936 1804 es
1968 1752 2115 1805 Deus
2143 1754 2480 1811 benedictus
2513 1759 2570 1812 in
2602 1764 2827 1814 saecula.

2646 1876 2793 1928 Alia.

1944 1954 2163 2009 Sancta:
2199 1958 2295 2011 Dei
2337 1961 2629 2028 genitricis
2657 1964 2864 2029 Marias,
2916 1966 3177 2033 gloriosa:
3212 1973 3268 2020 et
3317 1968 3563 2022 inteme-

1872 2047 2005 2095 rata;
2064 2045 2304 2114 virginis
2364 2050 2738 2119 orationibus,
2799 2056 2951 2123 quod
3012 2055 3177 2109 nobis
3231 2057 3562 2126 appositum

1871 2135 1974 2195 est,
2027 2132 2380 2205 Redemptor
2426 2140 2686 2192 omnium
2738 2142 3053 2196 benedicat.
3098 2145 3204 2196 Per
3252 2145 3559 2199 Dominum

1869 2222 2149 2273 nostrum.

2637 2319 2791 2370 Alia.

1941 2398 2095 2452 Beati
2144 2401 2317 2467 Petri,
2352 2404 2626 2474 principis
2669 2408 3079 2476 apostolorum,
3112 2409 3553 2465 interventioni—

1866 2484 1989 2551 bus,
2026 2503 2155 2555 quae
2187 2488 2349 2541 nobis
2383 2492 2451 2543 ad
2482 2494 2799 2548 remedium
2834 2500 2965 2550 sunt
2995 2498 3249 2566 probata.
3293 2499 3550 2553 Christus

1866 2573 2039 2627 Filius
2073 2576 2171 2628 Dei
2200 2576 2515 2633 benedicat.

2573 2671 2839 2725 CXXVIII.

2358 2788 2595 2829 ORATIO
2633 2792 2783 2832 POST
2829 2793 3049 2833 CIBUM.

1931 2882 2152 2950 Satiati,
2200 2886 2459 2953 Domine,
2492 2892 2799 2959 opulentiae
2831 2898 2942 2946 tua?
2976 2894 3159 2960 donis,
3194 2895 3297 2949 tibi
3333 2896 3547 2965 gratias

1857 2969 2083 3039 agimus
2117 2989 2220 3042 pro
2252 2973 2338 3027 his
2369 2990 2519 3045 quae,
2557 2987 2608 3032 te
2639 2981 2939 3050 largiente,
2974 2983 3346 3053 suscepimus,
3382 2984 3543 3037 obse-

1786 3050 2076 3112 Ccrantes
2147 3062 2601 3121 misericordiam
2657 3073 2814 3123 tuam
2871 3075 2932 3123 ut
2989 3072 3143 3141 quod
3211 3072 3545 3142 corporibus

1856 3148 2063 3200 nostris
2112 3152 2499 3206 necessarium
2553 3154 2682 3221 fuit,
2732 3157 3020 3211 mentibus
3068 3175 3181 3212 non
3232 3160 3304 3212 sit
3343 3176 3545 3214 onero-

1852 3251 1997 3290 sum.
2033 3238 2139 3291 Per
2169 3240 2473 3294 Dominum
2510 3250 2792 3299 nostrum.

2623 3359 2773 3412 Alia.

1916 3437 2146 3492 Satiasti
2195 3457 2316 3505 nos,
2358 3444 2614 3512 Domine,
2649 3447 2718 3500 de
2747 3449 2857 3500 tuis
2888 3448 3052 3502 donis
3084 3466 3146 3502 ac
3176 3450 3344 3516 datis,
3376 3453 3535 3519 reple

1847 3541 1952 3579 nos
1999 3526 2067 3579 de
2100 3533 2194 3581 tua
2228 3532 2646 3601 misericordia,
2679 3536 2814 3604 quia
2846 3542 2907 3589 tu
2939 3554 2997 3589 es
3030 3537 3386 3600 benedictus,
3438 3539 3539 3607 qui

1847 3629 1976 3667 cum
2008 3616 2119 3668 Deo
2146 3619 2306 3670 Patre
2335 3624 2389 3671 et
2416 3620 2628 3688 Spiritu
2650 3630 2838 3676 sancto
2864 3624 3003 3677 vivis
3034 3631 3090 3679 et
3106 3642 3332 3695 regnas,
3370 3626 3537 3692 Deus,

1844 3717 1949 3770 per
1978 3704 2172 3756 omnia
2202 3706 2410 3759 srecula
2443 3709 2803 3763 smculorum.

2575 3822 2789 3878 CXXIX.

2321 3941 2559 3982 ORATIO
2604 3944 2666 3983 ΙΝ
2716 3945 3059 3986 SACRARIU.

1911 4034 2286 4103 Omnipotens
2330 4044 2386 4091 et
2432 4040 2756 4095 misericors
2800 4044 2969 4106 Deus,
3024 4043 3123 4113 qui
3174 4044 3531 4097 sacerdotum

1839 4120 2157 4175 ministerio
2207 4125 2275 4177 ad
2308 4126 2408 4179 tibi
2462 4130 2829 4184 serviendum
2860 4138 2911 4184 et
2962 4133 3399 4202 supplicandum
3448 4133 3533 4186 uti

1840 4209 2113 4279 dignaris,
2167 4229 2500 4282 quaesumus
2559 4219 2903 4273 immensam
2953 4221 3320 4275 clementiam
3372 4227 3530 4275 tuam

51 4318 206 4375 lerant
251 4324 357 4378 tibi
410 4327 530 4379 Deo
572 4298 959 4398 omnipotenti
1008 4298 1315 4387 laudesﬂeti
1344 4298 1583 4405 gratia—si:
1624 4298 1729 4392 Der
1769 4343 1810 4396 D
1836 4298 2236 4405 ,‘I‘lidquid,
2276 4304 2445 4405 muti?
2496 4306 2812 4405 Visuiimus’
2848 4310 3069 4405 visum;
3104 4310 3531 4405 quidqui‘ibe.’

53 4408 355 4467 Dominum.

773 4489 989 4544 CXXIV.

204 4604 600 4646 BENEDICTIO
645 4608 725 4646 AD
769 4608 977 4650 OMNIA
1023 4611 1158 4659 QUB
1204 4612 1541 4656 VOLIIERIS.

110 4693 361 4761 Benedic,
416 4698 682 4763 Domine,
736 4705 1055 4756 creaturam
1099 4703 1289 4770 istam,
1334 4712 1395 4760 ut
1424 4708 1497 4760 sit
1540 4724 1723 4762 reme-

55 4779 183 4833 dium
215 4786 469 4838 salutare
505 4788 707 4855 generi
740 4788 1017 4857 humano,
1052 4797 1108 4845 et
1134 4799 1339 4861 prresta
1370 4811 1475 4864 per
1505 4796 1727 4851 invoca-

54 4866 234 4925 tionem
286 4875 551 4928 nominis
600 4875 705 4943 tui,
744 4883 807 4930 ut
861 4878 1188 4950 quicunque
1236 4898 1304 4935 ex
1352 4900 1417 4936 ea
1467 4901 1725 4955 sumpse-

57 4955 126 5013 rit.
173 4964 427 5033 corporis
462 4964 773 5018 sanitatem
816 4971 870 5020 et
912 4968 1116 5022 animae
1148 4972 1383 5025 tutelam
1426 4974 1722 5045 percipiat.

55 5043 153 5099 Per.

785 5123 975 5179 CXXV.

427 5226 823 5268 BBNRDICTIO
873 5212 1087 5284 [PANIS
1135 5218 1333 5287 κοινή.

108 5311 357 5381 Benedic,
412 5316 679 5381 Domine,
726 5324 1052 5373 creaturam
1109 5321 1277 5375 istam
1336 5324 1519 5393 panis,
1576 5326 1717 5380 sicut

53 5396 360 5457 benedixisti
409 5404 674 5475 quinque
700 5422 881 5476 panes
910 5407 970 5461 in
1002 5408 1252 5479 deserto,
1285 5417 1350 5465 ut
1380 5428 1577 5467 omnes
1612 5430 1716 5483 gu-

106 5568 125 5591 ⁸
153 5562 291 5617 More
327 5569 596 5619 veterum
626 5580 832 5620 censeo
857 5569 1003 5633 fama
1034 5568 1147 5638 legi
1177 5584 1281 5638 pro
1309 5571 1470 5637 fabae.

1840 4386 2177 4453 nedicimus,
2223 4390 2563 4460 benedicas;
2603 4396 2786 4467 sitque
2833 4399 2901 4451 ad
2938 4406 3145 4452 nostra:
3197 4398 3537 4452 humilitatis

1834 4473 2159 4543 introitum,
2207 4486 2536 4537 sanctorum
2592 4490 2823 4537 tuorum
2875 4486 3093 4538 meritis
3144 4486 3282 4555 fuga
3321 4487 3532 4540 daemo-

1837 4578 1997 4626 num,
2028 4566 2214 4636 angeli
2246 4568 2403 4637 pacis
2435 4570 2747 4641 ingressus.
2775 4574 2883 4626 Per
2914 4572 3240 4626 Dominum.

2591 4686 2775 4740 CXXX.

1963 4799 2200 4842 ORATIO
2247 4804 2349 4841 UBI
2398 4804 2810 4844 V'l-ZSTIIBNTA
2856 4804 3395 4845 CONSERVANTUR.

1908 4890 2078 4957 Deus,
2139 4894 2237 4963 qui
2285 4894 2696 4947 famulantibus
2742 4895 2845 4949 tibi
2901 4894 3102 4947 mentis
3155 4899 3211 4946 et
3269 4898 3529 4963 corporis

1834 4978 2087 5033 subsidia
2130 4980 2574 5034 misericorditer
2618 4982 2861 5052 largiris,
2910 4986 3136 5053 prazsta,
3170 4996 3525 5049 quaesumus,

1833 5073 1897 5121 ut
1938 5084 2066 5136 quae
2114 5068 2203 5121 his
2234 5069 2410 5137 pietas
2440 5074 2535 5122 tua
2583 5071 2639 5123 in
2671 5088 2806 5124 usus
2855 5077 2908 5125 et
2957 5070 3270 5123 necessaria
3316 5084 3526 5139 corpo-

1832 5169 1960 5207 rum
1988 5154 2335 5208 famulorum
2369 5162 2601 5210 tuorum
2632 5160 2890 5225 contulit,
2921 5159 3229 5211 clementer
3269 5154 3526 5211 abunda-

1832 5256 1893 5294 re
1925 5246 1979 5293 et
2010 5258 2340 5295 conservare
2382 5243 2589 5310 facias;
2626 5252 2686 5299 ut
2718 5248 2806 5300 his
2849 5242 3095 5299 exterius
3131 5246 3379 5307 utentes,
3430 5246 3526 5299 in-

1828 5328 2006 5382 terius
2046 5329 2385 5383 indumento
2416 5331 2611 5386 amicti
2633 5336 2895 5404 justitim,
2929 5328 3113 5385 devoti
3156 5343 3384 5396 semper
3416 5334 3527 5387 tibi

1829 5416 2072 5471 existere
2107 5424 2451 5472 mereantur.
2489 5419 2616 5474 Per.
