3868 6228
350 364 445 414 851
1483 358 1817 413 GRIMALDI
1858 358 2370 415 SANGALLENSIS
2407 357 2704 413 ABBATIS
3735 365 3809 414 δηὲ

1084 489 1296 543 CXXXI.

785 593 1022 632 ORATIO
1070 593 1133 632 IN
1183 592 1604 631 REFECTORIO.

421 685 797 754 Omnipotens
873 690 930 738 et
994 684 1323 737 misericors
1399 685 1569 749 Deus,
1631 682 1732 754 qui
1800 684 2044 736 famulos

350 776 478 825 tuos
526 772 587 824 in
618 771 722 824 hac
757 772 929 825 domo
963 771 1067 824 alis
1111 771 1418 823 refectione
1449 771 1681 836 carnali,
1716 770 1908 823 cibum
1958 772 2043 823 vel

350 864 576 929 potum,
609 863 662 911 te
703 858 1096 920 benedicente,
1139 873 1268 911 cum
1299 857 1613 928 gratiarum
1653 856 1873 911 actione
1916 872 2045 926 per-

351 946 589 1015 cipiant,
626 952 681 999 et
708 947 800 1000 hic
832 946 962 1000 etin
992 952 1269 1000 aeternum
1286 962 1390 1016 per
1415 951 1469 999 te
1503 961 1729 1016 semper
1757 945 1895 999 salvi
1923 960 2043 998 esse

355 1039 709 1089 mercantur.
746 1035 852 1086 Per
884 1035 1209 1087 Dominum.

1076 1138 1312 1192 CXXXII.

789 1240 1025 1281 ORATIO
1072 1241 1134 1280 IN
1187 1240 1613 1280 DORMITORIO.

424 1331 687 1393 Benedic,
730 1332 993 1399 Domine,
1024 1331 1129 1384 hoc
1173 1331 1518 1384 famulorum
1552 1336 1785 1385 tuorum
1826 1332 2042 1385 dormio

351 1418 586 1482 torium,
616 1418 714 1488 qui
737 1434 854 1472 non
884 1418 1098 1472 dormis
1124 1435 1312 1489 neque
1336 1420 1631 1486 dormitas,
1664 1420 1761 1489 qui
1794 1420 2043 1473 custodis

350 1506 539 1571 Israel,
574 1507 819 1560 famulos
849 1514 979 1559 tuos
1010 1507 1067 1560 in
1100 1509 1202 1560 hac
1231 1509 1403 1560 domo
1436 1508 1791 1577 quiescentes
1822 1510 2043 1577 postla—

348 1595 570 1660 borem,
617 1596 840 1649 custodi
875 1596 945 1649 ab
984 1596 1351 1649 illusionibus
1384 1597 1853 1666 phantasmaticis
1884 1599 2039 1651 Sata-

354 1700 479 1745 nas:
529 1684 854 1754 vigilantes,
886 1685 947 1737 in
996 1686 1294 1754 praeceptis
1327 1685 1435 1738 tuis
1467 1686 1819 1738 meditentur
1855 1702 1867 1739 :
1911 1686 2041 1739 dor-

351 1771 615 1838 mientes,
666 1778 722 1827 te
761 1789 864 1843 per
893 1790 1155 1843 saporem
1196 1774 1466 1840 sentiant,
1520 1778 1575 1825 et
1608 1773 1698 1826 hic
1729 1778 1784 1827 et
1830 1773 2041 1843 ubique
2081 1786 2120 1838 Β

356 1861 707 1915 defensionis
731 1868 846 1915 tute
868 1861 1074 1916 auxilio
1093 1862 1448 1915 muniantur.
1475 1863 1580 1916 Per
1599 1862 1907 1916 Dominum
1939 1879 2041 1915 no-

354 1956 554 2003 strum.

1059 2021 1335 2075 CXXXIII.

831 2124 1068 2163 ORATIO
1116 2125 1178 2162 IN
1226 2124 1563 2163 CELLARIO.

428 2215 802 2285 Omnipotens
834 2221 888 2268 et
936 2216 1258 2269 misericors
1305 2217 1475 2284 Deus,
1505 2216 1605 2285 qui
1636 2216 1849 2286 ubique
1895 2234 2042 2287 prae-

355 2321 484 2357 sens
512 2321 591 2366 es,
633 2304 987 2373 majestatem
1017 2310 1172 2357 tuam
1206 2304 1542 2374 suppliciter
1568 2305 1945 2375 deprecamur
1986 2311 2046 2359 ut

353 2393 486 2445 huic
534 2394 925 2462 promptuario
975 2393 1159 2464 gratia
1206 2399 1303 2446 tua
1343 2394 1541 2447 adesse
1573 2393 1862 2462 dignetur,
1915 2412 2043 2465 qua:

355 2486 556 2534 cuncta
586 2480 820 2535 adversa
847 2482 917 2535 ab
951 2498 1017 2536 eo
1049 2482 1308 2552 repellat,
1343 2487 1399 2536 et
1429 2482 1837 2536 abundantiam
1875 2484 2045 2539 bene-

356 2569 622 2623 dictionis
656 2574 768 2623 tuae
796 2571 1029 2640 largiter
1059 2570 1341 2623 infundat.
1378 2572 1486 2623 Per
1514 2570 1844 2625 Dominum.

1070 2676 1330 2731 CXXXIV.

795 2779 1031 2819 ORATIO
1080 2780 1142 2817 IN
1189 2778 1595 2818 SCRIPTORIO.

424 2872 763 2924 Benedicere
809 2870 1082 2941 digneris,
1132 2870 1391 2935 Domine,
1423 2869 1530 2922 hoc
1562 2870 1923 2940 scriptorium
1956 2868 2039 2921 fa-

352 2960 643 3013 mulorum
696 2965 949 3024 tuorum,
1000 2966 1056 3012 et
1103 2975 1301 3012 omnes
1349 2958 1671 3011 habitantes
1719 2959 1779 3011 in
1828 2975 1929 3024 eo,.
1981 2962 2043 3011 ut

2075 493 2120 543 A
2147 493 2200 542 te
2233 488 2293 541 in
2324 504 2453 541 arca
2483 487 2697 541 hostias
2721 489 3013 543 oﬁ‘erendo
3042 489 3306 559 placavit,
3343 490 3421 542 ita
3445 489 3659 555 veniat,
3691 506 3809 560 quae-

2152 591 2364 639 sumus,
2424 592 2596 645 super
2648 575 2796 629 hanc
2862 592 3057 629 aream
3117 580 3359 645 speratae
3432 577 3811 631 benedictionis

2151 664 2400 731 ubertas,
2434 669 2497 718 ut
2530 664 2732 733 repleti
2785 663 3046 732 frugibus
3075 665 3208 731 tuis,
3258 666 3328 720 de
3358 672 3459 720 tua
3485 683 3707 737 semper
3731 670 3812 721 mi-

2151 753 2461 807 sericordia
2493 752 2826 824 gloriemur.
2844 784 2847 789 -
2866 755 2987 806 l’nr.

2841 858 3155 913 CXXXVIII.

2624 980 2860 1021 ORATIO
2906 980 2971 1019 IN
3019 980 3372 1021 GRANARIO.

2224 1073 2595 1142 Omnipotens
2649 1076 2706 1125 et
2753 1072 3072 1125 misericors
3132 1074 3299 1139 Deus,
3352 1073 3453 1142 qui
3504 1072 3813 1127 benedixisti

2152 1161 2358 1214 horrea
2388 1160 2618 1230 Ioseph,
2653 1176 2845 1214 aream
2878 1160 3174 1227 Gedeonis,
3212 1167 3268 1214 et
3297 1161 3506 1221 adhuc,
3538 1162 3687 1232 quod
3714 1178 3812 1214 ma-

2144 1250 2241 1319 jus
2287 1254 2389 1314 est,
2416 1249 2567 1317 jacta
2594 1254 2761 1302 terrae
2792 1249 3010 1302 semina
3039 1265 3272 1319 surgere
3303 1249 3438 1302 facis
3467 1266 3599 1303 cum
3646 1250 3814 1303 fenore

2151 1338 2371 1403 messis,
2413 1343 2468 1390 te
2513 1337 2806 1390 humiliter
2851 1353 3183 1407 quaesumus
3214 1342 3277 1390 ut
3318 1337 3465 1390 sicut
3495 1339 3563 1391 ad
3612 1340 3815 1407 petitio-

2152 1442 2284 1480 nem
2321 1425 2519 1479 famuli
2546 1426 2628 1478 tui
2662 1425 2815 1492 Eliaa,
2850 1442 2965 1478 non
2998 1426 3179 1479 defuit
3210 1426 3396 1479 viduae
3429 1426 3635 1492 farina,
3662 1426 3734 1479 ita
3761 1430 3813 1480 ad

2152 1520 2363 1568 nostrae
2408 1514 2703 1584 pravitatis
2749 1514 3041 1583 suffragia,
3096 1514 3228 1567 huic
3259 1514 3465 1567 horreo
3498 1515 3815 1569 famulorum

2152 1611 2382 1657 tuorum
2411 1619 2525 1656 non
2566 1602 2712 1656 desit
2738 1602 3157 1655 benedictionis
3188 1607 3305 1654 tuae
3334 1602 3702 1655 abundantia.
3732 1605 3817 1656 Per

2153 1692 2479 1745 Dominum.

2873 1760 3129 1814 CXXXIX.

2644 1881 2880 1922 ORATIO
2929 1882 2988 1920 IN
3039 1880 3362 1920 PISTRINO.

2226 1974 2619 2028 Sanctiﬁcetur
2663 1974 2825 2026 istius
2857 1973 3101 2026 officina:
3141 1975 3317 2039 locus,
3354 1972 3615 2037 Domine,
3652 1977 3705 2025 et
3746 1971 3816 2024 fu-

2154 2067 2321 2132 getur
2344 2063 2411 2115 ab
2436 2079 2501 2114 eo
2526 2062 3056 2116 omnisimmundus
3076 2062 3309 2131 spiritus
3331 2078 3433 2131 per
3454 2061 3717 2114 virtutem
3740 2061 3819 2113 Do-

2152 2150 2298 2203 mini
2346 2151 2524 2205 nostri
2571 2153 2699 2205 Jesu
2744 2150 2972 2212 Christi,
3028 2151 3309 2221 deturque
3362 2150 3629 2203 omnibus
3667 2150 3721 2201 in
3765 2165 3817 2199 eo

2153 2239 2647 2292 commorantibus
2703 2238 2935 2304 sanitas,
2980 2240 3250 2315 .claritas,
3321 2238 3599 2303 hilaritas,
3660 2244 3817 2307 prote-

2152 2333 2321 2396 gente
2399 2344 2463 2380 ac
2523 2332 2890 2380 conservante
2947 2328 3241 2397 majestate
3294 2333 3417 2396 tua,
3478 2326 3819 2396 omnipotens

2154 2416 2321 2469 Deus.
2356 2415 2462 2479 Qui
2492 2416 2649 2470 vivis.

2924 2486 3064 2539 CXL.

2647 2608 2885 2647 ORATIO
2931 2608 2994 2647 IN
3041 2607 3342 2654 COQUINA.

2228 2701 2378 2752 Deus
2431 2704 2667 2767 aeterne,
2723 2704 2855 2753 ante
2918 2699 3081 2768 cujus
3136 2704 3507 2768 conspectum
3571 2699 3821 2751 assistunt

2152 2787 2365 2856 angeli,
2415 2794 2472 2840 et
2514 2788 2676 2857 cujus
2707 2797 2852 2841 nutu
2898 2791 3177 2856 reguntur
3206 2787 3489 2852 universa,
3537 2786 3638 2856 qui
3668 2786 3818 2838 etiam

2154 2875 2484 2928 necessariis
2528 2876 2796 2929 humana:
2826 2875 3149 2944 fragilitatis
3184 2880 3279 2927 tua
3306 2875 3517 2943 pietate
3548 2875 3819 2926 consulere

2153 2979 2273 3016 non
2304 2964 2539 3026 desinis,
2564 2969 2619 3017 te
2646 2964 2942 3017 humiliter
2962 2963 3337 3031 imploramus
3369 2968 3431 3015 ut
3453 2963 3817 3016 habitaculum

350 3048 630 3118 quidquid
674 3048 765 3101 hic
792 3048 1118 3101 divinarum
1149 3047 1571 3117 Scripturarum
1612 3046 1679 3099 ab
1714 3045 1795 3099 eis
1826 3048 2036 3100 lectum
2077 3062 2117 3118 C
2152 3055 2313 3107 istius
2346 3054 2591 3107 officinae
2637 3054 2733 3107 illa
2770 3054 3173 3107 benedictione
3222 3053 3551 3122 perfundas,
3585 3053 3689 3123 qui
3735 3069 3819 3121 per

352 3136 543 3201 fuerit,
572 3152 742 3189 sensu
772 3136 1023 3205 capiant,
1050 3151 1222 3204 opere
1256 3134 1572 3204 perﬁciant.
1600 3136 1724 3187 Per.

1083 3241 1313 3293 CXXXV.

815 3343 1051 3383 ORATIO
1099 3344 1161 3381 IN
1210 3342 1576 3382 HOSPITALI.

425 3433 798 3503 Omnipotens
835 3439 890 3487 et
922 3433 1244 3487 misericors
1277 3434 1442 3500 Deus,
1477 3432 1576 3503 qui
1606 3448 1664 3486 es
1689 3433 1888 3487 doctor
1918 3450 2042 3488 cor-

354 3522 514 3575 dium
546 3523 928 3576 humanorum
961 3527 1017 3576 et
1048 3522 1319 3591 magister
1341 3522 1701 3591 angelorum,
1731 3526 1786 3575 te
1815 3522 2044 3576 humili-

354 3613 439 3661 ter
486 3625 816 3679 quaesumus
867 3615 929 3662 ut
978 3606 1245 3662 cordibus
1289 3609 1640 3662 famulorum
1689 3613 1921 3662 tuorum
1972 3610 2044 3663 ob

353 3698 594 3766 gratiam
662 3698 1019 3750 salutationis
1086 3699 1274 3750 locum
1344 3697 1495 3750 hunc
1556 3697 2045 3766 frequentantium

355 3801 581 3854 semper
612 3785 807 3839 adesse
848 3786 1126 3855 digneris;
1179 3787 1249 3838 sit
1280 3802 1483 3839 eorum
1517 3802 1704 3838 sermo
1738 3787 1798 3838 in
1838 3786 2044 3840 timore

354 3878 453 3927 tuo
502 3874 739 3943 ignitus,
791 3880 963 3943 atque
1010 3875 1124 3927 sale
1167 3875 1446 3941 conditus,
1503 3874 1744 3929 utilitate
1794 3875 2045 3945 proximi

355 3961 578 4030 plenus,
627 3965 691 4014 ut
750 3977 881 4014 cum
937 3961 1071 4013 hinc
1128 3961 1497 4015 advenientes
1565 3964 1915 4029 recesserint,
1976 3965 2045 4017 de

357 4049 617 4119 exemplo
649 4065 850 4102 eorum
881 4050 1123 4119 gloriam
1150 4051 1236 4102 tui
1268 4051 1522 4103 nominis
1552 4052 1884 4120 praedicent.
1918 4054 2040 4106 Per.

1070 4155 1326 4209 CXXXVI.

670 4256 906 4297 ORATIO
952 4258 1014 4296 IN
1064 4258 1231 4297 DOMO
1278 4258 1727 4299 INFIRMORUM.

431 4346 807 4416 Omnipotens
859 4353 914 4400 et
959 4348 1277 4401 misericors
1326 4351 1493 4415 Dens,
1544 4366 1872 4420 quaesumus
1931 4352 2038 4406 im-
2081 4353 2125 4407 D

360 4451 617 4511 mensam
663 4436 935 4504 pietatem
966 4441 1121 4489 tuam
1166 4441 1227 4490 ut
1265 4438 1330 4490 ad
1364 4438 1664 4491 introitum
1708 4440 2048 4494 humilitatis

359 4528 568 4577 nostrae
616 4524 720 4577 hos
770 4524 1013 4577 famulos
1062 4530 1191 4577 tuos
1237 4526 1341 4579 hoc
1390 4527 1449 4579 in
1498 4527 1821 4582 habitaculo
1870 4530 2049 4584 fessos

352 4614 626 4683 jacentes,
678 4614 969 4667 salutifere
1018 4614 1246 4666 visitare
1288 4615 1559 4683 digneris,
1610 4622 1673 4669 ut
1718 4617 1865 4671 sicut
1913 4618 2046 4672 visi-

357 4702 511 4767 tasti,
574 4702 835 4767 Domine,
897 4702 1154 4769 Tobiam,
1206 4708 1259 4755 et
1317 4703 1535 4770 Saram,
1593 4721 1820 4760 socrum
1870 4708 2045 4773 Petri,

356 4806 721 4861 puerumque
763 4791 1144 4857 (‘enturionis,
1196 4790 1278 4845 ita
1310 4798 1367 4845 et
1396 4792 1488 4845 isti
1518 4793 1762 4862 pristina
1808 4795 2047 4848 sanitate

357 4879 564 4933 anima:
594 4878 966 4949 corporisque
997 4886 1245 4949 recepta,
1288 4881 1602 4950 gratiarum
1647 4881 1753 4935 tibi
1779 4882 1840 4935 in
1869 4884 2047 4937 eccle-

357 4967 441 5021 sia
468 4976 564 5024 tua
588 4968 838 5022 referant
863 4967 1167 5021 actionem.
1204 4969 1311 5021 Per
1342 4968 1670 5023 Domitium.

1048 5074 1343 5130 CXXXVII.

906 5177 1146 5217 ORATIO
1196 5178 1255 5216 IN
1304 5179 1493 5218 ΑΒΕΔ.

429 5250 772 5321 Multiplica,
833 5250 1108 5316 Domine,
1168 5267 1339 5321 super
1414 5269 1518 5306 nos
1596 5252 2045 5307 misericordiam

358 5341 539 5400 tuam,
571 5344 627 5392 et
674 5354 869 5407 preces
906 5343 1127 5391 nostras
1158 5340 1445 5408 propitius
1475 5342 1744 5396 exaudire
1784 5342 2042 5413 dignare,

359 5427 415 5475 et
453 5424 595 5479 sicut
627 5426 905 5479 exaudisti
950 5427 1231 5480 famulum
1264 5434 1427 5482 tuum
1469 5446 1664 5500 regem
1700 5432 1896 5499 David,
1946 5431 2046 5503 qui

430 5585 455 5609 ⁸
484 5578 601 5634 Vox
631 5586 904 5650 usurpata
928 5599 961 5635 a
989 5582 1201 5636 Gallica
1230 5600 1361 5637 voce
1394 5586 1643 5639 Lardz’er.

2157 3159 2360 3196 manus
2392 3142 2577 3196 Eliszei
2603 3144 2899 3213 prophetae
2928 3143 2986 3195 in
3012 3142 3123 3195 olla
3145 3142 3437 3195 eremitica
3459 3146 3656 3210 gustus
3683 3158 3816 3192 ama-

2150 3231 2405 3285 rissimos
2448 3232 2779 3296 dulcorasti,
2814 3235 2869 3284 et
2898 3247 3125 3299 semper
3156 3231 3246 3283 hic
3275 3236 3388 3282 tuae
3430 3229 3818 3282 benedictionis

2154 3319 2317 3389 copia
2349 3319 2726 3385 redundante,
2761 3320 2957 3372 laudes
2993 3319 3097 3372 tibi
3123 3318 3393 3383 referant,
3429 3317 3569 3371 servi
3598 3318 3704 3381 tui,
3736 3318 3816 3386 qui

2152 3408 2250 3461 das
2280 3424 2467 3461 escam
2505 3408 2663 3461 omni
2693 3408 2872 3474 carni,
2906 3412 2961 3461 et
2991 3408 3177 3476 reples
3212 3423 3383 3459 omne
3416 3406 3627 3459 animal
3669 3407 3812 3459 bene

2154 3494 2407 3549 dictione
2439 3495 2682 3549 salvator
2715 3495 2936 3549 mundi.
2971 3493 3077 3559 Qui
3108 3494 3246 3547 vivis
3278 3498 3333 3548 et
3365 3510 3589 3565 regnas.

2920 3619 3086 3673 CXLI.

2597 3739 2834 3779 ORATIO
2880 3741 2943 3779 IN
2991 3740 3318 3780 LARDARIO
3359 3734 3403 3777 ⁸.

2227 3830 2607 3900 Omnipotens
2653 3836 2709 3884 et
2738 3831 3066 3884 misericors
3103 3834 3270 3897 Deus,
3302 3832 3403 3901 qui
3449 3831 3818 3884 necessitatem

2154 3919 2393 3972 humani
2444 3920 2671 3990 generis
2716 3921 3025 3973 clementer
3091 3921 3434 3989 praevidens,
3498 3920 3821 3974 adminicula

2154 4008 2498 4076 temporalia
2543 4007 2850 4075 contulisti,
2893 4009 3191 4061 humiliter
3227 4009 3605 4079 imploramus
3648 4016 3710 4063 ut
3740 4010 3820 4061 be-

2156 4095 2418 4149 nedicere
2450 4095 2703 4164 digneris
2732 4096 2835 4148 hoc
2878 4097 3186 4150 lardarium
3215 4098 3562 4150 famulorum
3592 4104 3820 4157 tuorum,

2156 4189 2219 4237 ut
2272 4184 2421 4254 quod
2466 4184 2558 4237 hic
2612 4190 2711 4237 tua
2762 4184 3152 4239 misericordia
3196 4186 3289 4256 pie
3336 4187 3600 4251 contulit,
3646 4193 3821 4240 nostro

2156 4272 2361 4325 merito
2392 4288 2511 4325 non
2538 4272 2825 4342 depereat.
2861 4274 2988 4326 Per.

2902 4394 3096 4449 CXLII.

2591 4516 2829 4556 ORATIO
2876 4518 2938 4557 1N
2989 4517 3323 4557 cuum“
3367 4506 3410 4557 ι).

2227 4605 2599 4675 Omnipotens
2642 4606 2992 4676 sempiterna
3027 4608 3191 4673 Deus,
3226 4609 3389 4677 cujus
3420 4608 3697 4677 sapientia
3736 4608 3826 4661 Ιιοε

2155 4693 2371 4747 minem
2400 4694 2609 4760 docuit,
2646 4704 2709 4747 ut
2742 4694 2949 4747 domus
2997 4696 3117 4747 haec
3151 4703 3370 4749 careret
3397 4695 3707 4765 aliquando
3740 4696 3825 4748 fri-

2156 4767 2294 4852 gore
2327 4800 2359 4835 a
2409 4782 2697 4836 vicinitate
2730 4783 2898 4850 ignis,
2947 4788 3001 4836 te
3033 4800 3387 4852 quaesumus,
3421 4791 3483 4837 ut
3522 4801 3717 4838 omnes
3746 4785 3826 4837 ha«

2155 4870 2421 4937 bitantes,
2469 4871 2557 4923 vel
2606 4871 3012 4924 convenientes
3056 4871 3116 4924 in
3160 4888 3246 4935 ea,
3297 4878 3528 4925 careant
3572 4874 3629 4926 in
3677 4874 3827 4926 corde

2156 4958 2512 5013 infidelitatis
2561 4958 2771 5029 frigore
2820 4976 2852 5012 a
2900 4959 3122 5015 fervore
3164 4959 3315 5030 ignis
3348 4960 3593 5029 Spiritus
3646 4960 3823 5014 sancti.

2156 5048 2284 5101 Per.

2892 5135 3119 5189 CXLIII.

2503 5256 2742 5296 ORATIO
2788 5256 2855 5295 IN
2904 5257 3215 5298 INTROITU
3266 5258 3513 5299 PORTJ'J.

2226 5346 2466 5400 Domine
2494 5348 2623 5401 Iesu
2657 5347 2895 5410 Christe,
2934 5348 3033 5418 qui
3060 5349 3368 5403 introitum
3403 5357 3700 5420 portarum
3724 5352 3827 5405 Hie-

2154 5435 2406 5489 rusalem
2452 5436 2675 5489 salvans
2724 5437 3112 5504 sanctiﬁcasti,
3150 5438 3287 5491 dum
3336 5440 3643 5509 splendore
3684 5456 3827 5511 gem-

2224 5593 2250 5633 ιι
2277 5592 2618 5647 Caminatum
2654 5597 2887 5663 usurpat
2918 5608 3023 5664 pro
3052 5595 3281 5647 camino.
