3868 6228
68 339 155 388 833

1357 334 1566 388 LIBER
1608 333 2246 389 SACRAMENTORUM.

3447 341 3551 392 854

62 479 263 518 marum
285 463 595 516 duodecim
633 464 877 516 totidem
909 465 1312 532 Apostolorum
1335 464 1571 517 nomina
1602 480 1738 533 prte-
1775 465 1818 517 Α
1848 468 2146 534 captorum
2189 469 2417 518 tuorum
2472 467 2688 520 lumine
2733 468 3074 536 gradientes,
3127 474 3181 522 te
3229 469 3431 523 ducem
3463 487 3549 523 se-

63 552 296 622 signasti,
317 555 375 602 et
402 552 504 620 qui
529 567 632 621 per
652 567 934 618 organum
959 552 1362 622 propheticum
1389 553 1702 622 promisisti
1726 569 1739 606 :

63 641 252 702 Diu-iu,
297 641 662 708 Hierusalem,
726 643 1022 703 Dominum,
1079 643 1210 708 quia
1269 643 1597 706 confortavit
1663 656 1743 694 se-

67 744 141 781 ras
165 735 448 795 portarum
480 733 720 792 tuarum,
756 731 805 780 et
831 727 1106 780 benedixit
1143 728 1284 796 ﬁlios
1319 733 1435 782 tuos
1476 733 1532 781 in
1568 734 1616 782 te
1644 746 1655 782 :
1692 734 1745 782 te

68 831 399 887 quaesumus,
426 822 489 869 ut
521 832 700 885 ponas
730 831 928 868 omnes
961 814 1107 869 ﬁnes
1163 817 1369 870 domus
1402 817 1561 870 istius
1624 833 1746 870 san-

69 911 154 958 ctae
181 905 370 958 Maria:
404 909 461 957 et
509 904 690 957 sancti
741 904 892 958 Petri
949 920 1172 972 pacem.
1224 910 1286 958 ut
1316 907 1586 959 velociter
1614 921 1744 960 cur-

71 1009 203 1054 rens,
233 991 482 1045 interius
503 1007 691 1044 sermo
725 997 856 1044 tuus
886 992 1054 1060 adipe
1106 991 1378 1044 frumenti
1422 992 1588 1045 satiet
1617 1009 1742 1058 eos;

71 1081 286 1150 Spiritus
322 1087 558 1133 sanctus
596 1079 864 1134 defendat
887 1079 1038 1143 illos,
1099 1083 1163 1132 ut
1194 1095 1491 1148 nunquam
1537 1081 1618 1134 eis
1649 1096 1748 1134 no-

69 1185 176 1221 cere
199 1169 509 1238 praevaleat
544 1169 832 1234 inimicus,
861 1167 956 1220 sed
990 1183 1189 1220 omnes
1221 1167 1543 1222 habitantes
1593 1170 1748 1222 inte-

73 1257 169 1310 rius
202 1273 352 1321 voce,
390 1257 589 1321 corde,
630 1261 685 1309 et
735 1272 907 1324 opere
938 1256 1264 1321 decantent,
1295 1255 1548 1310 dicentes
1579 1274 1591 1310 :
1643 1258 1749 1310 Ma-

69 1362 195 1414 guns
235 1346 517 1399 Dominus
549 1349 738 1398 uoster
775 1346 936 1398 Jesus
989 1345 1264 1411 Christus,
1297 1351 1352 1398 et
1386 1362 1598 1416 magna
1625 1347 1741 1399 vir-

71 1441 146 1487 tus
174 1434 382 1503 ejus,et
415 1433 716 1503 sapientia:
740 1433 863 1500 ejus
894 1448 1011 1485 non
1042 1439 1127 1486 est
1158 1447 1454 1487 numerus.
1481 1435 1588 1498 Qui
1614 1450 1745 1488 cum

73 1524 211 1575 Patre
235 1527 292 1574 et
318 1521 536 1590 Spiritu
573 1526 766 1573 sancto
799 1519 936 1573 vivis
966 1526 1023 1574 et
1054 1536 1259 1590 regnas
1292 1522 1458 1588 Deus,
1491 1539 1595 1593 per
1626 1539 1746 1576 om-

77 1610 157 1662 nia
180 1609 382 1662 secula
411 1610 777 1663 saeculorum.
854 1648 864 1658 .

787 1698 1002 1751 CXLIV.

129 1800 484 1840 ORATIONBS
525 1800 974 1841 HATU'I'INALES
1013 1800 1083 1839 ET
1119 1800 1669 1841 V’ESPERTINALES.

719 1874 1089 1927 Matutinales.

129 1962 390 2016 Matutina
439 1961 765 2032 supplicum
823 1967 970 2026 vota,
1019 1961 1282 2026 Domine,
1324 1961 1607 2032 propitius
1657 1963 1745 2016 in-

74 2057 232 2115 tuere,
261 2057 316 2104 et
367 2051 593 2104 occulta
631 2050 816 2103 cordis
846 2050 1028 2104 nostri
1056 2051 1313 2104 remedio
1348 2055 1462 2103 tuae
1500 2050 1748 2104 clariﬁca

75 2138 296 2208 pietatis,
324 2147 384 2192 et
412 2139 699 2193 desideria
731 2138 1032 2192 tenebrosa
1061 2154 1180 2191 non
1210 2144 1446 2192 teneant
1480 2155 1624 2209 quos
1653 2140 1749 2193 lux

74 2228 290 2280 caelestis
319 2227 521 2297 gratia:
535 2227 841 2296 reparavit.
875 2228 1000 2279 Per.

132 2316 524 2385 Omnipotens,
556 2314 906 2384 sempiterne
939 2316 1106 2379 Deus,
1141 2314 1290 2383 apud
1321 2329 1492 2384 quem
1525 2331 1750 2385 semper

76 2404 197 2456 nihil
228 2405 538 2458 obscurum
571 2408 672 2468 est,
722 2402 868 2456 nihil
919 2403 1311 2468 tenebrosum,
1341 2403 1556 2467 emitte,
1590 2420 1746 2474 quae-

74 2509 268 2559 sumus,
306 2492 574 2557 Domine,
610 2493 796 2545 lucem
827 2496 982 2544 tuam
1013 2491 1074 2543 in
1134 2491 1400 2545 cordibus
1431 2493 1658 2559 nostris,
1686 2497 1751 2546 ut

75 2581 457 2634 mandatorum
488 2585 722 2633 tuorum
765 2579 888 2649 lege
910 2584 1198 2648 percepta,
1251 2578 1312 2632 in
1362 2579 1455 2633 via
1481 2585 1579 2633 tua
1625 2597 1747 2634 am-

74 2669 327 2733 bulantes,
362 2668 506 2722 nihil
536 2669 826 2738 patiamur
857 2667 1088 2722 erroris.
1110 2670 1249 2737 Per.

132 2761 286 2821 Deus,
322 2758 424 2827 qui
454 2757 759 2826 vigilantes
790 2757 849 2809 in
883 2757 1146 2810 laudibus
1187 2755 1300 2808 tuis
1333 2756 1549 2809 ccelesti
1589 2773 1744 2809 mer-

73 2846 188 2899 cede
207 2861 562 2910 remuneras,
590 2845 854 2897 tenebras
879 2845 949 2897 de
978 2843 1248 2897 cordibus
1271 2845 1482 2897 nostris
1523 2845 1746 2897 auferre

72 2934 323 3004 digneris,
375 2939 440 2987 ut
483 2933 786 3003 splendore
836 2932 1073 2986 luminis
1100 2932 1186 2985 tui
1234 2946 1463 3002 semper
1491 2933 1743 3001 gaudea-

75 3038 202 3076 mus.
237 3024 340 3076 Per
374 3021 682 3075 Dominum
713 3025 996 3072 nostrum.

131 3110 336 3164 Gratias
379 3109 483 3163 tibi
543 3108 789 3178 agimus,
827 3107 1066 3161 Domine
1093 3112 1304 3174 sancte,
1357 3109 1524 3161 Pater
1553 3108 1744 3162 omni-

76 3205 280 3268 potens,
332 3204 550 3252 aeterne
604 3199 771 3263 Deus,
820 3197 919 3267 qui
969 3212 1073 3249 nos
1121 3197 1191 3248 de
1249 3201 1533 3248 transacto
1568 3196 1767 3250 noctis.

77 3287 238 3357 spatio
295 3288 363 3341 ad
424 3285 742 3340 matutinas
786 3285 955 3339 horas
1017 3284 1330 3354 perducere
1361 3284 1632 3353 dignatus
1663 3302 1742 3351 es,

76 3391 382 3444 quaesumus
413 3379 478 3428 ut
527 3374 706 3427 dones
744 3372 911 3426 nobis
956 3371 1110 3425 diem
1149 3372 1304 3425 hunc
1345 3372 1467 3425 sine
1516 3377 1746 3440 peccato

74 3464 314 3529 transire,
350 3467 638 3533 quatenus
673 3462 741 3515 ad
775 3475 1074 3530 vesperum
1107 3465 1164 3513 et
1211 3475 1438 3530 semper
1486 3460 1590 3515 tibi
1635 3462 1746 3514 Deo

75 3553 262 3617 gratias
288 3551 628 3605 referamus.
662 3551 770 3602 Per
795 3547 1100 3602 Dominum
1134 3552 1414 3601 nostrum.

132 3641 502 3709 Exsurgentes
569 3638 638 3690 de
696 3637 982 3690 cubilibus
1029 3635 1160 3701 tuis,
1221 3635 1499 3688 auxilium
1547 3635 1745 3701 gratiae

73 3733 167 3780 tua:
196 3727 515 3790 matutinis,
548 3725 809 3789 Domine,
841 3724 1608 3795 precibusimploramus,ut,
1636 3723 1746 3777 dis-

73 3817 225 3869 cussis
284 3815 544 3870 tenebris
601 3814 897 3880 vitiorum,
953 3813 1247 3866 ambulare
1302 3828 1630 3866 mereamur
1683 3812 1745 3866 in

75 3905 178 3958 luce
203 3905 504 3959 virtutum.
536 3904 660 3957 Per.

129 3994 193 4046 Te
224 3995 408 4046 lucem
463 4005 660 4045 veram
693 3995 750 4042 et
791 3987 933 4042 lucis
971 3992 1286 4056 auctorem,
1350 3988 1611 4050 Domine,
1643 3988 1741 4041 de-

79 4097 372 4147 precamur,
431 4087 492 4134 ut
541 4078 796 4147 digneris
843 4094 875 4130 a
920 4076 1087 4130 nobis
1141 4077 1406 4130 tenebras
1455 4076 1743 4146 depellere

77 4169 340 4236 vitiorum,
373 4175 433 4222 et
463 4167 776 4222 clariﬁcare
809 4182 912 4220 nos
945 4167 1070 4219 luce
1099 4165 1393 4219 virtutum.
1422 4167 1544 4218 Per.

137 4259 335 4311 Veritas
368 4264 492 4323 tua,
527 4270 878 4326 quaesumus,
932 4254 1192 4320 Domine,
1242 4254 1427 4307 luceat
1457 4254 1513 4306 in
1556 4254 1740 4307 cordi-

78 4345 162 4397 bus
186 4345 411 4411 nostris,
439 4350 499 4398 et
524 4342 714 4397 omnis
742 4342 958 4396 falsitas
986 4341 1239 4394 destruat
1267 4341 1504 4394 inimici.
1543 4343 1666 4395 Per.

131 4434 384 4488 Sensibus
413 4432 648 4496 nostris,
683 4446 1036 4501 quaesumus,
1065 4429 1326 4496 Domine,
1390 4430 1585 4483 lumen
1614 4446 1742 4483 san-

77 4526 205 4575 ctum
231 4523 515 4591 benignus
545 4519 803 4580 infunde,
837 4523 905 4572 ut
933 4517 1036 4571 tibi
1057 4532 1283 4587 semper
1314 4517 1494 4570 simus
1529 4517 1742 4587 devoti,

77 4609 211 4676 cujus
234 4607 518 4679 sapientia
543 4605 720 4660 creati
752 4620 950 4658 sumus
980 4609 1037 4658 et
1067 4603 1430 4674 providentia
1460 4605 1745 4674 guberna-

80 4711 202 4750 mur.
228 4700 333 4752 Per
366 4695 677 4751 Dominum
709 4698 992 4746 nostrum.

134 4786 236 4838 Tua
264 4801 389 4849 nos,
421 4782 664 4838 Domine
705 4781 916 4834 veritas
961 4795 1192 4848 semper
1221 4779 1532 4848 illuminet,
1572 4785 1629 4834 et
1672 4780 1743 4835 ab

80 4875 208 4927 omni
241 4873 525 4944 pravitate
565 4869 834 4924 defendat
863 4874 1034 4938 atque
1066 4867 1370 4921 custodiat.
1401 4869 1526 4922 Per.

139 4960 302 5032 [Auge
355 4961 416 5015 in
457 4958 649 5024 nobis,
696 4957 955 5020 Domine,
986 4955 1161 5010 tidem
1192 4961 1372 5021 tuam,
1399 4962 1454 5008 et
1496 4955 1744 5025 Spiritus

87 5051 238 5104 sancti
271 5051 457 5103 lucem
497 5062 723 5118 semper
754 5046 816 5099 in
849 5045 1018 5099 nobis
1062 5044 1326 5098 accende.
1362 5045 1484 5098 Per.
1519 5045 1583 5097 In
1614 5044 1741 5098 uni-

81 5142 172 5191 tate
197 5137 478 5207 ejusdem.

136 5225 340 5279 Gratias
370 5224 599 5294 agimus
630 5221 937 5276 enarrabili
973 5221 1172 5292 pietati
1210 5225 1346 5284 tuze,
1379 5219 1744 5290 omnipotens

85 5312 222 5379 Deus,
253 5314 351 5384 qui
383 5329 510 5377 nos,
545 5311 786 5381 depulsa
816 5310 998 5364 noctis
1019 5309 1284 5379 caligine,
1321 5309 1392 5363 ad
1423 5309 1539 5363 diei
1571 5309 1745 5378 hujus

85 5403 400 5472 principium
423 5399 763 5472 perduxisti,
788 5403 846 5452 et
865 5398 1085 5467 abjecta
1108 5397 1449 5467 ignorantiae
1471 5397 1741 5462 caecitate,

85 5490 140 5542 ad
172 5492 374 5545 cultum
409 5491 494 5543 tui
526 5487 781 5543 nominis
810 5492 978 5558 atque
1009 5487 1303 5540 scientiam
1354 5486 1648 5552 revocasti,
1677 5486 1745 5539 il-

87 5578 247 5634 labere
273 5579 532 5634 sensibus
562 5578 774 5632 nostris
798 5575 1164 5645 omnipotens
1196 5575 1381 5641 Pater,
1415 5580 1480 5629 ut
1511 5575 1571 5628 in
1604 5589 1748 5644 pras-

1855 568 2103 622 quamur
2133 557 2189 605 et
2222 553 2561 621 principem.
2601 557 2721 607 Per.

1927 642 2097 708 Deus,
2132 640 2231 709 qui
2275 642 2535 693 tenebras
2584 643 2923 709 ignorantiae
2964 645 3120 698 verbi
3178 646 3260 699 tui
3292 648 3416 701 luce
3445 648 3548 701 de-

1855 729 2040 798 pellis,
2078 745 2224 798 auge
2257 730 2315 781 in
2349 731 2614 783 cordibus
2669 732 2874 784 nostris
2904 732 3176 786 virtutem
3209 734 3341 786 ﬁdei
3373 751 3545 804 quam

1857 817 2084 883 dedisti,
2119 824 2182 870 ut
2215 818 2364 887 ignis
2394 835 2566 888 quem
2589 819 2773 887 gratia
2803 824 2898 871 tua
2927 821 3057 872 fecit
3087 822 3340 887 accendi,
3374 822 3549 875 nullis

1857 905 2270 959 tentationibus
2305 907 2484 976 possit
2510 907 2821 976 exstingui.
2855 910 2974 960 Per.

1923 993 2172 1046 Auribus
2203 994 2450 1062 percipe,
2486 1010 2833 1064 quaesumus,
2876 995 3134 1060 Domine,
3165 996 3334 1049 verba
3361 999 3545 1051 cordis

1857 1081 2058 1150 nostri,
2103 1084 2528 1153 clamoremque
2582 1083 2933 1136 matutinum
2991 1084 3122 1152 pius
3173 1089 3452 1138 scrutator
3490 1088 3548 1140 in

1855 1171 2045 1239 tellige
2072 1190 2086 1236 ;
2121 1176 2181 1222 ut
2213 1171 2413 1224 orandi
2437 1172 2507 1224 ad
2533 1177 2583 1224 te
2615 1172 2778 1224 nobis
2809 1172 2882 1224 sit
2910 1173 3022 1226 lida
3044 1173 3292 1237 devotio,
3329 1180 3540 1244 tuaque

1858 1259 2105 1313 donetur
2148 1260 2310 1313 nobis
2342 1260 2592 1313 diluculo
2619 1261 3044 1330 contemplatio,
3097 1267 3150 1313 et
3181 1267 3547 1329 peccatorum

1857 1347 2117 1400 omnium
2152 1353 2345 1417 optata
2377 1348 2655 1401 remissio.
2694 1350 2796 1400 Per
2829 1349 3187 1420 Dominum.]

2501 1437 2914 1504 VeSpcrtinales.

1925 1525 2151 1579 Oriatur
2199 1525 2560 1576 nascentibus
2611 1524 2858 1577 tenebris
2903 1541 3112 1578 aurora
3160 1525 3421 1594 justitiae,
3480 1533 3543 1582 ut

1854 1617 2084 1683 peracto
2129 1612 2219 1665 die
2264 1612 2369 1664 tibi
2415 1612 2742 1682 suppliciter
2809 1612 3020 1683 gratias
3083 1619 3318 1683 agentes
3372 1615 3548 1668 etiam

1855 1715 2024 1753 mane
2053 1699 2359 1770 dignanter
2387 1701 2626 1770 recipias
2657 1705 2785 1752 vota
2812 1703 3113 1754 solventes.
3138 1703 3262 1754 Per.

1781 1757 1823 1811 Β
1930 1790 2080 1842 Tuus
2112 1788 2248 1852 dies,
2291 1789 2545 1854 Domino,
2579 1793 2632 1840 et.
2663 1793 2759 1840 tua
2789 1794 2870 1840 est
2903 1804 3040 1856 nox,
3075 1791 3316 1842 concede
3369 1791 3546 1844 solem

1853 1876 2091 1947 justitiaa
2118 1892 2457 1945 permanere
2479 1875 2536 1927 in
2553 1876 2819 1929 cordibus
2838 1876 3067 1944 nostris,
3097 1877 3167 1930 ad
3184 1878 3542 1947 repellendas

1858 1965 2123 2019 tenebras
2155 1964 2560 2033 cogitationum
2596 1965 2947 2034 iniquarum.
2989 1967 3112 2018 Per.

1929 2053 2150 2107 Gratias
2177 2052 2304 2116 tibi,
2341 2053 2604 2118 Domine,
2640 2053 2885 2121 agimus,
2918 2053 3182 2107 custoditi
3223 2071 3324 2124 per
3363 2055 3546 2120 diem;

1857 2142 2066 2213 gratias
2098 2140 2201 2194 tibi
2232 2141 2589 2206 exsolvimus,
2626 2141 2985 2194 custodiendi
3009 2158 3110 2210 per
3141 2148 3364 2196 noctem
3403 2160 3414 2196 :
3450 2159 3545 2197 re-

1857 2235 2139 2302 praesenta
2166 2246 2286 2295 nos,
2322 2245 2673 2298 quaesumus,
2708 2229 2968 2293 Domine,
3034 2231 3333 2282 matutinis
3393 2231 3548 2284 horis

1857 2321 2189 2383 incolumes,
2226 2323 2288 2370 ut
2319 2335 2418 2370 nos
2462 2319 2618 2370 omni
2666 2325 2925 2388 tempore
2957 2318 3166 2371 habeas
3203 2319 3542 2373 laudatores.

1858 2410 1985 2463 Per.

1929 2497 2322 2567 Omnipotens,
2360 2495 2702 2564 sempiterne
2737 2497 2903 2561 Deus,
2933 2513 3167 2566 vespere
3194 2503 3244 2550 et
3295 2513 3462 2550 mane
3495 2503 3550 2549 et

1857 2586 2096 2641 meridie
2131 2585 2483 2655 majestatem
2517 2591 2671 2638 tuam
2703 2585 3036 2654 suppliciter
3062 2586 3437 2656 deprecamur
3467 2593 3545 2648 ut,

1858 2676 2106 2747 expulsis
2161 2675 2230 2728 de
2287 2674 2550 2726 cordibus
2609 2674 2813 2726 nostris
2873 2680 3230 2743 peccatorum
3271 2675 3544 2741 tenebris,

1857 2767 1924 2818 ad
1954 2780 2148 2817 veram
2173 2764 2379 2826 lucem,
2414 2778 2539 2832 qua)
2572 2761 2825 2815 Christus
2858 2767 2960 2824 est,
2998 2778 3099 2814 nos
3141 2761 3313 2814 facias
3343 2778 3548 2832 perve-

1855 2855 1998 2908 nire.
2035 2854 2137 2905 Per
2166 2851 2431 2903 eumdem
2469 2849 2767 2902 Dominum
2803 2857 3083 2902 nostrum.

1931 2943 2097 3003 Deus,
2135 2940 2235 3010 qui
2281 2939 2574 2991 illuminas
2608 2945 2854 3006 noctem,
2887 2944 2943 2992 et
2976 2941 3155 2991 lucem
3211 2943 3337 3008 post
3388 2943 3544 2992 tene-

1781 3038 1822 3093 C
1850 3033 1979 3086 bras
2000 3029 2155 3095 facis,
2179 3027 2424 3080 concede
2459 3026 2622 3079 nobis
2656 3031 2715 3079 ut
2748 3029 2892 3080 hanc
2933 3031 3160 3079 noctem
3192 3026 3312 3078 sine
3351 3026 3538 3095 impe—

1854 3121 2111 3175 dimento
2160 3116 2384 3170 Satanas
2415 3121 2790 3180 transeamus,
2820 3120 2990 3184 atque
3048 3114 3343 3168 matutinis
3392 3115 3548 3167 horis

1853 3209 1925 3262 ad
1958 3208 2134 3260 altare
2166 3210 2328 3258 tuum
2381 3210 2757 3270 recurrentes,
2791 3204 2894 3257 tibi
2945 3205 3058 3257 Deo
3092 3203 3303 3274 gratias
3337 3203 3546 3257 refera-

1853 3313 2000 3350 mus.
2035 3298 2139 3349 Per
2168 3293 2498 3348 Dominum.

1923 3383 2270 3454 Vespertiuaa
2301 3381 2482 3434 laudis
2513 3380 2698 3433 ofticiu
2742 3381 3148 3450 persolventes,
3183 3379 3546 3433 clementiam

1851 3476 2033 3534 tuam,
2070 3471 2335 3535 Domine,
2367 3467 2570 3519 humili
2597 3482 2765 3535 prece
2790 3467 3167 3536 deposcimus,
3197 3471 3254 3517 ut
3284 3466 3548 3519 nocturni

1850 3557 2202 3612 insidiatoris
2248 3555 2501 3621 fraudes,
2547 3560 2598 3607 te
2631 3559 2987 3624 protegente,
3045 3553 3355 3607 vincamus.
3441 3555 3545 3606 Per

1856 3647 2185 3702 Dominum.

1922 3734 2161 3796 Exaudi,
2196 3731 2458 3795 Domine,
2502 3731 2750 3783 famulos
2781 3736 2924 3793 tuos,
2969 3730 3290 3799 vespertina
3321 3731 3543 3782 nomini

1850 3827 1950 3877 tuo
1984 3827 2112 3876 vota
2147 3821 2465 3888 reddentes,
2498 3826 2552 3872 et
2574 3836 2716 3888 quos
2739 3819 3077 3887 persingula
3108 3818 3220 3872 diei
3253 3823 3544 3871 momenta

1851 3912 2105 3975 servasti,
2137 3927 2241 3980 per
2287 3909 2464 3962 noctis
2503 3908 2754 3978 quietem
2799 3907 3084 3971 custodire
3115 3907 3373 3975 dignare.
3413 3908 3538 3960 Per.

1922 4001 2283 4072 [Propitiare,
2329 3999 2588 4062 Domine,
2640 3996 2975 4066 vespertinis
3029 3996 3542 4066 supplicationibus

1851 4089 2077 4155 nostris,
2113 4095 2168 4140 et
2197 4088 2281 4140 fac
2330 4103 2431 4139 nos
2459 4087 2580 4139 sine
2612 4091 2768 4138 reatu
2806 4084 3099 4138 matutinis
3132 4083 3234 4137 tibi
3275 4083 3542 4137 laudibus

1849 4176 2206 4246 praesentari.
2243 4177 2368 4229 Per.

1919 4266 2279 4330 Quaesumus,
2333 4262 2572 4316 Domine
2630 4263 2776 4316 Deus
2831 4265 3042 4324 noster,
3095 4261 3207 4315 diei
3253 4259 3544 4314 molestias

1781 4335 1823 4389 D
1852 4354 2030 4407 noctis
2059 4353 2251 4423 quiete
2310 4356 2588 4417 sustenta,
2625 4357 2686 4404 ut
2717 4351 3035 4404 necessaria
3083 4357 3411 4419 temporum
3457 4350 3540 4400 vi-

1849 4441 2182 4496 cissitudine
2206 4440 2564 4504 succedente,
2623 4445 2815 4492 nostra
2877 4439 3166 4492 reﬁcietur
3205 4437 3532 4491 inﬁrmitas.

1852 4531 1958 4584 Per
1989 4525 2348 4597 Dominum.)
2516 4601 2520 4605 .
2605 4597 2777 4650 CXLV

2509 4699 2675 4738 SUPER
2741 4697 3065 4736 ENERGUHEN
3075 4698 3144 4735 Ulli
3201 4698 3476 4737 CATECHUM
3486 4699 3545 4735 Β·

2619 4787 2776 4826 NUM.

1851 4704 2121 4743 IMPOSITIO
2198 4703 2305 4740 MAN
2315 4702 2343 4740 L'
2354 4703 2422 4738 ΗΜ

1924 4865 2318 4933 Omnipotens,
2353 4859 2700 4928 sempiterne
2735 4859 2904 4918 Deus,
2957 4874 2988 4910 a
3041 4857 3203 4925 cujus
3234 4858 3374 4912 facie
3413 4859 3542 4913 εωιί
3624 4855 3640 4860 ’

1850 4953 2146 5017 distillant,
2186 4955 2406 5004 montes
2437 4951 2580 5000 sicut
2609 4963 2736 4999 cera
2768 4947 3112 5015 liquescunt,
3144 4951 3294 4999 terra
3330 4948 3541 5012 tremit,

1851 5042 1946 5096 cui
1966 5046 2164 5112 patent
2192 5037 2402 5106 abyssi,
2434 5052 2604 5106 quem
2635 5035 2894 5088 internus
2913 5033 3180 5102 pavescit,
3216 5050 3391 5102 quem
3417 5051 3545 5088 om-

1853 5131 1943 5184 nis
1999 5131 2216 5182 irarum
2251 5137 2438 5179 motus
2468 5124 2750 5192 aspiciens
2782 5123 3120 5174 liumiliatur
3152 5137 3172 5188 :_
3199 5127 3252 5174 te
3300 5124 3543 5192 supplex

1852 5218 2151 5286 deprecor,
2203 5212 2462 5278 Domine,
2495 5215 2558 5264 ut
2617 5211 2976 5264 invocatione
3010 5208 3259 5262 nominis
3313 5211 3414 5273 tui,
3473 5212 3544 5264 ab

1852 5306 2022 5375 hujus
2053 5303 2253 5358 famuli
2285 5302 2367 5354 tui
2399 5300 2699 5352 vexatione
2729 5300 2996 5353 confusus
3029 5298 3295 5352 inimicus
3338 5299 3541 5353 absce-

1853 5395 1966 5460 dat,
2000 5402 2054 5446 et
2083 5392 2154 5446 ab
2185 5392 2352 5458 hujus
2387 5387 2747 5457 possessione
2791 5388 2984 5441 anima
3014 5387 3268 5454 liberata,
3325 5389 3394 5442 ad
3443 5406 3548 5443 au-

1856 5487 2075 5537 ctorem
2113 5495 2228 5533 sua:
2259 5477 2454 5531 salutis
2485 5482 2766 5543 recurrat,
2807 5477 3289 5548 liberatoremque
3345 5494 3535 5542 suum,

1859 5570 2141 5628 diabolica
2171 5569 2350 5624 fetore
2381 5565 2641 5635 depulso,
2688 5571 2746 5621 et
2775 5565 2952 5621 odore
3005 5565 3342 5622 suavissimo
3374 5564 3548 5637 Spiri-
