3868 6228
317 276 419 327 855

1451 274 1787 329 GRIMALDI
1829 275 2052 330 SANGA
2066 275 2354 331 LLENSIS
2392 278 2683 332 ABBATIS

3730 284 3826 335 856

294 378 408 465 tus
438 409 619 465 sancti
647 414 935 481 percepto,
999 412 1292 478 sequatur.
1359 411 1466 462 Per
1522 409 1829 463 Dominum
1888 426 1998 463 no-
2037 412 2083 464 Α
2110 410 2288 479 rebat,
2324 413 2559 466 territus
2588 413 2771 481 abeat,
2801 418 2856 468 et
2876 415 3058 468 victus
3088 416 3384 482 abscedat,
3423 416 3661 487 tibique
3698 432 3823 487 pos-

318 504 500 552 strum
514 537 527 551 .

1050 586 1270 640 CXLVI.

498 707 646 745 ITEM
689 706 839 745 ΑιΙΑ
876 706 994 746 PRO
1034 705 1330 746 Μηνυιο
1369 706 1827 746 ENBRGUMBNO.

385 799 621 852 Domine
652 802 864 864 sancte,
902 799 1067 851 Pater
1125 798 1512 867 omnipotens,
1569 803 1782 851 aeterne
1831 800 2001 863 Deus,

313 886 579 939 virtutem
613 891 769 940 tuam
809 886 941 939 totis
972 903 1143 939 exoro
1178 886 1505 955 gannitibus,
1541 903 1643 957 pro
1700 886 1875 957 hujus
1921 888 2001 940 fa-

314 975 460 1028 muli
487 975 570 1027 tui
610 989 884 1043 oppressa
931 974 1168 1027 infantia
1198 991 1210 1027 :
1250 975 1346 1045 qui
1372 976 1545 1028 etiam
1576 976 1831 1045 indignis
1859 976 2011 1029 inter

314 1079 607 1133 presseras
636 1063 811 1116 donas
841 1063 1171 1132 praesidium
1203 1080 1443 1133 exsurge
1468 1080 1569 1134 pro
1612 1065 1784 1134 hujus
1819 1063 2008 1118 infan-

314 1153 395 1205 tia
424 1152 727 1217 debellata,
754 1158 810 1205 et
842 1152 955 1205 noli
984 1152 1080 1205 diu
1100 1152 1345 1205 retinere
1378 1153 1711 1219 vindictam,
1746 1169 1849 1207 nec
1879 1158 2009 1209 ante

316 1243 683 1307 conspectum
714 1243 875 1291 tuum
906 1238 1136 1291 veniant
1169 1243 1475 1307 parentum
1515 1239 1740 1304 delicta,
1775 1240 1874 1309 qui
1904 1255 2009 1293 nec

228 1312 235 1313 ί
315 1342 419 1397 pro
442 1326 557 1379 ﬁlio
587 1331 830 1395 patrem,
856 1341 959 1378 nec
985 1342 1087 1395 pro
1109 1331 1272 1395 patre
1304 1327 1617 1396 promisisti
1639 1328 1826 1381 tilium
1849 1328 2004 1395 judi-

316 1414 478 1468 cari:
524 1414 817 1475 auxiliare,
869 1430 1223 1484 quaesumus,
1267 1415 1487 1468 inimici
1533 1416 1724 1469 furore
1779 1422 2006 1482 vexato,

316 1519 388 1556 ne
438 1504 560 1555 sine
602 1503 944 1572 baptismate
996 1502 1169 1555 facias
1218 1503 1343 1572 ejus
1387 1505 1639 1557 animam
1691 1522 1723 1557 a
1779 1505 2008 1559 diabolo

316 1592 614 1662 possideri,
668 1592 766 1644 sed
813 1591 1003 1661 potius
1040 1597 1238 1644 tenera
1286 1597 1421 1645 aetas
1472 1593 1737 1663 malignis
1769 1610 2008 1662 oppres-

318 1680 575 1734 sionibus
627 1680 886 1739 liberata,
930 1680 1036 1733 tibi
1096 1680 1305 1733 referat
1343 1681 1555 1749 gratias
1608 1682 2004 1751 sempiternas.

322 1771 447 1822 Per.

1046 1856 1291 1911 CXLVII.

488 1977 640 2016 ITEM
674 1976 873 2016 SUPER
912 1977 1397 2017 ENERGUMENUM
1432 1978 1871 2020 BAPTIZATUM.

394 2070 541 2122 Deus
591 2069 954 2137 angelorum,
990 2071 1132 2122 Deus
1162 2068 1660 2137 archangelorum,
1706 2071 1852 2124 Deus
1881 2088 2018 2141 pro.

321 2156 645 2225 phetarum,
679 2157 824 2209 Deus
860 2158 1273 2225 apostolorum,
1304 2157 1453 2209 Deus
1484 2163 1827 2227 martyrum,
1871 2161 2020 2213 Deus

320 2245 630 2315 virginum,
684 2245 831 2297 Deus
890 2246 1056 2297 Pater
1109 2245 1340 2299 Domini
1379 2246 1560 2299 nostri
1615 2248 1742 2301 Jesu
1787 2248 2018 2315 Christi,

322 2334 522 2386 invoco
549 2337 805 2386 sanctum
838 2349 1049 2386 nomen
1079 2339 1268 2402 tuum,
1293 2349 1355 2387 ac
1375 2335 1659 2404 praeclarae
1704 2337 2021 2406 majestatis

323 2427 437 2475 tute
468 2421 833 2474 clementiam
874 2422 1113 2491 supplex
1142 2437 1405 2491 exposco,
1452 2426 1512 2475 ut
1566 2422 1710 2476 mihi
1743 2424 2021 2478 auxilium

326 2514 598 2580 praestare
623 2509 878 2578 digneris
928 2509 1195 2562 adversus
1242 2510 1396 2563 hunc
1450 2511 1868 2581 nequissimum
1908 2514 2022 2584 spi-

324 2597 520 2657 ritum,
551 2602 616 2650 ut
647 2596 976 2667 ubicunque
1011 2598 1167 2659 latet,
1220 2598 1416 2651 audito
1445 2598 1681 2652 nomine
1713 2605 1834 2663 tuo,
1868 2602 2024 2655 velo-

324 2686 464 2738 citer
500 2690 663 2738 exeat
710 2686 796 2738 vel
830 2686 1073 2739 recedat.
1131 2687 1251 2755 lpse
1283 2686 1437 2739 enim
1470 2687 1575 2740 tibi
1606 2687 1870 2757 imperat,
1905 2689 2024 2743 dia-

327 2774 477 2837 bole,
503 2771 601 2841 qui
636 2773 818 2826 ventis
848 2779 902 2827 et
932 2774 1077 2827 mari
1110 2776 1196 2827 vel
1228 2775 1664 2843 tempestatibus
1696 2776 2021 2846 imperavit.

328 2863 454 2931 Ipse
480 2862 584 2915 tibi
616 2862 881 2931 imperat,
921 2863 1016 2932 qui
1045 2867 1099 2916 te
1133 2864 1202 2917 de
1233 2864 1495 2932 supernis
1527 2865 1804 2919 caelorum
1844 2866 1905 2919 in
1934 2866 2022 2919 in-

2052 1687 2090 1739 Β

2119 498 2191 552 sit
2218 500 2311 553 hic
2342 516 2535 554 servus
2580 505 2713 555 tuus
2760 501 2932 556 corde
2963 503 3190 557 ﬁrmato
3240 509 3297 557 et
3350 510 3547 558 mente
3599 505 3826 559 sincera

2119 588 2372 643 debitum
2405 590 2661 661 praebere
2690 590 3057 645 famulatum.
3086 594 3193 647 Per
3224 593 3557 647 Dominum.

2895 683 3041 734 Alia.

2192 767 2430 821 Domine
2474 772 2682 835 sancte,
2734 770 2899 823 Pater
2956 769 3340 839 omnipotens,
3376 774 3597 823 aeterne
3656 771 3826 835 Deus,

2122 854 2385 908 Hosanna
2416 855 2475 908 in
2504 856 2751 921 excelsis,
2791 858 2956 911 Pater
2976 858 3205 911 Domini
3229 858 3407 911 nostri
3426 860 3564 912 Jesu
3590 857 3825 921 Christi,

2117 942 2218 1013 qui
2248 942 2409 996 illum
2440 944 2699 1013 refugam
2724 950 3032 1014 tyrannum
3062 946 3341 1015 gehennae
3365 946 3687 1016 deputasti,
3726 948 3825 1015 qui

2120 1031 2489 1099 Unigenitum
2520 1037 2683 1085 tuum
2712 1033 2773 1086 in
2803 1033 2953 1086 hunc
2987 1035 3266 1088 mundum
3298 1034 3524 1098 misisti,
3565 1041 3630 1088 ut
3658 1036 3826 1087 illum

2117 1118 2439 1187 rugientem
2471 1120 2696 1173 leonem
2727 1111 3065 1187 contereref,
3108 1123 3376 1176 velociter
3419 1123 3710 1191 adtende;
3744 1139 3826 1175 ac-

2118 1208 2322 1271 celera,
2361 1213 2421 1261 ut
2471 1206 2679 1277 eripias
2726 1209 3045 1273 hominem,
3079 1211 3147 1264 ad
3182 1212 3495 1281 imaginem
3532 1216 3591 1264 et
3616 1211 3823 1263 simili-

2118 1292 2377 1345 tudinem
2399 1298 2557 1345 tuam
2589 1298 2867 1361 creatum,
2900 1311 2931 1347 a
2956 1294 3125 1348 ruina
3152 1300 3208 1349 et
3239 1297 3525 1350 daamonio
3559 1297 3830 1350 meridia-

2120 1397 2215 1434 no.
2244 1382 2343 1448 Da,
2380 1382 2639 1449 Domine,
2670 1386 2949 1436 terrorem
2970 1389 3136 1437 tuum
3166 1400 3340 1452 super
3378 1385 3647 1449 bestiam,
3698 1400 3825 1454 quea

2119 1468 2518 1521 exterminavit
2564 1469 2787 1521 vineam
2836 1475 3027 1535 tuam;
3063 1472 3134 1523 da
3180 1472 3446 1525 fiduciam
3478 1473 3658 1525 servis
3713 1472 3823 1523 tuis

2120 1561 2314 1609 contra
2386 1555 2801 1627 nequissimum
2859 1558 3166 1612 draconem
3226 1560 3448 1613 fortiter
3503 1566 3687 1625 stare,
3756 1576 3824 1612 ne

2119 1650 2447 1698 contemnat
2495 1649 2789 1713 sperantes
2846 1646 2907 1699 in
2957 1652 3032 1714 te,
3083 1653 3141 1699 et
3166 1648 3317 1701 dicat
3362 1649 3508 1701 sicut
3552 1648 3617 1701 in
3674 1649 3824 1701 Pha-

2128 1750 2299 1787 raone
2340 1734 2460 1802 jam
2493 1733 2628 1788 olim
2669 1734 2855 1788 dixit:
2892 1736 3073 1789 Deum
3120 1752 3234 1789 non
3280 1738 3432 1804 novi,
3487 1752 3598 1790 nec
3649 1737 3827 1790 Israel

2127 1822 2376 1875 dimitto.
2427 1823 2631 1891 Urgeat
2675 1821 2860 1890 illum,
2904 1824 3167 1889 Domine,
3197 1825 3428 1878 dextera
3474 1831 3573 1878 tua
3597 1830 3826 1895 potens,

2129 1910 2415 1963 discedere
2447 1926 2476 1962 a
2508 1911 2746 1977 famulo,
2780 1916 2898 1975 tuo,
2932 1928 2999 1964 ne
3031 1911 3248 1965 diutius
3299 1918 3615 1980 praesumat
3645 1912 3829 1981 capti-

2131 2015 2265 2051 vum
2297 2004 2492 2052 tenere
2514 1998 2835 2066 hominem,
2875 2016 3043 2069 quem
3086 2005 3147 2053 tu
3178 2000 3249 2053 ad
3283 2000 3602 2070 imaginem
3638 2001 3827 2053 facere

2128 2087 2398 2157 dignatus
2430 2103 2509 2140 es.
2543 2087 2758 2157 Adjuro
2811 2093 2864 2141 te
2915 2104 3075 2158 ergo,
3120 2105 3355 2159 serpens
3411 2088 3675 2158 antique,
3731 2105 3829 2157 per

2123 2175 2375 2245 judicem
2406 2175 2661 2228 vivorum
2695 2181 2751 2229 et
2772 2182 3155 2242 mortuorum,
3186 2193 3289 2247 per
3304 2176 3575 2230 factorem
3599 2176 3825 2239 mundi,

2130 2280 2232 2334 per
2263 2280 2396 2317 eum
2428 2264 2528 2334 qui
2550 2263 2724 2317 habet
2756 2270 3094 2335 potestatem
3128 2267 3356 2319 mittere
3382 2266 3441 2318 in
3471 2266 3826 2335 gehennam,

2131 2358 2193 2407 ut
2224 2353 2292 2406 ab
2315 2352 2419 2406 hoc
2446 2353 2662 2405 famulo
2703 2354 2822 2417 Dei,
2852 2352 2952 2423 qui
2979 2353 3050 2407 ad
3081 2352 3345 2406 Ecclesiae
3377 2353 3664 2422 praesepia
3696 2369 3829 2405 con-

2131 2441 2327 2506 currit,
2361 2457 2491 2494 cum
2538 2446 2697 2495 metu
2744 2446 2803 2494 et
2847 2441 3098 2494 exercitu
3159 2440 3368 2494 furoris
3412 2440 3497 2493 tui
3550 2441 3829 2494 festinans

2132 2526 2408 2580 discedas.
2439 2526 2659 2596 Adjuro
2691 2533 2746 2581 te
2778 2544 2893 2580 non
2925 2544 3053 2581 mea
3096 2528 3453 2595 infirmitate,
3491 2528 3591 2581 sed
3620 2529 3686 2581 in
3719 2528 3830 2579 vir-

2135 2619 2256 2666 tute
2310 2615 2489 2667 sancti
2547 2613 2812 2684 Spiritus,
2866 2621 2929 2669 ut
2960 2615 3185 2668 desinas
3232 2617 3350 2686 [al.,
3385 2616 3571 2685 exeas]
3621 2616 3695 2668 ab
3727 2616 3831 2668 hoc

2134 2702 2351 2755 famulo
2386 2701 2483 2754 Dei
2519 2703 2606 2765 N.,
2635 2718 2809 2771 quem
2842 2704 3210 2772 omnipotens
3235 2704 3380 2756 Deus
3412 2703 3480 2756 ad
3510 2702 3829 2771 imaginem

2136 2805 2298 2843 suam
2329 2789 2479 2843 fecit.
2514 2790 2679 2855 Cede,
2714 2790 2850 2843 cede
2884 2807 2999 2842 non
3034 2790 3193 2857 mihi,
3227 2790 3325 2845 sed
3352 2791 3639 2861 mysteriis
3662 2789 3826 2845 Chri-

2136 2880 2225 2932 sti.
2251 2879 2411 2933 lllius
2439 2878 2592 2931 enim
2623 2886 2676 2931 te
2709 2884 2979 2949 perurget
3042 2884 3315 2949 potestas,
3349 2881 3450 2950 qui
3480 2886 3534 2932 te
3564 2879 3829 2948 affligens

327 2951 535 3005 Ϊθτίοΐδ
571 2955 734 3003 terra?
784 2950 1041 3020 ἀθωεπεί
1081 2954 1364 3020 Praecepit
1434 2954 1559 3021 [P53
1600 2954 1703 3007 tibi
1758 2954 2028 3023 imperat,
2068 2964 2108 3018 C
2136 2967 2255 3037 [al.,
2280 2967 2599 3036 adfligens],
2625 2968 2780 3020 cruci
2812 2984 2930 3021 suae
2963 2968 3310 3037 subjugavit.
3342 2968 3500 3020 Illius
3528 2968 3827 3021 brachium

330 3039 429 3107 qui
460 3044 513 3090 te
545 3043 861 3090 retrorsum
896 3038 1083 3091 redire
1122 3040 1415 3108 praecepit.
1451 3040 1599 3093 Audi
1628 3056 1765 3108 ergo
1800 3047 1854 3094 et
1884 3043 2023 3097 time

331 3127 588 3192 Satanas,
623 3125 801 3179 victus
838 3130 892 3178 et
922 3132 1241 3194 prostratus
1273 3128 1512 3181 abscede
1542 3128 1600 3181 in
1635 3129 1869 3182 nomine
1922 3132 2025 3183 Do-

334 3214 477 3267 mini
508 3214 689 3266 nostri
718 3215 845 3266 Jesu
872 3214 1099 3268 Christi.
1147 3216 1225 3268 Tu
1259 3232 1417 3284 ergo,
1458 3217 1809 3286 nequissime
1862 3218 2024 3272 Sata-

335 3320 454 3364 nas,
498 3302 765 3354 inimicus
796 3302 932 3355 fidei
966 3304 1195 3373 generis
1228 3304 1487 3369 humani,
1551 3306 1755 3359 mortis
1804 3312 2022 3376 raptor,

329 3390 565 3461 justitire
595 3390 932 3457 declinatur,
970 3393 1250 3445 malorum
1288 3394 1461 3457 radix,
1522 3393 1704 3447 fomes
1734 3395 2025 3461 vitiorum,

335 3480 599 3533 seductor
629 3479 954 3546 hominum,
988 3480 1245 3550 perditor
1275 3484 1557 3550 gentium,
1594 3483 1860 3537 incitator
1890 3484 2030 3537 invi-

334 3570 462 3633 dia},
495 3568 657 3637 origo
711 3567 985 3634 avaritia,
1032 3585 1201 3622 causa
1246 3570 1562 3634 discordiae,
1605 3572 1881 3625 excitator
1928 3573 2029 3626 do-

335 3658 543 3718 lorum,
580 3658 909 3710 daemonum
942 3657 1235 3729 magister,
1269 3660 1366 3729 qui
1398 3665 1509 3713 stas
1542 3666 1599 3713 et
1627 3660 1865 3727 resistis,
1900 3678 2031 3715 cum

338 3745 445 3799 scis
464 3762 595 3799 eum
626 3749 748 3799 tuas
778 3747 1014 3815 perdere
1044 3747 1187 3801 vires
1220 3748 1384 3801 illum
1419 3753 1608 3802 metue
1639 3749 1738 3819 qui
1770 3750 1830 3803 in
1878 3751 2032 3804 Isaac

336 3834 665 3887 immolatus
705 3840 810 3901 est,
836 3834 895 3887 in
925 3837 1135 3905 Joseph
1185 3837 1564 3903 venundatus,
1594 3838 1653 3891 in
1696 3854 1845 3907 agno
1884 3839 2029 3892 occi-

339 3938 452 3989 sus,
486 3921 545 3974 in
575 3921 808 3974 homine
853 3922 1180 3990 cruciﬁxus,
1216 3923 1419 3977 deinde
1474 3924 1885 3995 triumphator.
1922 3926 2030 3979 Be-

340 4010 477 4064 cede
508 4010 565 4062 in
598 4010 830 4063 nomine
862 4011 1063 4073 Patris,
1100 4016 1152 4063 et
1198 4012 1344 4078 Filii,
1382 4019 1436 4065 et
1470 4013 1715 4082 Spiritus
1746 4013 1945 4081 sancti,
1981 4018 2037 4067 et

342 4098 413 4150 da
454 4098 645 4150 locum
685 4097 926 4164 Spiritui
989 4104 1201 4163 sancto,
1251 4115 1356 4168 per
1401 4100 1512 4153 hoc
1579 4101 1807 4170 signum
1855 4102 2036 4156 crucis

344 4184 549 4239 Christi
578 4184 805 4238 Domini
830 4184 1028 4238 nostri.
1051 4186 1159 4248 Qui
1192 4191 1461 4239 venturus
1488 4193 1571 4241 est
1597 4188 1873 4258 judicare.

1116 4295 1165 4344 .4
1176 4294 1271 4345 lia.

420 4378 566 4431 Deus
596 4377 863 4432 conditor
896 4382 951 4432 et
983 4379 1246 4433 defensor
1276 4382 1501 4448 generis
1529 4382 1787 4448 humani,
1813 4384 1913 4453 qui
1941 4383 2039 4438 ho-

349 4467 560 4522 minem
602 4468 672 4520 ad
702 4468 1013 4537 imaginem
1046 4472 1099 4521 et
1131 4467 1565 4523 similitudinem
1615 4476 1774 4524 tuam
1818 4472 2037 4538 ,forma-

348 4557 439 4620 sti,
474 4556 692 4626 respice
724 4573 894 4626 super
936 4557 1089 4611 hunc
1121 4558 1400 4610 famulum
1432 4564 1614 4627 tuum,
1656 4561 1757 4631 qui
1790 4561 1934 4615 dolis
1966 4563 2042 4615 in-

349 4646 467 4700 vidi
496 4645 777 4717 serpentis
828 4646 1129 4716 appetitur,
1163 4663 1332 4717 quem
1365 4653 1524 4701 vetus
1579 4650 1935 4704 adversarius
1985 4654 2043 4704 et

348 4735 529 4789 hostis
557 4736 829 4806 antiquus
882 4740 1019 4789 atra:
1063 4736 1390 4790 formidinis
1432 4739 1669 4791 horrore
1724 4739 2039 4793 circumvo-

348 4824 449 4891 lat,
483 4828 539 4878 et
599 4841 830 4877 sensum
861 4826 1070 4878 mentis
1095 4825 1366 4879 humana:
1411 4830 1643 4896 stupore
1675 4826 1893 4897 deﬁgit,
1925 4832 2037 4881 ter-

350 4928 479 4967 rore
509 4914 831 4979 conturbat,
864 4919 920 4966 et
947 4918 1099 4968 metu
1133 4916 1345 4985 trepidi
1375 4915 1594 4969 timoris
1625 4916 1872 4986 exagitat
1906 4933 1918 4969 :
1952 4932 2041 4969 re-

347 5002 518 5071 pelle,
550 5002 811 5069 Domine,
841 5000 1108 5056 virtutem
1142 5004 1370 5067 diaboli,
1426 5004 1769 5075 fallacesque
1800 5004 1924 5074 ejus
1952 5004 2040 5057 in-

350 5089 520 5143 sidias
549 5105 771 5156 amove,
812 5091 1012 5159 procul
1062 5091 1275 5162 impius
1332 5098 1588 5146 tentator
1617 5093 1920 5163 aufugiat:
1969 5093 2043 5147 sit

352 5176 602 5230 nominis
634 5178 718 5231 tui
766 5178 929 5249 signo
988 5180 1235 5241 famulis,
1295 5181 1408 5233 tuis
1461 5196 1529 5234 ex
1561 5181 1756 5233 animo
1786 5186 1937 5235 totus
1984 5185 2042 5235 et

354 5280 594 5333 corpore
626 5283 639 5319 :
676 5271 734 5319 tu
766 5269 1014 5336 pectoris
1054 5269 1225 5338 hujus
1258 5269 1483 5323 interna
1514 5269 1822 5336 custodias,
1865 5274 1931 5325 tu
1951 5270 2038 5323 vi-

355 5367 511 5405 scera
558 5370 742 5424 regas,
783 5361 842 5409 tu
875 5358 1045 5411 corda
1098 5358 1418 5424 conﬁrmes,
1454 5360 1646 5413 inania
1676 5359 2036 5426 adversariae,

356 5442 648 5505 potestatis
686 5446 1038 5498 tentamenta
1068 5452 1423 5499 evanescant.
1459 5448 1539 5500 Da
1568 5448 1637 5499 ad
1695 5447 1843 5500 hanc
1888 5447 2041 5500 invo-

353 5525 638 5581 cationem
661 5530 913 5584 nominis
956 5532 1039 5586 tui
1066 5532 1329 5602 gratiam,
1374 5538 1435 5586 ut
1465 5534 1565 5605 qui
1588 5535 1888 5605 hucusque
1934 5540 2041 5589 ter-

2133 3060 2542 3119 coutremesce,
2575 3055 2673 3124 qui
2704 3055 2934 3109 devictis
2964 3056 3274 3124 gemitibus
3324 3055 3555 3121 inferni,
3607 3056 3829 3108 animas

2137 3143 2204 3196 ad
2253 3143 2438 3195 lucem
2474 3142 2762 3212 perduxit.
2811 3143 2893 3197 Sit
2934 3143 3039 3196 tibi
3079 3148 3265 3196 terror
3301 3159 3510 3213 corpus
3555 3143 3827 3203 hominis,

2135 3231 2209 3283 sit
2240 3231 2342 3284 tibi
2368 3231 2615 3284 formido
2649 3231 2838 3301 imago
2870 3231 3001 3296 Dei;
3038 3247 3142 3283 nec
3182 3230 3426 3297 resistas,
3452 3247 3555 3283 nec
3588 3230 3826 3284 moreris

2139 3320 2425 3374 discedere
2461 3320 2530 3373 ab
2588 3320 2844 3383 homine,
2881 3320 3157 3390 quoniam
3212 3320 3563 3389 complacuit
3606 3320 3828 3373 Christo

2138 3412 2201 3460 ut
2229 3408 2289 3460 in
2325 3408 2560 3461 homine
2589 3408 2891 3463 habitaret.
2928 3408 2991 3461 Et
3023 3424 3095 3460 ne
3127 3423 3219 3460 me
3251 3406 3548 3460 infirmum
3580 3412 3828 3460 contem-

2139 3497 2391 3548 nendum
2422 3500 2609 3565 putes,
2642 3498 2778 3549 dum
2830 3512 2922 3549 me
2952 3500 3309 3565 peccatorem
3366 3494 3538 3546 nimis
3575 3510 3700 3547 esse
3750 3508 3829 3545 co—

2140 3584 2377 3654 gnoscis.
2404 3586 2652 3655 Imperat
2679 3584 2784 3638 tibi
2818 3584 3111 3645 Dominus.
3153 3584 3401 3653 imperat
3429 3584 3534 3637 tibi
3570 3585 3827 3653 majestas

2142 3672 2372 3739 Christi,
2399 3672 2648 3742 imperat
2678 3672 2781 3726 tibi
2818 3674 2982 3738 Deus,
3016 3672 3202 3736 Pater,
3235 3672 3482 3741 imperat
3526 3671 3631 3724 tibi
3666 3670 3828 3725 Filius

2140 3765 2195 3812 et
2249 3758 2494 3829 Spiritus
2524 3763 2772 3823 sanctus,
2816 3758 3063 3828 imperat
3090 3758 3194 3811 tibi
3230 3758 3628 3826 apostolorum
3662 3757 3823 3815 ﬁdes,

2142 3848 2320 3900 sancti
2370 3846 2524 3901 Petri
2579 3852 2633 3900 et
2685 3846 2869 3914 Pauli,
2901 3852 2957 3899 et
3010 3853 3349 3899 caaterorum
3407 3846 3824 3914 apostolorum;

2146 3937 2392 4007 imperat
2422 3937 2527 3991 tibi
2574 3937 2935 4008 indulgentia
2984 3937 3400 4001 confessorum,
3456 3937 3709 4007 imperat
3736 3934 3825 3989 tibi

2144 4032 2460 4095 martyrum
2491 4026 2741 4094 sanguis,
2796 4026 3041 4095 imperat
3084 4025 3189 4078 tibi
3246 4032 3681 4078 sacramentum
3713 4041 3826 4077 cru-

2145 4111 2244 4177 cis,
2272 4112 2521 4182 imperat
2544 4113 2649 4167 tibi
2673 4114 3079 4184 mysteriorum
3112 4113 3309 4165 virtus.
3350 4113 3470 4178 Exi,
3522 4118 3825 4183 transgres-

2147 4218 2259 4267 sor,
2284 4202 2395 4269 exi,
2426 4203 2711 4269 seductor,
2741 4202 2911 4273 plene
2946 4202 3105 4255 omni
3140 4202 3274 4256 dolo
3306 4208 3363 4256 et
3410 4202 3657 4267 fallacia,
3693 4200 3825 4254 veri-

2075 4264 2276 4344 l)tatis
2318 4291 2571 4357 inimice,
2642 4292 3034 4346 innocentium
3084 4295 3433 4361 persecutor.
3492 4292 3574 4344 Da
3631 4292 3821 4350 locum,

2149 4380 2474 4445 durissime,
2499 4383 2570 4435 da
2618 4381 2829 4445 locum,
2862 4380 3229 4450 impiissime,
3272 4381 3345 4434 da
3371 4382 3559 4434 locum
3592 4380 3820 4442 Christo,

2147 4467 2206 4520 in
2240 4484 2353 4538 quo
2376 4468 2521 4522 nihil
2541 4468 2809 4522 invenisti
2843 4467 2913 4521 de
2941 4468 3209 4537 operibus
3234 4468 3366 4534 tuis,
3419 4483 3532 4538 que
3562 4472 3618 4520 te
3645 4481 3826 4535 exspo—

2150 4554 2322 4623 liavit,
2384 4556 2484 4627 qui
2533 4572 2776 4626 regnum
2823 4560 2986 4609 tuum
3044 4556 3341 4622 destruxit,
3399 4556 3498 4626 qui
3530 4561 3586 4608 te
3626 4555 3825 4608 victum

2150 4645 2366 4715 ligavit,
2419 4651 2473 4699 et
2494 4662 2624 4699 vasa
2649 4652 2744 4699 tua
2785 4644 3049 4714 disrupit,
3093 4644 3191 4714 qui
3224 4651 3277 4698 te
3311 4644 3551 4715 projecit
3583 4645 3641 4698 in
3674 4651 3825 4698 tene-

2149 4734 2280 4788 bras
2302 4735 2628 4801 exteriores,
2656 4735 2752 4789 ubi
2790 4734 2892 4788 tibi
2925 4751 3051 4788 cum
3085 4735 3362 4788 ministris
3393 4734 3509 4788 tuis
3542 4734 3653 4788 erit
3693 4748 3823 4802 prae.-

2149 4827 2381 4892 paratus
2410 4823 2720 4891 Linteritus.
2772 4824 2880 4878 Sed
2911 4824 3046 4894 quid
3101 4840 3271 4890 nunc,
3304 4824 3630 4877 truculente
3651 4864 3663 4888 ,
3696 4838 3825 4877 reco-

2150 4911 2336 4980 gitas?
2356 4911 2515 4981 quid,
2544 4910 2872 4976 temerarie,
2903 4916 3176 4965 retractas
3195 4911 3221 4965 ‘?
3269 4913 3417 4966 Reus
3451 4908 3823 4979 omnipotenti

2152 5001 2265 5054 Deo
2306 4999 2469 5068 cujus
2510 5003 2722 5052 statuta
2770 5003 3156 5068 transgressus
3194 5016 3271 5053 es.
3327 4999 3477 5053 Reus
3528 4998 3669 5053 Filio
3723 4998 3824 5067 ejus

2148 5090 2279 5143 Jesu
2307 5088 2554 5153 Christo,
2595 5104 2766 5159 quem
2806 5093 3028 5141 tentare
3082 5104 3253 5140 ausus
3292 5105 3351 5141 es
3405 5094 3463 5141 et
3509 5087 3823 5159 cruciﬁgere

2150 5177 2592 5249 praesumpsisti.
2628 5178 2778 5231 Reus
2827 5178 3080 5231 humano
3128 5178 3343 5248 generi,
3385 5178 3477 5230 cui
3524 5194 3678 5231 mors
3735 5175 3823 5230 tuis

2150 5267 2620 5337 persuasionibus
2654 5268 2828 5320 venit.
2859 5267 3075 5337 Adjuro
3107 5272 3163 5320 te
3193 5282 3353 5336 ergo,
3384 5267 3557 5320 draco
3608 5265 3821 5338 nequis-

2148 5355 2314 5424 sime,
2346 5356 2407 5408 in
2438 5355 2671 5409 nomine
2702 5355 2838 5425 agni
2865 5355 3216 5409 immaculati
3249 5355 3349 5425 qui
3400 5356 3716 5409 ambulavit
3746 5370 3819 5408 su-

2149 5461 2253 5515 per
2282 5445 2541 5515 aspidem
2583 5449 2639 5499 et
2683 5444 3035 5513 basiliscum,
3073 5445 3173 5516 qui
3205 5445 3559 5500 conculcavit
3616 5448 3817 5499 leonem

2150 5538 2208 5589 et
2236 5534 2565 5601 draconem,
2628 5538 2694 5588 ut
2739 5533 2996 5588 discedas
3043 5534 3115 5587 ab
3162 5534 3417 5602 homine,
3469 5534 3723 5589 discedas
3763 5532 3815 5585 ab
