3868 6228
56 332 151 383 857
896 336 1105 390 LIBER
1144 335 1794 392 SACRAMENTORUM.
1828 368 1895 375 —
1929 339 2478 396 BENEDICTIONES
2518 341 2730 396 EPISC.

3461 346 3565 397 858

55 463 295 518 Ecclesia
327 465 457 519 Dei.
495 466 889 521 Contremesce
930 470 985 519 et
1023 466 1230 537 effuge,
1266 467 1528 521 invocato
1568 468 1760 522 nomi-
1802 471 1847 523 A
1877 471 2268 541 praesumebas
2297 472 2650 541 contingere.
2678 473 2895 527 Recede
2916 488 3054 542 ergo
3086 488 3240 526 nunc
3269 472 3567 542 adjuratus

52 570 117 606 ne
164 554 411 608 Domini
452 555 610 609 illius
656 572 828 626 quem
870 556 1037 610 inferi
1077 562 1350 623 tremunt,
1395 557 1486 610 cui
1530 558 1766 611 virtutes

54 642 343 707 caelorum,
407 649 465 697 et
518 650 845 714 potestates,
915 651 969 698 et
1018 644 1445 699 dominationes
1499 646 1765 714 subjecta:

55 737 193 789 sunt,
228 747 419 800 quem
452 732 736 786 cherubin
783 739 838 785 et
873 734 1143 803 seraphin
1195 733 1493 787 indefessis
1536 734 1765 787 vocibus

55 818 298 872 laudant.
339 820 601 891 Imperat
636 822 739 875 tibi
773 822 1020 875 Verbum
1062 839 1191 876 caro
1226 823 1468 888 factum;
1517 822 1764 891 imperat

54 908 146 961 tibi
180 914 356 960 natus
389 925 459 962 ex
506 910 748 979 virgine,
782 910 1027 981 imperat
1070 910 1172 964 tibi
1211 913 1371 965 Jesus
1418 913 1760 977 Nazarenus,

56 996 141 1065 qui
167 1002 241 1061 te,
272 1013 416 1050 cum
452 997 763 1067 discipulos
794 1000 916 1068 ejus
968 1005 1388 1063 contemneres,
1427 1000 1666 1051 illaesum
1709 1004 1766 1052 et

58 1091 406 1153 prostratum
455 1086 614 1139 exire
662 1087 835 1155 jussit
878 1088 947 1141 ab
994 1088 1259 1153 homine,
1285 1088 1406 1151 Quo
1458 1094 1759 1157 praesente,

60 1189 170 1225 cum
206 1179 257 1225 te
290 1173 364 1225 ab
402 1175 645 1229 homine
687 1184 1023 1246 separasset,
1062 1193 1162 1229 nec
1192 1192 1493 1246 porcorum
1526 1193 1763 1247 gregem

124 1334 269 1386 ‘Hic
339 1333 481 1387 ﬁnis
544 1338 669 1387 erat
744 1335 873 1388 libri
932 1335 1427 1391 Sacramentorum
1485 1336 1760 1390 Grimoldi

67 1404 270 1457 abbatis
300 1404 362 1457 in
412 1406 711 1474 praecipuo
741 1406 933 1458 codice
979 1422 1081 1457 ms.
1125 1407 1471 1459 Coloniensi.
1500 1408 1645 1470 Quia
1678 1415 1759 1460 ta-

69 1492 183 1527 men
218 1476 277 1527 in
312 1482 564 1545 prologo
597 1477 767 1544 hujus
822 1476 948 1528 libri
983 1477 1153 1528 etiam
1201 1477 1603 1530 Praefationum
1638 1495 1754 1530 me—

68 1548 219 1597 minit
244 1562 394 1615 quas
431 1548 490 1598 in
529 1548 643 1599 tiue
675 1548 882 1599 codicis
911 1547 1081 1615 hujus
1115 1550 1386 1615 posuerit,
1422 1554 1473 1600 et
1520 1550 1753 1601 Benedi—

71 1618 307 1669 ctionum
371 1618 449 1669 ab
499 1617 770 1686 episcopo
809 1634 981 1685 super
1032 1620 1310 1685 populum
1361 1618 1756 1687 dicendarum,

70 1704 159 1739 nec
188 1703 305 1739 non
348 1689 484 1755 ejus
518 1689 669 1755 quod
712 1688 768 1740 in
810 1688 998 1741 codice
1040 1690 1098 1740 B.
1149 1689 1405 1758 Gregorii
1447 1694 1511 1741 a-l
1552 1692 1757 1753 gradus

68 1757 352 1809 inferiores
410 1759 473 1809 in
530 1758 771 1811 Ecclesia
820 1757 1281 1823 constituendos,"
1326 1776 1441 1812 non
1493 1761 1752 1825 habetur,

74 1835 212 1897 patet
256 1844 384 1880 esse
435 1830 709 1881 mutilum
754 1829 1023 1883 codicem.
1068 1832 1237 1882 Porro
1282 1830 1348 1883 ad
1392 1832 1757 1883 Praefationes

72 1899 201 1970 quod
234 1899 471 1970 attinet,
508 1899 643 1968 quia
674 1900 867 1952 nullus
897 1902 1154 1953 codicum
1187 1917 1289 1953 nis.
1331 1902 1635 1970 separatim
1664 1918 1758 1954 eas

70 1969 408 2041 continebat,
456 1970 527 2021 ad
562 1970 928 2023 Przefatioues
968 1972 1072 2023 sub
1121 1973 1328 2023 calcem
1382 1969 1549 2041 primi
1586 1975 1757 2025 tomis

72 2040 260 2107 positas
311 2041 598 2093 lectorem
642 2042 987 2094 remittimus
1029 2042 1105 2110 (a)
1151 2043 1229 2095 uti
1270 2040 1442 2095 etiam
1489 2044 1559 2096 ad
1592 2044 1753 2098 Ordi-

73 2126 183 2162 nem
217 2111 579 2178 Rom-anum,
614 2112 762 2181 quod
794 2113 862 2165 ad
890 2114 1100 2183 gradus
1130 2114 1431 2166 inferiores
1461 2116 1680 2167 attinet.

1880 559 1938 611 in
1975 560 2207 613 nomine
2234 560 2356 629 ejus
2390 561 2459 612 ab
2493 560 2723 613 homine
2755 577 2923 630 quem
2954 562 3076 631 ipse
3110 560 3430 631 plasmavit.
3461 561 3565 614 Du-

1880 664 2007 701 rum
2041 649 2143 702 tibi
2175 654 2277 715 est,
2317 650 2536 703 Christo
2584 650 2721 701 velle
2770 650 3056 717 resistere,
3090 650 3298 703 durum
3332 655 3419 703 est
3462 648 3565 703 tibi

1878 743 2076 791 contra
2142 738 2436 791 stimulum
2514 737 2841 802 calcitrare;
2915 738 3047 806 quia
3118 743 3273 790 tanto
3345 738 3566 790 tardius

1878 824 2015 888 exis,
2058 829 2214 877 tanto
2255 824 2357 877 tibi
2402 823 2743 893 supplicium
2800 824 2981 892 majus
3020 824 3239 891 crescit,
3288 824 3564 893 quoniam

1876 929 1989 966 non
2032 913 2324 966 hominem
2370 913 2707 977 contemnis,
2750 913 2842 965 sed
2890 912 3049 964 illum
3092 911 3190 981 qui
3241 912 3566 965 dominator

1876 1002 2134 1055 vivorum
2167 1007 2222 1054 et
2251 1009 2609 1055 mortuorum
2634 1006 2732 1053 est.
2770 1001 2877 1064 Qui
2908 1007 3178 1053 venturus
3205 1005 3287 1052 est
3311 1000 3565 1068 judicare

1876 1092 2031 1145 vivos
2058 1097 2113 1145 et
2143 1096 2400 1143 mortuos
2432 1100 2473 1142 ⁸.

1871 1337 2151 1389 Caeterum
2204 1333 2632 1387 Benedictiones
2678 1332 3026 1401 episc0pales
3083 1330 3351 1400 (quarum
3412 1329 3563 1401 frag-7

1872 1410 2127 1459 mentum
2162 1421 2387 1475 quoque
2421 1409 2541 1456 erat
2570 1404 2673 1456 sub
2706 1399 2886 1456 linem
2907 1399 3566 1475 Coloniensispraicipui

1871 1476 2080 1529 codicis
2110 1470 2218 1527 alia
2269 1470 2437 1528 manu
2479 1474 2769 1543 scriptum)
2804 1490 2873 1526 ex
2925 1490 3023 1527 ms.
3060 1473 3183 1525 cod.
3234 1470 3567 1543 Ultrajecti-

1872 1564 1965 1609 no,
2025 1552 2076 1598 et
2127 1547 2239 1598 alio
2304 1546 2549 1613 quodam
2596 1542 2950 1609 Coloniensi,
3003 1544 3101 1613 qui
3152 1542 3567 1611 episcopalium

1871 1618 2228 1672 functionum
2285 1612 2557 1670 Ordinem
2595 1612 3081 1684 complectebatur
3135 1612 3558 1681 descripsimus.

1876 1691 1936 1741 lit
1985 1688 2339 1743 Coloniensis
2399 1687 2630 1754 quidem
2684 1687 2776 1739 hic
2824 1686 3009 1738 tiodex
3055 1684 3257 1752 viginti
3310 1689 3562 1751 quatuor

1871 1760 2302 1812 Dominicarum
2365 1762 2495 1826 post
2552 1764 2779 1809 octavas
2809 1758 3163 1810 Pentecostes
3208 1754 3565 1826 Benedictio—

1803 1814 1839 1866 Β
1870 1847 1969 1883 nes
2010 1814 2418 1907 suppeditavit,
2452 1844 2604 1907 quas
2654 1827 2864 1881 idcirco
2906 1827 3075 1907 etiam
3125 1832 3181 1907 et
3220 1825 3383 1907 ‘quod
3428 1838 3558 1907 cum

1869 1894 2177 1969 evangeliis
2240 1894 2665 1952 Dominicarum
2724 1898 3082 1969 concordiam
3144 1895 3353 1969 habere
3417 1894 3569 1946 vide-

1869 1967 2087 2033 rentur,
2123 1971 2311 2039 priore
2347 1973 2465 2022 loco
2492 1969 2935 2039 collocavimus.
2957 1967 3225 2021 Uudecim
3262 1981 3395 2018 vero
3430 1980 3560 2033 quae

1867 2044 2003 2095 solae
2072 2038 2235 2095 erant
2294 2042 2352 2094 in
2402 2040 2766 2109 Ultrajectino
2816 2038 3007 2093 codice
3058 2044 3185 2108 post
3225 2038 3327 2090 has
3388 2051 3557 2104 repo-

1866 2129 2106 2165 SUIIDUS.

123 2231 189 2291 (a)
225 2232 283 2279 ln
320 2236 514 2280 nostra
539 2232 772 2282 editione
803 2234 978 2282 statim
1010 2238 1302 2297 sequuntur
1330 2234 1728 2284 Benedictiones
1757 2234 2100 2298 episcopales.
2134 2233 2273 2281 Edr’t.

725 2525 1871 2631 BENEDICTIONES
1950 2524 2910 2629 EPISCOPALES

1438 2725 1570 2777 PER
1612 2724 1775 2777 ANNI
1816 2724 2188 2777 CIRCULUM.

1262 2969 1531 3035 JACOBI
1584 2968 1918 3032 PAMELII
1972 2968 2369 3033 MONITUM.

144 3178 167 3201 ι(
208 3159 673 3213 Benedictionem
732 3159 1133 3230 episcopalem,
1196 3160 1384 3230 inquit
1427 3160 1759 3228 Radulphus
1799 3160 1838 3211 C
1870 3158 2043 3217 citati.
2097 3159 2177 3211 uti
2234 3164 2383 3212 recte
2432 3159 2842 3229 interpretatur
2889 3158 3273 3230 Micrologus,”
3301 3172 3424 3225 cap.
3466 3158 3561 3222 21,

85 3228 428 3298 Tungrensis,
467 3232 539 3283 de
572 3231 705 3284 Can.
743 3228 997 3295 Observ.,
1044 3228 1442 3300 propos._u|t.,
1488 3232 1755 3284 Martialis

84 3301 381 3369 episcopus,
442 3303 839 3370 apostolorum
908 3303 1235 3370 discipulus,
1308 3318 1373 3354 ex
1426 3301 1755 3370 magisterio

88 3373 447 3438 apostolorum
484 3372 738 3429 tradidit.
768 3372 1095 3441 Ambrosius
1139 3374 1325 3425 dicere
1364 3373 1551 3441 coepit,
1596 3372 1754 3440 isque

87 3456 189 3491 mos
216 3458 279 3494 ex
318 3459 387 3495 eo
435 3459 851 3512 usquequaque
897 3440 1198 3496 convaluit.
1254 3440 1612 3511 Apostolicus
1660 3459 1755 3494 au-

84 3516 178 3562 tem
210 3514 349 3565 hanc
380 3518 615 3566 tantum
659 3530 787 3582 quae
827 3514 986 3567 linito
1036 3514 1203 3566 missa
1247 3514 1474 3575 dicitur,
1541 3512 1692 3565 dicit.
1726 3534 1750 3559 ››

88 3582 300 3635 Pulchre
332 3584 595 3653 profecto
629 3586 823 3653 paucis
869 3584 956 3636 his
997 3585 1182 3637 verbis
1214 3584 1499 3653 integram
1557 3584 1635 3635 rei
1675 3599 1757 3635 se-

86 3653 205 3723 riem
231 3656 565 3723 complexus
587 3662 690 3719 est,
720 3656 1046 3707 divinorum
1077 3656 1395 3707 ofﬁciorum
1432 3654 1754 3723 indagator,

88 3722 123 3773 si
162 3725 281 3792 quis
321 3722 475 3779 alius
535 3725 1026 3793 diligentissimus.
1082 3727 1145 3779 Et
1194 3742 1325 3778 vero
1393 3722 1594 3794 primis
1642 3724 1757 3777 illis

88 3795 282 3847 saeculis
326 3797 604 3849 usitatam
646 3798 789 3849 hanc
847 3796 1300 3849 benedictionem
1349 3795 1757 3865 comprobatur

86 3878 139 3915 ex
176 3865 301 3918 locis
355 3868 472 3919 DD.
529 3867 791 3931 Damaso,
851 3867 1170 3932 Ambrosio,
1228 3868 1585 3936 Hieronymo,
1654 3871 1759 3919 Au-

88 3936 305 4056 gustino,
381 3937 852 4006 Carthaginensis
918 3938 1138 3990 concilii
1215 3939 1490 3990 Patribus.
1572 3940 1756 3990 Leone

129 4021 259 4056 anno
290 4014 343 4056 et.
371 4008 694 4056 Agathensi
724 4008 982 4056 concilio-
1029 4009 1316 4056 mutuatis-
1354 4008 1606 4056 Duorum
1650 4007 1756 4056 loci

129 4021 259 4075 agno
290 4014 343 4060 et
370 4008 695 4077 Agathensi
724 4008 982 4074 concilio,
1028 4009 1316 4062 mutuatis.
1354 4008 1607 4071 Quorum
1650 4007 1757 4060 loci

274 4256 794 4313 BENEDICTIONES
844 4259 915 4296 DE
963 4259 1257 4299 ADVENTU
1311 4261 1564 4299 DOMINI.

149 4326 514 4398 Omnipotens
567 4329 733 4395 Deus,
790 4331 953 4400 cujus
995 4332 1281 4401 Unigeniti
1338 4334 1645 4386 adventum
1705 4336 1761 4385 et

95 4416 414 4479 praeteritum
442 4417 703 4483 creditis,
737 4423 794 4471 et
821 4418 1079 4472 futurum
1120 4421 1452 4489 expectatis,
1504 4421 1761 4490 ejusdem

96 4502 336 4557 adventus
363 4520 470 4558 vos
502 4505 884 4559 ill'ustratione
916 4508 1247 4574 sanctiﬁcet,
1296 4514 1352 4561 et
1382 4526 1483 4561 sua
1519 4509 1759 4562 benvdi-

97 4592 252 4646 ctione
286 4594 619 4663 locupletet.
651 4596 853 4647 Amen.

152 4680 204 4732 In
230 4683 527 4750 praesentis
569 4682 699 4736 vitae
743 4683 926 4737 stadio
968 4700 1062 4737 vos
1110 4684 1178 4737 ab
1220 4686 1379 4738 omni
1419 4684 1761 4739 adversitate

98 4765 352 4837 defendat,
387 4776 443 4825 et
486 4787 545 4824 se
589 4770 746 4824 vobis
773 4771 831 4824 in
859 4772 1076 4841 judicio
1108 4773 1442 4844 placabilem
1477 4772 1758 4825 ostendat.

96 4854 265 4909 Arnen.

152 4942 255 5004 Quo
295 4961 325 4997 a
364 4945 592 4999 cunctis
644 4950 1005 5015 peccatorum
1060 4947 1335 5017 contagiis
1382 4947 1626 5009 liberati,
1687 4946 1761 5000 il-

98 5026 183 5081 lius
231 5035 511 5088 tremendi
561 5035 839 5088 examinis
898 5036 1049 5089 diem
1099 5037 1432 5106 exspectetis
1495 5036 1761 5090 interriti.

102 5118 265 5172 Amen.
1134 5169 1142 5178 ,

153 5207 291 5269 Quod
342 5211 463 5280 ipse
521 5216 794 5282 praestare
843 5213 1128 5283 dignetur,
1164 5214 1260 5285 qui
1322 5231 1451 5268 cum
1498 5218 1663 5270 Patre
1707 5221 1765 5268 et

102 5291 280 5359 Spiritu
306 5307 502 5354 sancto
531 5301 671 5353 vivit
701 5306 755 5354 et
786 5303 1066 5371 gloriatur
1103 5305 1268 5370 Deus,
1300 5320 1403 5373 per
1434 5304 1629 5357 omnia
1659 5320 1762 5356 saa-

104 5383 205 5436 cula
231 5390 589 5443 saeculorum.
625 5392 827 5443 Amen.

160 5466 458 5532 Benedictio
499 5479 603 5532 Dei
633 5479 810 5532 Patris
844 5480 886 5551 1-
919 5486 975 5534 et
1004 5481 1128 5534 Filii
1156 5481 1200 5552 -Ι-
1227 5486 1283 5535 et
1312 5482 1558 5552 Spiritus
1602 5498 1762 5535 sanc-
1784 5502 1805 5521 -

112 5557 145 5608 li
170 5560 222 5630 ᾧ,
242 5570 291 5618 et
321 5584 425 5637 pax
460 5569 701 5624 Domini
720 5569 791 5623 sit
813 5585 1041 5641 semper
1071 5572 1380 5626 vobiscum.
1416 5574 1618 5626 Amen.

1865 3230 1967 3282 has
2001 3230 2446 3293 benedictiones,
2479 3228 2643 3283 sicuti
2692 3236 2747 3282 et
2787 3229 3059 3281 Toletano
3099 3228 3341 3281 concilio
3384 3232 3562 3278 statu-

1866 3305 1989 3352 tum
2022 3302 2149 3364 fuit,
2186 3308 2314 3354 ante
2368 3301 2833 3353 communionem
2864 3300 2933 3353 ab
2981 3298 3263 3369 episcopis
3298 3298 3433 3369 olim
3476 3298 3566 3349 fa-

1866 3379 1982 3423 ctas
2035 3372 2326 3425 indicant:
2400 3372 2551 3440 quod
2598 3372 2914 3424 etiamnum
2970 3368 3261 3423 observari
3309 3368 3566 3440 videmus

1865 3441 1935 3494 ab
1976 3442 2243 3511 episcopo
2287 3438 2601 3501 Parisiensi,
2642 3443 2773 3495 dum
2816 3442 3107 3510 publicum
3135 3441 3328 3511 missa:
3355 3438 3566 3511 sacrili-

1865 3509 2020 3565 cium
2064 3509 2328 3565 celebrat.
2387 3515 2597 3566 Harum
2638 3514 2928 3581 exemplar
2967 3527 3067 3579 per
3109 3510 3245 3563 anni
3287 3509 3565 3581 circulum

1869 3583 2140 3651 adjecisse
2172 3601 2229 3636 se
2263 3584 2413 3636 dicto
2447 3587 2682 3653 prologo
2725 3578 2977 3653 testatur
3007 3580 3347 3633 Grimaldus.
3373 3598 3422 3653 _«
3455 3578 3564 3632 Ad-

1868 3650 2137 3710 didimus.
2171 3653 2379 3723 inquit,
2415 3650 2585 3706 etiam
2613 3650 2669 3705 et
2700 3652 3147 3723 benedictiones,
3182 3653 3252 3723 ab
3294 3650 3564 3717 episcopo

1867 3740 2038 3793 super
2069 3720 2343 3792 populum
2374 3724 2662 3777 dicendas.
2696 3744 2721 3769 ››
2750 3724 2934 3785 Quare
2969 3730 3025 3774 et
3058 3722 3199 3774 libro
3221 3720 3559 3793 sacramen:

1866 3789 2275 3863 torum-ipsius
2298 3811 2392 3847 eas
2422 3795 2788 3863 subjecimus,
2825 3793 2881 3845 in
2915 3808 3114 3845 eorum
3139 3791 3383 3860 gratiam
3400 3789 3560 3863 apud

1868 3881 2012 3935 quos
2047 3860 2231 3917 adhuc
2273 3865 2426 3935 viget
2466 3860 2556 3918 hic
2592 3863 3059 3917 benedictionum
3108 3862 3271 3927 ritus,
3310 3860 3411 3913 etsi
3434 3862 3560 3935 jam

1866 3932 2000 3989 inde
2046 3936 2116 3988 ab
2146 3942 2310 3989 astate
2340 3932 2637 4005 'Radulplii
2688 3935 2884 3988 Romae
2924 3950 2955 3987 a
3007 3948 3231 3986 summo
3288 3932 3562 4001 pontiﬁce

1868 4023 1983 4060 non
2015 4006 2362 4059 observatus.

2576 4246 2707 4299 Item
2738 4245 2874 4298 alia.

1944 4332 2320 4403 Omnipotens
2388 4334 2536 4386 Deus
2605 4348 2699 4385 vos
2756 4333 2980 4401 placido
3054 4334 3211 4386 vultu
3275 4331 3562 4400 respiciat,

1872 4428 1928 4476 et
1960 4423 2014 4475 iu
2058 4439 2153 4473 vos
2185 4438 2304 4475 suae
2346 4422 2755 4476 benedictionis
2786 4422 3001 4475 donum
3043 4422 3328 4474 infundat.
3362 4423 3563 4473 Amen.

1949 4514 2010 4564 Et
2057 4511 2153 4581 qui
2200 4514 2303 4564 hos
2356 4513 2475 4565 dies
2519 4512 2913 4565 incarnatione
2963 4509 3251 4579 Unigeniti
3304 4508 3391 4559 sui
3435 4507 3569 4559 fecit

1874 4600 2180 4664 solemnes,
2216 4618 2248 4653 ει
2278 4600 2495 4652 cunctis
2540 4598 2834 4668 praisentis
2864 4603 2922 4649 et
2956 4598 3161 4649 futura:
3194 4595 3320 4647 vita:
3372 4594 3567 4646 adver-

1873 4690 2136 4742 sitatibus
2163 4705 2259 4742 vos
2285 4688 2485 4741 reddat
2512 4688 2823 4739 indemnes.
2861 4689 3057 4737 Amen.

1946 4778 2011 4830 Et
2046 4776 2144 4846 qui
2172 4776 2239 4829 de
2282 4775 2525 4828 adventu
2576 4770 2973 4839 Redemptoris
3014 4768 3188 4821 nostri
3249 4766 3560 4819 secundum

1856 4882 2104 4918 .caruem
2153 4865 2353 4918 devota
2412 4866 2602 4914 mente
2652 4858 2947 4920 laitamini,
3000 4858 3057 4909 in
3109 4855 3372 4916 secundo,
3432 4869 3561 4906 cum

1874 4954 1932 5005 in
1963 4954 2252 5022 majestate
2287 4966 2389 5002 sua
2419 4948 2653 5013 Venerit,
2701 4947 2950 5018 praemiis
2995 4950 3225 4998 aeternas
3251 4944 3380 4996 vita:
3418 4943 3562 4996 dite-

1876 5041 2035 5094 mini.
2070 5046 2265 5095 Amen.

1945 5128 2105 5192 Quod
2139 5128 2261 5197 ipse
2291 5131 2558 5195 praestare
2588 5125 2875 5195 dignetur.

1947 5214 2269 5269 Benedictio
2300 5214 2397 5266 Dei
2431 5214 2635 5267 Patris.

2561 5304 2693 5356 Item
2732 5303 2866 5356 alia.

1945 5394 2109 5456 Deus,
2138 5392 2299 5462 cujus
2328 5390 2609 5444 adventus
2636 5390 3043 5445 incarnationis
3080 5389 3405 5460 praeteritus
3442 5405 3560 5443 cre-

1872 5481 2044 5545 ditur,
2080 5486 2136 5533 et
2158 5479 2359 5550 judicii
2390 5482 2664 5533 venturus
2690 5486 3068 5549 exspectatur,
3099 5495 3195 5532 vos
3252 5486 3563 5551 antequam

1874 5568 2087 5635 veniat,
2117 5568 2307 5639 expiet
2343 5567 2411 5621 ab
2441 5570 2601 5623 omni
2634 5568 2973 5639 contagione
3003 5568 3213 5625 delicti.
3257 5570 3457 5621 Amen.
