3868 6228
357 287 459 337 859

417 421 580 474 Prius
606 422 667 476 in
707 424 867 478 vobis
905 426 1090 482 diluat
1139 445 1312 485 omne
1355 435 1504 502 quod
1545 434 1644 489 illa
1686 438 1879 494 futura
1910 458 2036 496 exa-

344 509 659 564 minatione
705 513 1012 582 puniturus
1059 522 1159 581 est,
1219 525 1280 572 ut
1322 536 1451 574 cum
1495 523 1686 592 justus
1747 528 2040 584 advenerit

337 598 534 667 judex,
603 616 718 653 non
776 601 837 655 in
905 604 1064 658 vobis
1125 605 1379 661 inveniat
1455 613 1606 681 quod
1675 618 2032 673 condemnet.

346 689 550 740 Amen.

413 776 535 839 Quo
566 777 844 847 veniente,
881 797 996 834 non
1030 781 1332 839 incurratis
1354 789 1700 858 supplicium
1731 799 2030 864 aeternum,

343 863 438 916 sed
473 865 639 917 donis
671 870 1057 922 remuneremi
1090 874 1472 943 sempiternis.
1507 881 1702 932 Amen.

413 952 572 1016 Quod
607 955 728 1025 ipse
760 964 1028 1027 przestare
1059 960 1347 1031 dignetur.

413 1043 762 1099 Benedictio.

1044 1139 1172 1192 Item
1205 1141 1336 1193 alia.

413 1238 578 1304 Deus,
615 1239 713 1308 qui
745 1257 840 1293 vos
873 1244 928 1293 et
957 1242 1168 1310 prioris
1202 1245 1476 1299 adventus
1507 1249 1690 1317 gratia
1721 1254 2024 1321 reparavit,

339 1327 395 1376 et
425 1323 482 1376 in
508 1327 752 1379 secundo
784 1328 1048 1383 daturum
1085 1348 1144 1384 se
1177 1334 1340 1387 vobis
1370 1350 1616 1406 regnum
1655 1355 1784 1392 cum
1819 1342 2027 1396 sanctis

337 1413 555 1480 angelis
611 1416 961 1483 repromisit,
1022 1419 1301 1475 adventus
1341 1423 1430 1477 sui
1489 1441 1588 1478 vos
1640 1427 2025 1485 illustratione

335 1500 662 1555 sanctiﬂcet.
699 1507 902 1556 Amen.

404 1588 639 1642 Vincula
667 1596 854 1644 vestra
883 1593 1152 1650 dissolvat
1177 1603 1489 1670 antequam
1526 1603 1733 1670 veniat,
1779 1611 1840 1660 ut
1881 1608 2022 1663 libe-

331 1677 441 1730 rati
470 1694 502 1730 a
533 1679 772 1733 vinculis
801 1688 1187 1752 peccatorum,
1219 1687 1468 1744 interriti
1495 1684 1868 1750 tremendum
1901 1699 2025 1768 ejus

331 1768 666 1835 exspectetis
701 1770 1026 1825 adventum.
1057 1778 1260 1829 Amen.
1901 1774 1908 1780 ’

399 1855 468 1908 Et
499 1872 670 1925 quem
702 1860 921 1913 venisse
953 1862 1011 1915 in
1052 1864 1217 1917 terris
1257 1881 1362 1935 pro
1408 1874 1595 1923 vestra
1622 1873 1800 1927 salute
1832 1877 2021 1931 credi-

329 1942 422 2007 tis,
456 1949 875 2017 venturumque
898 1950 964 2003 ad
990 1951 1273 2020 judicium
1303 1958 1614 2022 sustinetis,
1645 1961 1778 2030 ejnd
1810 1964 2018 2020 adven-

329 2032 419 2081 tus
457 2031 699 2099 gloriam
731 2033 1003 2104 impavidi
1035 2041 1371 2096 mereamini
1403 2047 1678 2100 contueri.

399 2117 562 2180 Quod
595 2119 716 2189 ipse
748 2127 1017 2190 praestare
1051 2126 1337 2198 dignetur.

396 2207 743 2263 Benedictio.

423 2347 738 2387 BENEDIC’I‘IO
780 2352 1012 2392 PROXIMA
1054 2356 1315 2396 DOMINICA
1357 2361 1664 2400 NATIVITA'I'I
1704 2364 1895 2403 DOMINI

396 2437 604 2505 Excita,
644 2441 900 2508 Domine,
935 2447 1250 2513 potentiam
1301 2453 1479 2519 tuam,
1524 2457 1579 2504 et
1625 2455 1756 2508 veni
1794 2457 1866 2510 ad
1906 2458 2016 2510 sal-

324 2525 614 2580 vationem
646 2530 846 2599 populi
896 2533 1000 2597 tui,
1040 2551 1214 2605 quem
1255 2540 1548 2607 acquisisti
1576 2543 1854 2613 sanguine
1894 2550 2011 2613 tuo,

324 2630 395 2666 ne
444 2614 503 2668 in
553 2617 675 2686 ejus
720 2619 1040 2688 perditione
1088 2640 1270 2678 savus
1314 2627 1410 2680 ille
1455 2631 1673 2684 exultet
1720 2632 2012 2702 inimicus,

322 2717 496 2772 quem
519 2705 794 2760 adventus
826 2708 909 2763 tui
941 2713 1196 2780 potentia
1225 2714 1443 2770 dudum
1472 2718 1725 2774 liberasti
1748 2737 1853 2792 per
1881 2739 2012 2793 gra-

321 2790 481 2846 tiam.
516 2796 717 2848 Amen.

390 2879 473 2933 Sit
509 2882 786 2939 fortitudo
817 2887 1063 2942 dextera:
1113 2896 1224 2946 tuae
1265 2893 1334 2948 ad
1375 2895 1786 2964 protectionem
1840 2899 2012 2967 hujus

319 2967 550 3023 familiae
581 2976 714 3038 tuae,
749 2991 851 3043 pro
877 2993 988 3046 qua
1006 2979 1268 3048 dignatus
1287 2998 1344 3035 es
1368 2983 1476 3037 hoc
1499 2989 1758 3055 tempore
1780 3003 2011 3042 carnem
2075 3041 2089 3057 ,
2121 2977 2275 3015 mam

319 3054 556 3104 induere
590 3060 924 3104 virainalnm
989 3071 1158 3104 Aman
2051 3041 2091 3094 (λ
2119 3053 2301 3104 Amen

318 3054 556 3112 induere
590 3060 948 3129 virginalem.
981 3071 1182 3122 Amen.

393 3145 462 3198 Ut
490 3146 627 3200 dum
670 3149 1068 3208 inﬁrmitatem
1112 3163 1366 3213 nostram
1415 3167 1510 3215 tua
1548 3165 1857 3218 clementia
1895 3182 2010 3220 non

317 3229 568 3301 ignoras,
605 3253 837 3292 omnem
871 3241 1017 3296 hanc
1041 3244 1348 3302 Ecclesiam
1377 3253 1534 3304 tuam
1565 3257 1678 3306 tuae
1696 3253 2008 3309 divinitatis

317 3320 516 3390 clypeo
539 3330 823 3393 protegas.
859 3333 1061 3386 Amen.

387 3409 552 3472 Quod
583 3412 704 3482 ipse
735 3422 1027 3486 praestare.

387 3498 736 3555 Benedictio.

349 3627 414 3667 IN
460 3629 712 3672 VIGILIA
757 3635 1032 3677 NATALIS
1074 3639 1300 3680 DOMINI
1349 3643 1466 3683 VEL
1509 3643 1965 3688 ΤΗΕΟΡΗΛΝΙΕ.

381 3731 557 3798 Deus,
589 3734 690 3804 qui
717 3735 842 3789 Filii
878 3738 966 3791 sui
1000 3739 1224 3794 Domini
1266 3744 1444 3796 nostri
1489 3745 1618 3798 Iesu
1659 3745 1868 3802 Christi
1897 3751 2002 3802 hu-

313 3817 552 3875 militate
577 3821 866 3890 jacentem
896 3829 1173 3882 mundum
1207 3830 1471 3899 dignatus
1501 3838 1585 3887 est
1616 3834 1859 3905 erigere,
1888 3854 2003 3893 suae

308 3923 405 3960 vos
431 3901 843 3966 benedictionis
874 3931 1105 3985 capaces
1140 3917 1412 3988 dignetur
1440 3921 1686 3976 ct‘ticere.
1721 3927 1925 3979 Amen.

382 3997 452 4050 Ut
502 4004 769 4054 veterem-
803 4003 1156 4072 deponentes
1193 4007 1380 4061 Adam
1432 4025 1563 4062 cum
1619 4011 1835 4065 actibus
1885 4013 2001 4067 suis

314 4084 470 4138 illius
502 4091 928 4144 conversatione
971 4093 1193 4158 vivatis,
1231 4096 1331 4165 qui
1375 4103 1505 4166 post
1549 4099 1730 4154 Deum
1777 4109 2000 4158 creatus

309 4182 395 4227 est
422 4175 481 4227 in
508 4176 733 4245 justitia
760 4183 816 4231 et
845 4181 1142 4234 sanctitate
1169 4184 1439 4237 veritatis.
1475 4191 1675 4242 Amen.

378 4261 580 4332 Sicque
633 4265 702 4317 ab
750 4282 816 4319 eo
865 4267 1032 4321 hodie
1084 4271 1586 4328 sanctiﬁcationem
1637 4282 1994 4350 mereamini,

307 4356 589 4418 quatenus
628 4353 981 4409 nativitatem
1007 4357 1314 4413 Salvatoris
1339 4362 1429 4436 die
1461 4365 1708 4420 crastina
1739 4369 1984 4424 celebra-

305 4437 442 4505 turi,
490 4441 964 4497 convenientibus
1003 4445 1085 4499 illi
1135 4447 1422 4519 obsequiis
1461 4452 1716 4508 existatis
1759 4458 1992 4528 accepti.

305 4530 505 4580 Amen.

373 4616 530 4679 Quod
562 4617 682 4688 ipse
714 4625 1003 4690 praestare.

375 4705 722 4762 Benedictio.

304 4847 358 4886 Β.
405 4847 468 4886 1N
518 4849 715 4889 nocra
762 4851 1036 4892 NATALIS
1073 4853 1304 4894 DOIllNl
1351 4843 1554 4897 paruo
1606 4858 2006 4916 “Lucrum.

368 4938 745 5009 Omnipotens
790 4943 955 5008 Dens,
997 4944 1094 5012 qui
1135 4944 1528 5000 incarnatione
1572 4948 1861 5020 Unigeniti
1902 4955 1989 5008 sui

217 5100 220 5102 η
300 5027 501 5081 mundi
533 5029 792 5084 tenebras
822 5032 1111 5101 etfugavit‘,
1147 5039 1202 5086 et
1233 5034 1356 5101 ejus
1402 5035 1655 5104 gloriosa
1700 5039 1992 5097 nativitate

300 5114 445 5168 hanc
473 5118 912 5172 sacratissimam
953 5126 1177 5175 noctem
1218 5121 1533 5193 irradiavit,
1585 5127 1799 5197 eifuget
1827 5147 1857 5182 a
1888 5147 1992 5184 vo-

299 5200 386 5253 bis
419 5203 678 5257 tenebras
720 5205 1012 5270 vitiorum,
1059 5214 1115 5262 et
1157 5210 1392 5266 irradiet
1431 5214 1605 5268 corda
1652 5221 1837 5270 vestra
1868 5220 1991 5273 luce

299 5286 597 5343 virtutum.
633 5295 831 5345 Amen.

372 5373 590 5444 Quique
621 5379 744 5447 ejus
771 5382 1166 5439 sacratissima:
1210 5387 1524 5444 nativitatis
1553 5393 1830 5460 gaudium
1867 5410 1988 5448 ma-

298 5477 478 5523 gnum
509 5467 830 5531 pastoribus
863 5470 934 5522 ab
964 5475 1168 5540 angelo
1203 5476 1382 5528 voluit
1411 5480 1686 5544 nuntiari,
1723 5479 1858 5550 lipse
1889 5498 1990 5535 su-

301 5564 404 5619 per
429 5565 525 5603 vos
568 5553 981 5610 benedictionis
1021 5573 1154 5613 suae
1180 5563 1574 5630 gratissimum
1620 5568 1866 5622 imbrem
1896 5569 1986 5622 in-

1488 302 1828 359 GRIMALDI
1868 306 2378 372 SANGALLENSIS
2415 317 2709 374 ABBATIS
3741 341 3815 388 δεμ.»

2077 449 2124 500 Α
2152 445 2373 514 fundat,
2413 456 2583 520 atque
2622 453 2747 522 ipso
2790 460 3016 524 pastore
3064 475 3164 512 vos
3203 461 3272 514 ad
3307 465 3664 518 aeternorum
3701 481 3809 535 gau-

2148 534 2377 590 diorum
2407 555 2616 607 pascua
2641 547 2856 594 aeterna
2896 545 3188 613 perducat.
3227 551 3430 602 Amen.

2219 626 2282 678 Et
2334 627 2431 696 qui
2491 645 2593 698 per
2642 630 2765 699 ejus
2817 631 3268 689 incarnationem
3318 644 3549 692 terrena
3599 641 3810 696 celesti-

2143 711 2250 765 bus
2301 715 2550 781 sociavit,
2597 722 2825 772 aeterna:
2866 719 3021 788 pacis
3065 729 3122 776 et
3169 723 3334 778 bonae
3382 729 3691 781 voluntatis
3732 748 3812 782 ne-

2143 807 2295 854 ctare
2320 819 2418 856 vos
2468 806 2703 874 repleat,
2738 814 2795 860 et
2831 808 3083 876 caelestis
3121 811 3343 868 militiae
3394 824 3689 871 consortes
3715 821 3812 873 efﬁ-

2142 888 2271 941 ciat.
2302 893 2502 944 Amen.

2212 976 2374 1040 Quod
2406 979 2524 1049 ipse
2548 987 2838 1050 prmstare.

2212 1064 2557 1118 Benedictio.

2228 1184 2279 1221 Β.
2326 1184 2389 1222 IN
2433 1186 2632 1226 NOCTE
2679 1188 2948 1231 NATALIS
2993 1192 3253 1244 DOHINI,
3300 1197 3493 1238 PRIMO
3542 1200 3733 1241 MANE.

2208 1257 2585 1326 Omnipotens
2645 1262 2812 1323 Deus,
2875 1264 2973 1333 qui
3025 1282 3204 1320 omne
3263 1284 3445 1337 genus
3509 1271 3804 1327 humanum

2136 1346 2389 1398 tenebris
2456 1347 2810 1403 inﬁdelitatis
2856 1351 3228 1420 obcaecatum,
3291 1357 3619 1413 visitatione
3684 1379 3808 1415 verae

2136 1432 2277 1485 lucis
2332 1434 2500 1489 hodie
2550 1437 2870 1506 illustravit,
2923 1441 3044 1509 ipse
3087 1459 3181 1494 vo.-
3229 1444 3573 1500 intrinsecus
3630 1454 3683 1502 et
3736 1467 3808 1503 ex-

2135 1521 2411 1576 trinsecus
2442 1526 2638 1594 gratiae
2680 1542 2797 1580 suae
2839 1528 3236 1585 benedictione
3278 1534 3589 1590 illuminet.
3622 1542 3805 1591 Amen.

2209 1612 2276 1663 Ut
2304 1613 2575 1680 pannosis
2607 1617 2975 1670 tenebrarum
3017 1621 3286 1689 operibus
3324 1623 3583 1691 abjectis,
3630 1627 3808 1678 lucidis

2063 1697 2368 1796 l3justitia3
2435 1704 2788 1758 vestimentis
2851 1707 3129 1768 adornati,
3194 1711 3460 1766 decenter
3530 1715 3804 1782 incedatis,

2131 1793 2362 1857 patrum
2413 1791 2673 1846 videlicet
2727 1797 3001 1865 exemplis
3054 1799 3296 1865 calciati,
3346 1801 3603 1856 castitate
3665 1820 3806 1856 renes

2131 1877 2384 1944 accincti,
2422 1879 2710 1934 Christum
2742 1883 2948 1951 induti,
2995 1892 3153 1940 scuto
3192 1888 3324 1940 tidei
3371 1891 3601 1956 muniti,
3635 1893 3806 1960 gladio

2129 1967 2305 2019 sancti
2337 1968 2578 2036 Spiritus
2616 1973 2842 2037 armati,
2885 1973 3051 2042 galea
3091 1976 3211 2044 spei
3248 1977 3520 2045 decorati,
3575 1981 3804 2033 charita-

2129 2053 2198 2108 tis
2231 2055 2401 2124 pallio
2432 2059 2706 2128 cooperti.
2740 2064 2942 2115 Amen.

2199 2143 2489 2206 Quatenus
2540 2147 2645 2200 hoc
2690 2149 2896 2202 amictu
2946 2166 3048 2219 per
3095 2151 3350 2206 hostium
3399 2164 3609 2209 cun‘eos
3659 2157 3802 2210 illaesi

2126 2235 2507 2297 transeuntes,
2556 2241 2614 2288 ct
2643 2235 2951 2303 immunes,
2993 2240 3062 2293 ad
3109 2257 3302 2312 regem
3339 2248 3607 2306 vestrum,
3652 2263 3801 2314 quem

2125 2318 2186 2372 in
2218 2323 2498 2391 praesepio
2541 2325 2836 2393 parvulum
2877 2327 3133 2381 invenire
3175 2337 3445 2399 pastores,
3487 2333 3545 2385 in
3577 2349 3800 2402 regnum

2125 2409 2399 2463 caelorum
2429 2412 2770 2481 perveniatis
2796 2421 3047 2470 ovantes.
3083 2420 3285 2472 Amen.

2198 2499 2358 2562 Quod
2393 2499 2514 2571 ipse
2543 2507 2835 2572 praestare.

2199 2590 2544 2645 Benedictio.

2497 2714 2552 2752 B.
2600 2713 2661 2753 IN
2711 2716 2814 2754 DIE
2862 2717 3136 2756 NATALIS
3185 2719 3439 2758 DOMINI.

2194 2785 2500 2840 Benedicat
2558 2804 2657 2841 vos
2695 2790 3062 2859 omnipotens
3112 2792 3277 2857 Deus,
3318 2799 3686 2863 vestramque
3737 2795 3795 2846 ad

2123 2889 2370 2942 superna
2419 2875 2619 2928 excitet
2671 2877 3070 2943 intentionem,
3134 2881 3234 2950 qui
3293 2881 3439 2934 hanc
3498 2882 3797 2935 sacratissi-

2121 2977 2275 3015 mam
2303 2964 2453 3017 diem
2494 2965 2787 3019 nativitate
2828 2967 2952 3020 Filii
2996 2969 3082 3021 sui
3132 2969 3262 3022 fecit
3310 2986 3432 3022 esse
3472 2972 3794 3023 solemnem.

2192 3139 2256 3192 Et
2287 3138 2388 3209 qui
2419 3154 2572 3206 eum,
2609 3140 2708 3210 qui
2737 3141 2899 3208 panis
2944 3147 3025 3195 est
3079 3144 3435 3212 angelorum,
3469 3144 3524 3196 in
3568 3161 3794 3214 prmscpi

2121 3227 2380 3281 Ecclesiae
2406 3228 2598 3281 cibum
2636 3228 2768 3281 fecit
2805 3245 2925 3282 esse
2979 3230 3237 3283 tidelium
3279 3232 3638 3297 animalium,
3687 3232 3793 3301 ipse

2117 3331 2214 3368 vos
2254 3321 2311 3369 et
2353 3315 2408 3368 in
2443 3317 2709 3386 praesenti
2747 3319 2955 3370 saeculo
3000 3318 3303 3389 degustare
3350 3321 3516 3374 faciat
3563 3328 3792 3374 mternu-

2117 3416 2246 3454 rum
2288 3402 2648 3456 dulcedinem
2689 3404 3049 3474 gaudiorum,
3104 3411 3158 3458 et
3187 3407 3244 3459 iu
3292 3407 3484 3461 futuro
3530 3409 3793 3478 perducat

2115 3490 2184 3543 ad
2221 3491 2539 3545 satietatem
2577 3491 2702 3564 [al.,
2746 3493 3094 3563 societatem]
3139 3500 3485 3550 aeternorum
3534 3497 3787 3567 praemio-

2117 3594 2264 3632 rum.
2303 3581 2488 3634 Amen

2186 3667 2408 3736 Quique
2443 3669 2565 3737 ejus
2598 3668 2898 3722 infantiam
2928 3669 3133 3723 vilibus
3168 3672 3350 3725 voluit
3376 3673 3535 3727 indui
3573 3674 3786 3743 pannis,

2112 3755 2234 3826 ipse
2265 3773 2362 3808 vos
2392 3756 2708 3809 cmlestium
2732 3757 3200 3812 vestimentorum
3236 3761 3472 3815 inducat
3497 3779 3786 3817 ornamen-

2158 3861 2200 3898 S.
2237 3861 2439 3898 amen.

2158 3861 2200 3898 s.
2250 3867 2253 3872 ι
2288 3861 2439 3897 men.

2111 3849 2152 3898 tl
2183 3848 2344 3996 Qjod
2379 3934 2497 4003 ipse
2521 3937 2787 4002 priestare
2815 3933 3104 4002 dignetur,
3136 3935 3298 4005 cujus
3319 3951 3586 4006 regnum.

2488 4055 2541 4092 B.
2591 4055 2652 4093 IN
2704 4054 2933 4093 NA'I'ALI
2978 4056 3030 4095 S.
3073 4056 3420 4096 STEPHANI.

2182 4128 2347 4190 Deus,
2391 4127 2490 4196 qui
2533 4127 2588 4178 Β.
2639 4126 2995 4193 Stephanum
3043 4134 3520 4198 protomartyrem
3562 4146 3780 4183 corona-

2109 4214 2206 4280 vit,
2250 4219 2306 4267 et
2344 4214 2694 4267 confessione
2736 4214 2889 4275 iidei,
2927 4219 2984 4268 et
3025 4233 3207 4284 agone
3255 4218 3543 4286 martyrii,
3581 4225 3781 4270 mentes

2107 4306 2319 4355 vestras
2357 4301 2672 4354 circumdet
2713 4302 2772 4353 in
2817 4303 3084 4370 praesenti
3143 4305 3349 4357 smculo
3401 4322 3610 4359 corona
3631 4307 3782 4375 justi-

2106 4391 2222 4456 tias,
2255 4396 2312 4443 et
2357 4390 2418 4443 in
2450 4390 2641 4443 futuro
2681 4391 2953 4460 perducat
3001 4407 3098 4444 vos
3137 4392 3204 4444 ad
3249 4409 3521 4447 coronam
3576 4394 3778 4464 gloriie.

2107 4484 2304 4534 Amen.

2177 4565 2332 4619 Illius
2367 4567 2602 4620 obtentu
2645 4567 2861 4621 tribuat
2901 4567 3057 4621 vobis
3104 4569 3201 4621 Dei
3243 4573 3298 4621 et
3326 4569 3570 4638 proximi
3614 4570 3780 4623 chari-

2105 4658 2220 4707 tate
2251 4670 2477 4724 semper
2508 4656 2837 4722 exuberare,
2871 4657 2970 4726 qui
3001 4657 3148 4710 hanc
3179 4657 3400 4711 studuit
3430 4659 3600 4712 eti-am
3643 4659 3779 4711 inter

2104 4741 2484 4810 lapidantium
2515 4741 2764 4812 impetus
2795 4744 3067 4797 obtinere.
3095 4751 3294 4799 Amen.

2177 4829 2299 4893 Quo
2347 4830 2469 4900 ejus
2513 4833 2774 4897 exemplo
2817 4832 3092 4898 roborati,
3141 4838 3194 4886 et
3225 4834 3630 4887 intercessione
3669 4850 3779 4885 mu-

2104 4916 2230 4982 niti,
2263 4916 2334 4970 ab
2364 4933 2431 4970 eo
2477 4933 2649 4986 quem
2687 4920 2806 4987 ipse
2857 4935 2890 4971 a
2937 4920 3148 4973 dextris
3187 4921 3285 4973 Dei
3341 4921 3484 4975 vidit
3531 4927 3778 4985 stantem,

2104 5006 2441 5058 mereamini
2469 5006 2748 5074 benedici.
2786 5011 2984 5060 Amen.

2173 5095 2335 5157 Quod
2361 5094 2479 5164 ipse
2511 5101 2783 5164 praestare
2815 5095 3106 5165 dignetur,
3135 5097 3231 5167 qui
3263 5114 3394 5151 cum
3426 5099 3606 5152 Patre.

2508 5217 2560 5254 B.
2609 5216 2672 5254 IN
2723 5216 2953 5255 NATALI
2995 5217 3045 5256 S.
3089 5217 3387 5257 JOANNIS.

2172 5307 2548 5377 Omnipotens
2589 5308 2735 5360 Deus
2775 5307 3043 5377 dignetur
3082 5307 3240 5360 vobis
3291 5325 3396 5378 per
3449 5309 3776 5364 intercessio-

2100 5409 2230 5446 nem
2273 5395 2330 5446 B.
2372 5393 2608 5446 Joannis
2646 5394 2892 5464 apostoli
2929 5401 2986 5448 et
3033 5395 3397 5464 evangelista:
3439 5398 3771 5460 benedicere,

2049 5471 2068 5526 ὲ
2099 5482 2194 5552 qui
2227 5499 2329 5552 per
2357 5499 2491 5535 eum
2519 5499 2726 5536 arcana
2770 5483 2926 5536 verbi
2977 5482 3064 5536 sui
3111 5485 3292 5537 voluit
3340 5487 3604 5543 Ecclesia:
3636 5502 3771 5540 reve-

2100 5569 2236 5624 lare.
2269 5574 2474 5626 Amen.
