3868 6228
67 326 154 377 86!
914 330 1119 385 LIBER
1160 329 1803 386 SACRAMENTORUM.
1836 359 1903 366 —
1938 328 2499 384 BENEDICTIONES
2539 328 2753 383 EPISC.

3468 328 3573 379 862

130 456 427 511 Concedat
455 458 635 525 vobis,
668 465 736 513 ut
776 462 929 531 quod
972 462 1069 514 ille
1111 462 1358 531 Spiritus
1406 462 1583 515 sancti
1632 477 1764 514 mu-
1802 464 1849 514 Α
1952 463 2165 531 Detque
2215 460 2369 513 vobis
2424 477 2612 514 veram
2671 460 2947 514 mentium
3006 457 3411 521 innocentiam,
3468 456 3569 527 qui

66 560 193 595 nere
227 546 469 599 afflatus
515 548 713 601 vestris
757 550 992 603 auribus
1033 550 1263 617 infudit,
1292 552 1547 620 ejusdem
1581 550 1765 620 Spiri-

67 642 150 685 tus
181 632 341 686 dono
378 652 585 705 capere
618 643 809 690 mente
838 638 1085 691 valeatis.
1118 642 1319 692 Arnen.

132 723 273 786 Quo,
304 724 437 790 ejus
473 724 819 778 documento
852 727 920 778 de
951 726 1245 780 divinitate
1278 727 1453 779 nostri
1484 728 1764 796 Redemp-

72 811 201 865 toris
250 811 481 877 edocti,
532 817 588 865 et
652 815 898 867 amando
948 817 1100 884 quod
1148 816 1401 881 tradidit,
1455 820 1511 868 et
1560 816 1766 884 praedi-

73 900 239 953 cando
288 900 454 969 quod
503 900 716 965 docuit,
759 907 815 954 et
857 903 1220 972 exsequendo
1266 904 1415 972 quod
1454 904 1643 971 jussit,
1696 904 1767 956 ad

74 989 210 1041 dona
240 988 552 1056 pervenire
584 991 947 1056 mereamini,
980 1008 1108 1061 qua:
1139 992 1293 1045 idem
1325 993 1603 1046 Dominus
1636 1009 1766 1045 nos-

72 1083 149 1129 ter
174 1078 339 1129 Jesus
375 1076 639 1129 Christus
670 1080 1018 1148 repromisit.
1057 1086 1259 1134 Amen.

133 1164 293 1227 Quod
326 1164 453 1234 ipse
486 1170 781 1234 praestare.

444 1286 493 1323 B.
540 1286 603 1324 ΙΝ
652 1287 888 1325 NATALI
940 1288 1381 1327 INNOCENTUM.

132 1357 518 1427 Omnipotens
554 1362 721 1424 Deus,
761 1377 863 1433 pro
910 1362 1071 1429 cujus
1119 1361 1407 1431 Uuigeniti
1449 1362 1769 1415 veneranda

74 1447 319 1509 infantia,
357 1447 648 1500 infantum
696 1450 1066 1502 innocentum
1114 1457 1360 1502 catervas
1391 1451 1629 1505 llerodis
1674 1450 1767 1503 fu-

75 1536 205 1587 nesti
238 1537 491 1604 peremit
524 1537 761 1604 saevitia,
784 1554 899 1591 suae
921 1539 1078 1591 vobis
1111 1540 1521 1593 benedictionis
1552 1540 1768 1593 tribuat

76 1623 208 1675 dona
238 1623 586 1693 gratissima.
621 1629 820 1677 Amen.

138 1711 196 1763 Et
216 1711 317 1779 qui
340 1712 425 1763 eis
446 1712 728 1764 concessit
747 1719 806 1764 ut
830 1713 1059 1766 unicum
1084 1713 1289 1767 Filium
1313 1715 1435 1783 ejus
1461 1714 1765 1768 Dominum

78 1806 328 1851 nostrum
364 1816 481 1852 non
522 1801 830 1869 loquendo,
866 1802 963 1854 sed
1012 1802 1306 1855 moriendo
1337 1804 1763 1867 confiterentur,

78 1888 334 1941 concedat
370 1889 531 1941 vobis
584 1896 644 1941 ut
685 1889 856 1942 fidem
890 1906 1103 1955 veram,
1138 1907 1311 1959 quam
1354 1891 1546 1959 lingua
1590 1898 1770 1945 vestra

80 1977 290 2043 fatetur,
327 1976 506 2030 etiam
541 1994 732 2030 mores
780 1978 969 2047 probi,
1014 1986 1071 2031 et
1119 1978 1221 2032 vita
1275 1980 1634 2048 inculpabilis
1681 1982 1767 2033 fa-

78 2072 267 2119 teatur.
304 2070 515 2119 Amen.

139 2155 362 2223 Quique
395 2171 492 2207 eos
526 2154 882 2224 primitivum
915 2155 1161 2208 fructum
1196 2163 1403 2209 sanctae
1432 2174 1548 2210 suae
1579 2174 1767 2210 susceo

85 2244 156 2311 pit
196 2242 480 2301 Ecclesiae,
528 2258 659 2295 cum
694 2243 880 2295 fructu
922 2243 1205 2296 bonorum
1256 2260 1493 2313 operum
1545 2261 1641 2297 vos
1687 2246 1765 2298 fa-

79 2330 175 2382 ciat
203 2330 509 2399 pervenire
541 2331 609 2383 ad
643 2331 847 2399 gaudia
882 2337 1113 2384 aeterna:
1148 2332 1363 2401 patriaa.
1402 2336 1602 2386 Amen.

139 2418 291 2481 Quod
324 2418 450 2487 ipse
483 2424 754 2488 praestare
785 2420 1073 2489 dignetur.

298 2540 355 2579 Β.
404 2540 723 2579 DOMINlCA
773 2539 921 2579 POST
970 2540 1217 2580 NATALE
1265 2541 1521 2581 DOMINI.

142 2632 302 2695 Deus,
350 2630 453 2700 qui
505 2630 876 2699 Unigenitum
932 2647 1097 2684 suum
1156 2632 1313 2684 misit
1368 2637 1431 2685 ut
1486 2631 1765 2684 mundum

80 2721 325 2783 salvaret,
366 2717 628 2788 ejusdem
671 2717 867 2771 salutis
895 2735 991 2771 vos
1026 2719 1333 2788 participes
1366 2720 1591 2783 efﬁciat,
1618 2716 1685 2773 et'
1709 2721 1766 2773 in

84 2821 138 2856 ea
166 2805 611 2872 perseverabiles
640 2805 851 2856 reddat.
892 2810 1091 2857 Amen.

143 2891 303 2955 Iram,
359 2908 491 2962 quae
541 2908 712 2961 super
746 2892 1008 2945 infideles
1061 2897 1274 2957 manet,
1321 2909 1354 2945 a
1405 2894 1564 2946 vobis
1610 2911 1766 2948 amo-

86 2985 213 3045 veat,
270 2984 326 3033 et
387 2980 457 3033 ab
508 2995 574 3033 ea
629 2997 727 3032 vos
772 2980 831 3033 in
877 2987 1219 3049 perpetuum
1270 2981 1480 3034 liberos
1535 2982 1763 3037 efficiat.

84 3072 267 3120 Amen.

147 3155 423 3225 Spiritum
480 3157 604 3210 Filii
647 3157 733 3210 sui
775 3156 931 3210 vobis
975 3156 1271 3221 attribuat,
1320 3157 1558 3227 ejusque
1603 3158 1769 3212 donis

88 3258 169 3296 vos
193 3244 411 3297 affatim
440 3245 752 3298 exuberare
778 3246 1071 3298 concedat.
1103 3250 1304 3299 Amen.

145 3332 292 3395 Quod
324 3333 451 3403 ipse
482 3339 752 3403 praestare
782 3333 1069 3403 dignetur.

538 3455 593 3494 Β.
643 3456 705 3493 IN
753 3455 1000 3495 OCTAVA
1047 3455 1307 3495 DOMINI.

146 3527 521 3597 Omnipotens
554 3529 720 3594 Deus,
753 3529 915 3598 cujus
949 3528 1289 3597 Unigenitus
1327 3528 1609 3582 hodierna
1656 3530 1768 3597 die,

90 3631 148 3667 ne
194 3617 379 3685 legem
431 3618 697 3685 solveret,
747 3633 921 3687 quam
970 3616 1287 3685 adimplere
1336 3624 1589 3681 venerat,
1643 3635 1772 3671 cor-

89 3705 325 3772 poralem
384 3706 632 3775 suscepit
683 3705 1199 3770 circumcisionem,
1242 3705 1482 3774 spiritali
1530 3706 1771 3760 circum-

90 3791 279 3843 cisione
312 3797 537 3845 mentes
574 3798 787 3846 vestras
827 3795 897 3846 ab
945 3793 1213 3847 omnibus
1260 3793 1530 3847 vitiorum
1579 3796 1772 3847 incen-

88 3878 198 3931 tivis
230 3886 535 3951 expurget,
578 3887 635 3935 et
678 3898 841 3936 suam
878 3884 937 3936 in
982 3899 1078 3937 vos
1110 3882 1376 3936 infundat
1422 3882 1771 3936 benedictio-

92 3983 225 4021 nem.
258 3973 465 4023 Amen.

151 4055 211 4107 Et
240 4058 336 4125 qui
373 4058 561 4127 legem
613 4075 716 4127 per
760 4059 986 4129 Moysen
1036 4059 1211 4125 dedit,
1241 4063 1304 4113 ut
1349 4076 1451 4129 per
1491 4060 1775 4113 mediato-

96 4158 197 4195 rem
226 4152 493 4198 nostrum
533 4146 991 4200 benedictionem
1024 4146 1203 4209 daret,
1247 4153 1414 4199 exuat
1445 4164 1541 4200 vos
1574 4149 1775 4201 morti-

94 4230 336 4284 ticatione
378 4233 666 4300 vitiorum,
700 4238 753 4287 et
798 4234 966 4287 faciat
1011 4250 1377 4303 perseverare
1424 4235 1484 4288 in
1530 4236 1775 4287 novitate

95 4317 346 4371 virtutum
362 4360 375 4370 .
407 4325 609 4374 Amen.

155 4405 265 4467 Quo
311 4407 396 4459 sic
438 4408 497 4459 in
544 4406 754 4460 senarii
789 4406 1016 4460 numeri
1046 4407 1396 4477 perfectione
1442 4407 1497 4459 in
1532 4408 1637 4459 hoc
1668 4423 1772 4460 sae-

98 4493 206 4545 culo
237 4495 460 4556 vivatis,
512 4501 569 4548 et
596 4496 657 4548 in
706 4496 1026 4565 septenario
1072 4496 1219 4548 inter
1263 4496 1559 4549 beatorum
1605 4496 1776 4565 spiri-

99 4585 239 4635 tuum
285 4585 526 4653 agmina
574 4584 967 4654 requiescatis,
1011 4590 1293 4654 quatenus
1338 4584 1395 4637 in
1451 4589 1646 4637 octavo
1692 4602 1775 4638 re-

99 4674 425 4725 surrectione
472 4672 750 4738 renovati,
794 4672 1020 4742 jubilaei
1078 4671 1411 4726 remissione
1464 4672 1647 4738 ditati,
1704 4673 1775 4727 ad

100 4760 278 4825 gaudia
308 4761 435 4814 sine
465 4762 579 4815 line
615 4778 883 4815 mansura
916 4762 1283 4831 perveniatis.

155 4847 296 4909 Quod
326 4850 454 4918 ipse
485 4854 760 4919 praestare
793 4851 1080 4921 dignetur.

602 4963 658 5000 B.
709 4964 771 5002 ΙΝ
817 4962 1261 5003 THEOPHANIA.

158 5039 288 5093 Deus
338 5044 544 5095 lumen
588 5058 808 5107 verum,
859 5043 960 5113 qui
1025 5042 1391 5111 Unigenitum
1454 5059 1620 5095 suum
1677 5042 1779 5097 ho-

104 5126 269 5182 dierna
310 5132 427 5197 die,
473 5131 642 5184 stella
673 5130 834 5199 duce,
870 5132 1135 5201 gentibus
1168 5131 1347 5184 voluit
1377 5132 1645 5192 revelare,
1676 5147 1777 5184 sua

102 5228 181 5267 vos
208 5217 477 5287 dignetur
507 5218 907 5272 benedictione
940 5219 1143 5273 ditare.
1180 5223 1380 5271 Amen.

160 5304 284 5372 Quo,
335 5307 613 5376 exemplo
676 5323 996 5376 magorum,
1056 5306 1290 5376 mystica
1355 5306 1596 5360 Domino
1645 5307 1773 5360 Jesu

105 5390 296 5448 Christo
349 5411 605 5449 munera
659 5395 986 5462 offerentes,
1049 5400 1240 5464 spreto
1297 5395 1533 5464 antiquo
1593 5395 1773 5457 hoste,

108 5482 391 5554 spretisque
436 5482 726 5551 contagiis
773 5483 1060 5547 vitiorum,
1094 5483 1165 5535 ad
1215 5487 1491 5535 aeternam
1533 5482 1776 5551 patriam

108 5569 255 5623 redire
282 5571 527 5626 valeatis
557 5587 659 5642 per
688 5572 836 5626 viam
863 5572 1158 5624 virtutum.
1193 5575 1395 5624 Amen.

1876 566 2047 620 super
2095 550 2455 619 Unigenitnm
2504 566 2669 603 suum
2705 550 2978 619 Spiritum
3022 553 3279 600 sanctum
3321 547 3568 599 demon-

1878 640 2042 692 strari
2089 640 2269 691 voluit
2308 655 2411 707 per
2458 640 2811 703 columbam;
2861 653 3041 707 eaque
3092 636 3294 688 virtute
3342 639 3567 687 mentes

1876 734 2078 781 vestra:
2112 732 2481 780 exerceantur
2522 727 2589 779 ad
2642 727 3008 794 intelligenda
3050 725 3255 778 divinae
3304 722 3445 791 legis
3474 737 3564 774 ar-

1876 832 2037 883 cana,
2072 832 2185 887 qua
2228 817 2286 868 in
2321 816 2470 870 Cana
2518 816 2757 868 Galilaeae
2810 814 3040 884 lympha
3087 813 3147 866 in
3189 812 3383 865 vinum
3429 826 3564 863 con-

1877 922 2035 958 versa
2066 911 2166 958 est.
2197 909 2396 957 Amen.

1947 995 2108 1058 Quod
2139 993 2257 1063 ipse
2284 998 2553 1063 praestare
2586 992 2874 1061 dignetur.

2248 1116 2299 1153 Β.
2350 1113 2409 1151 ΙΝ
2454 1112 2694 1151 OCTAVA
2744 1110 3203 1150 ΤΗΕΟΡΗΑΝΙᾸΞ.

1952 1208 2128 1259 Deum
2177 1204 2523 1258 mirabilium
2570 1207 2625 1255 et
2656 1202 2929 1255 virtutum
2962 1206 3253 1275 auctorem
3286 1198 3569 1268 supplices

1878 1311 2197 1359 exoramus,
2234 1299 2297 1345 ut
2344 1292 2441 1361 qui
2473 1307 2530 1343 se
2562 1296 2699 1343 tunc
2743 1291 2943 1343 mundi
2975 1290 3172 1342 lumen
3222 1288 3397 1339 stella:
3435 1302 3569 1355 pro-

1879 1384 2020 1437 didit
2049 1384 2285 1446 lumine,
2322 1388 2376 1434 et
2402 1381 2470 1433 ad
2505 1396 2674 1449 quem
2724 1379 2979 1431 claritate
3023 1377 3224 1430 sideris
3259 1375 3409 1445 magi
3440 1390 3568 1443 per-

1876 1476 2155 1524 venerunt
2188 1469 2490 1533 orandum,
2519 1468 2638 1537 ipse
2684 1467 3032 1537 ignoscendo
3074 1481 3132 1517 se
3176 1464 3332 1517 vobis
3363 1478 3567 1515 conce-
3642 1484 3647 1485 ί

1877 1562 1971 1615 dat
2003 1559 2444 1630 agnoscendum.
2478 1561 2679 1610 Amen.

1951 1650 2014 1702 Et
2070 1649 2169 1719 qui
2222 1648 2486 1716 dignatus
2539 1651 2622 1698 est
2670 1644 2838 1697 hodie
2890 1643 2957 1696 ad
3007 1641 3266 1695 Jordanis
3326 1640 3564 1703 fontem,

1811 1754 1848 1806 Β
1878 1740 2205 1808 Γοηςδψιω
2254 1738 2393 1788 vivae
2427 1733 2791 1793 descendere,
2828 1737 2887 1784 ut
2936 1747 3039 1801 per
3074 1732 3338 1783 lavacrun

2040 1753 2205 1808 aqua:
2254 1738 2393 1788 vivae
2427 1733 2791 1793 descendere,
2828 1737 2887 1784 ut
2936 1747 3039 1801 per
3074 1732 3355 1783 lavacrum
3386 1726 3565 1780 saucti

1882 1828 2134 1897 corporis
2182 1826 2334 1895 ipsas
2366 1840 2543 1892 aquas
2592 1822 2856 1883 dilueret,
2909 1820 3031 1888 ipse
3079 1835 3175 1869 vos
3224 1816 3466 1870 interius
3512 1819 3569 1867 et

1880 1916 2127 1979 exterius
2184 1915 2255 1967 ab
2337 1913 2497 1966 omni
2577 1910 2816 1963 crimine
2899 1910 3209 1962 clementer
3271 1906 3564 1973 expurget.

1878 2008 2076 2059 Amen.

1951 2094 2170 2162 Quique
2218 2106 2413 2143 rursus
2464 2088 2567 2142 hac
2615 2087 2813 2140 eadem
2865 2086 2976 2152 die,
3026 2085 3083 2137 in
3130 2085 3278 2137 Cana
3326 2080 3569 2135 Galilzete

1882 2187 2111 2251 rogatus
2145 2182 2210 2233 ad
2250 2179 2579 2248 nuptiarum
2613 2176 2957 2238 cenvivium,
2993 2190 3167 2243 aquas
3197 2172 3331 2224 viles
3363 2169 3570 2239 praeci-

1882 2286 2059 2340 puum
2088 2269 2369 2321 convertit
2400 2268 2456 2319 in
2497 2266 2716 2329 vinum,
2751 2264 2871 2332 ipse
2914 2262 3189 2315 vilitatem
3240 2257 3570 2311 mortalium

1879 2374 2187 2427 Corporum
2222 2361 2541 2409 vestrorum
2574 2354 2754 2423 gloria
2797 2348 3231 2404 resurrectionis
3279 2344 3570 2400 absorberi

1878 2447 2049 2500 faciat
2078 2446 2134 2499 in
2168 2450 2465 2498 aeternum.
2504 2449 2703 2498 Amen.

1949 2534 2109 2598 Quod
2143 2534 2264 2603 ipse
2298 2539 2587 2602 praestare,
2622 2536 2754 2595 etc.,
2791 2529 2953 2597 cujus
2983 2540 3246 2594 regnum.

2120 2658 2171 2695 Β.
2222 2654 2535 2694 DOMINICA
2584 2654 2599 2691 ι
2648 2652 2796 2691 POST
2843 2645 3335 2689 THEOPHANIAM.

1951 2750 2097 2804 Deus
2130 2746 2229 2818 qui
2261 2746 2387 2800 Filii
2424 2745 2511 2798 sui
2545 2743 2917 2813 temporalem
2954 2738 3257 2809 pueritiam
3291 2735 3419 2788 fecit
3450 2750 3571 2787 esse

1881 2838 2222 2903 mirabilem,
2264 2836 2472 2904 spiritu
2518 2832 2837 2903 prudentiae
2868 2828 3042 2883 Corda
3071 2832 3256 2880 vestra
3287 2824 3572 2877 illustrare

1880 2944 1943 2980 ac
1975 2928 2177 2979 docere
2210 2924 2495 2993 dignetur.
2530 2926 2731 2975 Amen.

1809 3035 1848 3089 ρ
1950 3015 2171 3084 Quique
2204 3014 2366 3066 illum
2400 3010 2729 3081 parentibus
2754 3006 3141 3076 temporaliter
3171 3002 3336 3057 subdi
3370 3001 3570 3065 voluit,

1879 3104 2001 3174 ipse
2032 3120 2127 3157 vos
2159 3101 2501 3156 humilitatis
2544 3104 2601 3152 et
2643 3097 2873 3169 pietatis
2905 3094 3239 3149 muneribus
3272 3090 3572 3145 miseratus

1879 3193 2167 3245 informet.
2200 3194 2402 3244 Amen.

1954 3282 2015 3333 Et
2069 3280 2167 3350 qui
2206 3295 2353 3332 eum
2386 3276 2685 3348 sapientia,
2731 3278 2894 3328 aetate
2944 3278 3001 3326 et
3057 3272 3241 3341 gratia
3296 3267 3573 3338 proﬁcere

1882 3369 2103 3435 tribuit,
2158 3367 2501 3437 spiritalium
2580 3365 2736 3417 vobis
2807 3363 3160 3434 profectuum
3220 3360 3572 3411 incrementa

1880 3456 2164 3527 propitius
2194 3455 2490 3523 largiatur.
2519 3456 2717 3506 Amen.

1952 3545 2114 3609 Quod
2144 3544 2264 3613 ipse
2296 3546 2582 3612 praestare.

2099 3685 2150 3724 Β.
2200 3680 2513 3721 DOMINICA
2563 3680 2611 3718 Il
2658 3678 2806 3717 POST
2852 3674 3349 3715 THEOPEANIAM.

1960 3776 2123 3841 Deus,
2161 3772 2259 3842 qui
2289 3788 2391 3825 sua
2430 3770 2680 3823 mirabili
2728 3772 3003 3839 potestate
3050 3781 3257 3836 aquam
3306 3762 3475 3816 vertit
3516 3762 3576 3815 in

1885 3863 2101 3925 vinum,
2153 3878 2250 3913 vos
2305 3877 2337 3912 a
2388 3863 2667 3911 vetustate
2729 3856 3050 3909 subtractos
3109 3854 3169 3907 in
3212 3853 3392 3906 beata:
3446 3850 3577 3903 vita:

1883 3950 2187 4005 transferat
2215 3948 2541 4001 novitatem.
2569 3949 2768 3999 Amen.

1958 4039 2018 4090 Et
2043 4037 2140 4105 qui
2176 4035 2389 4104 nuptiis
2418 4034 2687 4087 interesse
2719 4032 2915 4096 voluit,
2956 4036 3021 4084 ut
3058 4044 3256 4083 earum
3294 4044 3396 4079 sua
3427 4040 3577 4095 pra:-

1885 4126 2066 4178 sentia
2112 4110 2511 4194 comprobaret
2558 4123 2796 4188 bonum,
2843 4122 2962 4190 ipse
3010 4119 3164 4173 vobis
3203 4114 3475 4171 castitatis
3524 4117 3581 4167 et

1884 4213 2204 4267 sobrietatis
2238 4217 2532 4282 perpetu-ae
2564 4211 2819 4264 conferat
2845 4211 3079 4262 donum.
3115 4212 3314 4261 Amen.

1958 4304 2079 4371 Ipse
2113 4302 2269 4355 vobis
2308 4307 2630 4354 sanctarum
2674 4299 3113 4369 intelligentiam
3161 4296 3580 4367 Scripturarum

1816 4363 1857 4417 Β
1888 4390 2101 4443 tribuat
2140 4390 2457 4459 spiritalem
2506 4391 2605 4459 qui
2652 4405 2830 4459 aquas
2873 4388 2932 4440 in
2977 4387 3108 4440 vina
3155 4384 3443 4447 vertendo,
3475 4381 3583 4434 hoc

1886 4480 2073 4548 ipsum
2109 4478 2289 4531 voluit
2320 4478 2638 4546 designare.
2680 4482 2878 4530 Amen.

1957 4567 2115 4630 Quod
2152 4568 2272 4636 ipse
2305 4573 2593 4636 praestare.

2105 4689 2157 4727 Β.
2205 4687 2513 4727 ΒΟΜΙΝΙΕΑ
2560 4686 2640 4724 HI
2680 4684 2827 4724 POST
2868 4680 3363 4721 ΤΗΕΟΡΗΔΝΙΔΜ.

1959 4780 2333 4849 Omnipotens
2404 4779 2548 4830 Deus
2619 4792 2715 4828 vos
2772 4774 2839 4826 ab
2897 4772 3154 4826 omnium
3212 4774 3579 4839 peccatorum

1892 4868 2124 4919 maculis
2180 4865 2478 4930 emundet,
2540 4864 2637 4933 qui
2700 4864 2991 4931 leprosum
3049 4859 3365 4936 supplicem
3424 4863 3579 4911 tactu

1886 4954 2119 5024 proprio
2153 4954 2419 5022 dignatus
2451 4958 2533 5003 est
2563 4950 2893 5003 emundare.
2929 4956 3130 5001 Amen.

1956 5042 2176 5111 Quique
2244 5038 2592 5093 centurionis
2646 5052 2872 5089 servum
2934 5053 3046 5089 non
3105 5040 3438 5105 aspernatus
3497 5040 3580 5087 est

1886 5132 2131 5196 visitare,
2178 5132 2297 5199 ipse
2344 5129 2599 5182 cordium
2655 5136 2974 5180 vestrorum
3024 5126 3336 5195 hospitium
3386 5126 3579 5195 digne-

1885 5225 1980 5273 tur
2012 5217 2457 5272 misericorditer
2490 5216 2744 5269 introire.
2780 5220 2981 5269 Amen.

1956 5306 2159 5375 Sicque
2191 5322 2289 5359 vos
2320 5304 2453 5357 ﬁdei
2482 5320 2600 5357 suae
2627 5304 2989 5374 plenitudine
3023 5303 3311 5368 informet,
3350 5308 3414 5357 ut
3449 5319 3580 5357 cum

1886 5393 2094 5445 sanctis
2126 5393 2243 5445 suis
2274 5393 2333 5444 in
2365 5392 2639 5445 caelorum
2675 5408 2851 5462 regno
2884 5392 3217 5446 accumbere
3249 5393 3577 5450 contendat.

1886 5483 2089 5535 Amen.

1958 5569 2121 5635 Quod
2153 5569 2292 5640 ipse.
