3868 6228
308 323 412 375 863

524 465 574 502 Β.
625 463 938 505 υΟΜΙΝΙΕΑ
986 465 1048 503 ιν
1095 464 1246 505 POST
1293 464 1774 504 ΤΗΕΟΡΗΑΝΙΔΜ.

377 538 784 593 Tentationum
834 538 1095 592 omnium
1146 555 1178 592 a
1210 538 1370 591 vobis
1424 540 1698 593 Dominus
1748 538 2004 608 pericula

310 632 638 687 removeat,
702 632 761 680 et
817 626 1318 697 perturbationum
1376 628 1653 698 procellas
1712 628 2010 681 miseratus

310 717 594 772 excludat.
629 720 853 770 Amen..

381 805 703 860 Tentatoris
747 804 978 858 fraudes
1016 809 1187 874 atque
1248 803 1540 857 molimina
1602 804 1897 865 dissolvat.
1954 810 2009 858 et

307 911 408 947 vos
458 894 726 947 adversus
774 910 905 947 eum
950 898 1149 947 cautos
1200 898 1369 963 atque
1419 893 1775 947 invincibiles
1818 893 2003 947 faciat.

310 986 513 1036 Amen.

379 1068 677 1123 Continuze
731 1068 885 1138 pacis
928 1068 1087 1122 vobis
1137 1083 1379 1121 munera
1421 1068 1654 1134 tribuat,
1706 1073 1761 1121 et
1808 1085 1905 1122 vos
1948 1068 2007 1123 in

308 1162 541 1227 portum
579 1156 1013 1226 tranquillitatis
1042 1172 1105 1209 ac
1144 1156 1461 1210 securitatis
1490 1157 1834 1227 propitiatus
1872 1173 2007 1211 con-

311 1245 523 1298 stituat.
561 1249 761 1297 Amen.

381 1334 539 1396 Quod
572 1333 713 1403 ipse.

546 1455 597 1493 Β.
648 1455 962 1494 DOMINICA
1005 1456 1040 1492 Υ
1090 1454 1240 1494 POST
1286 1453 1779 1494 THEOPHANIAM.

383 1528 547 1593 Deus,
603 1528 701 1597 qui
744 1527 960 1580 bonum
1014 1544 1209 1581 semen
1258 1528 1318 1581 in
1367 1543 1470 1580 sua
1520 1527 1763 1580 Ecclesia
1816 1543 2004 1581 serere

308 1616 624 1681 consuevit,
668 1616 727 1669 in
766 1618 926 1669 vobis
953 1616 1093 1670 illud
1140 1631 1478 1670 conservare
1522 1624 1694 1686 atque
1726 1616 2003 1686 multipli-

308 1720 434 1757 care
462 1719 759 1773 nunquam
790 1704 1041 1757 desistat.
1076 1707 1274 1757 Amen.

380 1791 740 1845 Zizaniorum
785 1790 1366 1860 superseminatorem
1397 1808 1429 1844 a
1476 1790 1633 1845 vobis
1680 1792 1878 1862 procul
1909 1808 2003 1845 re-

308 1880 501 1950 pellat,
537 1884 591 1933 et
618 1880 706 1933 sui
737 1880 893 1933 verbi
935 1880 1142 1950 pabulo
1188 1896 1283 1933 vos
1329 1881 1722 1935 indesinenter
1766 1881 1999 1935 reficiat.

308 1970 512 2020 Amen.

381 2054 524 2121 Quo,
559 2071 687 2107 cum
721 2055 838 2108 dies
878 2055 1076 2124 judicii
1115 2056 1430 2121 advenerit,
1465 2072 1497 2109 a
1532 2057 1793 2127 reprobis
1843 2074 2002 2129 sepa-

309 2143 438 2209 rati,
472 2144 544 2197 ad
575 2144 864 2197 dexteram
893 2144 1102 2212 judicis
1148 2144 1448 2211 sistamini,
1481 2150 1537 2199 et
1566 2146 1627 2200 in
1674 2146 2004 2201 beatissimo

308 2232 487 2302 ipsius
518 2249 697 2302 regno
727 2232 1108 2286 collocemini.
1143 2236 1339 2287 Amen.

380 2320 541 2384 Quod
572 2322 694 2390 ipse
724 2326 1016 2391 praestare.

526 2442 578 2480 Β.
628 2442 937 2482 DOMINICA
984 2443 1049 2481 VI
1095 2442 1246 2483 POST
1292 2444 1788 2484 THEOPHANIAM.

382 2515 530 2568 Deus
565 2516 663 2585 qui
713 2526 869 2569 mare
914 2516 1031 2569 suis
1076 2517 1321 2586 pedibus
1369 2517 1501 2570 fecit
1547 2534 1668 2571 esse
1711 2518 2002 2585 calcabile,

309 2603 467 2656 vobis
507 2603 785 2674 quidquid
824 2609 909 2657 est
946 2604 1203 2670 noxium,
1235 2606 1358 2675 ipse
1407 2606 1747 2660 substernat.
1797 2611 1999 2661 Amen.

380 2691 703 2745 Contrarias
748 2693 1183 2746 immundorum
1238 2693 1543 2763 spirituum
1602 2700 1791 2749 motus
1849 2711 2001 2749 eom-

308 2785 518 2849 pescat,
550 2786 606 2833 et
635 2796 731 2833 vos
763 2780 822 2833 in
851 2798 953 2834 sua
979 2797 1115 2851 pace
1141 2782 1463 2835 conﬁrmet.
1499 2786 1697 2837 Amen.

379 2868 571 2922 Crucis
617 2884 732 2921 sua:
767 2868 899 2922 navi
941 2868 1091 2922 inter
1131 2870 1335 2923 mundi
1378 2872 1584 2923 fluctus
1616 2872 1917 2941 gubernet,
1948 2878 2005 2927 et

308 2954 368 3009 in
400 2956 558 3009 littus
586 2956 766 3010 beata:
796 2957 1172 3026 perennitatis
1204 2959 1495 3028 perducat.
1525 2962 1728 3013 Amen.

378 3042 561 3106 Quod.

508 3164 559 3201 Β.
608 3163 669 3201 IN
720 3164 1225 3204 PURIFICATIONB
1270 3165 1527 3205 SANCTE
1579 3166 1806 3205 MARUE.

380 3253 755 3323 Omnipotens
790 3256 957 3321 Deus,
991 3255 1091 3326 qui
1122 3256 1493 3323 Unigenitum
1528 3273 1694 3310 suum
1728 3258 2003 3329 hodierna

309 3342 402 3395 die
445 3342 504 3394 in
554 3348 847 3413 assumpta
875 3359 1043 3396 carne
1074 3344 1134 3397 in
1181 3346 1396 3415 templo
1428 3346 1605 3399 voluit
1647 3348 2001 3417 praesentari,

307 3429 715 3483 benedictionis
745 3447 862 3484 suae
910 3448 1010 3484 vos
1044 3448 1280 3487 munere
1310 3433 1502 3495 fultos,
1536 3434 1699 3488 bonis
1731 3436 2004 3505 operibus

308 3518 475 3572 faciat
507 3520 788 3574 exornari.
821 3525 1022 3575 Amen.

383 3606 447 3659 Et
475 3606 570 3675 qui
615 3622 766 3673 eum,
796 3613 862 3661 ut
893 3608 1075 3677 legem
1124 3608 1485 3679 adimpleret,
1532 3610 1861 3663 ministrum
1904 3625 2001 3662 vo-

309 3692 415 3746 luit
464 3693 609 3746 eftici
652 3695 812 3764 legis,
862 3701 1085 3750 mentes
1136 3703 1350 3751 vestras
1394 3698 1643 3752 instruat
1687 3698 1832 3768 legis
1886 3713 2000 3750 suae

310 3781 659 3850 spiritalibus
689 3783 1064 3839 documentis.
1100 3790 1297 3841 Amen.
1370 3798 1373 3799 '

379 3869 500 3933 Quo
554 3870 606 3923 ei
646 3877 703 3925 et
745 3889 847 3941 pro
899 3874 1237 3940 turturibus,
1285 3874 1558 3928 castitatis
1607 3879 1666 3929 et
1710 3874 2003 3929 charitatis

309 3975 551 4013 munera
595 3960 798 4015 offerre
849 3964 1106 4029 valeatis;
1142 3970 1198 4017 et
1236 3980 1340 4032 pro
1373 3965 1546 4034 pullis
1580 3964 1998 4019 columbarum.

310 4048 556 4118 Spiritus
587 4049 768 4102 sancti
795 4050 959 4103 donis
984 4052 1325 4106 exuberetis.
1363 4056 1563 4106 Amen.

380 4136 542 4199 Quod
573 4136 715 4206 ipse.

804 4241 856 4278 B.
905 4240 967 4279 1N
1013 4240 1521 4281 SEPTUAGESIIIA.

383 4328 509 4397 Ipse
560 4345 659 4381 vos
702 4329 761 4382 in
802 4330 1041 4384 Ecclesia
1082 4348 1181 4384 sua
1226 4332 1565 4385 fructificare
1599 4333 1769 4386 faciat
1798 4335 1895 4403 qui
1934 4333 2000 4386 ad

309 4416 679 4470 excolendam
722 4418 947 4472 vineam
978 4434 1161 4485 suam,
1194 4435 1380 4485 mane,
1427 4420 1569 4473 hora
1602 4421 1791 4487 tertia,
1825 4427 2002 4489 sexta,

308 4519 481 4569 nona,
514 4510 569 4558 et
601 4507 906 4561 undecima
935 4508 1225 4577 operarios
1254 4508 1469 4562 invitat.
1499 4512 1702 4563 Amen.

376 4592 665 4655 Quatenus
722 4596 872 4649 inter
928 4596 1147 4666 primos
1205 4602 1510 4666 operantes
1568 4613 1671 4650 nec
1729 4598 2002 4652 extremis

308 4681 646 4751 invidentes,
675 4685 993 4739 mercedem
1035 4684 1294 4738 laborum
1322 4690 1641 4739 vestrorum
1673 4685 1794 4739 sine
1839 4702 1995 4740 mur-

310 4785 475 4825 mure
504 4778 559 4826 et
587 4773 975 4844 increpatione
1009 4773 1355 4844 percipiatis.
1388 4776 1590 4828 Amen.

382 4861 451 4914 Ut
476 4876 603 4914 cum
637 4861 840 4932 bisqui
865 4863 1137 4916 membris
1174 4862 1381 4916 Christi
1404 4863 1660 4917 minimis
1701 4863 2003 4917 subvenire

313 4954 606 5014 curarunt,
655 4939 712 5002 in
766 4950 1073 5005 novissimo
1108 4951 1302 5021 magni
1355 4951 1555 5021 judicii
1606 4951 1697 5005 die
1743 4951 2005 5006 benedici

316 5042 485 5107 atque
530 5037 587 5091 in
635 5044 851 5092 aeterna
896 5040 1264 5093 tabernacula
1308 5040 1598 5094 introduci
1642 5040 1997 5094 mereamini.

313 5130 514 5179 Amen.

382 5215 543 5278 Quod
571 5216 691 5285 ipse
723 5222 995 5287 praestare
1053 5217 1343 5287 dignetur,
1390 5220 1553 5288 cujus
1606 5223 1852 5289 potestas
1900 5234 2005 5272 nec

314 5302 497 5366 initio,
532 5319 637 5356 nec
664 5305 778 5359 tine
809 5311 1239 5377 coangustetur,
1274 5307 1332 5361 in
1381 5308 1589 5362 saecula
1638 5308 2000 5362 saeculorum.

319 5392 518 5443 Amen.

848 5498 899 5537 Β.
940 5498 1003 5537 IN
1042 5498 1470 5537 SEIAGESIMA.

388 5566 560 5618 Dator
592 5567 851 5635 omnium
904 5572 1186 5624 bonorum
1220 5574 1497 5638 Christus,
1548 5573 1761 5627 bonum
1810 5589 2005 5627 semen

1447 322 1786 376 GRIMALDI
1826 321 2347 377 SANGALLENSIS
2386 323 2671 377 ABBATIS
3708 332 3779 379 85‘.

2040 449 2176 505 Ain
2236 451 2503 505 cordibus
2553 452 2750 505 vestris
2804 453 3127 520 seminare,
3187 460 3243 507 et
3294 454 3363 508 ad
3429 454 3783 510 maturitatem

2117 554 2430 604 congruam
2461 540 2728 610 dignetur
2760 542 3092 612 perducere.
3122 546 3323 597 Amen.

2189 627 2310 690 Quo
2364 645 2469 682 nec
2519 646 2550 681 a
2608 630 2964 683 daemonibus
3023 637 3381 697 comestum,
3446 646 3553 683 nec
3612 631 3790 685 duritia

2117 715 2301 767 cordis
2358 716 2689 783 arefactum,
2740 733 2846 769 nec
2894 717 3071 785 spinis
3128 719 3492 781 sutfocatum,
3548 724 3791 771 centena~

2115 800 2264 854 rium
2300 803 2474 871 possit
2504 803 2740 856 reddere
2774 804 3041 857 fructum.
3077 807 3277 858 Amen.

2187 890 2478 952 Quatenus
2519 892 2577 944 in
2616 892 2819 945 ultimo
2861 892 3213 958 discrimine,
3251 893 3485 963 quando
3521 894 3683 946 multi
3713 908 3813 963 pret

2116 978 2380 1043 crimine,
2445 979 2526 1031 uti
2580 970 2791 1033 zizania
2852 981 2972 1051 igni
3030 981 3439 1049 comburenda,
3490 982 3790 1047 tradentur,

2114 1066 2273 1120 vobis
2344 1068 2665 1136 manipulas
2731 1069 2965 1139 frugum
3030 1076 3350 1124 vestrarum
3418 1070 3817 1147 portantibus,‘

2115 1155 2317 1208 horrea
2346 1157 2618 1209 castorum
2654 1158 3003 1225 aperiantur.
3039 1163 3241 1212 Amen.
3816 1154 3817 1173 ‘

2184 1244 2343 1307 Quod
2395 1261 2617 1297 summa
2667 1246 2909 1299 Trinitas
2983 1252 3248 1316 praastare
3312 1248 3628 1316 dignetur,
3688 1252 3819 1317 que‘

2114 1332 2465 1400 quibuslibet
2514 1333 2653 1386 foris
2697 1334 3165 1404 impendentibus
3222 1334 3634 1399 ministerium,
3693 1336 3797 1403 ipsa

2112 1420 2231 1472 sola
2262 1420 2605 1473 intrinsecus
2646 1422 2780 1475 dare
2823 1428 3010 1493 potest
3039 1423 3482 1487 incrementum,
3520 1424 3579 1475 in
3610 1424 3793 1475 saecula

2113 1508 2471 1561 swculorum.
2509 1514 2706 1562 Amen.

2579 1630 2631 1668 Β.
2680 1631 2741 1669 IN
2790 1631 3346 1678 QUINQUAGESIMA.

2042 1747 2082 1799 Β
2187 1720 2403 1774 Lumen
2446 1720 2779 1774 indeiiciens
2825 1723 2993 1787 Deus,
3049 1722 3147 1791 qui
3208 1722 3274 1775 ad
3324 1722 3794 1775 illuminationem

2116 1813 2370 1861 nostram
2421 1810 2617 1862 lumen
2664 1810 2733 1863 de
2786 1826 2843 1862 se
2895 1809 3153 1880 genitum
3205 1810 3264 1863 in
3318 1812 3471 1864 hunc
3533 1813 3798 1864 mundum

2115 1897 2363 1965 dirigere
2412 1898 2592 1951 voluit
2646 1898 3029 1964 incarnatum,
3089 1898 3208 1968 ipse
3268 1898 3491 1969 aperire
3547 1899 3800 1969 dignetur

2115 1986 2307 2040 oculos
2336 1986 2787 2055 praecordiorum
2816 1992 3154 2040 vestrorum.
3180 1990 3381 2040 Amen.

2186 2074 2474 2137 Quatenus
2527 2074 2714 2144 ipsum
2772 2080 3094 2145 sequentes,
3153 2080 3210 2128 et
3266 2075 3408 2128 alios
3455 2074 3527 2128 ad
3588 2075 3794 2129 laudem

2116 2164 2215 2217 Dei
2257 2163 2574 2216 accendatis
2616 2168 2673 2217 et
2718 2163 2827 2233 ipsi
2878 2163 2947 2216 ad
2999 2163 3234 2217 domum
3274 2163 3375 2217 Dei
3424 2169 3705 2216 aeternam
3750 2164 3796 2215 in

2115 2248 2272 2302 cmlis
2304 2249 2666 2317 perveniatis.
2698 2253 2899 2302 Amen.

2187 2338 2248 2389 In
2280 2354 2452 2408 quam
2495 2354 2598 2407 per
2630 2338 2813 2407 ipsum
2850 2344 2907 2391 et
2954 2339 3165 2391 ostium
3204 2342 3259 2391 et
3287 2337 3587 2391 ostiarium
3638 2338 3796 2390 intro-

2113 2425 2289 2490 ducti,
2324 2426 2534 2479 divinis
2579 2426 2841 2479 laudibus
2877 2427 2935 2479 in
2972 2427 3177 2480 saecula
3209 2427 3548 2480 saeculorum
3578 2442 3797 2496 perma-

2114 2513 2297 2567 neatis
2330 2512 2553 2567 intenti.
2590 2516 2789 2567 Amen.

2185 2602 2341 2666 Quod
2375 2602 2497 2671 ejus
2545 2602 2879 2672 dignatione
2927 2603 3055 2656 fieri
3102 2603 3477 2673 postulemus,
3517 2603 3622 2673 qui
3671 2618 3801 2673 quos

2114 2696 2245 2744 ante
2293 2691 2565 2744 saaculum
2617 2690 2902 2759 praescivit
2961 2696 3017 2743 et
3070 2691 3518 2759 praedestinavit,
3581 2696 3641 2743 et
3681 2696 3799 2741 ante

2113 2779 2288 2832 finem
2336 2780 2527 2832 saeculi
2572 2779 2790 2832 vocavit
2837 2784 2894 2832 et
2930 2778 3285 2848 justiﬁcavit,
3334 2778 3393 2830 in
3452 2778 3567 2831 ﬁne
3621 2776 3799 2829 saeculi

2112 2868 2453 2937 gloritieabjt
2480 2867 2539 2920 in
2568 2868 2772 2921 saecula
2801 2867 3161 2920 saeculorum.
3196 2870 3397 2919 Amen.

2430 2990 2481 3029 Β.
2531 2988 2845 3028 DOMINICA
2894 2989 2910 3027 ι
2956 2987 3487 3036 ουΑῡηΑοεειωε.

2190 3081 2493 3135 Benedicat
2537 3081 2697 3135 vobis
2734 3081 3100 3148 omnipotens
3143 3081 3308 3144 Deus,
3357 3079 3455 3149 qui
3488 3078 3802 3148 quadrage-

2116 3170 2344 3223 narium
2385 3185 2694 3223 numerum
2726 3169 2783 3221 in
2829 3169 3003 3239 Moysi
3049 3173 3105 3221 et
3157 3167 3313 3233 Elite,
3373 3183 3475 3220 nec
3534 3183 3654 3219 non
3713 3168 3803 3219 lite-

2112 3258 2347 3311 diatoris
2380 3258 2556 3311 nostri
2600 3258 2816 3327 jejunio
2862 3256 3236 3319 consecravit,
3269 3257 3665 3324 concedatque
3712 3272 3801 3307 vo-

2111 3344 2199 3397 bis
2240 3345 2317 3397 ita
2348 3344 2659 3413 transigere
2710 3344 3005 3411 praasentis
3048 3343 3172 3395 vita:
3206 3341 3716 3410 dispensationem,
3751 3348 3803 3392 ut

2113 3437 2342 3501 accepto
2422 3449 2452 3485 a
2516 3431 2926 3500 patrefamilias
2985 3429 3469 3484 remunerationis
3528 3430 3796 3493 denario,

2110 3520 2460 3590 perveniatis
2498 3520 2566 3573 ad
2602 3525 2964 3589 peccatorum
3005 3518 3266 3573 omnium
3300 3518 3723 3581 remissionem,
3753 3524 3802 3569 et

2113 3609 2183 3662 ad
2229 3610 2536 3679 gloriosam
2573 3625 2703 3661 eum
2745 3609 2954 3662 sanctis
2987 3608 3252 3661 omnibus
3300 3608 3796 3661 resurrectionem.

2112 3700 2313 3750 Amen.

2183 3786 2401 3855 Detque
2452 3785 2610 3838 vobis
2664 3783 3007 3855 spiritalium
3061 3784 3339 3837 virtutum
3398 3782 3797 3845 invictissime,

2113 3874 2233 3943 [al.,
2283 3871 2617 3943 invictricia]
2669 3888 2847 3937 arma,
2882 3872 3090 3943 quibus
3132 3873 3396 3941 exemplo
3444 3872 3672 3925 Domini
3706 3872 3798 3923 de-

2112 3962 2333 4015 vincere
2391 3962 2622 4014 valeatis
2679 3961 2901 4031 antiqui
2962 3960 3139 4013 hostis
3194 3960 3565 4030 sagacissima
3622 3965 3800 4013 tenta-

2112 4057 2329 4105 menta.
2360 4054 2564 4104 Amen.

2183 4138 2303 4202 Quo
2336 4154 2447 4191 non
2480 4139 2539 4191 in
2572 4140 2694 4191 solo
2725 4153 2893 4206 pane,
2928 4138 3025 4190 sed
3057 4136 3117 4189 in
3148 4136 3307 4189 omni
3350 4136 3525 4189 verbo
3557 4135 3713 4206 quod
3739 4134 3798 4187 de

2113 4244 2211 4282 ore
2260 4228 2379 4297 ejus
2426 4227 2699 4297 procedit,
2754 4226 3071 4294 spiritalem
3119 4231 3411 4278 sumentes
3451 4223 3793 4284 alimoniam,

2046 4317 2086 4369 Ι)
2116 4332 2217 4386 per
2250 4316 2606 4386 jejuniorum
2657 4315 3133 4379 observationem,
3167 4319 3222 4367 et
3252 4318 3592 4367 ceterorum
3630 4313 3795 4366 bono-

2112 4421 2239 4458 rum
2269 4420 2507 4475 operum
2544 4402 2975 4471 exhibitionem,
3008 4403 3302 4472 percipere
3332 4401 3675 4455 mereamini
3708 4401 3801 4453 ini-

2114 4493 2562 4548 marcescibilem
2588 4493 2787 4563 gloriaa
2817 4508 3108 4545 coronam.
3141 4496 3344 4545 Amen.

2183 4583 2343 4646 Quod
2374 4582 2514 4652 ipse.

2414 4704 2465 4743 Β.
2516 4703 2827 4743 DOMINICA
2876 4703 2921 4741 II
2970 4700 3510 4749 QUADRAGESIMAE.

2184 4777 2556 4847 Omnipotens
2600 4779 2764 4842 Deus,
2791 4775 3000 4845 jejunii
3035 4764 3493 4843 caaterarumqné
3532 4773 3799 4825 virtutum

2114 4866 2411 4919 dedicator
2449 4872 2622 4935 atque
2672 4869 2912 4928 amator,
2948 4879 3051 4915 sua
3092 4878 3189 4914 vos
3228 4861 3635 4937 benedictione
3684 4876 3801 4912 san-

2113 4955 2342 5008 ctiticet.
2372 4958 2574 5008 Amen.
3570 4960 3575 4965 ‘

2183 5043 2467 5095 Accendat
2526 5042 2583 5094 in
2645 5041 2803 5094 vobis
2864 5041 2977 5109 pia:
3036 5037 3356 5093 devotionis
3408 5036 3711 5101 affectum,
3759 5039 3807 5086 et

2114 5131 2363 5201 praebeat
2435 5129 2889 5200 supplicantibus
2945 5144 3114 5182 suum
3190 5127 3474 5195 benignus
3528 5125 3803 5179 auditum.

2116 5223 2316 5273 Amen.

2187 5308 2479 5371 Quatenus
2527 5311 2744 5360 mentes
2785 5310 3009 5369 vestrm,
3061 5303 3295 5356 sinceris
3351 5306 3613 5373 purgatae
3674 5301 3803 5371 jeju-

2114 5397 2247 5462 niis,
2282 5397 2564 5450 bonorum
2612 5395 2873 5448 omnium
2921 5395 3039 5463 [al.,
3075 5390 3335 5463 operum]
3373 5391 3693 5444 exuberent
3728 5389 3803 5441 in-

2114 5484 2444 5538 crementis.
2476 5488 2677 5538 Amen.

2191 5574 2350 5636 Quod
2384 5573 2526 5642 ipse.
