3868 6228
20 302 125 355 84ίὸ

322 458 374 496 B.
424 456 738 497 nontam
787 458 865 496 Ill
911 457 1452 504 QUADRAGESIMJE.
1774 444 1818 496 A

89 545 487 616 Omnipotens
539 550 683 601 Deus
723 548 1077 617 jejuniorum
1117 559 1435 602 vestrorum
1478 548 1737 602 victimas

20 634 349 687 clementer
398 636 663 705 accipiat,
705 642 759 689 et
813 651 915 688 sua
948 653 1043 688 vos
1091 637 1490 691 benedictione
1538 637 1740 706 dignos

20 722 260 775 efﬁciat.
298 726 508 777 Amen.

86 810 317 864 Mentes
366 818 585 865 vestras
625 812 706 866 ita
752 812 1123 882 parcimonia:
1171 812 1323 865 bono
1369 817 1564 865 contra
1605 813 1741 867 vitia

20 900 275 963 muniat,
344 907 770 970 preceptorum
832 916 1069 953 suorum
1142 901 1414 953 doctrinis
1495 902 1738 967 erudiat,

23 987 322 1040 charitatis
354 989 508 1041 dono
538 989 773 1057 repleat,
820 994 881 1041 ut
920 1004 1015 1041 vos
1055 990 1115 1041 in
1165 989 1431 1042 omnibus
1475 989 1583 1044 sibi
1614 991 1737 1059 pla-

22 1090 145 1128 cere
181 1076 489 1129 concedat.
523 1079 722 1130 Amen.

88 1164 417 1237 Quatenus,
457 1165 759 1234 presentis
798 1164 1266 1233 Quadragesimte
1310 1165 1513 1219 diebus
1559 1165 1739 1218 devo-

20 1252 247 1306 tissime
314 1254 639 1319 celebratis,
720 1253 787 1306 ad
860 1253 1147 1322 paschalia
1228 1253 1369 1306 festa
1425 1253 1740 1323 puriﬁcatis

26 1342 301 1393 cordibus
334 1343 608 1395 accedere
642 1341 895 1393 valeatis.
924 1342 1129 1394 Amen.

92 1429 266 1491 Quod
295 1429 443 1498 ipse.

320 1550 377 1589 Β.
427 1550 745 1590 ΠΟΜῙΝΙΟΛ
792 1549 854 1587 ιγ
901 1547 1440 1596 ΟυΔῦΒΔϐΕΒῙΜΕ.

100 1622 255 1673 Deus
304 1621 407 1690 qui
453 1637 552 1673 vos
597 1621 661 1673 ad
721 1622 1091 1690 praesentium
1151 1620 1736 1690 quadragesimalium

31 1709 257 1761 dierum
287 1708 654 1761 medietatem
685 1710 954 1778 dignatus
996 1715 1082 1762 est
1112 1710 1441 1779 perducere,
1491 1710 1609 1779 ipse
1640 1726 1738 1763 vos

33 1812 128 1849 sua
161 1798 542 1850 miseratione
569 1796 841 1867 dignetur
862 1798 1221 1851 benedicere.
1247 1801 1452 1851 Amen.
1487 1799 1495 1805 ’

98 1885 534 1938 Abstinentiam
578 1890 820 1938 vestram
862 1888 1212 1955 prieteritam
1269 1892 1539 1956 acceptet,
1586 1886 1735 1940 futu-

37 1990 154 2026 ram
186 1976 272 2026 ita
296 1975 406 2027 sibi
447 1975 717 2043 placitam
763 1974 983 2040 reddat,
1028 1981 1091 2028 ut
1133 1976 1277 2028 sicut
1322 1976 1391 2027 ab
1420 1975 1630 2028 illicitis
1661 1976 1744 2028 ci—

43 2062 141 2125 bis,
174 2062 257 2115 ita
286 2079 387 2114 vos
431 2062 609 2115 etiam
656 2080 688 2115 a
722 2062 868 2116 vitiis
913 2063 1180 2116 omnibus
1221 2064 1500 2117 abstinere
1544 2080 1744 2118 conce-

40 2149 146 2202 dat.
180 2153 392 2203 Amen.

104 2237 401 2300 Quatenus
450 2237 520 2290 de
571 2237 875 2308 prasteritis
916 2242 973 2291 et
1012 2239 1079 2291 de
1138 2238 1346 2291 futuris
1397 2238 1744 2308 spiritalium

43 2326 447 2379 charismatum
506 2326 768 2396 frugibus
828 2327 881 2379 ei
948 2333 1135 2397 grates
1199 2328 1608 2397 persolventes,
1673 2328 1745 2382 ad

44 2419 296 2467 sanctum
330 2415 547 2468 Pascha
575 2415 880 2484 pervenire
913 2416 1144 2485 possitis
1185 2416 1503 2469 indemnes.
1538 2420 1742 2470 Amen.

108 2502 273 2565 Quod
295 2503 443 2573 ipse.

1781 1741 1819 1792 Β

346 2623 400 2661 Β.
452 2623 767 2665 DOMINICA
818 2625 854 2663 ν
897 2624 1430 2671 ΩΗΔΒΒΑΟΕΕΙΜΑΞ.

110 2697 400 2749 Accendat
442 2697 502 2749 in
554 2698 715 2751 vobis
761 2699 1039 2751 Dominus
1094 2698 1211 2751 vim
1272 2698 1356 2751 sui
1412 2698 1646 2763 amoris,
1691 2704 1746 2751 et

48 2800 139 2853 per
161 2785 524 2854 jejuniorum
569 2787 1012 2852 observantiam,
1050 2787 1314 2841 infundat
1346 2788 1404 2840 in
1449 2787 1605 2840 vobis
1650 2788 1747 2841 do-

51 2890 179 2925 num
211 2890 331 2927 suaz
357 2874 796 2929 benedictionis.
832 2879 1032 2929 Amen.

112 2962 198 3014 Sic
237 2961 291 3013 ei
334 2962 714 3033 parcimonize
756 2963 1011 3017 victimas
1046 2963 1319 3029 otferatis,
1369 2968 1431 3016 ut
1478 2964 1559 3017 illi
1608 2980 1741 3017 con-

53 3049 159 3102 triti
182 3050 388 3116 cordis,
425 3056 480 3104 et
522 3052 862 3105 humilitatis
892 3051 1177 3105 'sacrilicio
1211 3052 1500 3121 placeatis.
1536 3057 1735 3108 Amen.

113 3138 404 3201 Quatenus
446 3140 628 3193 oratio
661 3146 864 3209 vestra,
894 3140 1104 3211 jejunii
1135 3146 1190 3195 et
1222 3142 1603 3211 eleemosynaa
1636 3142 1742 3195 alis

55 3226 323 3286 subvecta.
366 3228 423 3282 id
473 3229 541 3281 ad
575 3245 740 3282 aures
781 3230 951 3283 vestri
998 3229 1306 3283 conditoris
1345 3231 1630 3295 ascendat,
1680 3236 1744 3285 ut

54 3330 139 3367 vos
167 3321 399 3369 aeternae
452 3316 824 3370 beatitudinis
863 3317 1119 3371 hzeredes
1154 3322 1211 3370 et
1242 3333 1625 3387 supernorum
1655 3318 1739 3371 ci-

52 3403 195 3457 vium
224 3412 524 3459 consortes
556 3406 782 3459 efﬁciat.
813 3409 1011 3460 Amen.

80 3536 83 3537 ν
116 3492 271 3555 Quod
304 3495 449 3563 ipse.

502 3613 556 3651 B.
606 3613 754 3652 DOM.
803 3614 1287 3653 INDULGENTII‘J.

118 3684 422 3739 Benedicat
460 3685 621 3739 vobis
664 3686 1024 3756 omnipotens
1072 3688 1243 3755 Deus,
1289 3687 1381 3741 cui
1411 3694 1466 3741 et
1490 3687 1740 3758 jejunio-

57 3787 169 3827 mm
226 3775 615 3828 maceratione
674 3779 726 3827 et
777 3775 1147 3844 prmsentium
1209 3776 1432 3830 dierum
1478 3777 1741 3830 observa-

59 3863 192 3914 tione
226 3864 457 3932 placere
490 3862 747 3916 studetis.
780 3866 982 3917 Amen.

116 3950 514 4020 Concedatque
554 3951 735 4017 vobis,
764 3957 829 4004 ut
872 3953 1015 4005 sicut
1046 3952 1096 4005 ei
1138 3969 1268 4006 cum
1310 3952 1484 4006 ramis
1524 3953 1741 4023 palma-

64 4053 166 4091 rum
198 4044 614 4093 caeterarumve
649 4040 939 4093 frondium
972 4042 1308 4110 praesentari
1328 4042 1645 4107 studuistis,
1666 4041 1745 4095 ita

62 4142 169 4181 cum
214 4129 413 4197 palma
445 4129 698 4182 victoriae
746 4135 802 4183 et
853 4131 1042 4184 fructu
1086 4131 1373 4184 bonorum
1414 4147 1652 4201 operum
1693 4132 1745 4185 ei

64 4222 171 4282 post
200 4216 430 4270 obitum
462 4233 741 4287 apparere
768 4219 1033 4272 valeatis.
1070 4224 1269 4273 Amen.

119 4304 338 4374 Quique
376 4305 665 4375 unigeniti
698 4307 822 4359 Filii
861 4308 985 4376 ejus
1026 4308 1354 4377 passionem
1401 4324 1549 4377 puro
1579 4308 1747 4361 corde
1789 4311 1832 4364 D

65 4393 294 4456 creditis,
333 4400 527 4447 mente
558 4393 761 4447 devota
788 4396 1047 4448 venerari
1080 4397 1336 4463 studetis,
1372 4397 1443 4449 ad
1484 4412 1743 4450 resurre-

65 4480 245 4534 ctionis
287 4481 432 4534 festa
477 4487 534 4535 et
583 4489 787 4536 vestras
842 4484 1324 4538 remunerationis
1369 4485 1628 4554 praemia,
1663 4485 1744 4555 ip.

67 4567 160 4620 sius
183 4569 319 4621 fulti
348 4570 693 4636 munimine,
724 4571 982 4625 veniatis.
1018 4574 1220 4626 Amen.

119 4657 274 4721 Quod
310 4658 455 4728 ipse.

544 4780 599 4818 Β.
650 4781 710 4819 1N
757 4781 942 4821 COENA
988 4781 1242 4820 DOMlNl.

122 4852 418 4907 Benedicat
446 4852 611 4907 vobis
642 4855 1009 4923 omnipotens
1048 4857 1216 4917 Deus.
1261 4856 1361 4925 qui
1391 4872 1495 4924 per
1526 4855 1737 4926 Unige-

67 4938 147 4991 niti
198 4942 288 4993 sui
344 4943 675 5010 passionem
724 4949 886 4997 vetus
927 4942 1138 5013 pascha
1184 4943 1245 4996 in
1298 4960 1511 4997 novum
1560 4945 1742 4999 voluit

68 5030 315 5092 converti,
377 5030 773 5101 concedatque
818 5032 976 5085 vobis
1027 5038 1111 5097 ut,
1167 5038 1481 5102 expurgata
1534 5035 1740 5087 veteris

66 5113 307 5171 tormenti
334 5120 626 5189 contagio,
658 5136 803 5173 nova
832 5120 891 5174 in
921 5120 1079 5174 vobis
1111 5126 1434 5191 perseveret
1468 5137 1738 5192 consper-

69 5203 143 5259 sio.
174 5210 375 5261 Amen.

120 5293 175 5347 Et
208 5296 307 5365 qui
338 5297 406 5350 ad
439 5295 848 5351 celebrandam
882 5297 1286 5368 Redemptoris
1308 5297 1487 5351 nostri
1517 5314 1737 5352 ccenam

72 5389 226 5437 mente
259 5385 465 5439 devota
496 5385 869 5453 convenistis,
897 5391 1240 5440 aeternarum
1273 5386 1507 5457 dapium
1543 5386 1738 5439 vobis-

71 5483 167 5525 cum
199 5475 395 5543 epulas
428 5474 760 5544 reportetis.
796 5478 996 5529 Amen.

122 5562 402 5635 lpsiusque
434 5563 763 5634 opitulante
795 5564 1122 5629 clementia,
1157 5564 1517 5618 mundemini
1548 5581 1578 5617 a
1610 5578 1733 5616 sor-

872 304 1077 361 LIBER
1114 305 1764 363 SACItAMENTORUM.
1805 336 1871 343 —
1901 306 2453 366 BENEDICTIONES
2492 307 2707 363 EPISC.

3438 313 3540 364 866

1850 444 2018 497 dibus
2067 449 2451 514 peccatorum,
2485 445 2584 515 qui
2622 446 2689 499 ad
2739 445 3150 499 insinuandum
3202 446 3543 500 humilitatis

1851 533 2200 602 exemplum,
2229 536 2403 602 pedes
2433 533 2611 586 voluit
2641 534 2825 586 lavare
2857 534 3291 604 discipulorum.
3328 538 3530 588 Amen.

1920 620 2078 683 Quod
2104 621 2244 690 ipse.

2282 760 2335 798 Β.
2384 761 2456 798 DE
2502 760 2811 800 PASSIONE
2859 762 3114 801 DOMINI.

1920 848 2295 918 Omnipotens
2331 850 2497 911 Deus,
2552 851 2650 919 qui
2686 850 2971 920 Unigeuiti
3019 851 3101 903 sui
3134 851 3400 920 passione
3430 851 3534 903 tri-

1849 936 1973 990 buit
2004 938 2159 990 vobis
2192 938 2531 991 humilitatis
2558 940 2904 1008 exemplum,
2937 940 3211 992 concedat
3240 938 3393 992 vobis
3434 955 3541 1008 per

1847 1024 2108 1079 eamdem
2161 1026 2542 1079 humilitatem
2602 1027 2892 1096 percipere
2951 1042 3063 1080 suae
3113 1027 3527 1081 benedictionis

1849 1111 2138 1166 ineffabile
2168 1113 2406 1165 donum.
2441 1117 2643 1165 Amen.

1918 1201 2096 1271 Ipsius
2154 1202 2587 1255 resurrectionis
2646 1204 2972 1272 percipiatis
3011 1202 3318 1269 consortia,
3373 1202 3537 1271 cujus

1848 1288 2136 1358 patientiae
2167 1289 2516 1343 veneramini
2544 1290 2900 1343 documenta.
2936 1294 3139 1344 Amen.
3548 1350 3553 1353 ν

1919 1376 2039 1440 Quo
2086 1378 2155 1430 ab
2210 1393 2275 1431 eo
2322 1379 2685 1447 sempiternae
2734 1378 2861 1432 vitae
2919 1395 3129 1432 munus
3181 1376 3534 1448 percipiatis,

1847 1479 1951 1532 per
2003 1463 2164 1533 cujus
2207 1466 2582 1534 temporalem
2632 1472 2900 1531 mortem,
2948 1471 3227 1519 aeternam
3271 1481 3369 1518 vos
3419 1479 3546 1517 eva-

1846 1552 1983 1607 dere
2013 1553 2260 1606 creditis.
2294 1558 2495 1607 Amen.

1916 1642 2079 1705 Quod
2110 1642 2231 1711 ipse
2250 1648 2545 1713 prmstare.

2296 1782 2349 1820 Β.
2397 1782 2460 1820 ΙΝ
2507 1779 2792 1820 ΞΛΒΒΑΤΟ
2831 1780 3097 1819 SANCTO.

1930 1891 2076 1942 Deus
2108 1890 2204 1959 qui
2239 1890 2307 1943 de
2346 1890 2608 1943 Ecclesia:
2647 1906 2764 1943 sua:
2795 1894 2957 1942 utero
3000 1888 3338 1941 intemerato
3368 1903 3546 1942 novos

1855 1975 2097 2047 populos
2145 1977 2482 2046 producens,
2515 1993 2660 2037 eam,
2704 1977 3027 2045 virginitate
3068 1982 3353 2041 manente,
3401 1992 3548 2030 nova

1856 2080 2083 2132 semper
2125 2065 2285 2133 prole
2326 2064 2614 2127 fecundat,
2646 2063 2801 2128 ﬁdei,
2854 2064 2973 2133 spei
3016 2068 3070 2117 et
3118 2062 3408 2116 charitatis
3449 2079 3547 2116 vos

1854 2169 2094 2206 munere
2135 2152 2370 2221 repleat,
2418 2158 2472 2205 et
2520 2168 2637 2205 sua:
2681 2152 2738 2204 in
2789 2168 2884 2204 vos
2935 2150 3350 2204 benedictionis
3397 2150 3545 2204 dona

1854 2242 2137 2295 infundat.
2171 2247 2371 2295 Amen.

1929 2332 1992 2384 Et
2039 2331 2138 2400 qui
2182 2332 2327 2383 hanc
2383 2329 2820 2382 sacratissimam
2857 2334 3082 2382 noctem
3149 2328 3543 2398 Redemptoris

1856 2420 2032 2473 nostri
2063 2418 2482 2472 resurrectione
2522 2418 2699 2470 voluit
2736 2418 3039 2483 illustrare,
3077 2420 3295 2469 mentes
3333 2419 3546 2469 vestras

1855 2512 2217 2578 peccatorum
2266 2506 2518 2560 tenebris
2552 2508 2872 2570 mundatas,
2917 2505 3197 2558 virtutum
3240 2504 3418 2574 copiis
3461 2504 3544 2558 fa-

1855 2597 1965 2649 ciat
1992 2611 2309 2648 coruscare.
2345 2597 2543 2648 Amen.

1928 2684 2049 2746 Quo
2102 2698 2302 2735 eorum
2353 2681 2450 2751 qui
2504 2681 2673 2734 modo
2720 2681 2906 2733 renati
2954 2684 3105 2745 sunt,
3159 2678 3546 2733 innocentiam

1857 2771 2069 2824 imitari
2140 2771 2380 2831 certetis,
2456 2777 2509 2822 et
2580 2771 2804 2822 vascula
2869 2768 3144 2821 mentium
3206 2774 3543 2835 vestrarum,

1856 2860 2117 2928 exemplo
2162 2860 2529 2929 praesentium
2588 2858 2872 2911 luminum
2928 2857 3241 2921 illustretis,
3295 2861 3360 2909 ut
3417 2872 3545 2909 cum

1856 2949 2135 3001 bonorum
2171 2964 2410 3017 operum
2448 2946 2829 3015 lampadibus,
2873 2945 2941 2997 ad
2985 2945 3157 3014 hujus
3199 2943 3390 3013 sponsi
3421 2944 3545 2997 tha-

1850 3037 2088 3101 lamum,
2133 3036 2293 3104 cujus
2335 3037 2813 3089 resurrectionem
2862 3033 3181 3098 celebratis,
3227 3049 3356 3087 cum
3407 3049 3541 3103 pru-

1852 3124 2119 3178 dentibus
2141 3124 2453 3193 virginibus
2482 3123 2696 3177 intrare
2726 3122 2974 3194 possitis.
3012 3126 3210 3176 Amen.

1922 3213 2082 3277 Quod
2115 3213 2235 3282 ipse
2265 3219 2556 3283 praestare.

2249 3354 2301 3392 Β.
2338 3353 2399 3393 IN
2450 3352 2552 3391 DIE
2588 3353 2829 3393 SANCTO
2870 3352 3150 3391 PASCHJE.

1926 3461 2228 3514 Benedicat
2257 3477 2354 3513 vos
2385 3461 2750 3530 omnipotens
2780 3461 2946 3519 Deus.
2986 3459 3257 3512 hodierna
3296 3457 3543 3511 interve-

1854 3548 2045 3602 niente
2072 3547 2329 3602 Paschali
2362 3548 2742 3613 solemnitate,
2788 3553 2845 3599 et
2884 3547 2953 3599 ab
2982 3546 3162 3612 omni,
3214 3546 3541 3609 miseratus,

1853 3638 2121 3707 dignetur
2148 3636 2452 3690 defendere
2485 3636 2779 3705 pravitate.
2822 3639 3022 3689 Amen.

1930 3728 1991 3778 Et
2038 3725 2137 3795 qui
2164 3725 2232 3778 ad
2279 3730 2554 3777 aeternam
2602 3725 2771 3776 vitam
2816 3723 3102 3791 Unigeniti
3159 3722 3245 3775 sui
3286 3737 3542 3777 resurre-

1853 3815 2041 3868 ctione
2070 3830 2165 3867 vos
2198 3818 2439 3884 reparat,
2487 3813 2546 3865 in
2572 3812 2752 3882 ipsius
2799 3812 3045 3865 adventu
3096 3810 3545 3865 immortalitatis

1855 3920 1956 3955 vos
1985 3901 2207 3971 gaudiis
2230 3901 2449 3954 vestiat.
2488 3903 2689 3954 Amen.

1928 3992 1992 4044 Et
2032 3991 2149 4061 qui,
2194 3990 2431 4060 expletis
2466 3987 2817 4058 jejuniorum
2858 3987 2972 4040 sive
3021 3985 3299 4057 passionis
3350 3986 3541 4041 Domi-

1856 4080 1996 4132 nicaz
2025 4079 2244 4143 diebus,
2274 4076 2552 4146 paschalis
2599 4076 2726 4129 festi
2759 4075 2968 4146 gaudia
3015 4075 3334 4139 celebratis,
3376 4074 3443 4128 ad
3477 4090 3544 4128 ea

1854 4168 1997 4222 festa
2024 4182 2151 4237 qum
2202 4183 2316 4219 non
2348 4170 2483 4218 sunt
2512 4181 2701 4218 annua
2740 4165 2836 4218 sed
2876 4165 3165 4229 continua,
3198 4164 3322 4233 ipso
3353 4163 3543 4234 opitu-

1855 4258 2029 4320 lante,
2064 4255 2481 4309 exsultantibus
2512 4254 2717 4307 animis
2748 4254 3011 4307 veniatis.
3041 4255 3245 4307 Amen.

1924 4344 2081 4408 Quod
2120 4345 2241 4413 ipse
2270 4349 2542 4414 praestare
2592 4343 2877 4411 dignetur,
2912 4342 3010 4413 qui
3057 4342 3278 4395 devicta
3334 4345 3542 4409 morte,

1854 4432 2006 4486 Patri
2038 4436 2347 4503 sanctoque
2373 4431 2609 4502 Spiritui
2638 4432 2962 4500 cozequalis,
2994 4430 3130 4483 vivit
3170 4435 3225 4482 et
3267 4430 3547 4499 gloriatur

1857 4522 2023 4589 Deus,
2056 4537 2159 4592 per
2187 4520 2383 4575 omnia
2412 4521 2618 4576 saecula
2644 4521 2983 4573 saeculorum
3022 4520 3221 4573 Amen.

2309 4662 2363 4699 B.
2412 4660 2476 4699 IN
2521 4655 2764 4699 OCTAVA
2814 4656 3093 4696 ΡΑΒΟΗιΕ.

1926 4771 2096 4837 Deus,
2163 4769 2324 4839 cuius
2372 4766 2704 4836 nnigeuitus
2767 4765 3044 4819 hodierna
3102 4765 3194 4817 die
3251 4762 3546 4834 discipulis

1851 4858 1990 4921 suis,
2018 4857 2209 4927 januis
2242 4855 2468 4920 clausis,
2514 4855 2780 4923 dignatus
2812 4858 2897 4906 est
2936 4868 3238 4922 apparere,
3299 4868 3415 4908 suae
3445 4868 3546 4905 vos

1850 4944 2260 5000 benedictionis
2306 4943 2469 4997 donis
2500 4943 2845 5011 locupletare
2891 4947 2948 4994 et
2989 4941 3234 4995 caelestis
3268 4943 3425 4996 vobis
3460 4957 3547 4995 re-

1849 5036 1950 5105 gni
1974 5034 2183 5103 januas
2210 5032 2482 5101 dignetur
2512 5030 2754 5100 aperire.
2787 5032 2989 5083 Amen.

1922 5123 1991 5176 Ut
2021 5122 2120 5192 qui
2168 5120 2238 5173 ab
2286 5135 2488 5173 eorum
2530 5117 2855 5189 pectoribus
2891 5119 3114 5185 fattactu
3166 5116 3255 5170 sui
3294 5116 3544 5187 corporis

1848 5211 2053 5263 vulnus
2082 5208 2398 5277 amputavit
2427 5206 2756 5273 dubietatis,
2790 5206 3060 5259 concedat
3098 5211 3161 5258 ut
3198 5221 3302 5275 per
3345 5204 3541 5271 ﬁdem,

1847 5313 1958 5367 qua
2007 5311 2137 5349 eum
2180 5295 2557 5347 resurrexisse
2602 5294 2853 5359 creditis,
2887 5294 3147 5348 omnium
3199 5293 3545 5348 delictorum

1847 5384 2083 5439 maculis
2113 5381 2369 5436 careatis.
2405 5386 2606 5436 Amen.

1919 5473 1983 5526 Et
2014 5471 2111 5543 qui
2141 5487 2271 5524 eum
2306 5486 2439 5524 cum
2470 5471 2689 5524 Thema
2726 5472 2906 5525 Deum
2939 5476 2995 5525 et
3028 5470 3335 5526 Dominum
3370 5470 3548 5526 credi-

1849 5562 1939 5627 tis,
1991 5566 2046 5614 et
2092 5559 2317 5613 cernuis
2360 5559 2589 5614 vocibus
2628 5558 2922 5625 invocatis,
2974 5560 3044 5614 ab
3101 5575 3166 5613 eo
3214 5565 3271 5612 et
3328 5560 3390 5613 in
3438 5560 3547 5613 hoc
