3868 6228
347 293 448 343 837

1489 289 1825 344 GRIMALDI
1867 290 2371 347 SANGALLENSIS
2410 292 2699 349 ABBATIS

3727 308 3799 357 $18

346 429 552 483 szeculo
584 444 615 480 a
656 427 819 480 malis
846 425 1112 479 omnibus
1154 426 1324 491 tueri,
1372 430 1427 478 et
1473 425 1530 478 in
1566 426 1758 479 futuro
1799 432 2023 479 sancto-
2062 429 2108 479 A
2138 428 2426 487 nascendi.
2456 430 2572 499 ipse
2616 431 2673 483 in
2713 446 2891 501 regno
2938 436 3151 485 aeterno
3200 433 3422 488 tribuat
3477 437 3799 493 mansionem

344 533 472 569 rum
505 517 741 570 cmtibus
772 516 963 568 ascisci
991 515 1241 567 valeatis.
1281 515 1484 568 Amen.

414 603 573 666 Quod
606 604 747 671 ipse.

569 706 711 744 [TEM
762 706 814 743 Β.
864 706 932 742 DE
977 704 1508 743 RESURRECTIONE
1559 704 1816 742 DOMINI.

413 779 717 832 Benedicat
747 795 844 831 vos
884 778 1247 847 omnipotens
1279 779 1460 845 ,Deus,
1506 777 1604 847 qui
1650 795 1745 829 vos
1787 778 2035 846 gratuita

341 868 702 920 miseratione
762 866 994 931 creavit,
1054 870 1109 919 et
1168 866 1227 918 in
1275 866 1690 918 resurrectione
1748 867 2031 934 Unigeniii

340 955 426 1007 sui
459 971 615 1025 spem
648 954 811 1008 vobis
836 953 1175 1022 resurgendi
1206 956 1500 1006 concessit.
1536 958 1736 1007 Amen.

413 1044 729 1096 Resuscitet
758 1059 853 1094 vos
884 1043 951 1096 de
987 1042 1255 1095 vitiorum
1296 1043 1589 1111 sepulcris,
1643 1042 1742 1112 qui
1775 1058 1908 1095 eum
1943 1058 2030 1095 re-

341 1132 633 1185 suscitavit
662 1149 694 1185 a
718 1132 974 1185 mortuis.
1010 1133 1210 1184 Amen.

416 1221 484 1274 Ut
516 1236 646 1273 cum
685 1236 751 1273 eo
796 1219 916 1272 sine
962 1218 1074 1272 fine
1106 1218 1348 1271 feliciter
1384 1218 1602 1285 vivatis,
1649 1235 1821 1289 quem
1854 1236 2039 1273 resur-

342 1309 548 1362 rexisse
577 1325 609 1361 a
640 1308 877 1362 mortuis
904 1307 1179 1360 veraciter
1210 1306 1458 1359 creditis.
1494 1310 1695 1360 Amen.

413 1398 574 1461 Quod
607 1398 744 1467 ipse.

1108 1487 1158 1536 A
1170 1485 1262 1536 lia.

410 1575 577 1638 Deus,
612 1574 709 1643 qui
751 1590 853 1642 per
893 1573 1370 1625 resurrectionem
1416 1570 1705 1639 Unigeniti
1749 1571 1835 1623 sui
1876 1572 2034 1624 vobis

338 1659 583 1711 contulit
612 1665 668 1710 et
699 1658 914 1711 bonum
946 1656 1355 1724 redemptionis
1383 1660 1438 1707 et
1469 1656 1639 1708 decus
1679 1655 2027 1724 adoptionis,

339 1762 454 1801 suae
487 1746 645 1799 vobis
672 1745 926 1798 conferat
960 1745 1197 1814 praemia
1224 1743 1657 1797 benedictionis.
1690 1746 1890 1796 Amen.

411 1836 477 1887 Et
508 1850 620 1903 quo
655 1834 971 1886 redimente
1011 1832 1341 1901 percepistis
1381 1833 1595 1885 donum
1640 1837 1931 1901 perpetuae
1964 1832 2031 1884 li-

339 1923 593 1988 bertatis,
641 1939 707 1975 eo
751 1921 1046 1991 largiente,
1093 1926 1382 1973 consortes
1432 1920 1762 1973 cfliciamiui
1804 1924 2033 1975 aeternae

338 2010 703 2064 haereditatis.
736 2013 939 2063 Amen.

410 2100 473 2152 Et
536 2100 633 2169 qui
701 2097 1129 2151 consurrexistis
1197 2097 1254 2150 in
1317 2096 1655 2167 baptismate
1722 2097 2029 2163 credendo,

338 2187 571 2257 adjungi
600 2187 936 2241 mereamini
967 2186 1027 2239 in
1062 2186 1273 2240 caelesti
1314 2187 1548 2254 regione
1581 2186 1729 2239 bene
1763 2186 2026 2241 vivendo.

336 2279 537 2328 Amen.

407 2364 565 2427 Quod
595 2363 735 2434 ipse.

1036 2453 1166 2505 Item
1205 2452 1338 2503 alia.

409 2542 575 2604 Deus,
608 2541 705 2611 qui
734 2557 839 2610 pro
885 2540 1042 2593 vobis
1085 2540 1330 2609 suscepit
1368 2538 1642 2607 injuriam
1687 2539 1888 2605 crucis,
1925 2540 2021 2592 lae-

336 2630 460 2685 titia
491 2647 584 2684 vos
618 2632 851 2683 innovet
882 2645 996 2681 sum
1037 2627 1490 2681 resurrectionis.
1526 2631 1729 2681 Amen.

408 2721 474 2773 Et
503 2719 602 2789 qui
632 2718 906 2787 pendenti
939 2732 1131 2770 secum
1156 2716 1213 2769 in
1245 2732 1409 2769 cruce
1442 2716 1647 2769 latroni
1677 2716 1896 2770 remisit
1927 2717 2027 2770 de-

334 2808 555 2873 lictum,
588 2824 687 2860 vos
725 2807 983 2860 absolvat
1018 2822 1051 2859 a
1090 2805 1307 2859 cunctis
1352 2804 1591 2859 nexibus
1636 2810 2024 2875 peccatorum,

334 2898 535 2950 Amen.

410 2987 477 3039 Ut
518 3002 622 3055 per
670 2984 1082 3054 redemptionis
1131 2988 1332 3036 vestra).
1378 2982 1712 3051 mysterium
1752 2986 1806 3034 et
1855 2982 2026 3051 digne

335 3074 753 3127 conversemiui
806 3073 863 3125 in
907 3089 1098 3142 opere,
1144 3077 1197 3124 et
1246 3071 1585 3138 locupletius
1634 3075 1846 3123 aeterna
1896 3088 2024 3141 per-

334 3162 607 3215 fruamini
637 3162 1119 3214 remuneratione.
1156 3164 1357 3213 Amen.

406 3250 565 3313 Quod
590 3251 731 3319 ipse.

1021 3338 1157 3389 Item
1197 3336 1331 3388 alia.

406 3427 553 3479 Deus
583 3425 682 3496 qui
717 3440 811 3478 vos
848 3424 984 3477 lavit
1028 3440 1177 3494 aqua
1206 3424 1294 3476 sui
1325 3423 1538 3490 lateris,
1568 3430 1624 3478 et
1663 3425 1895 3480 redimit
1940 3426 2021 3480 ef-

332 3515 553 3570 fusione
612 3514 847 3578 cruoris,
908 3513 1028 3583 ipse
1088 3514 1147 3565 in
1207 3512 1366 3566 vobis
1424 3513 1724 3568 confirmet
1778 3515 2022 3585 gratiam

332 3605 551 3673 adepta:
582 3601 1010 3671 redemptionis.
1038 3604 1239 3655 Amen.

404 3694 509 3746 Per
538 3708 707 3762 quem
752 3691 934 3744 renati
969 3691 1101 3744 estis
1152 3707 1217 3743 ex
1261 3707 1409 3761 aqua
1436 3694 1493 3743 et
1533 3690 1749 3761 Spiritu
1806 3697 2023 3759 sancto,

331 3781 451 3850 ipse
482 3797 577 3834 vos
609 3779 820 3833 caelesti
851 3779 1138 3832 consociet
1167 3794 1365 3849 regno.
1407 3781 1605 3833 Amen.

401 3870 623 3939 Quique
658 3869 815 3921 dedit
846 3868 1001 3921 vobis
1032 3866 1197 3920 initia
1227 3872 1433 3920 sanctae
1474 3866 1630 3935 ﬁdei,
1674 3868 1795 3938 ipse
1826 3869 2022 3921 confe—

330 3965 419 4012 rat
450 3964 504 4012 et
545 3958 955 4027 perfectionem
988 3956 1191 4026 operis,
1235 3962 1292 4009 et
1333 3956 1756 4026 plenitudinem
1788 3957 2025 4011 Charita-

327 4049 417 4101 tis.
454 4051 651 4101 Amen.

399 4136 559 4199 Quod
592 4136 734 4203 ipse,
767 4136 899 4198 etc.,
932 4132 1114 4200 cujus.

462 4266 467 4267 ν
1025 4222 1159 4274 Item
1198 4220 1333 4272 alia.

400 4309 677 4363 Dominus
731 4310 876 4361 Deus
922 4313 1115 4359 noster
1164 4323 1263 4359 vos
1306 4308 1580 4376 perducat
1641 4308 1710 4362 ad
1757 4310 2022 4363 arborem

328 4398 478 4463 vitae,
511 4397 610 4467 qui
641 4398 790 4449 eruit
818 4397 886 4449 de
922 4399 1043 4448 lacu
1076 4396 1339 4448 miseriae.
1374 4400 1577 4451 Amen.

398 4488 523 4556 Ipse
564 4485 723 4539 vobis
769 4484 988 4555 aperiat
1019 4486 1257 4553 januam
1289 4485 1555 4555 paradisi.
1603 4487 1702 4556 qui
1744 4487 2023 4557 confregit

325 4580 518 4647 portas
553 4574 786 4628 inferni.
824 4578 1027 4627 Amen.

398 4667 522 4736 Ipse
554 4681 651 4717 vos
678 4668 841 4717 eruat
870 4680 901 4715 a
933 4662 1180 4729 ﬂagello,
1213 4667 1269 4715 et
1300 4662 1354 4714 in
1401 4678 1641 4731 regnum
1688 4679 1857 4715 suum
1888 4680 2021 4733 per-

324 4753 495 4807 ducat
524 4752 891 4817 contidentes,
942 4750 1042 4820 qui
1098 4749 1215 4819 pati
1257 4750 1525 4819 dignatus
1560 4756 1644 4803 est
1682 4766 1784 4820 pro
1829 4750 2022 4820 impiis

324 4839 623 4894 innocens.
660 4844 866 4893 Amen.

394 4930 553 4992 Quod
583 4928 725 4999 ipse,
757 4934 863 4982 etc.
897 4927 997 4998 qui
1024 4943 1154 4981 cum
1188 4928 1376 4981 Patre.

1016 5019 1145 5069 Item
1186 5018 1319 5068 alia.

396 5104 817 5173 Omnipotentis
848 5105 947 5159 Dei
973 5109 1028 5157 et
1058 5104 1285 5157 Domini
1318 5105 1495 5157 nostri
1525 5104 2022 5159 benedictionibus

323 5193 682 5262 repleamini,
715 5194 877 5262 cujus
919 5192 1054 5245 estis
1098 5192 1382 5261 sanguine
1426 5193 1679 5263 pretioso
1718 5193 2017 5263 redempti.

326 5280 525 5332 Amen.

398 5367 528 5434 Ejus
550 5383 648 5419 vos
674 5367 1004 5421 indeﬁciens
1034 5369 1251 5437 repleat
1281 5369 1480 5438 gratia,
1525 5370 1687 5439 cujus
1717 5369 2022 5425 ineffabilis

328 5451 632 5520 plasmavit
661 5456 938 5522 potentia.
964 5459 1166 5509 Amen.

403 5541 472 5593 Ut
500 5541 599 5610 qui
645 5540 804 5594 vobis
840 5543 901 5596 iu
939 5544 1047 5596 hoc
1081 5544 1296 5595 mundo
1344 5557 1490 5613 prses
1518 5543 1607 5597 itit
1637 5543 2020 5599 conditionem

2144 517 2263 569 sine
2297 518 2409 570 tine
2442 519 2685 571 vivendi.
2719 521 2921 574 Amen.

2214 606 2373 668 Quod
2408 608 2547 675 ipse,
2581 613 2712 671 etc.,
2747 609 2846 678 qui
2874 626 3002 663 cum
3028 611 3213 665 Patre.

2838 716 2967 767 Item
3010 716 3142 768 alia.

2218 802 2363 853 Deus
2417 800 2536 869 qui,
2588 801 2813 854 calcatis
2874 802 3085 855 inferni
3153 803 3395 873 legibus,
3456 804 3803 874 captivitatem

2145 893 2416 953 nostram,
2450 888 2697 941 resoluta
2727 894 3059 943 catenarum
3089 907 3384 961 compage,
3435 893 3699 958 dignatus
3741 902 3802 946 est

2142 976 2214 1029 ad
2246 977 2522 1030 libertatis
2552 978 2790 1046 praemia
2824 994 3109 1046 revocare,
3146 981 3263 1049 ipse
3296 980 3451 1033 vobis
3484 988 3707 1051 praestet
3742 984 3798 1034 ita

2143 1064 2290 1117 hanc
2319 1065 2490 1117 vitam
2534 1066 2869 1135 transigere,
2904 1074 2965 1119 ut
3009 1068 3065 1121 in
3112 1069 3267 1121 illam
3317 1076 3677 1138 perpetuam,
3706 1070 3801 1138 ipso

2143 1152 2306 1215 duce,
2339 1154 2566 1222 possitis
2592 1154 2825 1207 intrare.
2860 1158 3063 1209 Amen.

2212 1243 2452 1295 Tantum
2486 1243 2736 1312 praebeat
2770 1244 2929 1297 vobis
2948 1245 3229 1298 fervorem
3260 1246 3560 1299 catholicae
3588 1244 3734 1309 ﬁdei,
3764 1254 3808 1300 ut

2144 1331 2323 1383 sancti
2380 1331 2658 1384 adventus
2718 1332 2873 1385 illius
2944 1332 3066 1386 sitis
3142 1335 3564 1404 exspectatione
3634 1337 3806 1388 securi.

2142 1421 2345 1471 Amen.

2218 1506 2285 1557 Ut
2315 1505 2643 1575 quicunque
2687 1506 2779 1559 hic
2822 1514 3157 1562 meruerunt
3197 1508 3431 1578 purgari
3460 1509 3615 1563 unda
3653 1511 3809 1578 bapti-

2143 1594 2270 1657 smi,
2342 1593 2418 1646 ibi
2491 1595 2821 1662 praesentari
2877 1596 3103 1650 valeant
3156 1598 3253 1667 pio
3298 1596 3479 1666 judici
3537 1598 3805 1650 candidati.

2141 1684 2343 1734 Amen.

2215 1770 2376 1833 Quod
2408 1770 2551 1840 ipse.
2582 1775 2687 1825 etc.

2688 1892 2760 1930 DE
2805 1891 3044 1932 SANCTA
3092 1893 3314 1933 CRUCE.

2216 1964 2519 2018 Benedicat
2551 1981 2650 2017 vos
2679 1966 2747 2018 de
2784 1966 2935 2019 caelis
2964 1966 3330 2037 omnipotens
3384 1969 3550 2030 Deus,
3584 1968 3684 2037 qui
3726 1984 3807 2036 per

2142 2069 2367 2106 crucem
2400 2058 2457 2107 et
2488 2054 2824 2123 sanguinem
2869 2056 3145 2124 passionis
3178 2072 3295 2109 suae
3325 2073 3422 2109 vos
3454 2057 3713 2126 dignatus
3742 2062 3806 2109 est

2142 2143 2422 2195 redimere
2454 2143 2511 2195 in
2540 2142 2724 2195 terris.
2760 2146 2959 2195 Amen.

2214 2232 2334 2300 Ipse
2360 2248 2455 2283 vos
2484 2237 2715 2283 renovet
2749 2248 2780 2283 a
2812 2235 3088 2284 vetustate
3118 2231 3357 2300 peccati,
3392 2232 3493 2302 qui
3526 2249 3630 2302 pro
3676 2233 3801 2284 vobis

2141 2318 2406 2388 dignatus
2451 2324 2535 2371 est
2559 2318 2848 2387 crucifigi;
2895 2335 3107 2389 vosque
3161 2320 3233 2372 ad
3284 2320 3532 2374 cmlestia
3574 2320 3802 2383 suscitet,

2140 2408 2241 2478 qui
2267 2424 2370 2477 pro
2398 2406 2553 2459 vobis
2584 2406 2797 2459 inferos
2834 2408 3169 2477 penetravit.
3201 2411 3404 2461 Amen.

2210 2496 2394 2548 Vitam
2431 2512 2589 2548 suam
2642 2496 2799 2549 vobis
2848 2497 3123 2550 Dominus
3162 2496 3395 2559 tribuat,
3442 2497 3543 2567 qui
3589 2503 3802 2549 mortem

2139 2590 2382 2637 vestram
2413 2584 2662 2653 suscepit
2682 2589 2739 2637 et
2769 2584 3037 2652 perdidit.
3072 2588 3274 2639 Amen.

2207 2674 2365 2737 Quod
2404 2674 2543 2743 ipse,
2578 2678 2708 2741 etc.,
2737 2673 2916 2742 cujus.

2071 1721 2111 1773 Β

2836 2781 2965 2831 Item
3006 2780 3139 2831 alia.

2211 2869 2511 2923 Benedicat
2540 2865 2699 2920 vobis
2732 2867 3094 2935 omnipotens
3126 2868 3291 2931 Deus,
3329 2868 3427 2936 qui
3482 2883 3583 2936 per
3617 2868 3801 2933 Unige-

2139 2959 2243 3011 niti
2275 2958 2362 3010 sui
2384 2958 2509 3009 Jesu
2534 2956 2741 3009 Christi
2767 2955 2995 3008 Domini
3019 2956 3199 3008 nostri
3219 2957 3543 3024 passionem
3572 2961 3629 3008 et
3647 2956 3803 3008 crucis

2136 3046 2455 3117 patibulum
2489 3062 2670 3113 genus
2703 3043 2945 3097 redemit
2968 3044 3306 3096 humanum.
3339 3048 3542 3097 Amen.

2207 3135 2604 3204 Concedatque
2642 3132 2803 3187 vobis
2853 3138 2914 3185 ut
2953 3148 3083 3185 cum
3132 3133 3401 3185 omnibus
3454 3132 3659 3185 sanctis
3697 3148 3802 3201 qua'

2134 3224 2207 3277 sit
2235 3223 2491 3291 ejusdem
2522 3222 2702 3275 crucis
2752 3220 3077 3290 longitudo,
3111 3221 3373 3282 latitudo,
3419 3221 3731 3273 sublimitas
3759 3224 3802 3271 et

2133 3312 2506 3383 profundum,
2562 3315 2750 3364 mente
2804 3309 3007 3363 devota
3057 3309 3544 3378 comprehendere
3585 3310 3802 3379 possitis.

2136 3406 2337 3456 Amen.

2206 3491 2495 3554 Quatenus
2530 3488 2908 3556 vosmetipsos
2956 3486 3317 3557 abnegando,
3365 3502 3700 3557 cruremque
3728 3502 3801 3554 ge-

2135 3580 2358 3643 stando,
2400 3578 2478 3631 ita
2524 3577 2583 3629 in
2632 3575 2934 3645 praesentis
2979 3575 3108 3628 vitae
3158 3576 3339 3629 stadio
3388 3576 3798 3645 Redemptorem

2136 3673 2393 3720 nostrum
2429 3664 2657 3735 possitis
2688 3662 2871 3733 sequi,
2901 3668 2964 3716 ut
2992 3663 3043 3716 ei
3067 3663 3232 3715 'inter
3261 3662 3466 3715 choros
3492 3664 3798 3733 angelorum

2135 3760 2261 3825 post
2291 3754 2512 3807 obitum
2546 3751 2887 3805 mereamini
2919 3751 3135 3805 ascisci.
3166 3754 3371 3805 Amen.

2206 3842 2363 3906 Quod
2392 3842 2535 3911 ipse,

2458 3963 2510 4001 Β.
2546 3963 2603 4001 IN
2657 3962 2757 4001 DIE
2790 3960 3205 4001 ASCENSIONIS
3245 3961 3503 4000 DOMINI.

2205 4035 2509 4090 Benedicat
2542 4035 2702 4088 vobis
2733 4036 3096 4104 omnipotens
3144 4035 3313 4101 Deus,
3356 4036 3521 4103 cujus
3555 4033 3798 4103 Unigeni-

2133 4131 2225 4180 tus
2256 4125 2534 4178 hodierna
2579 4124 2669 4177 die
2718 4124 2991 4178 ccelorum
3031 4124 3144 4177 alta
3185 4123 3524 4193 penetravit,
3572 4128 3626 4175 et
3667 4121 3800 4174 vobis

2135 4215 2229 4267 ubi
2263 4215 2357 4267 ille
2393 4219 2476 4265 est
2505 4213 2844 4265 ascendendi
2884 4212 3102 4264 aditum
3134 4212 3420 4281 patefecit.
3449 4216 3650 4264 Amen.

2066 4312 2106 4365 Ι)
2202 4302 2598 4370 Concedatque
2620 4300 2903 4371 propitius
2931 4306 2992 4353 ut
3024 4300 3168 4353 sicut
3191 4305 3321 4369 post
3347 4300 3797 4353 resurrectionem

2135 4408 2295 4445 suam
2326 4391 2615 4459 discipulis
2646 4389 2796 4442 visus
2826 4394 2909 4442 est
2960 4388 3312 4445 manifestus.
3350 4389 3428 4440 ita
3455 4390 3615 4440 vobis
3656 4389 3707 4440 in
3730 4388 3801 4455 ju-

2133 4481 2345 4534 dicium
2376 4479 2611 4531 veniens
2638 4478 2894 4530 videatur
2920 4478 3195 4546 placatus.
3230 4479 3434 4530 Amen.

2208 4562 2271 4613 Et
2311 4575 2484 4628 quem
2527 4558 2831 4611 consedere
2874 4556 3025 4609 Patri
3070 4557 3126 4609 in
3175 4573 3275 4609 sua
3316 4557 3614 4624 majestate
3646 4554 3801 4607 credi-

2132 4648 2223 4714 tis,
2261 4647 2546 4700 vobiscum
2598 4662 2830 4699 manere
2870 4661 3052 4714 usque
3092 4644 3149 4697 in
3195 4645 3369 4697 ﬁnem
3404 4645 3595 4697 saeculi
3637 4657 3803 4696 secun-

2134 4738 2270 4791 dum
2302 4752 2463 4789 suam
2495 4734 2931 4805 promissionem
2962 4734 3236 4787 sentiatis.
3270 4737 3469 4787 Amen.

2203 4825 2363 4889 Quod
2396 4824 2539 4894 ipse.

2499 4945 2552 4982 Β.
2599 4944 2662 4983 IN
2710 4942 2963 4982 VIGILIA
3013 4942 3468 4982 PENTECOSTES.

2204 5018 2503 5072 Benedicat
2545 5018 2705 5071 vobis
2738 5018 3103 5087 omnipotens
3136 5017 3304 5081 Deus,
3358 5016 3430 5068 ob
3461 5016 3623 5084 cujus
3667 5016 3802 5068 Para-

2131 5105 2261 5159 cleti
2322 5105 2625 5158 adventum
2679 5111 2899 5157 mentes
2957 5110 3171 5157 vestras
3209 5103 3420 5172 jejuuii
3469 5100 3802 5156 observantia

2134 5193 2490 5263 prteparatis,
2525 5198 2579 5245 et
2610 5198 2948 5260 prmsentem
2982 5191 3135 5245 diem
3175 5192 3534 5245 solemnibus
3565 5191 3801 5245 laudibus

2062 5350 2068 5357 Ι
2131 5281 2447 5336 honoratis.
2483 5282 2686 5334 Amen.

2203 5370 2389 5423 Instar
2419 5368 2591 5420 modo
2622 5371 2957 5420 renatorum
2997 5365 3303 5419 infantium
3344 5365 3517 5419 talem
3556 5366 3798 5419 innocen-

2130 5459 2269 5512 tiam
2312 5456 2589 5520 habeatis,
2641 5462 2705 5508 ut
2736 5456 3016 5524 templum
3057 5454 3236 5508 sancti
3264 5455 3532 5525 Spiritus,
3570 5456 3689 5525 ipso
3718 5453 3796 5505 tri-

2132 5544 2363 5611 buente,
2394 5560 2516 5597 esse
2541 5543 2789 5614 possitis.
2821 5548 3024 5597 Amen.
