3868 6228
40 324 145 371 86!!

40 539 407 593 habitatione
441 542 648 611 dignos
688 542 919 607 efficiat,
954 548 1018 595 ut
1064 559 1187 595 cras
1236 542 1433 594 vestris
1471 542 1758 593 mentibus

44 644 127 690 se,
160 630 466 682 vobiscum
504 632 787 700 perpetim
813 631 1189 695 habitaturus,
1222 630 1513 694 infundat;
1547 636 1601 681 et
1635 646 1758 699 per-

45 724 175 769 acto
209 720 515 786 prasentis
549 722 675 771 vita:
718 720 1021 783 curriculo,
1056 735 1150 771 vos
1185 719 1251 770 ad
1300 718 1551 770 ccelestia
1583 732 1759 786 regna

46 804 336 872 perducat
390 812 593 858 Amen.

124 891 287 952 Quod
338 891 462 961 ipse
507 898 777 960 praestare
825 893 1115 961 dignetur,
1168 892 1267 961 qui
1315 907 1443 944 cum
1495 893 1657 944 Patre
1702 895 1759 943 et

58 980 197 1032 Filio
235 996 384 1032 unus
420 981 566 1033 Deus
594 981 729 1033 vivit
761 986 815 1033 et
845 986 1051 1049 regnat
1078 996 1180 1049 per
1206 980 1398 1032 omnia
1432 980 1637 1032 saecula
1660 994 1758 1031 sa?-

57 1070 338 1121 culorum.
372 1072 576 1122 Amen.

756 1158 891 1210 Item
924 1158 1057 1209 alia.

133 1273 280 1325 Deus
318 1274 488 1325 Pater
517 1271 901 1342 omnipotens,
949 1270 1068 1341 qui,
1102 1273 1344 1325 exaltato
1391 1270 1613 1325 Christo
1664 1270 1756 1323 Fi-

56 1361 136 1414 lio
174 1377 301 1425 suo,
347 1360 642 1430 discipulis
693 1361 814 1430 ejus
854 1360 1128 1430 Spiritum
1188 1360 1560 1429 paracletum,
1618 1358 1761 1411 sicut

62 1449 423 1519 promiserat,
456 1448 689 1514 infudit,
741 1448 942 1501 eodem
988 1464 1084 1501 vos
1126 1447 1419 1518 puriﬁcari
1462 1453 1519 1500 et
1558 1464 1756 1500 conso-

64 1539 164 1590 lari
196 1539 484 1607 dignetur.
524 1538 729 1591 Amen.

134 1628 201 1679 l't
232 1628 290 1679 in
325 1626 487 1679 vobis
537 1626 596 1678 in
646 1627 749 1678 hoc
798 1625 1001 1677 saeculo
1032 1640 1294 1691 manens,
1330 1640 1429 1676 vos
1475 1623 1531 1676 in
1568 1623 1759 1677 futuro

67 1715 132 1767 ad
158 1715 438 1767 visionem
464 1730 627 1767 suam
657 1714 949 1782 perducat.
980 1716 1180 1766 Amen.

136 1810 209 1857 Ac
234 1805 421 1873 ipsum
456 1803 662 1855 Filium
699 1818 889 1868 suum,
935 1818 1107 1871 quem
1142 1802 1302 1871 impii
1347 1801 1405 1853 in
1450 1800 1667 1869 judicio
1702 1799 1759 1852 in

69 1893 311 1946 hominis
343 1891 522 1944 visuri
562 1896 694 1943 sunt
739 1890 941 1949 forma.
994 1895 1117 1959 post
1164 1888 1441 1957 judicium
1494 1890 1654 1939 vobis
1703 1887 1760 1939 in

71 1982 360 2050 majestate
394 1996 496 2032 sua
526 1978 966 2047 conspicabilem
1003 1978 1215 2030 reddat.
1248 1980 1449 2030 Amen.

138 2070 295 2133 Quod
325 2070 468 2139 ipse.

354 2200 410 2237 Β.
468 2199 532 2237 IN
584 2198 684 2236 DIE
728 2197 968 2236 SANCTO
1014 2193 1475 2235 PENTECOSTES.

142 2303 302 2366 Deus,
351 2298 453 2369 qui
486 2297 763 2351 hodierna
796 2297 885 2350 die
931 2287 1338 2365 discip‘ulorum
1388 2300 1607 2347 mentes
1637 2293 1762 2362 Spi-

74 2390 209 2441 ritus
239 2388 514 2458 paracleti
562 2385 850 2438 infusione
900 2385 1170 2453 dignatus
1218 2390 1295 2435 est
1341 2382 1643 2445 illustrare,
1679 2382 1764 2435 fa-

76 2478 178 2530 ciat
220 2493 321 2529 vos
355 2491 459 2527 sua
498 2472 896 2527 benedictione
937 2470 1171 2541 repleri,
1206 2476 1259 2523 et
1292 2470 1543 2538 ejusdem
1579 2468 1765 2538 Spiri-

76 2572 159 2617 tus
184 2565 347 2619 donis
380 2563 715 2616 exuberare.
745 2562 946 2613 Amen.

144 2654 237 2708 Ille
270 2653 419 2721 ignis
467 2650 567 2720 qui
599 2665 771 2718 super
814 2648 1126 2717 discipulos
1169 2646 1451 2717 apparuit,
1506 2650 1764 2715 peccato-

78 2758 194 2794 rum
231 2748 554 2793 vestrorum
605 2737 801 2790 sordes
846 2740 1144 2805 expurget,
1183 2741 1238 2787 et
1267 2734 1352 2786 sui
1406 2734 1641 2787 luminis
1676 2734 1763 2785 in-

78 2832 293 2884 fusione
325 2828 496 2882 corda
524 2832 711 2880 vestra
740 2826 1064 2894 perlustret.
1100 2828 1301 2877 Amen.

142 2919 362 2987 Quique
422 2917 691 2985 dignatus
744 2919 829 2967 est
884 2913 1266 2966 diversitatem
1326 2911 1652 2979 linguarum
1709 2911 1765 2962 in

80 3010 240 3061 unius
270 3006 403 3059 fidei
435 3003 794 3057 confessione
834 3002 1105 3065 adunare,
1140 3000 1199 3053 in
1246 3001 1445 3066 eadem
1480 3016 1574 3052 vos
1604 2999 1769 3053 faciat

82 3098 183 3149 tide
216 3109 605 3165 perseverare,
640 3096 695 3144 et
727 3107 827 3161 per
863 3090 1008 3143 hanc
1049 3090 1117 3142 ad
1149 3088 1397 3158 speciem
1435 3087 1556 3157 [al.,
1584 3088 1768 3157 specie

83 3202 188 3239 suae
214 3180 593 3249 celsitudinis]
628 3179 944 3250 pervenire.
974 3182 1175 3232 Amen.

143 3271 303 3334 Quod
336 3270 475 3340 ipse.
666 3273 674 3281 ”

776 3357 905 3408 Item
932 3352 1067 3407 alia.

144 3480 311 3539 Deus,
342 3474 442 3545 qui
476 3471 786 3542 apostolos,
824 3469 1033 3523 Christi
1071 3468 1193 3522 Filii
1235 3467 1321 3520 sui
1353 3483 1575 3521 recessu
1609 3467 1773 3537 quasi

84 3565 362 3634 orphanos
410 3562 606 3624 factos,
641 3558 810 3611 hodie
860 3558 1105 3609 adventu
1146 3555 1391 3624 Spiritus
1431 3554 1609 3607 sancti
1643 3554 1770 3608 red-

84 3654 213 3705 didit
260 3651 606 3714 consolatos,
658 3648 779 3716 ipso
835 3662 932 3698 vos
980 3660 1209 3713 semper
1267 3642 1645 3709 inhabitante,
1703 3642 1772 3696 ab

86 3741 228 3795 omni
251 3739 473 3793 malitia
506 3738 675 3789 faciat
700 3735 935 3787 alienos.
971 3738 1172 3787 Amen.

146 3828 209 3880 Et
258 3826 359 3896 qui
408 3840 502 3877 eos
548 3822 889 3876 charismate
941 3820 1171 3874 donavit
1222 3818 1481 3871 omnium
1544 3818 1767 3887 lingua-

87 3932 223 3979 rum,
251 3931 352 3967 vos
382 3913 526 3966 ditet
557 3911 742 3980 gratia
773 3913 1107 3963 cunctarum
1140 3908 1434 3960 virtutum.
1462 3908 1661 3959 Amen.

150 4006 214 4057 Ut
246 4004 339 4055 hic
381 4001 716 4066 unanimes,
767 4015 880 4050 uno
930 4014 1028 4050 ore
1079 3996 1520 4049 honorificantes
1573 3996 1772 4059 Deum,

91 4109 205 4146 cum
240 4092 377 4161 ipsis
408 4087 754 4159 perveniatis
794 4087 859 4139 ad
891 4102 1067 4155 regna
1097 4086 1391 4137 ccelorum.
1427 4087 1629 4137 Amen.

150 4181 310 4243 Quod
344 4181 487 4248 ipse.
594 4168 599 4173 ⁷

446 4307 608 4345 B.lN
657 4304 902 4345 OCTAVA
952 4300 1409 4341 PENTBCOSTBS.

156 4410 418 4463 Effundant
466 4422 639 4476 super
684 4421 783 4457 vos
837 4404 1112 4456 Dominus
1164 4401 1431 4470 spiritum
1481 4400 1678 4468 gratiae
1718 4406 1775 4455 et

95 4514 336 4565 precum,
383 4494 648 4564 spiritum
700 4491 1013 4560 agnitionis
1065 4496 1119 4541 et
1169 4487 1490 4541 dilectionis
1536 4504 1671 4555 suae,
1721 4494 1777 4541 et

96 4592 287 4639 sanctas
318 4584 460 4654 spei.
498 4585 699 4634 Amen.

157 4672 487 4743 Requiescat
522 4684 693 4737 super
742 4682 838 4719 vos
878 4665 1115 4734 spiritus
1160 4663 1454 4732 sapientiae
1499 4668 1554 4715 et
1600 4662 1774 4715 intel—

95 4761 274 4825 lectus,
308 4758 546 4827 spiritus
575 4753 800 4807 consilii
832 4759 889 4804 et
919 4750 1293 4815 fortitudinis,
1328 4749 1561 4819 spiritus
1591 4749 1773 4803 scicn-

95 4850 174 4900 tia:
222 4853 275 4901 et
317 4843 568 4917 pietatis,
613 4842 950 4911 repleatque
1000 4855 1094 4891 vos
1146 4837 1350 4906 spiritu
1395 4836 1619 4889 timoris
1664 4838 1771 4892 Do-

95 4936 238 4987 mini.
272 4941 472 4987 Amen.

155 5023 391 5092 Spiritus
435 5019 559 5088 ejus
608 5016 710 5086 qui
748 5013 1036 5067 suscitavit
1071 5014 1267 5066 Iesum
1316 5028 1347 5065 a
1380 5012 1642 5078 mortuis,
1673 5012 1773 5066 ha-

95 5109 219 5163 bitet
250 5111 306 5162 in
346 5108 526 5173 vobis,
562 5110 624 5157 ut
668 5100 1116 5156 immortalitatis
1167 5100 1290 5169 ejus
1340 5099 1773 5169 participatione

96 5213 184 5266 per
210 5197 427 5251 inﬁnita
458 5194 668 5248 saecula
700 5189 1010 5261 gaudeatis.
1043 5192 1244 5242 Amen.

158 5287 304 5349 Quod
336 5286 480 5355 ipse.

782 5368 914 5420 Item
946 5365 1080 5419 alia.

167 5479 297 5530 Deus
326 5475 425 5547 qui
470 5472 837 5543 regeneravit
882 5486 979 5523 vos
1008 5485 1077 5524 ex
1125 5483 1272 5537 aqua
1301 5472 1358 5520 et
1395 5464 1607 5536 Spiritu
1644 5478 1772 5516 san-

103 5570 195 5631 cto,
227 5566 337 5634 ipse
365 5580 465 5616 vos
500 5563 559 5614 in
592 5576 695 5612 suo
726 5558 1036 5611 constituat
1066 5570 1260 5624 regno.
1291 5558 1493 5610 Amen.

900 324 1107 379 LIBER
1148 325 1794 381 SACRAMENTORUM.
1832 355 1895 365 —
1923 326 2471 384 BENEDICTIONES
2513 332 2722 385 EPISC.

114 453 307 521 Atque
360 453 512 507 idem
568 454 814 525 Spiritus
849 454 1105 508 veritatis
1154 454 1234 509 ita
1280 471 1377 508 vos
1431 455 1599 508 hodie
1658 472 1759 508 sua
1800 460 1839 511 A

3456 340 3559 391 870

1912 458 2010 531 Ut
2049 457 2408 511 invisibiliter
2446 461 2644 515 eodem
2693 463 2910 532 Spiritu
2958 463 3243 531 instructi,
3280 466 3403 519 Filii
3438 468 3560 538 ejus

1866 541 2017 592 fiatis
2051 541 2323 610 adoptivi.
2357 548 2557 597 Amen.

1944 630 2006 679 Et
2066 645 2096 679 a
2150 632 2427 697 potestate
2477 632 2841 685 tenebrarum
2904 635 3250 700 recedentes,
3303 636 3358 690 in
3421 654 3556 692 con-

1867 722 2059 782 spectu
2097 716 2272 784 ipsius
2302 720 2675 785 perseveretis
2708 721 2980 774 lucentes.
3014 726 3216 776 Amen.

1939 802 2097 864 Quod
2136 805 2275 871 ipse.

1942 923 1994 961 IL
2044 923 2355 964 DOMINICA
2407 927 2422 965 Ι
2472 927 2622 967 POST
2669 930 2961 968 OCTAVAM
3014 931 3468 973 PENTECOSTES.

1939 1014 2221 1069 Charitate
2272 1034 2371 1070 sua
2421 1035 2521 1071 vos
2563 1020 2838 1073 Dominus
2889 1024 3104 1092 replere
3154 1024 3441 1095 dignetur,
3494 1030 3559 1080 ut

1866 1102 2029 1155 beata
2060 1119 2155 1155 vos
2186 1104 2521 1158 hazreditate
2557 1114 2906 1161 muneretur.
2942 1113 3141 1163 Amen.

1941 1191 2229 1253 Quatenus
2262 1210 2363 1262 per
2396 1195 2660 1247 timorem
2694 1198 2815 1265 ejus
2848 1203 3084 1261 castum,
3118 1198 3395 1266 gehennae
3428 1216 3556 1253 eva-

1868 1277 2066 1330 dentes
2106 1284 2482 1343 tormentum.
2524 1283 2592 1336 ad
2647 1299 2961 1352 supernum
2995 1285 3307 1353 gaudentes
3351 1302 3558 1356 perve-

1867 1367 2039 1420 niatis
2065 1368 2411 1436 paradisum.
2450 1373 2650 1425 Amen.

1942 1456 2007 1509 [Et
2039 1456 2169 1509 inde
2203 1459 2517 1527 conspectis
2548 1457 2832 1513 malorum
2873 1461 3058 1530 poenis
3098 1478 3241 1532 quas
3273 1463 3395 1532 ejus
3425 1479 3561 1534 gra-

1870 1544 1945 1598 tia
1998 1545 2269 1611 evasistis,
2304 1546 2522 1601 debitas
2562 1548 2611 1601 ei
2646 1550 2959 1618 gratiarum
2996 1551 3242 1603 actiones
3286 1552 3344 1605 in
3375 1568 3561 1606 aevum

1868 1634 2224 1702 persolvatis.
2261 1638 2459 1687 Amen.

1800 1750 1839 1801 Β
1944 1722 2106 1785 Quod
2144 1724 2280 1792 ipse.

2498 1809 2809 1848 DOMINICA
2860 1811 2930 1848 IL

1945 1900 2093 1951 Deus
2126 1901 2291 1952 Pater
2331 1899 2713 1969 omnipotens,
2748 1901 2847 1970 qui
2896 1917 2991 1953 vos
3044 1901 3111 1954 ad
3142 1918 3299 1955 suam
3348 1902 3566 1955 vocavit

1870 2002 2112 2051 coenam,
2173 1986 2468 2040 humiliter
2538 1988 2646 2040 sibi
2719 1989 3099 2057 obsequentes
3167 1990 3441 2059 perducat
3495 1991 3565 2045 ad

1872 2076 2046 2129 illam.
2073 2079 2273 2128 Amen.

1944 2165 2012 2217 Ut
2043 2162 2364 2216 infelicibus
2417 2162 2561 2215 circa
2596 2164 2885 2216 terrestria
2932 2164 3190 2230 detentis,
3226 2181 3324 2217 vos
3370 2165 3564 2219 felices

1873 2257 1929 2305 et
1960 2252 2207 2321 expediti
2244 2252 2309 2304 ad
2341 2251 2591 2305 coalestia
2622 2252 2982 2319 perveniatis.
3018 2255 3218 2305 Amen.

1947 2343 2057 2394 Nec
2088 2341 2144 2393 in
2180 2340 2370 2409 aliquo
2406 2344 2652 2391 vestrum
2706 2341 2850 2392 Deus
2882 2341 3136 2393 inveniat
3166 2341 3319 2411 quod
3362 2344 3561 2412 expul-

1873 2430 2033 2482 sione
2061 2430 2127 2481 sit
2168 2428 2428 2497 dignum,
2463 2427 2557 2481 sed
2586 2428 2737 2497 quod
2772 2428 3074 2496 praemium
3110 2435 3398 2483 mereatur
3429 2431 3563 2483 bea-

1873 2525 2013 2571 tum.
2052 2522 2252 2570 Amen.

1946 2606 2106 2669 Quod
2135 2605 2277 2673 ipse.

2489 2688 2798 2729 DOMINICA
2850 2689 2952 2728 ιη.

1946 2782 2322 2851 Omnipotens
2354 2783 2521 2847 Deus,
2557 2781 2653 2849 qui
2695 2780 3062 2849 Unigenitum
3097 2797 3262 2834 suum
3302 2781 3370 2835 ad
3402 2797 3563 2834 ovem

1877 2872 2083 2924 direxit
2113 2886 2431 2934 erroneom,
2467 2886 2567 2939 per
2596 2870 2786 2938 ipsum
2819 2886 2916 2921 vos
2946 2870 3014 2923 ad
3044 2870 3399 2923 mansionem
3432 2886 3562 2938 per-

1878 2960 2045 3013 ducat
2075 2975 2399 3028 supernam.
2433 2963 2637 3011 Amen.

1952 3049 2014 3100 Et
2072 3047 2302 3100 interim
2359 3063 2452 3099 vos
2497 3063 2529 3099 ε,
2588 3046 2815 3098 leonum
2870 3049 2925 3098 et
2980 3047 3246 3116 luporum
3303 3046 3568 3100 defendat

1878 3134 2129 3199 insidiis,
2200 3135 2381 3187 donec
2456 3134 2524 3186 ad
2597 3148 2795 3186 secura
2857 3150 3065 3203 pascua
3148 3134 3559 3189 ronscendatis.

1878 3226 2080 3276 Amen.

1952 3313 2022 3365 Ut
2047 3312 2148 3365 fiat
2178 3311 2246 3365 de
2283 3311 2439 3364 vobis
2474 3309 2749 3380 gaudium
2782 3309 2838 3362 in
2874 3309 3046 3375 caelis,
3080 3310 3232 3380 quod
3266 3326 3367 3380 per
3397 3310 3571 3365 fidem

1879 3400 2175 3453 diabolum
2207 3399 2490 3453 devicistis
2522 3400 2580 3451 in
2611 3398 2797 3451 terris.
2832 3401 3033 3451 Amen.

1953 3488 2117 3551 Quod
2144 3489 2283 3558 ipse.

2505 3570 2815 3611 DOMINICA
2867 3571 2953 3607 IV.

1952 3646 2263 3701 Misericors
2314 3647 2459 3699 Deus
2511 3644 2900 3697 misericordes
2942 3660 3041 3695 vos
3083 3642 3268 3711 faciat,
3311 3648 3372 3697 ut
3417 3644 3574 3697 vobis

1881 3734 2332 3789 misericordiam
2363 3734 2666 3801 dignanter
2695 3731 3006 3801 impendat.
3041 3735 3242 3785 Amen.

1955 3826 2017 3877 Et
2044 3824 2121 3875 ita
2164 3838 2262 3873 vos
2306 3821 2501 3875 doceat
2535 3820 2814 3890 judicare,
2866 3834 2936 3871 ne
2982 3819 3182 3871 merito
3229 3836 3327 3872 vos
3370 3821 3575 3874 debeat

1884 3914 2281 3967 condemnare.
2314 3913 2517 3963 Amen.

1954 4002 2063 4055 Sed
2107 4001 2422 4053 imitatores
2469 3998 2761 4067 patientiae
2805 3996 3013 4052 Christi
3062 3997 3309 4062 effectos,
3370 3999 3425 4051 in
3482 3998 3573 4051 fu-

1884 4094 2009 4142 tura
2037 4089 2217 4158 gloria
2247 4088 2555 4141 constituat
2574 4087 2631 4139 in
2665 4103 2847 4139 aevum
2880 4102 3124 4139 securos.
3157 4088 3359 4141 Amen.

1956 4177 2121 4241 Quod
2158 4177 2299 4247 ipse.

2518 4260 2829 4300 DOMINICA
2892 4261 2944 4298 ν.

1813 4344 1857 4397 D
1957 4336 2299 4391 Obedientes
2346 4351 2443 4387 vos
2491 4336 2765 4388 Dominus
2820 4338 3051 4403 priestet
3099 4334 3424 4403 apostolicae
3479 4335 3573 4387 do-

1885 4426 2102 4487 ctrinm;
2162 4428 2225 4476 ut
2298 4423 2554 4476 hceredes
2611 4424 2757 4475 iiatis
2832 4423 3246 4475 benedictionis
3324 4428 3571 4475 aeterna).

1882 4516 2085 4565 Amen.

1958 4602 2020 4653 lit
2050 4616 2244 4654 earum
2289 4600 2553 4670 precibus
2598 4600 2665 4651 de
2710 4599 2992 4668 profundo
3038 4598 3207 4665 hujus
3259 4598 3459 4651 mundi
3506 4599 3575 4651 li-

1884 4688 2084 4754 berati,
2118 4704 2249 4741 cum
2281 4688 2362 4741 eis
2392 4702 2742 4757 possessores
2774 4686 3068 4754 gaudeatis
3118 4685 3283 4753 regni
3314 4688 3569 4755 superni.

1883 4784 2085 4831 Amen.

1959 4868 2026 4921 Ut
2063 4882 2191 4918 cum
2240 4862 2792 4917 animadversionem
2831 4860 3041 4929 judicis
3071 4864 3372 4930 pavescent
3419 4861 3572 4913 mala

1883 4954 2173 5019 facientes,
2208 4951 2357 5005 oculi
2401 4950 2625 5003 Domini
2668 4949 3035 5002 demulceant
3073 4965 3171 5001 vos
3198 4948 3572 5002 exsultantes.

1882 5044 2082 5094 Amen.
2474 5079 2485 5087 .

2504 5122 2818 5161 DOMINICA
2860 5123 2951 5160 VI.

1956 5196 2243 5267 Baptisma
2287 5195 2439 5265 quod
2491 5195 2786 5264 accepistis
2831 5196 2888 5247 in
2938 5194 3184 5259 Christo,
3218 5194 3341 5264 ejus
3391 5195 3576 5264 gratia

1881 5283 2221 5338 conservetis
2256 5284 2495 5335 illtesum
2532 5283 2585 5335 in
2622 5283 2860 5337 mundo.
2894 5286 3093 5337 Amen.

1955 5374 2023 5426 Ut
2072 5372 2128 5423 in
2175 5370 2298 5441 ipso
2334 5371 2679 5423 commortui
2723 5372 2992 5441 peccatis,
3043 5372 3103 5425 in
3146 5370 3395 5425 novitate
3445 5372 3578 5427 vitae

1882 5476 2107 5529 semper
2136 5459 2455 5512 ambuletis.
2489 5461 2696 5512 Amen.

1954 5551 2018 5602 Et
2061 5549 2219 5602 omni
2274 5546 2595 5601 temeritate
2629 5549 2839 5603 mentis
2880 5555 2935 5603 et
2984 5550 3193 5619 lingua
3237 5548 3352 5602 sive
3384 5550 3580 5617 operis
