3868 6228
323 289 416 339 871
1455 284 1795 338 GRIMALDI
1833 284 2348 339 SANGALLENSIS
2386 285 2674 341 ABBATIS
3711 289 3786 341 872

246 436 251 440 '
324 418 589 482 devitata,
623 416 832 470 oblatio
861 414 1177 470 devotionis
1208 418 1402 467 vestrae
1435 416 1547 469 Deo
1593 414 1745 468 Patri
1790 414 1888 468 fiat
1914 431 2005 468 ac-
2048 420 2086 471 A
2195 416 2259 469 Et
2290 416 2432 469 alios
2464 415 2644 486 ipsius
2674 416 3018 486 imitatione,
3053 417 3182 471 vitae
3211 417 3533 472 conciliatis
3567 422 3785 472 aeterna.

324 512 502 577 cepta.
538 510 738 559 Amen.

396 595 558 658 Quod
590 595 709 664 ipse
735 610 791 664 p.

930 696 1242 737 DUMINICA
1289 697 1410 736 VIL

391 790 474 843 Ab
504 788 661 843 omni
704 792 934 858 peccato
968 788 1309 841 emundatos
1352 787 1561 841 efﬁciat
1594 804 1688 840 vos
1739 785 2015 840 Dominus

323 878 716 931 sanctiﬁcatos.
748 880 951 930 Amen.

393 965 464 1019 Ut
511 966 652 1018 tales
700 964 913 1017 fructus
957 963 1226 1029 afferatis,
1259 963 1328 1017 de
1372 963 1579 1033 quibus
1633 961 1741 1031 ipsi
1791 962 2014 1032 placere

321 1051 573 1105 valeatis.
611 1053 811 1105 Amen.

394 1142 459 1194 Et
488 1140 579 1193 hic
626 1139 976 1210 spiritalibus
1022 1137 1162 1192 cibis
1210 1137 1469 1203 enutriti,
1512 1138 1581 1191 ad
1630 1153 1849 1192 caenam
1900 1155 2013 1192 nu-

321 1230 568 1299 ptiarum
601 1228 735 1298 agni
766 1227 1002 1281 veniatis
1034 1226 1237 1280 securi.
1274 1230 1477 1279 Amen.

395 1317 557 1381 Quod
592 1317 711 1386 ipse
742 1321 1014 1386 praestare
1063 1314 1354 1383 dignetur,
1403 1314 1500 1384 qui
1534 1314 1742 1367 veritas
1776 1331 2013 1369 manens

321 1410 378 1459 et
406 1405 540 1471 vita,
592 1404 749 1457 vobis
787 1404 1055 1474 dignatus
1102 1407 1187 1456 est
1230 1402 1356 1456 ﬁeri
1402 1402 1490 1455 via
1524 1406 1580 1456 et
1628 1418 1786 1457 esca:
1820 1404 2014 1474 cujus-

321 1509 434 1565 que
466 1493 774 1562 imperium
795 1492 915 1545 sine
943 1491 1057 1545 ﬁne
1086 1494 1386 1561 permanet
1417 1492 1626 1545 saecula
1646 1492 2009 1547 saeculorum.

319 1584 519 1635 Amen.

914 1683 1228 1722 DOMINICA
1275 1683 1419 1721 Vl”.

392 1777 471 1828 Ita
520 1791 615 1828 vos
668 1774 942 1828 Dominus
975 1775 1341 1844 omnipotens
1372 1775 1590 1828 tribuat
1637 1776 1782 1830 facta
1825 1776 2011 1829 carnis

320 1863 685 1930 mortiﬁcare,
717 1868 780 1917 ut
818 1863 978 1933 digni
1008 1864 1159 1917 ﬁatis
1198 1880 1326 1917 cum
1358 1865 1483 1933 ipso
1511 1880 1766 1933 regnare.
1808 1868 2008 1918 Amen.

391 1954 456 2005 Et
485 1952 576 2006 hic
607 1954 729 2022 ejus
760 1952 974 2022 Spiritu
1011 1950 1331 2021 justiﬁcati,
1366 1953 1426 2006 in
1468 1953 1660 2007 futuro
1689 1956 2011 2024 appareatis

320 2040 445 2094 Filii
476 2040 594 2094 Dei.
623 2045 824 2095 Amen.

393 2132 459 2183 Ut
507 2130 662 2183 falsis
718 2136 773 2183 et
830 2129 993 2182 malis
1051 2130 1260 2183 merito
1316 2129 1620 2195 damnatis,
1672 2146 1771 2183 vos
1826 2131 2012 2199 gratia

319 2219 440 2283 Dei,
476 2223 538 2273 ut
569 2220 650 2273 sol
677 2218 1041 2288 splendeatis.
1071 2222 1271 2272 Amen.

388 2308 547 2371 Quod
581 2308 705 2378 ipse
731 2324 788 2378 p.

943 2409 1258 2449 DOMINICA
1306 2408 1390 2447 IX.

385 2502 470 2555 Ab
509 2501 776 2555 omnibus
827 2500 1306 2570 concupiscentiis
1356 2498 1518 2553 malis
1569 2506 1866 2554 evacuatos
1912 2516 2010 2555 vos

317 2590 592 2643 Dominus
622 2589 885 2642 restituat
913 2588 1331 2641 immaculatos.
1361 2591 1563 2641 Amen.

385 2678 449 2730 Et
486 2678 751 2731 liberatos
798 2693 830 2729 a
871 2675 1303 2739 tentationibus,
1353 2681 1585 2745 praestet
1632 2678 1847 2746 pollere
1896 2677 2009 2731 vir-

314 2766 552 2820 tutibus.
587 2770 789 2819 Amen.

384 2856 453 2910 Ut
495 2853 821 2908 innocentia
868 2852 998 2906 vita:
1055 2858 1113 2906 et
1167 2852 1663 2923 eleemosynarum
1721 2855 2008 2924 largitate,

311 2943 692 3013 perfruamini
721 2943 886 2996 beata
912 2942 1248 2995 aeternitate.
1278 2946 1481 2995 Amen.

386 3029 552 3093 Quod
584 3031 705 3099 ipse
728 3046 782 3099 p.

954 3133 1265 3172 DOMINICA
1314 3133 1370 3172 Χ.

382 3210 425 3261 Α
470 3206 1024 3275 blasphematoribus
1067 3206 1275 3260 Christi
1319 3221 1621 3259 secernens
1666 3222 1761 3259 vos
1814 3206 2007 3260 Domi-

310 3311 441 3362 nus,
470 3296 813 3349 adnumeret
838 3295 953 3347 suis
975 3294 1237 3347 ﬁdelibus
1263 3295 1700 3348 confessoribus.
1734 3298 1936 3350 Amen.

384 3385 453 3438 Ut
511 3384 810 3453 multiplici
861 3383 1039 3437 sancti
1087 3383 1330 3452 Spiritus
1374 3384 1524 3437 dono
1567 3384 1752 3449 ditati,
1796 3386 1853 3437 in
1885 3400 2006 3437 om-

312 3472 876 3527 nibusinveniamini
912 3471 1078 3525 bonis
1105 3472 1359 3542 perfecti.
1394 3474 1594 3525 Amen.
1672 3514 1679 3519 .

384 3563 495 3615 Nec
538 3560 873 3631 ejectionem
925 3566 994 3614 dc
1041 3560 1210 3613 domo
1260 3560 1359 3613 Dei
1397 3561 1737 3615 mereamini
1770 3565 2005 3628 aeterna,

310 3650 405 3703 sed
436 3651 497 3703 in
528 3650 737 3703 saecula
763 3650 1101 3703 saeculorum
1137 3648 1406 3702 habitetis
1437 3648 1496 3703 in
1528 3665 1610 3702 ea.
1642 3652 1841 3704 Amen.

381 3738 544 3802 Quod
576 3738 695 3808 ipse
722 3755 775 3809 p.

938 3841 1251 3881 DOMINICA
1296 3842 1382 3881 XI.

379 3918 487 3969 Per
537 3915 887 3986 passionem.
929 3916 1137 3969 Christi
1178 3916 1548 3984 justilicatos,
1601 3930 1703 3984 per
1753 3929 2004 3967 resurre-

309 4004 555 4057 ctionem
587 4004 709 4073 ejus
742 4021 838 4057 vos
870 4004 1145 4057 Dominus
1174 4002 1379 4058 reddat
1408 4003 1771 4073 gloriﬁcatos.
1800 4006 2002 4056 Amen.

382 4093 450 4144 Ut
476 4091 659 4160 gratia
698 4090 875 4161 ipsius
920 4091 987 4143 de
1020 4089 1272 4159 indignis
1313 4090 1497 4159 digni,
1545 4094 1602 4143 et
1648 4091 1718 4144 de
1750 4091 2006 4144 minimis

310 4178 642 4230 efﬁciamini
676 4177 889 4246 magni.
926 4180 1126 4229 Amen.

380 4264 492 4316 Nec
522 4269 713 4315 tamen
746 4264 815 4316 de
846 4264 1142 4317 sanctitate
1175 4264 1507 4334 gloriantes,
1540 4265 1865 4335 despiciatis
1908 4270 2006 4319 aut

311 4353 701 4407 condemnetis
730 4354 914 4405 adhuc
944 4359 1261 4422 peccantes.
1292 4357 1496 4407 Amen.

382 4440 542 4505 Quod
574 4440 695 4509 ipse
726 4456 779 4510 p.

920 4543 1235 4583 DOMINICA
1281 4544 1399 4583 XIL

382 4617 623 4671 Idoneos
649 4617 757 4671 sibi
787 4634 883 4671 vos
914 4617 1195 4671 Dominus
1225 4617 1395 4672 faciat
1440 4617 1731 4672 ministros
1763 4635 2003 4674 munere

311 4706 400 4759 sui
430 4705 675 4775 Spiritus
698 4706 1024 4760 instructos.

384 4798 452 4850 Ut
483 4796 716 4849 auribus
760 4802 817 4850 et
864 4814 962 4851 ore
1006 4798 1233 4852 Christo
1265 4797 1473 4864 devoti,
1507 4798 1629 4869 ejus
1677 4797 1823 4851 ﬁatis
1853 4814 2003 4868 prae-

311 4883 476 4937 conio
509 4885 689 4953 digni.
719 4889 920 4939 Amen.

322 5022 327 5029 ,
384 4973 676 5035 Quatenus
727 4975 805 5028 ita
835 4975 1021 5029 vitatis
1076 4980 1136 5028 ut
1184 4976 1256 5029 ad
1313 4975 1545 5030 laudem
1607 4976 1708 5030 Dei
1764 4980 1821 5029 et
1864 4974 2005 5028 alios

313 5063 651 5117 accendatis.
684 5066 887 5117 Amen.

908 5183 1223 5223 DOHINICA
1268 5184 1415 5223 XIIL

386 5272 496 5335 Qui
552 5291 645 5328 vos
698 5275 1093 5345 promissionis
1135 5281 1361 5345 patrum
1413 5275 1619 5329 tribuit
1666 5291 1787 5329 esse
1828 5275 2006 5345 parti-

316 5359 486 5428 cipes,
524 5377 724 5416 eorum
759 5364 925 5416 faciat
955 5379 1075 5416 esse
1102 5364 1447 5418 cohaeredes.
1480 5367 1683 5419 Amen.

392 5448 460 5501 Ut
510 5450 609 5518 qui
657 5450 713 5502 in
749 5451 929 5504 Adam
979 5451 1047 5504 de
1104 5452 1369 5520 paradiso
1416 5453 1622 5522 lugetis
1668 5454 1852 5523 ejecti,
1907 5470 2010 5523 per

320 5534 603 5589 Christum
638 5537 929 5604 gaudeatis
959 5538 1197 5591 reducti.
1231 5540 1432 5593 Amen.

2126 508 2327 557 Arnen.

2199 592 2361 655 Quod
2393 593 2512 663 ipse
2542 610 2598 663 p.

2725 697 3035 737 DOMINICA
3083 698 3216 737 XIV.

2196 770 2431 824 Tribuat
2488 770 2644 824 vobis
2698 772 2972 824 Dominus
3043 771 3231 824 carnis
3283 769 3568 825 desideria
3626 780 3796 822 conte-

2127 873 2271 923 rere,
2307 864 2369 911 ut
2396 858 2596 926 spiritu
2628 859 2861 928 possitis
2884 859 3199 912 ambulare.
3232 862 3439 912 Amen.

2196 946 2478 999 Emundet
2509 963 2607 999 vos
2632 963 2665 999 a
2702 947 2876 1016 lepra’
2922 947 3213 1001 interioris
3241 947 3536 1017 contagio,
3572 951 3635 999 ut
3664 946 3795 1015 digni

2125 1033 2271 1087 ﬁalis
2303 1041 2624 1088 sanctorum
2657 1035 2963 1088 consortio.

2198 1124 2261 1175 Et
2306 1123 2396 1175 hic
2440 1124 2767 1177 mundatori
2799 1128 2981 1178 vestro
3014 1124 3225 1194 gratias
3268 1129 3506 1195 agentes
3552 1124 3622 1178 ad
3657 1127 3792 1178 ccele-

2124 1214 2266 1263 stem
2304 1211 2655 1265 Hierusalem
2684 1212 3026 1281 perveniatis
3052 1218 3303 1267 ovantes.
3343 1216 3548 1267 Amen.

2195 1298 2355 1362 Quod
2382 1299 2523 1369 ipse.

2739 1403 3054 1443 DOMINICA
3096 1404 3198 1443 XV.

2197 1477 2430 1529 Praestet
2479 1493 2577 1529 vos
2634 1477 2907 1529 Dominus
2964 1493 3237 1546 superare
3298 1478 3696 1542 cenodoxiam,
3748 1484 3794 1530 ut

2121 1581 2309 1617 veram
2344 1565 2678 1635 perliugatis
2703 1566 2773 1619 ad
2804 1566 3063 1635 gloriam.
3098 1570 3300 1620 Amen.

2195 1655 2258 1706 Et
2302 1654 2391 1706 hic
2423 1656 2768 1707 seminantes
2812 1654 3113 1723 justitiam,
3147 1655 3205 1708 in
3255 1656 3448 1709 futuro
3480 1655 3655 1708 vitam
3692 1671 3794 1707 me-

2118 1742 2288 1797 reatis
2316 1748 2608 1797 aeternam.
2642 1746 2844 1796 Amen.

2194 1833 2256 1885 Et
2309 1830 2567 1885 Creatori
2620 1835 2804 1885 vestro
2865 1830 3067 1885 devote
3124 1833 3455 1896 servientes,
3510 1848 3641 1885 cum
3690 1830 3793 1901 ipso

2120 1920 2370 1988 regnetis
2397 1920 2759 1974 exsultantes.
2792 1922 2994 1973 Amen.

2730 2042 3041 2081 DOMINICA
3088 2042 3220 2080 XVI.

2192 2116 2252 2167 In
2302 2115 2666 2168 tribulatione
2714 2132 2811 2168 vos
2860 2115 3027 2168 faciat
3076 2115 3351 2168 Dominus
3399 2115 3695 2184 patientes,
3742 2120 3793 2168 ut

2120 2202 2243 2272 ejus
2274 2203 2401 2269 fieri
2427 2203 3108 2272 mereaminiconsortes.
3138 2206 3340 2257 Amen.

2191 2289 2259 2341 Et
2289 2290 2379 2342 hic
2426 2290 2648 2343 Christo
2699 2270 2800 2360 pei'
2847 2291 3020 2344 ﬁdem
3069 2292 3129 2344 in
3180 2293 3335 2345 vobis
3379 2292 3688 2353 habitante,
3734 2293 3789 2345 ad

2120 2377 2414 2430 videndam
2446 2379 2762 2432 claritatem
2788 2379 2942 2432 illius
2972 2379 3202 2448 possitis
3233 2381 3467 2434 intrare.
3500 2385 3697 2435 Amen.

2188 2464 2583 2537 Sejunctisque
2638 2484 2668 2519 a
2726 2467 2886 2520 vobis
2934 2473 3297 2521 mortuorum
3353 2469 3581 2538 bajulis,
3623 2470 3791 2539 ipsum

2118 2568 2245 2605 cum
2281 2555 2496 2623 angelis
2527 2556 2735 2608 sanctis
2768 2556 3123 2609 collaudetis.
3158 2560 3360 2610 Amen.

2191 2642 2355 2706 Quod
2388 2645 2511 2712 ipse
2544 2661 2600 2714 p.

2708 2749 3019 2788 DOMINICA
3067 2750 3228 2788 XVIL

2193 2821 2253 2872 In
2286 2819 2503 2874 unitate
2545 2820 2777 2890 spiritus
2823 2822 2991 2876 faciat
3029 2839 3128 2875 vos
3173 2824 3451 2876 Dominus
3498 2824 3790 2887 ambulare,

2118 2913 2181 2961 ut
2202 2924 2331 2961 cum
2366 2909 2463 2962 illo
2497 2910 2829 2962 mereamini
2862 2925 3123 2979 regnare.
3160 2912 3364 2965 Amen.

2194 2998 2256 3050 Et
2294 2998 2577 3066 baptisma
2604 3003 2913 3059 servantes,
2948 2999 3101 3051 Patri
3146 2999 3243 3069 qui
3274 3006 3359 3052 est
3388 3016 3559 3069 supra
3590 3002 3788 3067 omnia,

2120 3086 2546 3156 praesentemini
2577 3087 2849 3140 laetantes.
2882 3088 3082 3140 Amen.

2192 3176 2257 3227 Et
2304 3175 2447 3227 fictis
2504 3174 2693 3229 debito
2743 3175 2949 3229 rubore
3008 3176 3275 3239 confusis,
3323 3192 3422 3229 vos
3482 3177 3537 3229 in
3593 3181 3789 3230 eterna

2118 3262 2304 3333 gloria
2334 3263 2649 3332 gaudeatis.
2672 3267 2875 3317 Amen.

2191 3351 2357 3414 Quod
2382 3351 2505 3421 ipse
2534 3368 2591 3421 p.

2554 3472 2890 3511 SABBATUM
2940 3472 3001 3511 IN
3050 3471 3143 3511 ΧΠ
3190 3472 3363 3511 LKCT.

2191 3560 2407 3630 Dignos
2440 3578 2538 3614 vos
2570 3562 2715 3615 Deus
2763 3560 2971 3615 efﬁciat
3019 3578 3115 3615 suo
3157 3562 3509 3629 sacerdotio,
3556 3562 3649 3632 qui
3695 3578 3783 3615 suo

2115 3664 2222 3719 pro
2254 3649 2413 3703 vobis
2442 3666 2558 3704 non
2589 3649 2841 3720 pepercit
2872 3649 3189 3719 unigenito.
3225 3653 3429 3704 Amen.

2190 3740 2253 3791 Ut
2304 3738 2364 3791 in
2405 3744 2594 3791 sancta
2642 3738 3071 3792 conversatione
3121 3744 3571 3809 perseverantes,
3621 3739 3683 3793 ad
3721 3738 3786 3790 il-

2116 3827 2236 3880 lum
2266 3827 2436 3879 etiam
2470 3827 2812 3880 convertatis
2843 3833 3115 3881 errantes.
3150 3830 3349 3881 Amen.

2188 3916 2251 3968 Et
2298 3932 2402 3985 pro
2438 3916 2722 3969 sterilibus
2757 3921 2811 3969 et
2852 3916 3159 3970 incurvatis
3190 3917 3591 3971 intercessores
3620 3915 3784 3971 idonei

2116 4002 2284 4056 ﬁatis.
2324 4008 2529 4064 ,Amen.

2188 4092 2350 4154 Quod
2382 4092 2503 4161 ipse
2530 4108 2587 4161 p.

2682 4196 2997 4235 DOMINICA
3044 4197 3238 4236 XVIIL

2046 4300 2088 4353 ι)
2193 4287 2358 4350 Deus,
2414 4285 2512 4355 qui
2560 4285 2758 4339 ditavit
2799 4303 2896 4339 vos
2941 4287 3000 4340 in
3047 4288 3219 4341 verbo
3264 4293 3321 4341 et
3364 4288 3616 4353 scientia,
3657 4305 3779 4342 con-

2115 4381 2299 4427 servet
2326 4390 2423 4427 vos
2446 4375 2504 4427 in
2534 4375 2647 4427 vita
2676 4375 3061 4429 immaculata.
3092 4380 3295 4430 Amen.

2187 4464 2255 4516 Ut
2296 4464 2356 4515 in
2408 4463 2655 4515 adventu
2713 4463 2839 4516 Filii
2886 4465 3009 4532 ejus
3061 4465 3309 4533 parcatis
3363 4465 3485 4519 sine
3542 4466 3777 4527 crimine,

2113 4552 2276 4620 cujus
2307 4552 2441 4604 estis
2470 4552 2765 4605 emundati
2798 4568 3020 4606 cruore.
3053 4557 3252 4607 Arnen.

2188 4641 2254 4693 Et
2301 4640 2493 4709 impiis
2537 4640 2766 4693 scabelli
2807 4640 2925 4693 vice
2968 4641 3070 4695 sub
3116 4643 3357 4711 pedibus
3408 4643 3532 4712 ejus
3579 4642 3777 4713 positis,

2113 4743 2213 4781 vos
2237 4744 2365 4780 cum
2398 4728 2519 4796 ipso
2549 4728 2844 4782 sublimati
2876 4730 3237 4786 consideatis.
3271 4735 3477 4785 Amen.

2187 4816 2351 4879 Quod
2383 4816 2500 4885 ipse
2530 4832 2586 4885 p.

2717 4921 3028 4961 DOMINICA
3073 4923 3204 4961 XIX.

2187 5009 2439 5063 Renovet
2483 5026 2581 5063 vos
2613 5011 2983 5081 omnipotens
3016 5014 3182 5078 Deus,
3235 5018 3300 5067 ut
3350 5014 3516 5068 nobis
3558 5030 3671 5069 esse
3698 5012 3782 5066 de-

2118 5098 2249 5152 beat
2278 5100 2547 5167 placatus.
2572 5103 2777 5155 Amen.

2192 5187 2255 5239 Et
2294 5186 2564 5256 depositis
2604 5189 2873 5243 omnibus
2916 5188 3087 5254 vitiis,
3135 5188 3194 5242 in
3240 5190 3458 5244 cunctis
3507 5190 3780 5245 virtutibus

2118 5272 2401 5343 fulgeatis.
2432 5277 2633 5328 Amen.

2189 5366 2374 5432 Atque
2408 5362 2498 5415 hic
2530 5363 2924 5431 proximorum
2956 5381 3133 5418 onera
3162 5370 3483 5434 portantes,
3514 5384 3636 5421 cum
3664 5364 3778 5436 ipsis

2120 5452 2189 5506 ad
2219 5454 2427 5505 ccelum
2457 5452 2700 5507 veniatis
2726 5456 3092 5510 exsultantes.
3126 5459 3328 5511 Amen.

2192 5541 2352 5602 Quod
2385 5541 2505 5611 ipse
2536 5557 2590 5611 p.
