3868 6228
64 211 166 262 .573

719 362 1034 401 DOMINICA
1070 364 1164 401 ΧΧ.

137 428 438 484 Concedat
481 433 643 486 vobis
679 434 1046 503 omnipotens
1079 433 1370 495 Dominus,
1398 442 1458 488 ut
1495 435 1583 488 hic
1618 441 1778 488 caute

65 517 462 586 ambulantes,
513 522 582 573 ad
620 538 796 592 regna
841 523 1117 576 caelorum
1165 524 1510 593 perveniatis
1558 525 1777 577 indem-

68 622 188 657 nes.
210 610 426 660 Amen.

137 695 208 747 Et
242 697 426 749 sancti
458 697 710 767 Spiritus
750 699 996 768 pignore
1045 699 1225 762 ditati,
1282 699 1571 768 quondam
1605 716 1777 770 appa—

69 784 244 834 reatis
277 800 490 854 corpus
525 787 650 839 Filii
684 787 802 848 Dei,
837 790 1046 840 Amen.

140 871 289 925 Cum
325 890 442 943 quo
477 875 547 928 ad
580 880 822 928 a-ternas
857 877 1091 946 nuptias
1119 875 1420 942 intrantes,
1455 881 1778 930 sanctorum

68 960 346 1014 societate
386 962 770 1032 perfruamini
805 965 1142 1032 gaudentes.
1175 967 1378 1018 Amen.

136 1048 304 1110 Quod
334 1048 460 1118 ipse
493 1067 552 1120 p.

694 1152 1016 1193 DOMINICA
1046 1155 1171 1193 XXI.

137 1220 444 1275 Confortet
481 1240 584 1276 vos
615 1225 763 1276 Deus
793 1226 1162 1294 omnipotens
1193 1226 1258 1279 ad
1307 1225 1614 1291 bellaudas,
1667 1232 1774 1281 etc.

137 1309 210 1361 I7t
272 1317 434 1363 scuto
487 1311 642 1376 ﬁdei,
688 1313 849 1382 galea
895 1315 1039 1382 spei,
1095 1318 1150 1367 et
1206 1315 1496 1368 charitatis
1547 1316 1776 1385 cingulo

70 1398 302 1464 muniti,
335 1401 564 1468 placere
597 1401 831 1454 valeatis
864 1418 1106 1455 summa:
1136 1403 1416 1456 Trinitati.
1455 1407 1655 1456 Amen.

138 1487 203 1538 Et
237 1503 341 1555 per
371 1489 636 1557 exempla
669 1489 1030 1542 credulitatis
1055 1495 1273 1552 vestrae,
1319 1497 1374 1544 et
1403 1492 1501 1543 alii
1535 1508 1776 1544 conver-

67 1571 172 1624 sari
204 1573 430 1626 discant
463 1576 722 1630 honeste.
759 1581 966 1631 Amen.

137 1661 300 1722 Quod
333 1663 460 1732 ipse
492 1681 550 1733 p.

674 1767 996 1807 DOMINICA
1029 1768 1181 1808 XXII.

135 1841 349 1890 Auctor
380 1842 436 1892 et
480 1839 762 1909 incoeptor
813 1841 1076 1894 omnium
1127 1841 1435 1907 bonorum,
1489 1848 1776 1896 consortes

70 1923 278 1978 eiliciat
311 1943 411 1980 vos
445 1927 704 1981 felicium
737 1931 1133 1998 praemiorum.
1165 1932 1366 1983 Amen.

143 2013 211 2065 Et
263 2016 447 2082 magis
503 2032 567 2068 ac
615 2017 800 2085 magis
853 2017 1208 2070 abundantes
1256 2018 1314 2070 in
1367 2035 1468 2071 sua
1519 2019 1771 2086 scientia,

73 2101 127 2152 in
164 2102 312 2154 diem
343 2105 554 2157 Christi
588 2107 868 2173 perducat
900 2105 1020 2158 sine
1048 2105 1281 2159 offensa.
1314 2109 1516 2160 Amen.

134 2191 375 2260 Insuper
403 2193 669 2246 omnium
715 2194 1043 2248 debitorum
1089 2200 1410 2248 contractus
1459 2196 1771 2263 remittens,

71 2276 328 2332 ﬁdelibus
358 2282 539 2334 servis
573 2282 842 2352 aquuet
876 2282 1268 2336 miserescens.
1306 2287 1509 2336 Amen.

137 2368 296 2430 Quod
331 2369 478 2438 ipse.

637 2473 956 2512 DOMINICA
1014 2474 1205 2512 XXIII.

135 2544 450 2598 lmitatores
484 2551 815 2598 sanctorum
849 2547 1018 2599 faciat
1047 2563 1145 2599 vos
1185 2546 1480 2612 Dominus,
1529 2551 1588 2600 ut
1615 2547 1773 2600 vobis

76 2629 333 2701 dignetur
356 2650 480 2686 esse
513 2635 795 2703 placatus.
832 2637 1033 2687 Amen.

137 2721 199 2772 Et
249 2721 339 2773 hic
375 2722 564 2774 crucis
623 2722 834 2774 Christi
886 2722 1054 2774 amici
1104 2727 1555 2791 perseverantes,
1603 2722 1770 2776 coele-

72 2808 162 2860 stis
190 2810 352 2879 regni
383 2810 537 2863 ﬁatis
580 2810 908 2879 participes.
942 2815 1144 2863 Amen.

133 2897 418 2959 Quatenus
451 2899 712 2967 imagine
744 2915 847 2951 sua
877 2899 938 2952 in
975 2899 1136 2952 vobis
1167 2899 1379 2968 agnita,
1414 2899 1624 2970 gaudia
1671 2915 1768 2952 vo-

70 2982 148 3036 bis
177 2986 384 3038 tribuet
419 2985 674 3040 inﬁnita.
709 2989 914 3040 Amen.

135 3074 293 3137 Quod
323 3075 450 3144 ipse
479 3091 541 3145 p.

656 3178 970 3218 DOMINlCA
1005 3179 1177 3218 XXIV.

132 3269 369 3338 Impleat
402 3285 508 3322 vos
542 3269 825 3322 Dominus
851 3269 1144 3338 agnitione
1190 3269 1502 3322 voluntatis
1533 3285 1671 3334 sum,
1704 3275 1770 3322 ut

71 3355 311 3411 haeredes
345 3374 471 3411 esse
502 3358 847 3410 mereamini
877 3349 1008 3410 vitae
1038 3358 1422 3426 sempiternae.
1456 3359 1656 3412 Amen.

132 3448 192 3498 Et
220 3446 673 3516 longanimitate
704 3446 1003 3515 patientiae
1033 3451 1254 3513 vestrm,
1289 3447 1404 3499 Deo
1438 3445 1769 3499 nutriantur

73 3534 262 3587 animo:
289 3540 465 3588 recte.
513 3537 722 3588 Amen.

131 3623 451 3686 Quinetiam
511 3623 668 3676 vitiis
724 3623 986 3692 languidi
1037 3623 1126 3676 vel
1179 3622 1488 3675 sceleribus
1528 3623 1764 3689 mortui,

74 3711 379 3766 visitatione
430 3713 553 3765 sive
604 3717 762 3764 tactu
822 3711 1139 3764 sanctitatis
1186 3715 1387 3764 vestrae
1431 3711 1568 3764 salvi
1619 3711 1770 3765 inve-

73 3801 288 3854 niantur
317 3805 376 3854 et
405 3800 545 3852 vivi.
581 3803 788 3853 Amen.

290 3915 315 3941 ⁸
348 3923 404 3962 Β.
443 3921 772 3960 DOMINICA
809 3921 828 3958 Ι
866 3920 1018 3960 POST
1057 3920 1528 3960 PENTECOSTEN.

135 4013 432 4066 Benedicat
463 4012 629 4066 vobis
668 4011 952 4065 Dominus
1001 4012 1180 4064 nostri
1222 4012 1338 4064 oris
1387 4013 1661 4082 alloquio,
1714 4018 1768 4065 et

73 4114 156 4151 cor
181 4105 429 4152 vestrum
463 4098 680 4152 sinceri
725 4097 943 4151 amoris
993 4099 1223 4167 copulet
1266 4114 1415 4152 nexu
1466 4103 1763 4169 perpetuo.

76 4190 252 4241 Amen.

933 218 1145 272 LIBER
1186 217 1828 272 SACRAMENTORUM.
1859 247 1924 254 ——
1950 216 2488 272 BENEDICTIONES
2527 216 2743 272 EPISC.

3483 224 3588 276 87}

1823 355 1866 405 Α
1970 349 2104 411 Quae.
2137 349 2227 417 pie
2259 352 2486 419 optatis,
2525 350 2825 401 miseratus
2876 350 3181 416 attribuat;
3233 356 3286 404 et
3322 369 3448 422 qum
3490 371 3582 423 pa-

1890 438 2130 502 vescitis,
2166 439 2293 506 pius
2348 445 2744 508 propugnator
2795 441 2989 508 procul
3041 441 3300 510 repellat.
3365 447 3570 497 Amen.

1960 525 2121 588 Quod
2154 527 2294 596 ipse.

2124 648 2174 684 Β.
2219 647 2528 684 DOMINICA
2566 647 2643 684 III
2683 647 2831 686 POST
2873 648 3344 688 PENTECOSTEN.

1959 739 2232 789 Amoveat
2297 753 2330 789 a
2407 737 2563 789 vobis
2626 739 2901 790 Dominus
2959 740 3136 792 totius
3191 743 3441 794 maculas
3506 743 3580 796 si-

1891 827 2161 892 multatis,
2214 832 2269 879 et
2315 826 2536 880 imbuat
2565 843 2660 879 vos
2689 828 3020 880 muneribus
3049 845 3209 898 purae
3241 831 3576 885 dilectionis.

1890 918 2091 968 Amen.

1957 1004 2238 1072 Subjuget
2269 1022 2298 1057 a
2337 1004 2494 1057 vobis
2526 1004 2998 1057 recluctationem
3042 1005 3225 1058 carnis
3259 1011 3313 1059 et
3347 1008 3578 1077 sangui-

1890 1093 1994 1158 nis,
2030 1097 2084 1144 et
2107 1108 2272 1162 opem
2306 1093 2561 1146 conferat
2594 1099 2886 1162 perpetuae
2919 1094 3213 1146 castitatis.
3248 1098 3445 1148 Amen.

1959 1185 2140 1250 Atque
2171 1197 2268 1232 vos
2301 1181 2359 1233 in
2390 1183 2658 1249 prtesenti
2692 1182 2898 1233 smelilo
2939 1181 3179 1249 diligere
3211 1182 3396 1247 faciat,
3434 1184 3581 1254 quod

1887 1287 1920 1323 θ.
1941 1269 2181 1321 caelestis
2205 1270 2452 1339 paradisi
2481 1270 2815 1323 haereditate
2845 1287 2964 1322 non
2997 1270 3234 1324 dividat.
3272 1273 3470 1327 Amen.

1958 1357 2116 1420 Quod
2148 1357 2291 1425 ipse.

2130 1479 2183 1516 B.
2223 1478 2535 1517 DOMINICA
2577 1480 2634 1516 IV
2680 1479 2824 1516 I’QS'I‘
2864 1480 3339 1519 PENTECQSTEN.

1956 1570 2279 1622 Sanctiticet
2347 1585 2443 1621 vos
2505 1570 2730 1622 Domini
2793 1571 2991 1638 gratia,
3030 1576 3085 1622 et
3125 1572 3193 1623 ab
3243 1572 3400 1624 omni
3429 1574 3579 1627 malo

1816 1645 1856 1698 Β
1887 1657 2190 1711 custodiat.
2227 1660 2423 1710 Amen.

1956 1749 2160 1799 Arceat
2189 1762 2217 1798 a
2245 1745 2404 1797 vobis
2437 1760 2604 1797 omne
2639 1745 2787 1814 quod
2835 1747 3050 1798 malum
3095 1751 3197 1809 est,
3249 1753 3302 1800 et
3349 1748 3581 1817 spiritus

1885 1838 2100 1886 vestros
2132 1849 2489 1903 corporaque
2518 1835 2798 1903 puriticet.
2843 1837 3044 1888 Amen.

1957 1925 2168 1992 Alligct
2216 1941 2315 1976 vos
2387 1923 2492 1976 sibi
2554 1923 2780 1976 vinculo
2834 1923 3148 1988 charitatis,
3206 1929 3260 1978 et
3298 1942 3406 1996 pax
3461 1927 3583 1995 ejus

1886 2011 2138 2065 abundet
2168 2012 2226 2064 in
2259 2012 2524 2065 cordibus
2557 2012 2773 2064 vestris.
2810 2015 3006 2065 Amen.

1956 2100 2115 2164 Quod
2139 2099 2276 2169 ipse.

2133 2221 2187 2258 Β.
2238 2219 2553 2258 DOMINIIIA
2589 2219 2622 2255 Υ
2662 2219 2812 2258 POST
2853 2219 3323 2260 PENTECOSTEX.

1957 2313 2120 2377 Deus,
2158 2311 2254 2380 qui
2288 2314 2375 2363 est
2403 2311 2516 2362 vita
2550 2310 2876 2362 mortalium
2901 2311 3166 2381 salusque
3187 2318 3575 2382 peccatorum,

1884 2400 2104 2452 auferat
2141 2416 2174 2452 a
2205 2399 2362 2452 vobis
2395 2414 2593 2450 omnes
2623 2398 2872 2451 maculas
2904 2399 3265 2452 delictorum.
3299 2403 3500 2454 Amen.

1953 2489 2160 2541 Induat
2211 2505 2311 2539 vos
2369 2487 2570 2540 decore
2620 2487 2918 2552 virtutum,
2972 2489 3284 2541 sanctilicet
3333 2496 3573 2558 mentes,

1882 2577 2148 2646 purificet
2192 2577 2533 2641 voluntates,
2575 2581 2631 2628 et
2675 2576 2851 2628 donet
2890 2576 3049 2629 vobis
3081 2583 3410 2631 sanctorum
3439 2595 3574 2633 con-

1883 2664 2122 2717 sortium
2149 2665 2510 2733 angelorum.
2544 2666 2742 2716 Amen.

1957 2755 2025 2806 Ut
2075 2752 2399 2822 probabiles
2452 2752 2583 2819 fide,
2637 2757 2692 2804 et
2730 2768 2902 2821 opere
2957 2752 3327 2820 immaculati,
3378 2770 3574 2824 perve-

1881 2841 2052 2894 niatis
2091 2842 2156 2894 ad
2200 2845 2478 2894 aeternam
2521 2841 2864 2910 gaudiorum
2898 2841 3212 2894 coalestium
3262 2842 3569 2897 hmredita-

1883 2935 2019 2982 tem.
2052 2932 2252 2981 Amen.

1953 3017 2108 3081 Quod
2141 3017 2281 3087 ipse.

2125 3156 2177 3194 B.
2219 3155 2534 3194 DOMINICA
2564 3155 2625 3193 γι
2669 3155 2820 3194 POST
2853 3155 3321 3197 I’ENTECOSTEN.

1949 3245 2135 3299 Gratia
2172 3261 2270 3297 sua
2297 3261 2393 3297 vos
2425 3245 2700 3298 Dominus
2732 3245 3062 3316 locupletet,
3115 3252 3170 3302 et
3213 3249 3426 3303 coslesti
3471 3249 3571 3304 be-

1875 3333 2205 3386 nedictione
2238 3333 2600 3402 multiplicet.
2625 3337 2824 3388 Amen.

1946 3423 2031 3475 Ab
2063 3422 2221 3474 omni
2253 3438 2350 3474 vos
2381 3422 2722 3474 adversitate
2765 3422 3054 3488 defendat,
3103 3431 3160 3478 et
3202 3425 3300 3494 pia
3347 3442 3573 3496 semper

1875 3513 2242 3567 miseratione
2274 3514 2568 3566 custodiat.
2604 3517 2804 3566 Amen.

1947 3601 2254 3654 Petitiones
2285 3605 2495 3653 vestras
2545 3601 2796 3669 placatus
2841 3600 3120 3668 intendat,
3169 3606 3220 3655 et
3269 3603 3568 3672 culparum

1877 3690 2135 3743 omnium
2172 3689 2327 3741 vobis
2357 3691 2579 3741 veniam
2616 3683 2927 3742 clementer
2957 3689 3251 3744 attribuat.
3296 3694 3496 3746 Amen.

1946 3778 2104 3841 Quod
2135 3777 2277 3846 ipse.

2085 3917 2137 3954 Β.
2174 3914 2484 3954 DOMINICA
2525 3915 2613 3952 VII
2655 3914 2805 3954 POST
2844 3914 3310 3957 PENTECOSTEN.

1949 4007 2272 4060 Benedictio
2307 4023 2400 4058 vos
2450 4005 2680 4059 Domini
2725 4007 3033 4060 comitetur
3081 4008 3296 4080 ubique
3345 4010 3568 4081 sibique

1877 4111 2105 4164 semper
2134 4112 2228 4147 vos
2260 4095 2431 4147 faciat
2459 4094 2772 4147 adhaerere.
2804 4097 3004 4148 Amen.

1952 4185 2077 4253 Ipse
2109 4200 2204 4236 vos
2236 4199 2338 4236 sua
2368 4183 2764 4236 benedictione
2815 4183 3102 4252 salvilicet,
3159 4187 3261 4256 qui
3309 4187 3576 4259 dignatus

139 4277 403 4330 Floreatis
436 4291 641 4329 rerum
683 4274 1060 4345 prmsentium
1092 4274 1273 4344 copiis
1301 4273 1522 4344 justitia
1569 4275 1763 4345 acqni-
1805 4280 1848 4332 D
1879 4276 1964 4324 est
1994 4272 2278 4340 plasmare
2312 4277 2595 4341 potenter.
2628 4274 2826 4324 Amen.

77 4362 202 4429 sitis,
261 4363 568 4434 gaudeatis
633 4363 970 4433 perenniter
1038 4361 1313 4414 fructibus
1369 4361 1764 4417 sincerissimze

77 4451 363 4504 charitatis.
408 4455 622 4504 Amen.

137 4539 359 4593 Tribuat
408 4539 576 4592 vobis
641 4536 925 4590 Dominus
975 4536 1129 4589 dona
1180 4535 1477 4604 perennia,
1528 4540 1592 4588 ut
1639 4540 1769 4604 post

79 4633 315 4698 tempora
343 4627 598 4681 feliciter
639 4626 902 4689 dilatata,
949 4623 1278 4694 percipiatis
1309 4624 1517 4694 gaudia
1556 4625 1756 4694 sempi-

81 4718 234 4768 terna.
257 4719 466 4770 Amen.

136 4803 280 4866 Quod
313 4803 460 4873 ipse.
541 4867 544 4869 ἓ

300 4925 355 4962 B.
397 4920 732 4960 DOMINICA
771 4920 819 4958 II
863 4919 1013 4958 POST
1045 4919 1516 4958 PENTECOSTEN.

138 5013 411 5067 Emundet
467 5011 762 5065 Dominus
813 5009 1194 5063 conscientias
1238 5015 1450 5061 vestras
1497 5010 1565 5063 ab
1615 5010 1772 5062 omni

83 5101 290 5169 malitia,
323 5107 379 5154 et
418 5102 650 5170 repleat
679 5098 1128 5152 sanctificatione
1162 5101 1458 5167 perpetua.
1499 5089 1698 5151 Amen.

138 5189 262 5243 Vota
294 5195 486 5243 vestra
517 5190 839 5240 clementer
871 5187 1154 5251 intendat,
1196 5190 1254 5238 et
1301 5191 1530 5255 peccata
1579 5184 1771 5238 omnia

84 5283 398 5352 propitiatus
426 5284 762 5354 indulgeat.
793 5285 995 5336 Amen.

1945 4362 2125 4429 Atque
2155 4360 2236 4412 ita
2265 4377 2364 4412 vos
2405 4365 2636 4429 prmstet
2685 4359 2929 4413 feliciter
2956 4360 3167 4428 vivere,
3226 4368 3292 4417 ut
3339 4366 3580 4419 ccelestis

1875 4447 2245 4501 beatitudinis
2277 4448 2488 4502 efﬁciat
2517 4448 2862 4502 cobzeredes.
2900 4452 3101 4502 Amen.

1947 4535 2107 4598 Quod
2141 4536 2279 4604 ipse.

2094 4666 2146 4704 B.
2184 4665 2501 4705 DOMINICK
2534 4663 2654 4702 VIII
2695 4663 2846 4703 POST
2887 4664 3361 4708 PENTECOSTEN.

1948 4753 2322 4822 Omnipotens
2357 4754 2504 4804 Deus
2536 4756 2904 4820 peccat-orum
2955 4759 3282 4811 vestrorum
3328 4761 3581 4814 maculas

1879 4846 2153 4911 expurget
2179 4845 2235 4893 et
2256 4856 2358 4892 sua
2389 4855 2485 4890 vos
2506 4839 2906 4893 benedictione
2931 4841 3200 4897 illustret.
3235 4849 3437 4900 Amen.

1952 4929 2188 4998 Repleat
2215 4943 2315 4979 vos
2360 4927 2745 4996 spiritualium
2782 4928 2952 4982 donis
2998 4930 3298 5000 virtutum,
3353 4942 3410 4989 et
3453 4953 3581 5006 per-

1883 5033 2140 5070 severare
2173 5015 2341 5068 faciat
2376 5016 2434 5068 in
2458 5017 2622 5069 bonis
2655 5020 3021 5087 propositum
3050 5027 3325 5078 vestrum.
3376 5028 3580 5080 Amen.

1952 5105 2155 5173 Sicque
2204 5104 2589 5157 humilitatem
2621 5110 2870 5160 vestram
2902 5107 3186 5180 benignus
3217 5119 3486 5182 acceptet,
3525 5120 3588 5170 ut

1879 5207 1996 5242 sua:
2023 5206 2118 5241 vos
2148 5189 2376 5259 pietatis
2415 5194 2889 5250 remuneratione
2914 5197 3245 5270 locupletet.
3273 5200 3476 5256 Amen.

1949 5277 2108 5340 Quod
2145 5279 2288 5348 ipse.

142 5439 161 5463 ³
194 5432 268 5486 Ex
298 5432 684 5503 Ultrajectino
717 5429 911 5484 codice
934 5429 1060 5483 alia:
1091 5428 1357 5481 undecim
1386 5427 1643 5498 priorum
1679 5425 2105 5480 Dominicarum
2127 5432 2251 5497 post
2289 5429 2662 5487 I’entecosten
2696 5437 3156 5498 Benedictiones.

412 5525 704 5588 PA'I‘ROL.
762 5521 967 5584 CXXI.

3159 5541 3241 5600 28
