3868 6228
275 247 378 298 875

518 395 572 433 Β.
613 391 921 432 DOMINICA
964 391 1027 428 1X
1062 388 1212 428 POST
1246 387 1718 427 PENTECOSTEN.

350 466 761 523 Benedictionis
820 464 1044 517 Domini
1090 463 1271 532 gratia
1318 478 1414 514 vos
1456 478 1683 530 semper
1704 465 1968 530 protegat

278 563 333 611 et
365 558 431 609 ab
463 555 619 608 omni
655 554 804 606 malo
838 552 1122 615 defendat.
1158 554 1358 603 Amen.

350 641 577 694 Mundet
607 656 703 689 vos
736 638 804 689 ab
836 638 991 689 omni
1031 635 1269 688 crimine
1318 640 1699 703 peccaturum,
1734 639 1790 685 et
1833 633 1965 686 sibi-

276 730 395 783 met
420 729 642 798 placere
672 725 842 779 faciat
870 726 927 776 in
956 729 1255 776 mternum.
1292 724 1492 774 Amen.

348 817 548 886 Ibique
580 814 737 868 vobis
787 812 1065 866 Dominus
1116 812 1366 880 placatus
1415 813 1693 871 occurrat,
1750 814 1807 860 et
1853 823 1969 860 sua?

277 902 693 960 benedictionis
724 917 891 972 opem
924 900 1228 968 dignanter
1256 897 1553 951 attribuat.
1591 901 1794 949 Amen.

349 993 512 1057 Quod
549 992 689 1062 ipse.

533 1114 584 1152 Β.
622 1109 935 1151 DOMINICA
968 1110 1007 1147 Χ
1037 1108 1186 1147 POST
1226 1105 1701 1145 PENTECOSTEN.

355 1186 728 1256 Omnipotens
784 1182 1060 1237 Dominus
1121 1180 1415 1249 adaperiat
1470 1195 1565 1232 cor
1608 1182 1862 1232 vestrum
1912 1177 1972 1231 in

283 1278 407 1347 lege
455 1291 580 1341 sua,
630 1279 687 1327 et
737 1271 1003 1326 humiliet
1046 1270 1265 1323 animas
1312 1272 1526 1323 vestras
1572 1268 1643 1322 ad
1697 1266 1974 1338 capienda

283 1363 553 1418 mandata
583 1360 847 1415 ccelestia.
882 1362 1085 1412 Amen.

355 1452 644 1521 Quidquid
675 1450 832 1502 vobis
860 1465 962 1517 pro
992 1448 1173 1500 salute
1205 1446 1528 1500 animarum
1561 1448 1879 1499 vestrarum
1912 1460 1973 1496 os

284 1540 649 1595 mortalitatis
698 1546 907 1591 nostrae
950 1542 1195 1603 enarrat,
1250 1540 1545 1604 acceptum
1591 1534 1751 1588 vobis
1795 1533 1974 1603 pietas

284 1631 474 1683 divina
507 1628 735 1681 efficiat.
772 1631 973 1679 Amen.

358 1720 427 1773 Ut
476 1716 683 1770 divinis
726 1714 1084 1767 sermonibus
1133 1712 1392 1777 animati,
1439 1728 1569 1764 cum
1611 1711 1688 1762 eis
1725 1709 1825 1780 qui
1874 1726 1976 1780 pro

286 1808 443 1860 vobis
499 1804 822 1873 invigilant,
875 1803 943 1856 ad
994 1809 1265 1854 aeternam
1311 1800 1722 1854 beatitudinem
1759 1815 1969 1852 merea-

287 1895 427 1948 mini
461 1893 759 1963 pervenire
801 1891 983 1943 illaisi.
1018 1893 1218 1943 Amen.

357 1980 515 2043 Quod
550 1980 689 2047 ipse.

535 2101 586 2138 B.
627 2098 937 2137 DOMINICA
976 2099 1032 2136 XI
1074 2096 1222 2136 POST
1270 2095 1740 2135 PENTECOSTEN.

360 2174 643 2226 Concedat
684 2172 838 2224 vobis
889 2172 1168 2223 Dominus
1226 2169 1530 2238 praemium
1582 2168 1980 2222 sincerissimaa

289 2262 598 2326 cliaritatis,
633 2265 695 2313 ut.
726 2276 855 2312 eum
888 2258 1155 2311 omnibus
1204 2273 1430 2326 semper
1470 2257 1527 2309 in
1574 2273 1711 2325 pace
1760 2257 1978 2310 vivatis.

290 2355 492 2405 Amen.

360 2439 727 2491 lnimicorum
762 2437 1023 2490 omnium
1050 2435 1290 2488 insidias
1323 2435 1604 2504 superetis
1634 2440 1690 2488 et
1732 2450 1981 2504 praesen-

292 2531 405 2578 tem
441 2526 611 2577 vitam
651 2523 1029 2576 sincerissime
1064 2522 1367 2591 peragatis.
1406 2524 1608 2575 Amen.

362 2613 493 2667 Sitis
526 2618 581 2664 et
619 2612 737 2680 jam
787 2628 818 2663 a
868 2618 1022 2663 reatu
1077 2608 1439 2663 conscientia)
1496 2608 1681 2674 liberi,
1742 2614 1805 2662 ut
1844 2610 1985 2663 nihil

292 2700 559 2754 metuatis
590 2700 649 2752 in
680 2700 771 2752 die
795 2700 997 2769 judicii
1028 2698 1357 2769 postfuturi.
1389 2700 1592 2751 Amen.

364 2790 522 2853 Quod
557 2789 675 2858 ipse
699 2797 741 2841 ⁸.

510 2910 562 2949 Β.
598 2910 660 2949 IN
700 2909 934 2948 NATALI
1002 2908 1053 2947 S.
1105 2906 1377 2946 JOANNIS
1425 2905 1772 2945 ΒΑΡΤΙΞΤᾸΞ.

369 2984 668 3036 Benedicat
729 2982 891 3034 vobis
946 2981 1310 3050 omnipotens
1379 2982 1542 3032 Deus.
1605 2978 1834 3032 Joannis
1884 2978 1984 3029 Ba-

294 3072 479 3141 ptista‘.
513 3070 942 3133 intercessione,
978 3070 1140 3138 cujus
1170 3068 1341 3121 hodie
1373 3068 1632 3119 natalitia
1670 3066 1985 3131 celebratis,

297 3160 684 3228 concedatque
736 3163 798 3211 ut
841 3157 1002 3226 cujus
1051 3157 1352 3223 solemnia,
1406 3156 1610 3220 colitis,
1671 3154 1990 3224 patrocinia

297 3247 576 3301 sentiatis.
610 3249 811 3299 Amen.

368 3336 524 3388 Illius
573 3336 807 3388 obtentu
864 3334 931 3386 ab
982 3334 1249 3386 omnibus
1301 3332 1550 3386 adversis
1598 3332 1897 3399 tueamini,
1934 3334 1992 3386 et

293 3423 457 3477 bonis
488 3423 751 3475 omnibus
783 3421 1185 3491 perfruamini,
1236 3420 1333 3490 qui
1381 3421 1689 3473 adventum
1742 3420 1987 3474 Redem-

296 3512 471 3581 ptoris
512 3510 711 3564 mundi
744 3511 984 3563 necdum
1030 3514 1197 3561 natus
1240 3508 1489 3578 agnovit,
1542 3507 1741 3561 matris
1775 3508 1988 3561 sterili-

293 3604 462 3652 tatem
487 3599 770 3652 nascendo
804 3597 1056 3663 abstulit,
1092 3597 1268 3667 patris
1307 3596 1563 3667 linguam
1601 3601 1767 3649 natus
1799 3596 1985 3649 absol-

293 3688 390 3741 vit.
420 3690 620 3741 Amen.

362 3777 650 3839 Quatenus
682 3776 861 3844 ipsius
906 3774 1072 3843 Agni,
1124 3789 1298 3843 quem
1346 3772 1443 3825 ille
1489 3771 1669 3842 digito
1710 3771 1982 3838 ostendit,

294 3867 457 3930 cujus
510 3865 907 3917 immolatione
971 3863 1104 3914 estis
1173 3862 1477 3930 redempti,
1549 3862 1629 3914 ita
1710 3861 1987 3914 virtutum

296 3953 440 4005 lanis
479 3952 687 4012 vestiri.
722 3958 775 4004 et
822 3950 1210 4004 innocentiam
1258 3950 1492 4002 valeatis
1536 3949 1776 4013 imitari,
1829 3955 1889 4001 ut
1934 3949 1987 4002 ei

296 4046 519 4093 aeternae
554 4041 752 4108 patriae
776 4040 1041 4092 felicitate
1074 4037 1300 4108 possitis
1329 4038 1579 4106 adjungi.
1611 4040 1812 4092 Amen.

366 4129 521 4191 Quod
552 4129 691 4196 ipse.

370 4250 422 4286 B.
468 4249 530 4286 ΙΝ
570 4248 795 4286 NATALI
842 4247 1300 4286 APOSTOLORUM
1348 4247 1533 4285 PETRI
1590 4246 1662 4285 ΕΤ
1700 4247 1912 4287 PAULI.

370 4320 675 4374 Benedicat
703 4320 859 4372 vobis
909 4319 1273 4388 omnipotens
1322 4321 1488 4384 Deus,
1542 4320 1641 4389 qui
1687 4337 1785 4373 vos
1834 4319 1987 4374 beati

296 4419 448 4472 Petri
492 4416 865 4470 saluberrima
909 4416 1262 4469 confessione
1306 4416 1364 4469 in
1411 4417 1803 4471 ecclesiasticas
1854 4417 1989 4471 ﬁdei

294 4506 551 4559 fundavit
583 4505 886 4558 soliditate.
920 4508 1121 4557 Amen.

367 4597 432 4648 Et
480 4611 621 4664 quos
669 4594 820 4646 beati
876 4594 1034 4646 Pauli
1065 4592 1421 4645 sanctissima
1455 4592 1720 4645 instruxit
1776 4594 1988 4663 prmdi~

296 4682 535 4741 catione,
589 4697 691 4733 sua
734 4686 962 4733 tueatur
1012 4680 1337 4750 gratissima
1390 4680 1742 4733 defensione.
1782 4686 1983 4735 Amen.

364 4771 653 4834 Quatenus
697 4772 897 4823 Petrus
937 4771 1106 4829 clave,
1163 4771 1369 4822 Paulus
1412 4786 1697 4834 sermone,
1760 4770 1987 4839 utrique

294 4859 723 4923 intercessione,
756 4859 825 4910 ad
857 4858 1011 4910 illam
1044 4875 1137 4910 vos
1169 4863 1387 4911 certent
1426 4858 1672 4926 patriam
1723 4858 1988 4911 introdu-

293 4961 440 5012 cere,
476 4946 543 4998 ad
576 4961 748 5015 quam
781 4944 864 4997 illi
896 4945 1039 4997 alter
1068 4960 1251 5011 cruce,
1285 4946 1426 4997 alter
1464 4945 1676 5013 gladio,
1712 4945 1988 4998 hodierna

292 5034 383 5087 die
412 5049 745 5103 pervenere.
778 5034 979 5085 Amen.

362 5122 523 5185 Quod
560 5122 700 5190 ipse.

644 5242 699 5279 B.
745 5241 806 5279 IN
858 5242 1284 5281 FESTIVITATE
1319 5242 1371 5282 S.
1416 5242 1645 5283 MARIJ‘E.

370 5312 516 5364 Deus
557 5312 655 5381 qui
684 5329 787 5382 per
815 5314 997 5368 beata:
1034 5315 1223 5369 Maria:
1268 5315 1506 5383 virginis
1548 5320 1774 5385 partum
1808 5332 1989 5386 genus

1402 237 1737 291 GRIMALDI
1777 235 2281 291 SANGALLENSIS
2318 235 2631 290 ABBATIS.

3673 234 3765 283 876

2001 376 2045 426 A
2075 372 2393 425 humanum
2438 372 2705 441 dignatus
2736 376 2821 423 est
2857 368 3159 435 redimere,
3212 385 3316 421 sua
3356 383 3457 420 vos
3510 367 3767 435 dignetur

2076 460 2473 514 benedictione
2494 460 2861 527 locupletare.
2896 460 3095 511 Amen.

2150 550 2279 618 Ejus
2338 564 2562 617 semper
2614 555 2668 599 et
2719 548 2932 614 ubique
2991 546 3311 614 patrocinia
3372 544 3643 607 sentiatis,
3701 560 3761 595 ex

2077 640 2238 705 cujus
2269 637 2607 689 intemerato
2641 640 2799 687 utero
2831 638 3121 686 auctorem
3162 634 3289 685 vita:
3333 633 3618 701 suscipere
3649 648 3762 684 me-

2079 724 2287 777 ruistis.
2322 728 2523 777 Amen.

2152 814 2212 865 Et
2242 813 2340 882 qui
2369 812 2436 865 ad
2468 812 2591 881 ejus
2636 811 3037 864 celebrandam
3086 809 3452 863 festivitatem
3498 809 3765 861 hodierna

2079 901 2171 955 die
2200 901 2418 953 devotis
2451 899 2738 953 mentibus
2786 899 3153 963 convenistis,
3196 896 3580 967 spiritualium
3628 913 3761 966 gau-

2078 991 2303 1044 diorum
2339 993 2393 1043 et
2421 995 2769 1043 aeternorum
2798 988 3172 1059 praemiorum
3203 986 3501 1041 vobiscum
3537 1002 3765 1040 munera

2079 1076 2402 1147 reportetis.
2436 1078 2637 1129 Amen.

2152 1166 2309 1230 Quod
2342 1166 2484 1235 ipse.

2252 1288 2307 1325 Β.
2350 1287 2421 1325 DE
2464 1285 2801 1325 MARTYRIO
2846 1284 2897 1324 S.
2941 1284 3217 1325 JOANNIS
3246 1283 3597 1323 BAPTISTE.

2154 1362 2319 1425 Deus,
2353 1359 2453 1430 qui
2484 1376 2579 1412 vos
2608 1360 2666 1413 Β.
2689 1359 2923 1412 Joannis
2972 1357 3241 1425 Baptista:
3269 1356 3530 1410 concedit
3561 1356 3760 1408 solem-

2084 1450 2180 1503 nia
2231 1450 2623 1517 frequentare,
2688 1448 2901 1501 tribuat
2956 1447 3115 1500 vobis
3176 1452 3233 1499 et
3295 1447 3496 1499 eadem
3558 1445 3763 1498 devotis

2084 1538 2368 1591 mentibus
2399 1538 2708 1600 celebrare,
2742 1542 2798 1589 et
2828 1553 2942 1589 suae
2983 1534 3397 1589 benedictionis
3447 1534 3591 1587 dona
3632 1550 3762 1602 per-

2015 1651 2054 1703 B
2085 1627 2292 1696 cipere.
2329 1631 2527 1678 Amen.

2154 1716 2217 1767 Et
2256 1714 2355 1783 qui
2402 1730 2505 1783 pro
2556 1714 2695 1779 legis
2746 1713 2867 1781 ejus
2920 1711 3205 1782 praeconio
3260 1711 3634 1764 carceralibus
3684 1714 3763 1761 est

2085 1808 2338 1855 retrusus
2390 1802 2449 1854 in
2500 1800 2774 1864 tenebris,
2822 1799 3224 1852 intercessione
3262 1816 3364 1851 sua
3393 1798 3766 1851 ateuebroso-

2086 1907 2214 1944 rum
2246 1906 2489 1959 operum
2520 1906 2617 1942 vos
2648 1889 2852 1942 liberet
2882 1888 3200 1941 ineentivis.
3229 1890 3431 1941 Amen.

2161 1980 2224 2031 Et
2264 1978 2361 2048 qui
2397 1995 2500 2048 pro
2531 1978 2787 2043 veritate,
2837 1993 2963 2046 qua:
3015 1978 3161 2029 Deus
3201 1981 3306 2042 est,
3338 1978 3507 2044 caput
3553 1990 3658 2027 non
3690 1980 3765 2025 est

2088 2072 2383 2120 cunctatus
2406 2067 2686 2133 amittere,
2723 2082 2823 2118 suo
2852 2066 3173 2118 interventu
3206 2066 3272 2117 ad
3306 2068 3481 2131 caput
3508 2067 3763 2118 vestrum.

2089 2156 2238 2224 quod
2263 2153 2517 2207 Christus
2544 2158 2645 2219 est,
2675 2152 2844 2205 faciat
2866 2151 3183 2221 pervenire.
3216 2154 3422 2204 Amen.

2162 2243 2322 2306 Quod
2357 2242 2495 2312 ipse.

2164 2364 2217 2402 B.
2256 2364 2320 2402 IN
2366 2360 2970 2401 COMMEMORATIONE
3003 2360 3262 2399 OMNIUM
3301 2357 3695 2398 SANCTORUH.

2162 2456 2383 2507 Sanctae
2414 2453 2515 2506 Dei
2556 2451 2848 2521 genitricis
2896 2450 3104 2515 Mariae,
3157 2450 3566 2519 beatorumque
3609 2448 3760 2518 spiri-

2095 2548 2253 2597 tuum
2290 2551 2460 2611 atque
2489 2540 2749 2593 omnium
2785 2545 3109 2593 sanctorum
3140 2554 3375 2592 suorum
3424 2536 3763 2591 intercessio-

2096 2634 2265 2686 nibus
2297 2648 2329 2683 a
2359 2630 2630 2700 periculis
2664 2632 2721 2681 et
2751 2629 3004 2682 reatibus
3043 2627 3268 2697 eripiat,
3322 2632 3376 2680 et
3408 2632 3677 2697 protegat,
3716 2630 3766 2677 et

2095 2724 2267 2774 exuat
2298 2735 2395 2771 vos
2427 2717 2723 2771 Dominus.
2761 2719 2959 2771 Amen.

2168 2811 2458 2872 Quatenus
2490 2823 2737 2877 quorum
2787 2806 3066 2859 solemnia
3108 2804 3483 2871 veneramini,
3528 2804 3685 2857 ﬁdem
3716 2806 3767 2854 et

2101 2902 2255 2951 actus
2284 2896 2542 2950 devotius
2580 2894 2907 2959 imitemini,
2945 2900 3009 2947 ut
3063 2893 3429 2963 praemiorum
3481 2891 3766 2945 beatitudi—

2098 3002 2232 3041 nem
2274 2984 2619 3038 mternaliter
2651 2984 2922 3053 consequi
2953 2982 3313 3036 mereamini.
3356 2984 3553 3035 Amen.

2169 3071 2332 3135 Quod
2365 3070 2499 3141 quia
2547 3071 2831 3139 condigna
2881 3069 3142 3139 passione
3177 3084 3342 3120 nemo
3388 3072 3645 3131 meretur,
3678 3067 3762 3118 ille

2097 3162 2259 3230 cujus
2289 3159 2577 3213 miseratio
2609 3161 2766 3212 nulla
2805 3159 2917 3211 fine
2965 3157 3342 3223 concluditur,
3396 3156 3761 3226 multiplicatis

2095 3249 2255 3302 vobis
2286 3248 2753 3302 intercessoribus
2783 3247 3079 3315 largiatur.
3116 3249 3316 3299 Amen.

2168 3338 2331 3401 Quod
2380 3337 2500 3406 ipse
2552 3341 2822 3407 praestare
2870 3335 3156 3405 dignetur,
3203 3333 3304 3403 qui
3342 3348 3473 3386 cum
3520 3334 3667 3384 Patre
3713 3335 3759 3383 et

2096 3426 2311 3495 Spiritu
2345 3429 2534 3478 sancto
2560 3425 2693 3477 vivit
2718 3429 2773 3478 et
2794 3428 2994 3493 regnat;
3032 3425 3196 3488 Deus,
3228 3439 3330 3492 per
3359 3422 3548 3476 omnia
3579 3422 3758 3475 saecula

2096 3515 2458 3567 swculorum.
2495 3517 2697 3567 Amen.

2868 3602 3018 3655 Alia.

2164 3709 2271 3761 Per
2310 3707 2776 3761 intercessionem
2819 3722 3202 3776 supernorum
3251 3704 3461 3759 civium
3509 3704 3757 3759 custodiat

2095 3812 2192 3848 vos
2224 3796 2499 3849 Dominus
2530 3803 2715 3849 rector
2745 3797 3109 3865 angelorum.
3145 3798 3348 3848 Amen.

2170 3886 2237 3938 Ut
2267 3901 2466 3938 eorum
2500 3885 2677 3939 tutela
2707 3888 2902 3938 contra
2949 3883 3233 3953 spiritales
3282 3888 3339 3935 et
3389 3883 3636 3935 carnales
3676 3879 3757 3931 ad-

2094 3973 2373 4026 versarios
2405 3973 2632 4038 muniti,
2665 3974 2725 4026 in
2754 3988 2994 4026 numero
3023 3971 3276 4025 filiorum
3319 3971 3416 4024 Dei
3447 3965 3757 4024 mereamini

2095 4062 2439 4131 computari.
2473 4065 2676 4115 Amen.

2166 4150 2273 4213 Qui
2304 4166 2405 4218 per
2432 4150 2761 4203 omnimoda
2789 4148 3164 4202 certaminum
3188 4163 3421 4217 genera,
3451 4148 3571 4217 ejus
3593 4143 3755 4199 inetia-

2026 4247 2069 4299 D
2098 4238 2199 4291 bili
2227 4239 2410 4308 gratia
2440 4243 2821 4307 pervenerunt
2852 4238 2921 4291 ad
2953 4239 3199 4293 coalestia
3228 4253 3426 4308 regna.
3459 4242 3655 4291 Amen.

2166 4327 2328 4391 Quod
2363 4326 2506 4396 ipse.

2909 4416 3057 4470 Alia.

2166 4524 2379 4575 Auctor
2409 4525 2464 4573 et
2492 4524 2885 4575 remunerator
2923 4521 3180 4574 omnium
3229 4521 3537 4586 bonorum,
3572 4519 3755 4573 tribuat

2096 4611 2253 4665 vobis
2284 4610 2609 4663 societatem
2636 4616 2964 4663 sanctorum
2996 4626 3252 4663 suorum.
3286 4613 3491 4663 Amen.

2166 4698 2274 4763 Qui
2306 4700 2391 4751 vel
2422 4699 2569 4752 bene
2600 4698 2774 4751 creati
2805 4697 2862 4751 in
2896 4700 3018 4768 ejus
3051 4714 3244 4752 amore
3276 4699 3643 4767 perstiterunt
3682 4695 3751 4747 vel

2095 4790 2261 4857 culpa
2306 4803 2408 4840 sua
2461 4788 2734 4857 prolapsi,
2784 4786 2939 4841 illius
2990 4787 3376 4841 inaestimabili
3405 4787 3610 4856 pietate
3651 4800 3750 4838 sur-

2094 4883 2384 4931 rexerunt.
2415 4879 2619 4930 Amen.

2166 4967 2236 5019 Ut
2283 4965 2604 5021 imitatione
2651 4966 3037 5034 perfectorum
3087 4964 3576 5025 Christicolarum,
3606 4964 3752 5017 colite-

2099 5054 2262 5109 redes
2292 5054 2442 5107 ﬁatis
2466 5055 2783 5108 caelestium
2803 5054 3098 5108 virtutum.
3135 5057 3337 5108 Amen.

2164 5143 2322 5206 Quod
2350 5142 2490 5211 ipse.

2903 5232 3050 5285 Alia.

2171 5318 2593 5372 Benedictionis
2619 5334 2736 5371 sum
2771 5335 2867 5372 vos
2896 5319 3175 5373 Dominus
3222 5319 3584 5389 omnipotens
3623 5314 3747 5386 jugi-

364 5464 387 5488 ³
427 5457 543 5509 Huc
578 5474 755 5524 usque
789 5461 1223 5517 Benedictiones
1258 5464 1633 5516 Dominicales
1661 5470 1786 5533 post
1816 5466 2183 5519 Pentecosten
2219 5465 2465 5519 habebat
2502 5464 2674 5518 codex
2720 5465 3138 5534 Ultrajectinus.
