3868 6228
143 341 207 388 Ἶ7

898 337 1110 392 LIBER
1147 336 1787 395 SACRAMENTORUM.
1817 369 1882 377 —-
1915 339 2464 394 BENEDICTIONES
2504 341 2712 395 EPISC.

3507 345 3610 398 878

109 478 191 524 ter
221 487 349 525 rore
383 471 708 542 perfundat,
741 476 911 542 atque
945 473 1246 527 uberrimis
1267 473 1462 544 gratiae
1495 491 1611 527 sum
1639 475 1800 527 donis
1839 482 1883 529 A
1914 475 2076 544 cujus
2140 476 2514 546 depositionis
2575 478 2727 531 diem
2785 479 3101 546 celebratis,
3148 479 3230 533 illi
3290 480 3515 550 possitis
3554 480 3614 534 in

111 561 435 630 locupletet.
467 563 670 614 Amen.

178 650 368 702 Faciat
397 665 627 718 quoque
669 666 768 702 vos
799 651 1062 703 omnium
1103 650 1272 702 simul
1319 656 1645 704 sanctorum
1674 668 1806 704 suo-

111 753 232 790 rum
274 754 500 808 semper
539 738 794 790 intentos
837 737 1134 801 doctrinis,
1181 744 1237 791 et
1275 738 1477 792 inﬁxos
1507 740 1802 808 exemplis,

111 842 204 877 nec
251 843 369 878 non
415 831 468 879 et
509 825 768 895 ipsorum
805 822 1096 879 continuis
1137 832 1293 880 tutos
1336 844 1455 880 esse
1497 828 1801 898 suffragiis.

110 918 308 967 Amen.

179 1003 246 1055 [Tt
276 1017 524 1072 quorum
556 1001 727 1055 hodie
757 1017 949 1055 annua
980 1001 1315 1055 solemniter
1345 1001 1561 1055 devotis
1595 1001 1803 1056 menti-

113 1091 209 1142 bus
263 1090 405 1143 festa
451 1090 748 1142 celebratis
795 1090 855 1143 in
895 1089 1082 1154 terris,
1125 1091 1463 1144 eorumdem
1517 1091 1804 1160 perpetuis

113 1178 443 1231 mereamini
474 1177 732 1249 collegiis
770 1177 1232 1248 inseparabiliter
1259 1179 1499 1232 adunari
1535 1179 1598 1232 in
1628 1179 1799 1234 coelis.

113 1269 307 1319 Amen.

176 1353 337 1416 Quod
382 1354 521 1424 ipse.

798 1444 930 1496 Item
965 1445 1098 1497 alia.

177 1528 551 1600 Omnipotens
582 1531 749 1596 Deus,
784 1530 882 1600 qui
909 1530 1101 1584 omnia
1126 1530 1343 1601 pariter
1373 1532 1801 1600 complectitur,

114 1633 334 1671 cursum
367 1618 494 1671 vitae
526 1624 728 1672 vestras
759 1619 1043 1688 propitius
1075 1621 1419 1673 moderetur.
1453 1625 1655 1674 Amen.

180 1707 245 1759 [ι
288 1706 355 1760 ad
395 1707 696 1760 beatorum
734 1708 1040 1777 spirituum
1084 1706 1452 1761 stabilitatem
1495 1725 1599 1777 per
1647 1726 1802 1762 man—

116 1794 368 1848 datorum
391 1795 572 1865 ipsius
599 1794 948 1866 perveniatis
979 1795 1452 1850 observationem.
1489 1801 1692 1850 Amen.

178 1883 398 1954 Quique
437 1889 664 1938 sanctos
704 1900 835 1937 suos
876 1884 1148 1953 martyrio
1187 1884 1320 1938 fecit
1357 1885 1591 1939 idoneos
1623 1902 1800 1956 regno

117 1973 398 2038 caelorum,
451 1988 552 2025 vos
603 1979 944 2042 paupertate
1005 1973 1237 2043 spiritus
1293 1973 1458 2027 faciat
1511 1981 1802 2028 consortes

117 2076 324 2114 eorum.
357 2062 568 2113 Amen.

180 2148 340 2211 Quod
372 2149 515 2218 ipse.

414 2269 469 2308 Β.
519 2269 584 2308 ΙΝ
634 2269 870 2309 NATALI
922 2269 1114 2310 UNIUS
1162 2270 1492 2310 APOSTOLI.

184 2343 347 2408 Deus,
407 2342 508 2412 qui
571 2358 670 2396 vos
727 2343 787 2395 in
843 2343 1168 2412 apostolicis
1230 2344 1430 2396 tribuit
1491 2343 1802 2398 consistere

120 2430 516 2492 fundamentis,
562 2431 897 2485 benedicere
928 2448 1024 2484 vos
1049 2433 1319 2502 dignetur
1359 2433 1511 2487 beati
1560 2434 1804 2502 apostoli

119 2519 200 2571 sui
231 2521 292 2572 N.
325 2519 812 2574 intercedentibus
837 2521 1072 2574 meritis.
1107 2525 1308 2574 Amen.

185 2607 568 2678 Defendatque
627 2624 726 2660 vos
785 2625 814 2660 a
883 2609 1099 2661 cunctis
1155 2609 1425 2674 adversis,
1480 2610 1803 2679 apostolicis

121 2696 408 2764 praesidiis,
447 2697 548 2766 qui
593 2713 691 2749 vos
731 2712 933 2749 eorum
969 2697 1150 2750 voluit
1184 2697 1376 2750 ornari
1415 2703 1472 2751 et
1513 2700 1802 2751 munerari

122 2784 383 2854 exemplis
412 2790 469 2837 et
501 2785 879 2838 documentis.
914 2789 1114 2838 Amen.

184 2871 298 2935 Quo
360 2889 464 2942 per
529 2889 732 2926 eorum
802 2873 1264 2926 intercessionem
1331 2874 1670 2943 perveniatis
1731 2874 1803 2928 ad

125 2966 333 3013 aeternae
373 2960 576 3029 patrita
618 2960 1033 3026 haereditatem,
1067 2977 1170 3031 per
1203 2977 1449 3031 quorum
1483 2963 1802 3016 doctrinam

123 3050 308 3101 tenetis
335 3048 472 3102 ﬁdei
504 3049 914 3118 integritatem.
949 3052 1151 3102 Amen.

184 3137 334 3200 Quod
365 3137 507 3208 ipse.

398 3259 450 3297 Β.
498 3259 565 3298 ΙΝ
609 3259 846 3298 NATALI
897 3259 1092 3299 UNIUS
1139 3258 1497 3298 MARTYRIS.

187 3332 330 3385 Beati
377 3333 645 3402 martyris
686 3333 777 3386 sui
821 3334 884 3387 N.
938 3334 1346 3387 intercessione
1389 3350 1487 3386 vos
1523 3332 1800 3386 Dominus

121 3419 402 3473 benedicat
433 3425 488 3474 et
518 3420 588 3474 ab
623 3419 782 3473 omni
810 3421 961 3473 malo
995 3420 1275 3474 defendat.
1309 3423 1514 3474 Amen.

185 3509 450 3562 Extendat
491 3509 552 3562 in
593 3525 690 3562 vos
734 3509 1024 3562 dexteram
1073 3525 1189 3562 suae
1221 3508 1664 3579 propitiationis,
1701 3508 1799 3578 qui

123 3611 237 3649 eum
263 3597 512 3668 suscepit
545 3613 648 3666 per
675 3597 956 3668 supplicia
981 3597 1280 3666 passionis.
1311 3602 1512 3650 Arnen.

183 3684 294 3747 Quo
326 3685 448 3754 ejus
494 3685 555 3738 in
601 3685 745 3739 caelo
795 3685 1134 3739 mereamini
1171 3685 1383 3739 habere
1427 3683 1794 3747 consortium,

123 3772 263 3839 cujus
307 3773 528 3827 devotis
587 3773 876 3828 mentibus
933 3774 992 3828 in
1047 3779 1202 3828 terra
1258 3757 1554 3827 celebratis
1604 3773 1800 3826 trium-

123 3857 301 3926 phum.
331 3863 537 3915 Amen.

182 3947 326 4010 Quod
360 3949 503 4019 ipse.

270 4072 322 4110 B.
369 4072 435 4111 IN
484 4072 723 4112 NATALI
771 4071 1193 4112 PLURIMORUM
1241 4071 1626 4112 MARTYRUM.

188 4143 481 4198 Benedicat
512 4160 613 4198 vos
652 4144 928 4198 Dominus
965 4145 1266 4199 beatorum
1305 4149 1621 4214 martyrum
1662 4161 1794 4198 suo-

127 4245 235 4284 rum
274 4233 580 4303 suffragiis,
622 4238 680 4287 et
718 4233 927 4288 liberet
967 4235 1037 4288 ab
1081 4233 1512 4288 adversitatibus
1548 4233 1789 4288 cunctis.

127 4319 303 4373 Amen.
1533 4328 1536 4330 ’

186 4409 547 4462 Commendet
592 4425 692 4463 vos
745 4408 1072 4462 intercessio
1125 4408 1390 4479 gloriosa,
1442 4423 1688 4479 quorum
1737 4407 1797 4461 in

125 4505 399 4566 conspectu
435 4500 558 4568 ejus
592 4505 676 4552 est
706 4514 860 4552 mors
893 4497 1159 4567 pretiosa.
1190 4499 1395 4550 Amen.

189 4586 247 4638 Ut
273 4587 414 4640 sicut
451 4588 535 4641 illi
575 4604 676 4658 per
717 4587 939 4641 diversa
980 4602 1188 4656 genera
1226 4589 1648 4638 tormentorum
1693 4599 1799 4638 cce-

127 4671 258 4726 lestis
293 4675 454 4745 regni
495 4682 630 4729 sunt
672 4674 862 4729 sortiti
905 4675 1321 4739 haereditatem,
1353 4675 1432 4726 ita
1469 4689 1564 4726 vos
1598 4689 1796 4727 eorum

126 4763 438 4817 mereamini
497 4765 850 4818 consortium
905 4779 1010 4832 per
1063 4779 1305 4832 operum
1361 4761 1795 4816 exhibitionem.

128 4853 305 4904 Amen.

186 4939 333 5001 Quod
361 4940 499 5010 ipse.

349 5062 399 5100 B.
445 5063 508 5100 IN
560 5061 798 5101 NATALI
846 5061 1042 5102 UNIUS
1087 5061 1536 5102 CONFESSORIS.

187 5150 544 5223 Omnipotens
594 5153 745 5205 Deus
783 5152 878 5205 det
923 5151 1084 5206 vobis
1125 5153 1350 5223 copiam
1393 5169 1510 5206 sum
1561 5152 1800 5206 benedi-

129 5236 323 5307 ctionis,
368 5241 467 5311 qui
509 5241 743 5293 beatum
789 5241 852 5293 N.
903 5240 1012 5294 sibi
1055 5241 1291 5293 adscivit
1336 5241 1543 5293 virtute
1580 5239 1797 5293 confes-

133 5325 298 5381 sionis.
332 5331 511 5382 Amen
524 5370 535 5380 .

189 5414 245 5467 Et
283 5417 376 5487 qui
417 5418 586 5471 illum
634 5416 767 5470 fecit
809 5433 1109 5470 coruscare
1149 5416 1461 5482 miraculis,
1505 5432 1605 5470 vos
1636 5431 1799 5470 exor-

133 5505 212 5554 net
236 5502 506 5558 bonorum
546 5521 789 5575 operum
822 5505 1209 5559 incrementis.
1241 5507 1440 5558 Amen.

190 5589 295 5654 Quo
330 5594 451 5664 ejus
491 5593 772 5663 exemplis
813 5594 1021 5648 eruditi
1052 5600 1109 5647 et
1138 5593 1544 5646 intercessione
1577 5590 1798 5658 muniti,

1842 1770 1880 1822 B

1842 3063 1881 3116 C

1838 4361 1880 4414 D

1917 564 2128 618 cmlesti
2157 565 2387 633 regione
2419 566 2682 634 adjungi.
2712 568 2914 621 Amen.

2040 695 2092 731 B.
2143 694 2205 731 IN
2256 694 2489 732 NATALI
2539 694 2959 735 PLURIMORUM
3005 697 3484 737 (IUNFESSORUM.

1987 793 2319 846 Sanctorum
2382 793 2776 846 confessorum
2833 811 3064 848 suorum
3117 798 3180 849 Ν.
3241 797 3458 850 meritis
3509 815 3608 851 vos

1916 881 2195 935 Dominus
2242 881 2413 934 faciat
2461 881 2743 949 benedici,
2796 889 2852 936 et
2895 891 3094 936 contra
3136 886 3367 938 adversa
3412 887 3608 940 omnia

1913 985 2112 1022 eorum
2144 969 2553 1022 intercessione
2581 969 2815 1023 muniri.
2853 974 3056 1023 Amen.

1953 1058 2191 1128 .Eorum
2225 1073 2322 1109 vos
2353 1056 2564 1110 efticiat
2608 1058 2880 1127 suffragio
2927 1059 3134 1124 felices,
3173 1075 3414 1128 quorum
3451 1059 3604 1114 festi-

1914 1145 2104 1198 vitatis
2134 1138 2286 1198 diem
2314 1145 2615 1199 celebratis
2648 1154 2904 1199 ovantes.
2938 1152 3138 1200 Amen.

1983 1233 2103 1296 Quo
2130 1249 2330 1285 eorum
2361 1233 2652 1286 imitantes
2703 1236 2980 1303 exempla,
3018 1235 3087 1289 ad
3121 1234 3374 1289 ccclestia
3406 1250 3606 1306 perve-

1911 1319 2036 1374 nire
2065 1321 2296 1390 possitis
2327 1322 2621 1392 promissa.
2656 1325 2860 1376 Amen.

1983 1408 2140 1472 Quod
2171 1409 2313 1478 ipse.

2231 1539 2284 1576 Β.
2326 1539 2386 1576 IN
2439 1539 2673 1578 NATALI
2723 1540 2915 1580 UNIUS
2962 1541 3280 1581 VIRGINIS.

1982 1638 2287 1692 Benedicat
2319 1638 2475 1691 vobis
2511 1639 2781 1691 Dominus
2815 1639 2911 1708 qui
2940 1641 3116 1693 beatm
3149 1640 3355 1710 virgini
3383 1641 3444 1694 N.
3473 1656 3607 1694 con-

1912 1727 2080 1780 cessit
2126 1733 2181 1778 et
2224 1728 2488 1779 decorem
2529 1727 2892 1795 virginitatis,
2936 1732 2991 1780 et
3027 1728 3270 1797 gloriam
3301 1729 3602 1798 passionis.

1912 1816 2118 1869 Amen.

1985 1905 2048 1956 Et
2078 1903 2240 1973 cujus
2270 1902 2644 1972 opitulatione
2679 1902 2773 1956 illa
2805 1905 3015 1956 meruit
3041 1909 3099 1957 et
3129 1921 3291 1957 sexus
3323 1905 3605 1974 fragilita-

1913 1996 2048 2058 tem,
2095 1998 2149 2043 et
2192 1992 2660 2061 persequentium
2713 1992 2930 2044 rabiem
2974 1992 3293 2058 devincere,
3337 2009 3434 2046 vos
3474 2009 3608 2062 pos-

1913 2080 2034 2133 sitis
2090 2085 2146 2132 et
2203 2085 2520 2133 vestrorum
2562 2096 2867 2148 corporum
2910 2080 3225 2146 illecebras,
3277 2085 3332 2134 et
3385 2081 3606 2152 antiqui

1911 2167 2087 2221 hostis
2122 2168 2584 2222 machinamenta
2619 2184 2908 2236 superare.
2940 2172 3141 2221 Amen.

1981 2256 2102 2318 Quo
2131 2256 2274 2308 sicut
2305 2255 2398 2307 illa
2431 2273 2568 2308 sexu
2603 2255 2791 2324 fragili
2834 2255 2995 2309 virile
3026 2255 3149 2309 nisa
3191 2261 3276 2309 est
3314 2260 3602 2310 certamen

1911 2343 2087 2410 adire,
2122 2349 2176 2396 et
2220 2349 2346 2412 post
2385 2349 2667 2395 certamen
2715 2345 2784 2396 de
2825 2343 3084 2397 hostibus
3118 2345 3496 2413 triumphare,
3526 2345 3606 2398 ita

1910 2449 2010 2485 vos
2049 2432 2108 2484 in
2143 2433 2245 2484 hac
2280 2432 2622 2484 mortalitate
2649 2431 2920 2496 viventes,
2951 2433 3183 2486 valeatis
3213 2439 3271 2486 ct
3298 2433 3603 2500 antiquum

1912 2521 2134 2574 hostem
2186 2520 2501 2582 devincere,
2551 2525 2606 2572 et
2646 2520 2713 2572 ad
2762 2535 2936 2588 regna
2984 2520 3232 2574 caelestia
3279 2522 3596 2590 pervenire.

1907 2612 2113 2662 Amen.

1983 2697 2144 2761 Quod
2177 2697 2317 2766 ipse.

2095 2828 2146 2865 Β.
2197 2827 2256 2864 IN
2309 2826 2541 2866 NATALI
2592 2825 3018 2865 PLURIMORUM
3067 2825 3416 2865 VIRGINUM.

1984 2926 2356 2995 Omnipotens
2392 2925 2691 2994 Dominus,
2732 2924 3212 2978 intercedentibus
3251 2925 3457 2978 sanctis
3487 2924 3600 2978 vir-

1913 3015 2143 3086 ginibus
2173 3015 2311 3082 suis,
2339 3031 2434 3067 vos
2465 3015 2734 3083 dignetur
2759 3014 3116 3078 benedicere,
3144 3014 3244 3084 qui
3273 3015 3341 3068 de
3369 3014 3602 3084 antiquo

1909 3104 2071 3157 hoste
2099 3119 2213 3155 non
2256 3103 2439 3156 solum
2483 3117 2588 3172 per
2621 3101 2802 3168 viros,
2843 3117 3042 3154 verum
3081 3101 3253 3154 etiam
3294 3117 3396 3171 per
3431 3101 3603 3156 femi-

1909 3208 2009 3244 nas
2039 3191 2214 3244 voluit
2244 3191 2624 3261 triumphare.
2660 3193 2863 3244 Amen.

1978 3281 2043 3332 Et
2075 3280 2175 3350 qui
2217 3280 2327 3332 illis
2369 3279 2545 3332 voluit
2581 3278 2878 3332 centesimi
2905 3277 3123 3331 fructus
3155 3277 3373 3332 donum
3403 3279 3603 3332 decore

1907 3368 2252 3437 virginitatis
2287 3373 2342 3420 et
2371 3383 2554 3436 agone
2587 3367 2844 3436 martyrii
2879 3367 3157 3433 conferre,
3198 3384 3296 3419 vos
3336 3368 3605 3437 dignetur

1908 3463 1966 3510 et
1994 3456 2267 3509 vitiorum
2299 3456 2663 3525 squaloribus
2689 3470 3027 3525 expurgare,
3063 3458 3119 3508 et
3146 3454 3425 3508 virtutum
3451 3455 3603 3508 lam-

1909 3545 2150 3616 padibus
2184 3560 2481 3597 exornare.
2517 3547 2719 3596 Amen.

1979 3634 2267 3696 Quatenus
2310 3633 2584 3684 virtutum
2631 3632 2778 3697 oleo,
2816 3631 2893 3683 ita
2941 3633 3237 3700 pectorum
3282 3635 3603 3684 vestrorum

1907 3721 2198 3791 lampades
2245 3720 2467 3789 possint
2499 3718 2729 3788 repleri,
2763 3724 2827 3771 ut
2857 3734 2988 3771 cum
3022 3717 3104 3771 eis
3133 3718 3377 3772 caelestis
3405 3719 3602 3788 sponsi

1905 3809 2221 3862 thalamum
2258 3807 2487 3861 valeatis
2516 3807 2759 3880 ingredi.
2793 3810 2990 3862 Amen.

1976 3896 2135 3960 Quod
2171 3895 2310 3966 ipse.

2318 4025 2372 4063 B.
2417 4025 2488 4063 ΒΕ
2532 4023 2772 4064 SANCTA
2820 4023 3198 4064 TRINITATE.

1978 4127 2148 4191 Deus,
2192 4142 2256 4178 ex
2297 4141 2410 4196 quo
2441 4129 2573 4179 sunt
2603 4124 2818 4190 omnia,
2851 4123 3092 4195 inspiret
3117 4123 3274 4178 vobis
3318 4121 3598 4177 desideria

1900 4213 2075 4283 justa.
2112 4217 2310 4266 Amen.

1984 4304 2152 4367 Deus,
2186 4318 2290 4371 per
2305 4317 2480 4372 quem
2519 4305 2653 4355 sunt
2683 4301 2900 4368 omnia,
2921 4301 3146 4372 ingredi
3175 4317 3270 4355 vos
3302 4300 3471 4355 faciat
3498 4315 3602 4370 per

1912 4406 2014 4444 sua
2045 4391 2330 4444 mandata.
2359 4392 2562 4444 Amen.

1977 4479 2144 4544 Deus,
2189 4477 2248 4530 in
2286 4494 2400 4548 quo
2445 4485 2580 4532 sunt
2618 4478 2832 4543 omnia,
2869 4475 3182 4530 sanctiﬁcat
3219 4491 3318 4529 vos
3356 4473 3601 4528 tuitione

1906 4583 2028 4620 sua.
2066 4570 2268 4620 Amen.

1977 4656 2135 4718 Quod
2165 4655 2288 4724 ipse
2335 4657 2603 4724 praestare
2647 4652 2934 4721 dignetur,
2969 4649 3088 4720 qui,
3122 4649 3309 4702 trinus
3339 4651 3394 4701 et
3425 4663 3597 4716 unus,

1906 4748 2111 4797 cuncta
2158 4743 2310 4796 bona
2358 4742 2608 4805 inchoat,
2652 4738 2870 4809 perﬁcit
2916 4743 2972 4790 et
3013 4739 3326 4798 conservat,
3361 4739 3418 4788 et
3465 4751 3603 4788 con-

1907 4836 2127 4886 servata
2171 4832 2294 4884 sine
2334 4828 2448 4881 ﬁne
2496 4829 2824 4880 remunerat
2872 4823 2932 4876 in
2987 4825 3193 4876 saecula
3233 4821 3598 4876 seaculorum.

1907 4923 2106 4975 Amen.

2595 5031 2724 5084 Item
2753 5028 2888 5080 alia.

1984 5147 2280 5202 Benedicat
2317 5161 2416 5198 vos
2458 5145 2605 5196 Deus
2637 5145 2819 5208 Pater,
2855 5158 2923 5195 ex
2955 5157 3069 5212 quo
3105 5139 3326 5205 omnia;
3372 5138 3605 5193 benedi-

1907 5234 1996 5291 cat
2024 5252 2118 5288 vos
2151 5236 2296 5288 Deus
2328 5232 2522 5296 Filius,
2551 5248 2656 5302 per
2685 5246 2857 5302 quem
2885 5229 3110 5295 omnia;
3135 5227 3432 5282 benedicat
3455 5227 3604 5282 Deus

1907 5324 2148 5394 Spiritus
2176 5326 2424 5386 sanctus,
2459 5319 2520 5371 in
2551 5337 2666 5389 quo
2697 5318 2911 5372 omnia.
2946 5321 3145 5371 Amen.

1983 5410 2282 5466 Benedicat
2312 5425 2411 5461 vos
2450 5407 2636 5461 trinus
2681 5413 2737 5461 et
2777 5423 2926 5460 unus
2970 5408 3116 5461 Deus
3159 5405 3318 5458 omni
3363 5403 3606 5459 benedi-

1910 5501 2096 5554 ctione
2134 5496 2368 5562 coelesti,
2412 5499 2750 5568 sanctosque
2789 5500 2845 5548 et
2887 5511 3063 5566 puros
3105 5493 3311 5548 efﬁciat
3344 5493 3403 5548 in
3437 5510 3604 5546 cons-

1910 5593 2080 5660 pectu
2111 5605 2233 5642 suo.
2268 5591 2468 5641 Amen.
