3868 6228
284 286 385 335 879
1431 280 1769 336 GRIMALDI
1812 280 2321 335 SANGALLENSIS
2358 280 2646 334 ABBATIS

355 413 833 483 Superabundent
871 412 929 464 in
976 428 1071 464 vos
1102 411 1312 465 divitia:
1344 412 1544 481 glorim
1579 392 1727 480 ejus,
1757 428 1969 480 vosque
2010 418 2052 469 Α
2084 411 2196 474 det,
2223 417 2279 462 et
2310 426 2425 463 suae
2458 410 2870 464 benedictionis
2903 411 3053 465 dono
3089 413 3420 482 locupletet.
3456 417 3648 466 Amen.

285 503 456 556 verbo
503 501 755 554 veritatis
807 501 1072 566 instruat,
1134 500 1434 569 Evangelio
1486 500 1685 552 salutis
1731 499 1972 564 erudiat,
2159 498 2552 568 Concedatque
2590 498 2750 551 vobis
2791 505 2854 553 ut
2885 500 2983 570 qui
3022 502 3079 554 in
3121 502 3243 554 sola
3288 518 3388 571 spe
3419 503 3614 570 gratia:
3658 519 3737 555 ca-

286 592 662 659 omniumque
713 594 1035 641 sanctorum
1080 590 1352 641 cliaritate
1393 589 1723 658 locupletet.
1772 590 1973 641 Amen.
2088 585 2241 637 lestis
2290 585 2625 653 iunitimini,
2685 587 2902 641 caelesti
2950 589 3123 642 etiam
3164 589 3527 659 protectione
3568 592 3738 642 munia-
3812 648 3813 665 γ

357 680 519 742 Quod
549 678 690 747 ipse,
723 682 853 744 etc.,
890 678 987 746 qui
1022 677 1217 730 trinus.
2090 673 2249 726 mini.
2280 677 2482 727 Amen.

288 781 800 821 BENEDICTIONES
872 781 1295 827 QUOTlDlANIS
1365 780 1591 819 DlEBUS
1658 779 1975 818 DICENDE.
2160 762 2447 825 Quatenus
2483 768 2540 815 et
2568 763 2627 815 in
2663 766 2934 832 praesenti
2975 766 3179 819 saeculo
3220 766 3482 819 mortalis
3520 767 3642 819 vitae
3678 784 3740 820 so-

358 856 661 909 Benedicat
694 856 849 908 vobis
884 856 1178 921 Dominus,
1214 861 1271 908 et
1304 856 1587 908 custodiat
1621 870 1738 906 vos.
1770 856 1975 906 Amen.
2090 850 2223 903 latia
2255 851 2506 920 capiatis,
2560 856 2616 905 et
2653 853 3006 922 sempiterna
3047 854 3257 924 gaudia
3297 856 3742 925 comprehendere

358 944 651 998 llluminet
697 943 901 997 faciem
942 961 1102 997 suam
1152 960 1325 1014 super
1367 961 1485 1011 vos,
1535 950 1592 997 et
1640 942 1982 995 misereatur
2090 940 2344 993 valeatis.
2378 942 2584 995 Amen.

286 1034 480 1087 vestri.
514 1035 715 1086 Amen.
2161 1027 2321 1091 Quod
2352 1028 2493 1098 ipse.

358 1124 661 1176 Convertat
688 1120 909 1174 vultum
943 1136 1109 1174 suum
1142 1120 1207 1173 ad
1242 1136 1363 1185 vos,
1398 1124 1454 1173 et
1480 1120 1651 1173 donet
1684 1119 1842 1173 vobis
1873 1136 1980 1189 pa—
2862 1120 3016 1174 Alia.

286 1226 429 1265 cem.
466 1212 667 1263 Amen.
2164 1205 2536 1275 Omnipotens
2576 1208 2724 1260 Deus
2770 1208 3015 1261 dexterze
3063 1225 3181 1261 sua:
3221 1215 3503 1280 perpetuo
3543 1227 3632 1263 vos
3670 1210 3746 1263 cir-

359 1300 519 1363 Quod
558 1298 701 1368 ipse.
2091 1295 2321 1349 cumdet
2367 1295 2601 1363 auxilio,
2658 1301 2714 1349 et
2760 1297 3226 1351 benedictionum
3277 1314 3511 1352 suarum
3564 1298 3745 1369 repleat

1045 1386 1197 1438 Alia.
2091 1385 2263 1438 dono.
2298 1387 2498 1437 Amen.

357 1492 728 1563 Omnipotens
761 1493 909 1544 Deus
953 1507 1053 1544 sua
1087 1508 1183 1544 vos
1224 1490 1530 1544 clementia
1574 1491 1891 1559 benedicat,
1926 1496 1983 1546 et
2092 1560 2104 1563 Α
2162 1473 2241 1527 Ab
2273 1474 2431 1563 omni
2465 1491 2559 1527 "05
2592 1474 2871 1543 Ρνδνίῖδῖθ
2922 1474 3208 1537 defendat,
3242 1480 3300 1529 et
3330 1476 3495 1529 donis
3535 1476 3745 1530 603195“-

286 1597 513 1634 sensum
546 1580 705 1633 vobis
737 1579 1032 1649 sapientizp.
1064 1579 1330 1632 salutaris
1361 1580 1643 1633 infundat.
1668 1584 1871 1634 Amen.
2090 1560 2195 1614 bus
2227 1562 2503 1615 θΧυδθΓθΓ

2162 1578 2195 1613 lS
2227 1562 2537 1615 exuberare
2573 1563 2861 1615 concedat.
2906 1565 3105 1616 Amen.

359 1669 661 1722 Catholica:
720 1667 852 1720 tidei
906 1684 1004 1718 vos
1063 1668 1420 1721 documentis
1482 1669 1749 1735 enutriat,
1809 1673 1863 1722 et
1923 1669 1980 1722 in
2023 1713 2061 1765 Β
2095 1739 2123 1765 μ
2163 1650 2284 1765 Οιιξο
2330 1667 2569 1765 οοΓξῖοῗθ
2619 1652 2879 1705 munda“
2930 1669 2991 1705 ac
3036 1657 3251 1714 mente:
3305 1653 3479 1706 talem
3527 1652 3575 1706 εί
3612 1654 3745 1765 ‘eXhi‘

427 1758 458 1765 ..
668 1758 698 1765 ..
1128 1757 1136 1765 .
1169 1758 1198 1765 ..
1382 1757 1395 1765 .
1424 1757 1436 1765 .
1485 1762 1492 1765 .
1567 1759 1573 1765 .
2135 1756 2192 1765 ΛΑ
2227 1756 2270 1765 ,ι-
2308 1755 2447 1765 ..Λαρη-
2484 1756 2512 1765 η
2547 1755 2631 1765 nm
2696 1755 2796 1765 ..η-ν.
2836 1756 3002 1765 και-.-ι
3047 1756 3202 1765 μηδ...
3250 1740 3515 1765 Αλκηλη-.ζ
3548 1757 3604 1765 ...-
3636 1743 3743 1765 Αλιζς

287 1758 491 1810 sanctis
522 1758 789 1825 operibus
820 1757 1266 1824 persevcrabiles
1300 1757 1519 1810 reddat.
1548 1759 1749 1810 Amen.
2024 1739 2061 1765 υ
2091 1739 2272 1792 beatis
2307 1739 2656 1801 δθΐνίῑυῖθων
2693 1755 2796 1808 Per
2832 1756 3003 1809 quam
3045 1756 3206 1793 suam
3246 1740 3519 1811 consequi
3548 1740 3746 1793 "aleam

356 1847 590 1899 Grcssus
623 1851 835 1897 vestros
873 1846 942 1897 ab
978 1862 1171 1898 errore
1203 1851 1510 1913 convertat,
1548 1851 1603 1900 et
1648 1847 1797 1899 viam
1825 1846 1983 1899 vobis
2092 1827 2498 1897 Ρτορίῖίθῖίοηθ

2163 1827 2580 1897 opitiationem.
2628 1835 2827 1882 Amen.

286 1935 439 2003 pacis
472 1939 526 1987 et
556 1933 847 1987 charitatis
874 1935 1155 1987 ostendat.
1190 1938 1393 1988 Amen.
2162 1916 2321 1978 QUOd
2347 1915 2484 1985 ipsa.

357 2022 519 2085 Quod
565 2022 704 2091 ipse.

2859 2006 3009 2058 Alia.

1059 2111 1210 2163 Αιία,
2165 2094 2431 2147 Puriﬁcet
2461 2094 2825 2163 omnipotens
2860 2094 3005 2145 Deus
3036 2098 3354 2147 vestrorum
3398 2093 3643 2146 cordium
3673 2110 3750 2145 ar-

360 2218 597 2271 Inclinet
650 2216 921 2270 Dominus
968 2234 1165 2270 aurem
1203 2232 1365 2270 suam
1416 2217 1486 2269 ad
1530 2233 1727 2286 preces
1780 2219 1983 2270 vestra:
2092 2199 2250 2248 cana,
2284 2189 2339 2235 et
2363 2182 2776 2237 benedictionis
2826 2198 2941 2235 suae
2975 2182 3130 2235 vobis
3163 2182 3379 2236 tribuat
3409 2182 3745 2236 incrementa.

2092 2274 2290 2325 Amen.

289 2307 649 2370 humilitatis,
681 2312 737 2359 et
775 2307 871 2359 det
916 2307 1074 2359 vobis
1115 2306 1357 2374 gratiam
1400 2321 1516 2358 sua:
1548 2306 1980 2368 benedictionis,

290 2402 345 2449 et
376 2397 677 2465 prmmium
703 2395 1068 2464 sempiternm
1102 2394 1321 2449 salutis.
1354 2398 1555 2449 Amen.

361 2486 597 2553 Semper
637 2489 692 2536 et
743 2484 951 2552 ubique
995 2484 1299 2535 Dominum
1347 2483 1665 2553 propitium
1706 2483 1980 2549 habeatis,

292 2577 348 2625 et
380 2573 433 2623 in
468 2573 589 2640 ejus
618 2571 885 2623 laudibus
908 2570 1221 2623 exsultetis.
1246 2574 1447 2624 Amen.

362 2659 634 2713 Omnium
675 2663 1037 2728 peccatorum
1078 2664 1397 2712 vestrorum
1438 2658 1666 2712 vincula
1695 2659 1897 2725 solvat,
1930 2663 1987 2713 et

291 2748 359 2801 ad
398 2748 642 2817 gloriam
674 2748 1080 2818 sempiternam
1108 2764 1202 2801 vos
1232 2748 1530 2819 pervenire
1560 2748 1743 2802 faciat.
1779 2751 1982 2803 Amen.

362 2837 522 2901 Quod
562 2836 704 2906 ipse.

2162 2360 2245 2412 Ab
2279 2358 2544 2412 omnibus
2576 2358 2703 2411 vita:
2745 2360 3042 2429 prmsentis
3082 2359 3353 2429 periculis
3383 2359 3676 2424 eruamini,
3706 2366 3749 2412 et

2093 2448 2368 2501 virtutum
2418 2448 2762 2518 spiritalium
2804 2450 3152 2501 ornamentis
3198 2449 3532 2502 induamini.
3571 2452 3745 2502 Amen.

2164 2538 2284 2601 Quo
2318 2537 2471 2590 illius
2498 2537 2777 2605 adjutorio
2810 2537 2955 2601 fulti,
3001 2537 3078 2589 sic
3114 2537 3162 2589 ei
3197 2538 3454 2590 serviatis
3498 2537 3554 2590 in
3586 2537 3744 2597 terris,

2092 2632 2157 2679 ut
2189 2626 2239 2678 ei
2271 2625 2543 2695 conjungi
2575 2626 2805 2678 valeatis
2836 2626 2895 2679 in
2925 2627 3099 2679 caelis.
3134 2628 3335 2680 Amen.

2167 2714 2327 2778 Quod
2360 2714 2501 2784 ipse.

2860 2804 3009 2856 Alia.

2166 2890 2539 2960 Omnipotens
2585 2891 2731 2943 Deus
2770 2892 3031 2944 universa
3068 2910 3099 2944 a
3138 2892 3293 2945 vobis
3329 2892 3558 2945 adversa
3585 2892 3747 2944 exclu-

2095 2980 2209 3045 dat,
2244 2985 2298 3032 et
2329 2996 2446 3032 suae
2480 2995 2653 3049 super
2684 2996 2781 3032 vos
2811 2980 3226 3034 benedictionis
3257 2981 3406 3035 dona
3438 2982 3747 3051 propitiatus

2094 3068 2373 3121 infundat.
2413 3072 2614 3121 Amen.

2164 3157 2345 3209 Corda
2382 3160 2567 3209 vestra
2606 3154 2817 3209 efficiat
2856 3155 3027 3208 sacris
3067 3155 3286 3209 intenta
3328 3156 3612 3220 doctrinis,
3654 3171 3746 3226 quo

2093 3244 2313 3313 possint
2342 3244 2550 3313 repleri
2577 3243 2864 3297 beneficiis
2896 3243 3277 3312 sempiternis.
3313 3248 3513 3298 Amen.

2163 3333 2454 3395 Quatenus
2512 3331 2873 3401 exsequenda
2920 3331 3327 3401 intelligentes,
3388 3337 3445 3385 et
3496 3332 3745 3384 intellecta

2092 3425 2487 3490 exsequentes,
2543 3423 2598 3472 et
2656 3420 2806 3472 inter
2863 3420 3095 3472 adversa
3151 3421 3355 3473 mundi
3410 3419 3743 3473 inveniamini

2093 3508 2412 3573 indemnes,
2437 3512 2491 3561 et
2517 3507 2819 3561 beatorum
2844 3506 3150 3577 spirituum
3179 3507 3507 3561 efﬁciamini
3534 3508 3745 3561 cohrere-

2091 3597 2208 3650 des.
2244 3600 2443 3649 Amen.

1055 3738 1191 3791 Alia
2163 3684 2325 3749 Quod
2368 3684 2509 3755 ipse.

1200 3776 1212 3791 '
2862 3773 3016 3826 Alia.

356 3833 459 3885 Det
504 3831 663 3885 vobis
704 3832 978 3885 Dominus
1020 3848 1230 3885 munus
1274 3848 1391 3885 sum
1438 3832 1880 3903 benedictionis,
1925 3840 1983 3889 et

293 3922 505 3989 repleat
532 3937 622 3973 vos
652 3920 862 3990 Spiritu
898 3920 1151 3973 veritatis
1178 3925 1233 3973 et
1259 3921 1433 3990 pacis.
1465 3924 1670 3976 Amen.

360 4008 650 4070 Quatenus
682 4010 759 4059 sic
799 4024 902 4076 per
943 4008 1090 4061 viam
1140 4010 1336 4062 salutis
1377 4011 1580 4064 devota
1625 4018 1817 4066 mente
1848 4028 1983 4065 cur-

289 4098 427 4148 ratis
458 4101 522 4149 ut
560 4096 1002 4164 subripientium
1042 4098 1379 4151 delictorum
1413 4100 1647 4169 laqueos
1677 4100 1983 4155 salubriter

292 4184 558 4235 evadatis.
588 4186 785 4235 Amen.

1056 2925 1209 2977 Alia.

363 3030 736 3084 Devotionem
768 3034 1011 3082 vestram
1048 3029 1321 3082 Dominus
1361 3028 1666 3099 dignanter
1704 3029 1983 3096 intendat,
2026 3010 2064 3064 (ἶ

292 3125 347 3172 et
375 3136 491 3173 sum
524 3118 681 3172 vobis
726 3118 1137 3171 benedictionis
1178 3118 1396 3171 donum
1442 3119 1731 3171 concedat.
1780 3122 1981 3174 Amen.

362 3208 599 3277 Talique
643 3224 741 3259 vos
780 3207 836 3259 in
885 3209 1154 3275 prmsenti
1200 3207 1405 3258 srcculo
1444 3206 1697 3259 subsidio
1740 3209 1983 3275 muniat,

291 3302 355 3348 ut
384 3295 633 3366 paradisi
668 3312 763 3347 vos
804 3296 861 3347 in
905 3296 1095 3348 futuro
1138 3294 1483 3347 habitatores
1519 3294 1745 3348 efliciat.
1780 3298 1981 3351 Amen.

364 3385 567 3454 Sicque
620 3384 791 3437 corda
847 3390 1035 3436 vestra
1084 3383 1490 3436 sanctiticando
1552 3384 1870 3450 benedicat,
1930 3390 1986 3440 et

292 3472 679 3525 benedicendo
720 3472 1048 3537 sanctilicet,
1092 3475 1154 3523 ut
1188 3471 1503 3537 vobiscum,
1542 3471 1655 3524 imo
1697 3472 1756 3525 in
1800 3474 1980 3541 vobis,

292 3577 420 3613 cum
448 3561 663 3630 jugiter
696 3560 951 3613 habitare
984 3560 1241 3614 delectet.
1271 3563 1470 3614 Amen.

363 3649 525 3713 Quod
559 3650 698 3719 ipse.

2160 3858 2534 3927 Omnipotens
2582 3860 2729 3911 Deus
2774 3859 2894 3913 dies
2933 3864 3149 3913 vestros
3191 3859 3251 3912 in
3290 3876 3391 3913 sua
3424 3876 3555 3930 pace
3580 3860 3743 3928 dispo-

2091 3952 2209 4014 nat,
2239 3952 2295 4001 et
2320 3963 2437 4000 suae
2464 3946 2621 3999 vobis
2646 3947 3059 4001 benedictionis
3081 3949 3228 4001 dona
3258 3950 3544 4003 concedat.
3573 3953 3742 4002 Amen.

2160 4036 2244 4090 Ab
2276 4035 2544 4089 omnibus
2573 4052 2669 4089 vos
2709 4037 3237 4106 perturbationibus
3272 4039 3489 4098 liberet,
3523 4044 3575 4091 et
3603 4053 3743 4091 men-

2092 4130 2174 4179 tes
2222 4130 2435 4180 vestras
2483 4125 2542 4178 in
2592 4142 2708 4178 suae
2756 4126 2913 4195 pacis
2963 4127 3381 4198 tranquillitate
3440 4126 3744 4181 consolidet.

360 4272 565 4375 Sic‘lllc
610 4272 940 4375 θξίξυίέξξηίυί
980 4271 1039 4369 if]
1082 4274 1203 4371 ei“?
1238 4274 1649 4375 ειξΡΡῙξοδίίῼηεῗ
1681 4277 1893 4346 demur
1926 4283 1983 4332 et
2022 4306 2066 4359 D
2090 4217 2453 4368 A"(llilzli'tenus
2484 4302 2626 4372 spei,
2660 4302 2794 4356 fidei
2821 4308 2877 4356 et
2906 4303 3197 4357 charitatis
3237 4306 3481 4375 gemmis
3512 4304 3680 4359 ornati
3707 4307 3749 4355 et

291 4360 349 4413 in
396 4366 592 4413 mutua
635 4361 935 4413 dilectione
977 4362 1204 4427 sinceri,
1245 4369 1309 4416 ut
1360 4364 1431 4417 ad
1465 4366 1692 4419 cazleste
1738 4383 1979 4437 regnum
2092 4360 2433 4463 présemem
2483 4360 2657 4445 νξιδὼ
2710 4392 3037 4460 transimus
3083 4360 3270 4461 illam:
3303 4399 3358 4447 et
3406 4396 3474 4449 ad
3507 4400 3745 4449 meum",

290 4450 589 4519 pervenire
628 4449 857 4518 possitis
891 4450 1093 4503 securi.
1128 4453 1335 4506 Amen.
2092 4449 2441 4553 ‘perveniatis
2471 4480 2673 4533 securi.
2707 4449 2907 4535 Amen:

361 4539 517 4602 Quod
551 4539 693 4608 ipse.

1143 4630 1152 4639 .
2162 4572 2321 4635 Quod
2351 4571 2491 4640 ipse.

1054 4628 1206 4682 Alia.
2171 4628 2204 4635 w
2374 4628 2391 4640 ⁵

2712 4673 2766 4711 Β.
2804 4672 2869 4711 IN
2907 4671 3178 4713 SYNODO.

360 4724 643 4815 99n99df‘t
684 4723 845 4815 “bis
889 4724 1031 4777 0⁸³³³⁵
1072 4725 1440 4795 οωιιίΡοῙοΠε
1489 4742 1696 4780 "mnus
1729 4745 1845 4781 sum
1882 4728 1979 4782 be‘
2163 4745 2436 4799 Dominus
2475 4744 2675 4798 messis
2717 4749 2773 4798 et
2809 4745 3123 4814 corporalis
3160 4750 3218 4799 et
3248 4745 3519 4815 spiritalis
3553 4747 3641 4800 det
3670 4762 3750 4797 vo-

289 4812 647 4879 nedictionis,
717 4813 817 4883 qui
877 4818 1076 4867 vestrm
1149 4820 1232 4868 est
1289 4816 1548 4869 conscius
1608 4817 1976 4871 inﬁrmitatis.
2091 4836 2556 4890 bisincremema
2586 4835 2782 4905 gratia,
2816 4812 3197 4888 εροξιεάοιδιίε,
3244 4812 3458 4891 Amen.

289 4903 489 4993 Αῐξθηι
542 4989 550 4993 Α
674 4990 723 4993 Η
947 4990 981 4993 Η
1118 4992 1148 4993 Π
1250 4992 1273 4993 η
1352 4992 1355 4993 ν
2165 4926 2231 4978 Ut
2278 4940 2455 4978 manu
2506 4928 2562 4977 et
2598 4903 2807 4993 lingua
2851 4940 3133 4993 pauperes
3180 4923 3387 4977 Christi
3441 4929 3750 4989 recreantes,

363 4991 426 5041 Et
457 4989 555 5059 qui
600 4990 757 5043 vobis
798 4990 1153 5060 supplicandi
1188 4992 1385 5046 tribuit
1434 4993 1717 5061 affectum,
1766 4994 1982 5049 tribuat
2091 5030 2219 5067 cum
2252 5012 2373 5065 istis
2405 5012 2556 5065 ﬁatis
2587 4989 3066 5065 ογείιιθε,“Αωέη,

288 5078 690 5131 consolationis
721 5080 1015 5133 auxilium.
1049 5082 1253 5134 Amen.
2162 5104 2224 5155 Et
2267 5101 2337 5153 ad
2387 5102 2503 5155 ἀει.

2162 5104 2224 5155 Et
2267 5101 2337 5153 ad
2387 5102 2681 5155 dexteram
2725 5101 3020 5154 constituti
3059 5100 3425 5172 participium
3453 5100 3751 5172 percipiatis

362 5167 428 5218 Ut
466 5171 536 5218 ab
582 5183 648 5218 eo
685 5173 740 5220 et
765 5168 1061 5236 praesentis
1100 5174 1156 5221 et
1197 5169 1401 5222 futurze
1444 5172 1571 5224 vitm
1604 5171 1855 5224 subsidia
1887 5188 1978 5225 ca-
2090 5191 2224 5261 agni
2260 5191 2378 5245 Dei.
2412 5194 2616 5244 Amen.

287 5252 481 5320 piatis,
543 5254 701 5321 cujus
758 5274 852 5309 vos
928 5257 1184 5310 bonitate
1258 5265 1473 5312 creatos
1535 5276 1656 5313 esse
1725 5261 1973 5314 creditis.
2126 5252 2317 5343 VQuod
2380 5281 2499 5349 ejus
2553 5278 2885 5348 dignatione
2939 5279 3062 5332 ﬁeri
3102 5280 3750 5350 postulemus,quiquos

288 5344 493 5393 Amen'
1087 5436 1091 5437 ν
2090 5373 2219 5421 ante
2266 5370 2535 5421 sazculum
2585 5368 2867 5436 praescivit
2912 5372 2969 5420 et
3018 5368 3495 5437 praesdestinavit,
3540 5374 3593 5421 et
3640 5371 3747 5420 ante

1056 5436 1209 5488 Αίίασ
2088 5456 2262 5509 ﬁnem
2309 5456 2501 5509 saeculi
2549 5456 2769 5509 vocavit
2820 5460 2875 5509 et
2914 5456 3269 5524 justiﬁcavit,
3319 5458 3380 5510 in
3427 5458 3536 5511 ﬁne
3582 5453 3747 5509 surculi

360 5531 736 5600 Omnipotens
769 5539 914 5591 Deus
944 5539 1153 5592 caelesti
1205 5557 1303 5593 vos
1344 5542 1692 5610 prolcctione
1731 5544 1973 5598 circum-
2087 5544 2447 5615 gloriﬁcabit.
2483 5547 2685 5597 Amen.
