3868 6228
144 360 231 405 exl
972 358 1171 412 LIBER
1211 358 1851 415 SACItAMENTORIiM.
1878 391 1943 397 —
1981 361 2527 419 BICNEDICTIONES
2571 368 2784 421 EPISC.

898 489 949 539 Α
960 488 1053 540 (ia.

208 574 412 627 Cautos
442 590 539 627 vos
574 574 847 628 Dominus
890 576 1057 628 faciat
1096 581 1288 628 contra
1343 584 1590 646 peccata,
1648 595 1679 630 a
1732 595 1828 631 vo—

144 662 225 715 bis
254 663 335 715 vel
369 681 395 714 a
418 662 694 716 fratribus
724 663 922 716 vestris
961 665 1226 717 admissa.
1258 670 1458 717 Amen.

211 752 275 803 Ut
306 750 400 803 illa
432 768 547 804 non
576 752 899 821 negligatis,
926 752 1021 805 sed
1068 753 1321 805 studiose
1355 771 1554 807 curare
1595 756 1822 809 curetis.

143 842 332 892 Anien.

208 927 493 989 Quatenus
552 927 621 981 de
652 928 809 981 lucro
870 927 1119 981 fraterno
1148 929 1454 982 exsultetis
1501 946 1630 983 cum
1664 932 1827 983 Patre

142 1016 502 1084 sempiterno.
547 1019 749 1068 Amen.

203 1104 358 1167 Quod
413 1104 533 1173 ipse
582 1110 852 1173 praestare
902 1106 1194 1175 dignetur,
1258 1108 1421 1175 cujus
1482 1123 1727 1177 regnum
1770 1114 1826 1161 et

142 1191 439 1261 imperium
472 1194 596 1245 sine
622 1192 739 1246 ﬁne
771 1200 1090 1263 permanet.

830 1284 958 1334 Item
990 1283 1121 1333 alia.

208 1367 311 1430 Qui
350 1368 637 1437 dispersos
686 1370 857 1422 Israel
920 1374 1252 1439 congregat,
1320 1370 1439 1441 ipse
1488 1387 1583 1424 vos
1641 1371 1733 1425 hic
1770 1377 1827 1425 et

145 1454 348 1525 ubique
371 1457 671 1510 custodiat.
701 1460 903 1511 Amen.

209 1545 269 1596 Et
295 1560 409 1596 non
440 1546 630 1597 solum
665 1561 761 1597 vos
792 1546 1093 1607 custodiat,
1128 1546 1225 1599 sed
1278 1552 1334 1599 et
1364 1548 1553 1600 ovium
1588 1564 1822 1601 suarum

144 1630 366 1685 idoneos
400 1634 663 1685 custodes
690 1633 916 1686 efficiat.
951 1638 1155 1687 Amen.

214 1722 277 1773 L't
306 1737 431 1773 cum
481 1737 707 1775 summo
753 1727 981 1791 pastore
1014 1722 1239 1775 Christo
1298 1722 1368 1775 de
1396 1738 1640 1793 gregum
1689 1740 1816 1777 suo-

143 1825 262 1861 rum
295 1810 549 1877 pastione
584 1810 881 1878 gaudeatis
904 1810 962 1863 in
992 1811 1154 1864 coelo.
1188 1814 1390 1865 Amen.

208 1898 366 1960 Quod
399 1900 538 1967 ipse,
576 1904 706 1965 etc.,
738 1898 835 1969 qui
869 1914 995 1951 cum
1026 1901 1208 1953 Patre.

383 2001 435 2039 Β.
483 2002 684 2040 SUPER
734 2002 942 2040 REGEM
990 2002 1278 2040 TEMPORE
1323 2001 1584 2041 SYNODI.

209 2074 507 2127 Benedicat
538 2075 642 2127 tibi
698 2076 971 2128 Dominus
1017 2076 1415 2145 custodiatque
1457 2080 1532 2141 te,
1566 2080 1623 2127 et
1681 2076 1826 2128 sicut

144 2170 193 2212 te
223 2163 398 2215 voluit
428 2180 601 2231 super
630 2165 911 2232 populum
943 2180 1108 2216 suum
1132 2163 1476 2215 constituere
1507 2179 1721 2231 regem,
1749 2163 1826 2217 ita

146 2255 193 2300 et
220 2249 277 2301 in
316 2251 585 2319 praesenti
618 2252 825 2304 saeculo
879 2252 1123 2320 felicem,
1160 2256 1215 2304 et
1248 2257 1477 2305 aeterna:
1536 2252 1824 2305 felicitatis

145 2338 345 2391 tribuat
377 2356 496 2392 esse
524 2345 871 2394 consortem.
904 2344 1106 2393 Amen.

207 2428 421 2480 Clernm
458 2445 521 2481 ac
550 2429 829 2498 populum
888 2446 1057 2499 quem
1092 2445 1193 2481 sua
1225 2429 1403 2482 voluit
1433 2429 1821 2499 opitulatione

144 2520 231 2567 tua
264 2518 549 2570 sanctione
581 2518 943 2587 congregari,
993 2534 1093 2571 sua
1123 2518 1575 2587 dispensatione,
1636 2523 1690 2570 et
1722 2523 1821 2570 tua

142 2606 626 2659 administratione
667 2624 770 2676 per
800 2608 1073 2660 diuturna
1110 2613 1372 2676 tempora
1424 2606 1593 2660 faciat
1635 2606 1819 2659 felici-

145 2700 217 2745 ter
252 2694 572 2762 gubernari.
617 2700 824 2749 Amen.

205 2784 487 2845 Quatenus
550 2783 757 2836 divinis
791 2784 1021 2838 monitis
1046 2789 1327 2854 parentes,
1382 2783 1819 2838 adversilatibus

145 2870 396 2922 omnibus
442 2878 721 2933 carentes,
756 2872 919 2925 bonis
958 2872 1229 2926 omnibus
1272 2872 1671 2935 exuberantes,
1716 2878 1815 2923 tuo

144 2959 445 3012 ministerio
496 2960 626 3012 fidei
676 2976 869 3014 amore
900 2962 1299 3031 obsequentes,
1357 2967 1412 3014 et
1457 2962 1517 3013 in
1546 2960 1816 3029 praesenti

142 3049 330 3100 szeculo
375 3048 529 3117 pacis
564 3050 977 3119 tranquillitate
1012 3052 1297 3108 fruantur.
1332 3054 1387 3103 et
1418 3056 1604 3104 tecum
1647 3056 1810 3102 aeter-

142 3151 329 3188 norum
357 3137 566 3190 civium
588 3138 873 3191 consortio
906 3138 1086 3208 potiri
1125 3144 1474 3192 mereantur.
1505 3143 1706 3191 Amen.

204 3223 356 3286 Quod
384 3224 527 3295 ipse.

903 3316 1050 3368 Alia.

202 3400 571 3471 Omnipotens
634 3403 781 3455 Deus
835 3403 933 3472 qui
996 3409 1047 3455 te
1104 3400 1307 3471 populi
1340 3399 1427 3453 sui
1481 3401 1663 3454 voluit
1695 3418 1817 3455 esse

142 3494 420 3555 rectorem,
471 3490 593 3558 ipse
642 3495 694 3543 te
727 3491 938 3543 ccelesti
986 3490 1391 3543 benedictione
1436 3490 1812 3557 sanctiticans,

143 3578 323 3629 aeterni
360 3579 526 3646 regni
558 3579 727 3630 faciat
757 3594 876 3631 esse
909 3584 1250 3631 consortem.
1284 3582 1480 3631 Arnen.

204 3666 593 3736 Concedatque
642 3666 744 3719 tibi
791 3672 988 3719 contra
1045 3683 1243 3719 omnes
1300 3666 1431 3718 fidei
1488 3665 1818 3720 Christianae

140 3752 315 3807 hostes
348 3754 603 3807 visibiles
653 3761 825 3824 atque
886 3754 1198 3807 invisibiles
1258 3753 1555 3807 victoriam
1613 3755 1817 3807 trium-

142 3841 371 3909 phalem,
433 3848 489 3896 et
545 3843 698 3912 pacis
748 3849 801 3896 et
860 3844 1068 3912 quietis
1101 3843 1496 3895 ecclesiastica:
1553 3842 1815 3896 felicissi-

142 3944 283 3982 mum
306 3936 360 3983 te
388 3931 516 3983 fieri
548 3932 716 3999 longe
742 3932 967 4000 lateque
1002 3932 1385 3984 fundatorem.
1420 3934 1622 3983 Amen.

201 4019 485 4081 Quatenus
526 4024 578 4072 te
638 4019 1025 4088 gubernacula
1084 4019 1246 4089 regni
1286 4025 1535 4084 tenente,
1574 4021 1819 4089 populus

145 4105 555 4175 tibisubjectus,
581 4108 918 4161 Christianae
952 4108 1248 4177 religionis
1298 4108 1430 4177 jura
1469 4109 1815 4173 custodiens,

142 4194 379 4265 undique
414 4200 591 4260 tutus,
624 4212 760 4265 pace
792 4197 1103 4266 tranquilla
1136 4197 1481 4266 perfruatur,
1516 4202 1572 4250 et
1599 4202 1651 4249 te
1682 4214 1816 4249 con-

141 4283 253 4334 cilio
298 4300 502 4351 regum
562 4284 865 4337 beatorum
912 4286 1207 4349 collocato,
1259 4288 1474 4337 interna
1542 4285 1816 4338 felicitate

142 4367 340 4424 ibidem
365 4377 553 4425 tecum
583 4372 799 4441 pariter
826 4373 1079 4442 gaudere
1108 4378 1412 4426 mereatur.
1446 4376 1648 4427 Amen.

202 4458 352 4521 Quod
384 4460 527 4529 ipse.

458 4564 510 4601 B.
559 4563 624 4601 IN
670 4563 1120 4603 0RDINATIONE
1167 4564 1481 4603 EPISCOPI.

202 4634 567 4705 Omnipotens
610 4638 778 4704 Deus,
831 4637 931 4707 qui
983 4637 1042 4690 in
1092 4638 1303 4708 populo
1345 4655 1447 4691 suo
1500 4637 1819 4691 ministerio

144 4723 305 4777 utitur
334 4726 721 4789 sacerdotum,
754 4727 1009 4779 conferat
1038 4726 1197 4780 vobis
1229 4743 1346 4780 sua:
1394 4726 1820 4797 propitiationis

145 4815 189 4862 et
215 4812 632 4866 benedictionis
663 4814 900 4867 donum.
936 4818 1138 4868 Amen.

202 4900 419 4969 Quique
456 4916 547 4953 me
580 4901 905 4971 indignum,
949 4902 1120 4955 nullis
1167 4901 1537 4955 existentibus
1578 4900 1817 4966 meritis,

144 4987 224 5040 sed
274 4988 525 5057 gratuita
582 5005 683 5041 sua
764 4989 979 5058 pietate
1038 4991 1170 5043 huic
1233 4991 1491 5044 Ecclesiae
1575 5006 1820 5060 praeesse

145 5077 321 5138 voluit,
384 5078 672 5147 suffragiis
722 5085 1052 5131 sanctorum
1093 5095 1330 5133 suorum
1381 5094 1474 5131 me
1518 5078 1585 5131 ab
1636 5078 1819 5130 omni-

146 5163 233 5217 bus
272 5166 513 5218 vinculis
561 5172 929 5237 peccatorum
979 5168 1259 5234 absolvat,
1332 5166 1655 5236 sanctisque
1704 5165 1821 5217 suis

146 5254 404 5308 altaribus
446 5260 748 5309 strenuum
804 5256 1161 5325 dignumque
1201 5255 1529 5309 ministrum
1588 5254 1815 5308 efficiat.

144 5344 326 5395 Amen.

204 5431 486 5493 Quatenus
513 5448 618 5502 per
648 5432 915 5501 exempla
945 5436 1275 5486 sanctorum
1307 5431 1687 5495 sacerdotum,
1718 5430 1817 5500 qui

146 5517 194 5571 in
223 5520 319 5573 hac
344 5521 479 5575 sede
512 5526 570 5574 et
621 5519 680 5573 in
715 5521 822 5574 hoc
861 5520 1180 5574 ministerio
1216 5520 1269 5574 ei
1310 5521 1650 5590 placuerunt
1691 5535 1814 5589 gra-

148 5605 367 5677 dientes,
394 5624 751 5680 gregemque
781 5608 1150 5663 commissum
1180 5609 1493 5663 secundum
1524 5624 1687 5661 suam
1716 5624 1818 5662 vo-

3526 378 3629 427 882

1859 496 1900 543 A
1936 491 2234 557 luutatem,
2267 509 2332 543 eo
2355 494 2693 562 opitulante,
2746 503 3031 565 regentes,
3067 500 3137 553 ab
3179 501 3439 554 omnium
3502 520 3624 572 pas-

1939 581 2129 629 torum
2154 583 2381 646 pastore
2422 580 2642 633 Christo
2680 582 2919 635 Domino
2951 586 3189 652 praemia
3228 586 3435 639 sanctis
3496 605 3624 656 pro-

1939 665 2111 717 missa
2170 681 2282 717 una
2344 683 2473 719 cum
2531 669 2770 721 subditis
2815 672 3127 741 percipere,
3192 674 3250 726 in
3309 675 3621 728 electorum

1936 770 2181 807 numero
2208 771 2534 809 mereamur
2563 758 2817 826 adjungi.
2853 762 3051 813 Amen.

2009 844 2173 907 Quod
2203 844 2325 913 ejus
2344 844 2674 914 dignatione
2702 848 2824 899 fieri
2857 851 3231 917 postulemus.

2205 966 2258 1003 B.
2306 965 2368 1004 IN
2415 966 2909 1007 ANNIVERSARIO
2957 971 3345 1011 PUNTIFICIS.

2010 1054 2153 1105 Deus
2174 1054 2510 1125 quipopulis
2530 1058 2648 1110 suis
2670 1058 3024 1129 indulgendo
3047 1063 3310 1127 consulit,
3344 1068 3399 1116 et
3427 1082 3625 1119 amore

1933 1141 2283 1207 dominatur,
2335 1143 2432 1196 det
2482 1146 2750 1213 spiritum
2807 1148 3104 1217 sapientiae
3149 1150 3354 1219 quibus
3385 1154 3621 1207 tradidit

1934 1230 2191 1297 regimen
2223 1230 2557 1300 disciplinae,
2602 1240 2661 1285 ut
2684 1235 2752 1287 de
2785 1236 3042 1304 profectu
3073 1244 3395 1292 sanctarum
3429 1241 3618 1295 ovium

1933 1318 2071 1369 fiant
2099 1318 2307 1387 gaudia
2348 1326 2563 1373 aeterna
2597 1328 2913 1391 pastorum.
2949 1328 3155 1379 Arnen.

2005 1407 2069 1458 Et
2099 1406 2197 1476 qui
2228 1407 2451 1462 dierum
2482 1416 2804 1464 nostrorum
2836 1430 3144 1468 numerum
3180 1420 3624 1488 temporumque

1934 1510 2228 1547 mensuras
2274 1498 2585 1565 niajestatis
2627 1515 2742 1552 sure
2793 1506 3071 1569 potestate
3123 1503 3434 1572 dispensat,
3484 1521 3626 1575 pro-

1932 1582 2107 1651 pitius
2148 1585 2216 1637 ad
2247 1584 2587 1638 humilitatis
2618 1594 2825 1641 nostrae
2858 1585 3124 1658 respiciat
3178 1593 3533 1659 servitutem,
3571 1600 3627 1649 et

1931 1672 2087 1739 pacis
2114 1689 2230 1725 sua:
2262 1674 2671 1728 abundantiam
2727 1678 3081 1747 temporibus
3138 1680 3343 1732 nostris
3372 1686 3621 1749 praeten-

1862 1789 1902 1841 Β
1934 1759 2031 1813 dat
2060 1765 2114 1813 et
2144 1767 2460 1816 conservet.
2495 1766 2694 1817 Amen.

2005 1850 2233 1903 Collatis
2256 1867 2485 1921 quoque
2516 1853 2575 1905 in
2609 1870 2699 1906 me
2731 1870 2830 1922 per
2864 1854 3107 1923 gratiam
3142 1872 3303 1909 suam
3338 1856 3616 1924 propitie-

1932 1942 2026 1991 tur
2082 1940 2441 2010 muneribus,
2483 1946 2537 1994 et
2578 1958 2746 2011 quem
2810 1944 2941 1995 fecit
2972 1946 3149 2011 gradu
3192 1944 3504 2014 episcopali
3535 1961 3625 1997 su-

1934 2025 2194 2091 blimem,
2228 2027 2400 2081 faciat
2432 2045 2673 2097 operum
2706 2030 3054 2098 perfectione
3106 2032 3212 2084 sibi
3261 2032 3621 2101 placabilem,

1931 2118 2102 2184 atque
2126 2115 2185 2167 in
2218 2116 2379 2170 illum
2422 2118 2689 2171 affectum
2724 2119 2933 2187 dirigat
2965 2136 3064 2172 cor
3107 2120 3290 2188 plebis
3322 2125 3375 2172 et
3406 2136 3619 2188 prmsu-

1933 2202 2020 2268 lis,
2074 2208 2135 2255 ut
2182 2220 2285 2256 nec
2317 2208 2533 2273 pastori
2565 2207 2897 2259 obedientia
2929 2208 3141 2277 gregis,
3176 2224 3279 2260 nec
3312 2208 3475 2277 gregi
3506 2225 3617 2261 un—

1932 2308 2104 2361 quam
2138 2292 2285 2345 desit
2313 2310 2447 2347 cura
2476 2295 2731 2363 pastoris.
2769 2299 2972 2349 Amen.

2003 2380 2163 2444 Quod
2187 2398 2411 2435 summa
2440 2384 2682 2436 Trinitas
2726 2391 2996 2453 pra-stare
3028 2384 3314 2450 dignetur.

2357 2504 2409 2541 Β.
2457 2503 2575 2543 PRO
2624 2504 2767 2543 ITI'IR
2816 2505 3190 2544 AGENTIBUS.

2002 2591 2220 2661 Dirigat
2244 2592 2348 2645 iter
2392 2598 2645 2647 vestrum
2680 2596 2957 2648 Dominus
3013 2596 3073 2648 iu
3104 2594 3459 2665 beneplacito
3493 2612 3613 2661 suo,

1928 2679 2200 2749 vobisque
2231 2680 2689 2751 inseparabiliter
2740 2683 3183 2752 benignissimus
3214 2687 3404 2737 custos
3439 2682 3615 2735 inhae-

1926 2770 2069 2819 reat.
2103 2769 2305 2821 Amen.

2002 2855 2213 2907 Ducem
2259 2855 2421 2908 vobis
2460 2856 2866 2925 archangelum
2925 2856 3274 2925 Baphaelem
3322 2856 3609 2920 adhibeat,

1926 2948 1984 2996 et
2012 2959 2240 2997 omnem
2274 2961 2306 2996 a
2344 2944 2503 2997 vobis
2535 2945 3062 2998 incommoditatem
3097 2950 3268 3014 atque
3302 2944 3616 2997 contrarie-

1921 3034 2097 3085 tatem
2131 3031 2469 3101 propitiatus
2501 3037 2777 3085 amoveat.
2822 3035 3025 3088 Amen.

2002 3120 2429 3173 Desideriorum
2471 3126 2789 3173 vestrorum
2842 3122 2935 3190 pia
2984 3125 3113 3174 vota
3151 3121 3461 3173 clementer
3505 3119 3620 3173 im-

1929 3208 2097 3276 pleat,
2142 3212 2203 3261 ut
2232 3213 2287 3261 et
2314 3208 2405 3261 hic
2447 3209 2597 3261 bona
2647 3209 2945 3278 consequi,
2980 3216 3035 3261 et
3063 3210 3134 3263 ad
3182 3195 3455 3263 aeternam
3487 3209 3620 3262 bea-

1927 3294 2230 3350 titudinem
2259 3296 2555 3366 pervenire
2585 3297 2826 3350 feliciter
2857 3298 3214 3351 mereamini.
3248 3300 3449 3351 Amen.

1999 3384 2161 3447 Quod
2192 3385 2335 3454 ipse.

2278 3523 2332 3560 B.
2362 3523 2423 3561 IN
2466 3523 2900 3562 DEDICATIONE
2932 3523 3272 3563 ECCLESIJE.

1999 3611 2371 3682 Omnipotens
2404 3614 2550 3665 Deus
2590 3614 2689 3682 qui
2721 3631 2817 3665 vos
2845 3614 3125 3667 hodierna
3154 3614 3245 3666 die
3280 3614 3349 3666 ad
3383 3612 3616 3666 dedica-

1926 3701 2143 3752 tionem
2173 3699 2335 3753 istius
2374 3701 2518 3753 aulas
2566 3701 2834 3768 dignatus
2893 3705 2977 3752 est
3024 3701 3295 3765 adunare,
3350 3700 3469 3769 ipse
3518 3716 3619 3752 vos

1928 3787 2141 3839 caelesti
2172 3787 2569 3841 benedictione
2606 3788 2877 3858 dignetur
2904 3788 3295 3857 loculpletare.
3338 3791 3545 3842 Amen.

1998 3875 2155 3937 Quod
2186 3874 2329 3943 ipse.

2000 3963 2397 4031 Concedatque
2419 3963 2579 4016 vobis
2621 3963 2743 4017 fieri
2775 3965 3055 4033 templum
3088 3979 3257 4017 suum
3303 3969 3359 4016 et
3398 3963 3621 4015 habita-

1927 4052 2118 4103 culum
2169 4052 2412 4121 Spiritus
2465 4052 2663 4117 sancti,
2701 4052 2798 4121 qui
2850 4053 3147 4122 proprium
3200 4052 3404 4105 Filium
3452 4068 3617 4104 suum

1930 4140 2238 4192 Dominum
2282 4146 2536 4193 nostrum
2567 4142 2758 4194 Iesum
2794 4141 3083 4195 Christum
3123 4157 3227 4211 pro
3259 4140 3415 4193 vobis
3449 4140 3622 4208 elegit

1929 4227 2235 4281 immolari.
2263 4233 2465 4283 Arnen.

1998 4316 2293 4379 Quatenus
2322 4323 2511 4371 mente
2540 4322 2596 4371 et
2624 4334 2859 4388 corpore
2891 4319 3195 4388 purificati,
3228 4319 3617 4372 habitatorem

1932 4405 2112 4457 Deum
2160 4405 2217 4457 in
2264 4406 2681 4477 vobismetipsis
2736 4424 2964 4478 semper
3013 4409 3222 4461 habere
3266 4407 3518 4477 possitis,
3568 4410 3624 4458 et

1929 4498 2158 4546 (εἰει-ηερ
2198 4494 2567 4549 beatitudinis
2598 4496 2996 4550 haereditatem
3029 4514 3159 4550 cum
3193 4495 3399 4550 sanctis
3427 4500 3482 4549 et
3513 4495 3621 4547 ele-

1928 4582 2034 4635 ctis
2064 4582 2353 4650 possidere
2382 4584 2633 4638 valeatis.
2668 4588 2869 4637 Amen.

2002 4670 2163 4734 Quod
2194 4672 2336 4741 ipse.

2096 4810 2150 4848 Β.
2198 4810 2260 4848 IN
2320 4808 2746 4849 DEDlCATIONE
2794 4808 3083 4847 νιοιΑἸἝ
3127 4808 3464 4848 ΕΩΟΒΕΒΙᾸΞ.

2003 4902 2305 4955 Benedicat
2336 4907 2391 4954 et
2446 4900 2727 4953 custodiat
2772 4916 2868 4951 vos
2894 4900 3261 4970 omnipotens
3324 4900 3618 4966 Dominus,

1933 4991 2286 5059 domumque
2315 4990 2463 5042 hanc
2492 4989 2578 5041 sui
2610 4988 2789 5041 sancti
2822 4988 3076 5041 muneris
3124 4989 3427 5057 praesentia
3460 4989 3617 5041 illus-

1930 5084 2062 5143 tret,
2098 5084 2268 5146 atque
2302 5094 2418 5131 suae
2453 5076 2679 5146 pietatis
2706 5077 2903 5130 oculos
2933 5092 3105 5144 super
3155 5092 3279 5128 eam
3303 5076 3393 5128 die
3425 5092 3488 5127 ac
3522 5093 3620 5129 no-

1929 5172 2014 5220 cte
2041 5166 2311 5233 dignetur
2335 5165 2577 5234 aperire.
2611 5168 2812 5217 Amen.

2000 5252 2397 5323 Concedatque
2443 5253 2728 5323 propitius
2753 5258 2815 5306 ut
2841 5268 3040 5305 omnes
3073 5251 3171 5321 qui
3206 5251 3271 5304 ad
3307 5250 3617 5304 dedicatio-

1930 5357 2061 5394 nem
2090 5340 2262 5408 hujus
2295 5340 2545 5394 basilicae
2570 5341 2769 5394 devote
2801 5339 3161 5405 convenistis,
3196 5340 3624 5394 intervenienti-

1932 5432 2034 5483 bus
2061 5428 2330 5481 omnibus
2355 5428 2581 5491 sanctis,
2615 5430 2845 5483 veniam
2892 5429 2981 5481 hic
3011 5434 3377 5499 peccatorum
3406 5436 3622 5483 vestro-

1930 5533 2058 5571 rum
2085 5518 2338 5586 accipere
2372 5518 2727 5571 mereamini.
2747 5522 2783 5573 A
2796 5534 2945 5571 men.

2000 5607 2289 5670 Quatenus
2330 5606 2511 5677 gratia
2564 5606 2658 5659 Dei
2686 5623 2783 5660 vos
2814 5606 2920 5677 ipsi
2956 5608 3237 5677 templum
3276 5606 3453 5660 sancti
3495 5605 3621 5675 Spi-
