3868 6228
240 322 340 375 883
1372 318 1713 372 GRIMALDI
1755 316 2267 374 SANGALLENSIS
2305 316 2592 370 ABBATIS
3636 317 3716 367 SS;

242 451 385 504 ritus
412 450 769 519 efticiamini,
817 456 871 503 et
908 449 967 503 in
998 449 1121 520 ipso
1157 452 1268 503 Deo
1308 450 1527 521 jugiter
1568 450 1931 503 delectemini
1969 451 2016 502 Α
2716 449 2816 501 Die
2844 448 3092 501 secundo.

243 539 519 593 habitare.
554 544 751 593 Amen.

316 627 473 691 Quod
495 627 638 697 ipse.

249 750 302 788 B.
377 749 441 788 IN
498 750 988 789 ANNIVERSARIO
1064 750 1520 789 DEDICATIQNIS
1596 750 1935 789 ECCLESIJ‘I.

319 840 694 908 Omnipotens
729 841 897 905 Deus,
930 840 1029 909 qui
1067 856 1163 892 vos
1195 857 1385 892 annua
1416 841 1584 907 hujus
1613 838 1813 906 templi
1849 840 1941 891 de-

251 927 534 981 dicatione
566 929 834 997 dignatus
864 935 946 982 est
986 928 1296 993 laetificare,
1330 929 1446 996 ipse
1476 945 1570 979 vos
1602 933 1819 980 aeterna
1845 928 1939 980 be-

252 1016 571 1069 nedictione
604 1017 873 1085 dignetur
898 1017 1269 1069 sanctiﬁcare.
1307 1022 1505 1068 Amen.

320 1105 719 1174 Concedatque
769 1121 865 1156 vos
924 1110 1111 1157 mente
1161 1113 1217 1155 et
1256 1120 1490 1173 corpore
1574 1104 1937 1167 castilicatos,

252 1192 376 1247 fieri
404 1193 703 1261 proprium
736 1194 1014 1263 templum
1042 1198 1098 1246 et
1130 1193 1520 1245 habitaculum
1555 1192 1798 1261 Spiritus
1823 1210 1945 1244 sau-

254 1282 328 1335 cti
361 1282 799 1350 sempiternum.
835 1286 1035 1334 Amen.

325 1371 616 1433 Quatenus
674 1370 771 1422 tali
828 1370 1151 1422 habitatore
1200 1369 1536 1438 gaudentes,
1616 1374 1673 1421 et
1729 1368 1945 1438 Spiritu

255 1464 450 1512 sancto
485 1458 785 1517 ferventes,
836 1459 986 1510 inter
1018 1460 1307 1511 mundana
1341 1458 1674 1510 discrimina
1723 1475 1948 1527 semper

257 1547 501 1599 cmlestia
554 1546 908 1613 desideretis,
955 1553 1009 1598 et.
1060 1546 1132 1599 ad
1182 1547 1301 1599 haec
1368 1547 1717 1617 quandoque
1760 1548 1944 1616 possi-

257 1634 443 1688 denda
480 1634 773 1703 pervenire
809 1634 1058 1705 possitis.
1090 1638 1291 1687 Amen.

330 1722 493 1787 Quod
527 1722 666 1793 ipse.

680 1843 731 1880 Β.
782 1842 841 1881 IN
890 1842 1223 1881 TRIDUANO
1257 1842 1526 1881 JEJUNIQ

944 1936 1047 1988 Die
1072 1936 1270 2002 primo.

332 2040 495 2105 Deus,
529 2039 629 2108 qui
659 2043 932 2108 operatur
962 2039 1019 2092 in
1052 2040 1257 2092 sanctis
1288 2039 1402 2092 suis
1435 2047 1490 2093 et
1519 2040 1661 2093 velle
1695 2045 1748 2093 et
1776 2042 1947 2110 perfi-

258 2142 383 2179 cere
439 2143 544 2195 pro
586 2127 735 2179 bona
794 2127 1106 2191 voluntate,
1170 2128 1535 2181 devotionem
1592 2135 1837 2182 vestram
1879 2132 1948 2184 ad

258 2216 680 2284 exsequendam
726 2215 990 2268 salutaris
1035 2216 1393 2269 abstinentia:
1446 2217 1789 2270 medicinam
1848 2236 1951 2272 sua

258 2304 461 2356 excitet
530 2304 899 2357 miseratione
995 2309 1050 2357 et
1122 2305 1450 2357 corroboret
1526 2305 1947 2360 benedictione.

260 2398 458 2445 Amen.

329 2480 551 2549 Quique
591 2478 827 2549 castigat
871 2495 1103 2533 omnem
1152 2480 1336 2533 ﬁlium
1376 2498 1546 2551 quem
1579 2482 1800 2552 recipit,
1833 2500 1951 2536 non

261 2585 360 2621 vos
403 2567 657 2637 patiatur
693 2568 751 2620 in
792 2568 1031 2637 flagellis
1073 2585 1200 2638 quas
1235 2585 1527 2622 meremur
1571 2572 1949 2640 impatientiaa

260 2657 397 2709 vitio
438 2656 706 2721 titubare,
741 2658 839 2711 sed
887 2658 953 2710 ad
996 2674 1156 2710 suam
1208 2658 1374 2712 faciat
1422 2659 1695 2729 pietatem
1746 2662 1953 2714 humili

258 2745 670 2815 supplicatione
702 2746 1029 2815 confugere.
1064 2750 1263 2801 Amen.

335 2836 395 2887 Et
427 2834 525 2904 qui
557 2834 923 2903 fragilitatem
964 2835 1233 2887 humanae
1286 2836 1687 2889 mutabilitatis
1710 2878 1723 2902 ,
1753 2842 1951 2906 utpote

258 2929 501 2988 creator,
536 2923 813 2994 agnoscit,
858 2924 1138 2977 auxilium
1174 2942 1339 2977 suum
1374 2925 1538 2977 bonis
1573 2926 1948 2978 inchoationi-

258 3011 364 3065 bus
385 3011 583 3065 vestris
614 3012 1023 3078 accommodet,
1060 3018 1119 3065 ut
1146 3013 1267 3079 ipso
1303 3015 1466 3077 duce,
1493 3030 1607 3082 quo
1631 3014 1950 3077 incitatore,

259 3116 389 3170 qua:
418 3100 487 3153 ad
542 3115 735 3153 veram
784 3101 1024 3153 salutem
1058 3102 1364 3169 pertinent,
1411 3102 1717 3172 peragatis.
1767 3104 1949 3155 Amen

331 3188 494 3252 Quod
526 3187 666 3258 ipse.

2117 536 2494 606 Omnipotens
2536 538 2702 599 Deus,
2740 535 2839 606 qui
2896 535 3281 589 Ninivitarum
3336 534 3532 603 culpas
3560 532 3635 585 ita
3663 535 3722 587 fe-

2046 625 2158 677 rire
2189 625 2489 694 disposuit,
2523 630 2584 676 ut
2611 624 2802 693 potius
2834 624 3069 692 eligeret
3127 620 3388 675 misereri
3441 621 3720 685 conversis,

2046 729 2140 764 vos
2189 712 2584 766 benedictione
2638 728 2739 764 sua
2770 711 2997 775 ditatos,
3024 711 3194 779 digne
3222 709 3393 761 faciat
3462 708 3717 777 paenitere

2047 802 2197 871 quod
2261 802 2409 854 male
2443 800 2718 870 gessistis.
2774 805 2828 851 et
2880 799 3155 868 largiatur
3202 796 3445 866 praemia
3491 812 3615 866 quae
3643 797 3721 864 pie

2050 890 2406 944 desideratis.
2446 893 2646 942 Amen.

2121 979 2519 1047 Concedatque
2552 977 2864 1029 humilitati
2900 980 3095 1027 vestrm
3120 978 3182 1027 ut
3224 974 3305 1026 ita
3334 988 3592 1041 corpora,
3621 986 3725 1021 am-

2052 1068 2351 1137 plectendo
2398 1066 2835 1136 parcimoniam,
2906 1064 2975 1117 ab
3026 1064 3329 1133 epularum
3380 1061 3599 1114 deliciis
3646 1060 3725 1111 ab-

2053 1158 2324 1222 stineant,
2378 1160 2660 1225 quatenus
2715 1158 2933 1206 mentes
2963 1156 3162 1204 vestrae
3208 1149 3519 1202 esurientes
3580 1154 3633 1199 et
3660 1150 3727 1198 si—

2051 1245 2589 1313 tientesjustitiam,
2646 1243 2716 1295 ab
2774 1240 3057 1294 illecebris
3116 1240 3262 1291 male
3317 1236 3722 1289 blandientium

2047 1334 2311 1404 jejunent
2342 1333 2637 1384 vitiorum.
2672 1336 2872 1383 Amen.

2125 1423 2414 1475 Accedant
2445 1420 2616 1473 corda
2644 1424 2831 1472 vestra
2866 1418 3074 1471 timore
3106 1420 3260 1469 casto
3292 1420 3347 1467 et
3396 1429 3587 1467 amore
3618 1428 3730 1480 per-

2054 1512 2215 1573 fecto,
2250 1508 2581 1563 utevadatis
2612 1508 2761 1560 mala
2799 1506 2911 1558 reis
2960 1504 3215 1557 timenda
3263 1507 3315 1555 et
3345 1500 3729 1571 adipiscamini

2056 1601 2204 1652 bona
2235 1597 2511 1667 perennia
2537 1596 2716 1649 beatis
2751 1593 3049 1664 speranda.
3077 1595 3281 1645 Amen.

2129 1687 2287 1751 Quod
2311 1687 2453 1755 ipse.

2748 1772 2842 1824 Die
2873 1773 3047 1823 tertio.

2128 1862 2445 1917 Misericors
2496 1864 2552 1913 et
2609 1858 2908 1912 miserator
2942 1857 3242 1921 Dominus,
3300 1855 3733 1925 benignissimus

2059 1954 2327 2007 humana:
2350 1950 2547 2003 salutis
2570 1955 2809 2014 amator,
2844 1963 2946 2000 sua
2975 1946 3375 2000 benedictione
3398 1961 3493 1996 vos
3514 1944 3572 1996 in
3593 1944 3730 1995 bono

2061 2041 2379 2105 confirmet,
2423 2044 2477 2092 et
2526 2037 2597 2091 ad
2652 2042 2882 2091 mternae
2935 2034 3311 2088 beatitudinis
3343 2031 3737 2102 perfectionem

2060 2138 2189 2183 vota
2219 2135 2401 2181 vestra
2422 2128 2712 2197 perducat.
2747 2127 2952 2180 Amen.

2132 2223 2313 2287 Atque
2343 2216 2746 2286 temporalium
2775 2214 3017 2283 injurias
3054 2210 3455 2273 afflictionum,
3490 2224 3619 2279 quas
3646 2224 3736 2277 pro

2062 2307 2381 2360 excessibus
2424 2305 2621 2357 vestris
2670 2302 2993 2356 necessaria
3040 2300 3358 2369 disciplina:
3409 2296 3741 2351 emendatie

2062 2398 2150 2449 nis
2194 2394 2517 2464 provisione
2566 2393 2805 2461 irrogat,
2854 2391 2931 2443 ita
2990 2389 3298 2453 modificet,
3340 2392 3403 2439 ut
3433 2394 3487 2438 et
3511 2386 3740 2439 adversa

2062 2501 2161 2554 per
2188 2482 2579 2537 fortitudinem
2613 2480 2792 2533 animi
2823 2478 3060 2531 sufferre
3100 2476 3346 2546 possitis,
3383 2479 3440 2527 et
3478 2488 3741 2543 prospera

2062 2572 2183 2623 sine
2214 2570 2423 2623 mentis
2450 2568 2815 2623 enervatione
2859 2566 2917 2621 in
2953 2566 3269 2637 gratiarum
3299 2564 3586 2617 actionem
3635 2576 3742 2613 ver-

2062 2660 2213 2713 tatis.
2251 2664 2452 2712 Amen.

2133 2749 2434 2802 Convertat
2490 2747 2706 2799 luctum
2761 2749 3010 2797 vestrum
3069 2743 3127 2795 in
3156 2740 3430 2813 gaudium
3476 2738 3737 2808 spiritale,

2062 2843 2112 2890 et
2165 2838 2241 2889 ita
2299 2853 2391 2887 vos
2442 2836 2497 2888 in
2558 2852 2615 2888 se
2672 2834 2920 2898 credere,
2972 2833 3040 2885 de
3098 2848 3155 2883 se
3188 2846 3436 2899 sperare,
3470 2844 3524 2879 se
3554 2842 3740 2880 amare

2061 2924 2355 2983 concedat,
2389 2928 2447 2975 ut
2472 2922 2657 2991 specie
2689 2938 2832 2973 acrm
2864 2920 2931 2990 [Γ.
2969 2920 3163 2987 sacrm]
3186 2923 3357 2987 atque
3403 2920 3629 2967 mternas
3668 2913 3738 2964 vi-

1995 3034 2032 3087 ρ
2063 3014 2241 3065 εἱιιηὶδ
2299 3028 2415 3063 sua:
2467 3026 2565 3063 vos
2633 3007 2982 3078 perfectione
3032 3004 3318 3057 beatificet
3379 3017 3441 3054 ac
3490 3003 3736 3053 coronet.

2060 3106 2259 3154 Amen.

2131 3190 2289 3253 Quod
2321 3188 2461 3259 ipse.

2202 3427 3729 3448 ________________________

1132 3640 2165 3744 PRKEFATIONES
2231 3638 2907 3754 ANTIQUAE

1567 3864 1722 3929 PER
1768 3864 1935 3927 ANN
1947 3864 1967 3925 Ι
2020 3862 2445 3926 CIRCULUM.

770 4192 1050 4245 PAMELII
1093 4193 1429 4248 MONITUM.

2058 4159 2187 4211 dam
2221 4174 2339 4210 esse
2385 4158 2584 4212 statuit
2645 4157 2859 4211 scilicet
2890 4155 2947 4209 in
2980 4156 3176 4209 Natale
3208 4155 3455 4221 Domini,
3506 4155 3743 4225 Epipha-

2065 4230 2177 4295 nia,
2230 4228 2456 4295 Pascha,
2534 4230 2900 4293 Ascensione,
2963 4229 3309 4289 Pentecoste,
3368 4230 3508 4280 item
3580 4227 3647 4279 de
3692 4226 3738 4278 S.

334 4295 443 4373 fias
494 4309 727 4364 quoque
765 4298 1156 4373 “Przefationes
1230 4299 1731 4373 Sacramentorum
1804 4301 1949 4353 libro
1994 4320 2034 4373 ι)
2061 4300 2353 4373 Trinitate,
2395 4301 2462 4352 de
2492 4300 2799 4373 Apostolis,
2848 4300 2915 4373 de
2958 4304 3148 4350 sancta
3178 4300 3373 4373 cruce,
3408 4304 3492 4373 et“
3512 4298 3581 4373 de
3608 4298 3744 4373 jeju-

260 4364 534 4434 adjecisse
572 4381 631 4417 se
671 4366 866 4419 scribit
900 4368 1225 4421 Grimaldus
1283 4370 1471 4422 abbas.
1510 4392 1536 4417 ‹‹
1591 4372 1949 4435 Prmfationes

258 4451 449 4558 porro,
487 4435 695 4505 inquit.
734 4436 791 4489 in
824 4438 936 4490 line
970 4438 1140 4506 hujus
1179 4442 1475 4507 posuimus
1529 4442 1753 4506 codicis,
1790 4449 1850 4494 ut
1880 4443 1949 4495 ab

301 4507 344 4557 is
377 4506 584 4558 auibus
625 4507 850 4558 Dlacent
897 4508 1172 4558 charitate
1213 4512 1595 4558 suscipiantur
1639 4518 1689 4558 et
1741 4529 1948 4558 canan—

301 4507 344 4557 is
377 4506 584 4579 quibus
623 4507 850 4576 placent
897 4506 1595 4579 charitate’suscipiantur
1639 4518 1689 4563 et
1741 4529 1948 4565 canan-

258 4580 368 4649 tur.
394 4578 478 4629 Ab
510 4576 598 4630 his
642 4593 772 4631 vero
813 4579 911 4649 qui
953 4595 1045 4631 eas
1106 4576 1454 4649 intelligunt,
1486 4598 1586 4634 nec
1627 4587 1817 4635 tamen
1850 4584 1947 4635 de-

258 4647 706 4722 lectantur,_nec
750 4647 863 4701 non
898 4652 1066 4722 etab
1097 4652 1184 4704 his
1225 4647 1322 4722 qui
1355 4668 1448 4705 eas
1484 4654 1701 4714 volunt,
1738 4670 1840 4706 nec
1872 4658 1950 4706 ta-

257 4734 389 4771 men
430 4718 780 4788 intelligunt,
826 4720 1112 4789 poscimus
1162 4718 1383 4775 ut'nec
1427 4730 1791 4776 assumantur
1844 4740 1947 4777 nec

257 4795 554 4864 cauantur.
584 4812 605 4837 »
654 4791 909 4854 Quarum
949 4801 1141 4845 tamen
1196 4794 1597 4847 Praefationum
1647 4796 1945 4864 plerasque

257 4876 384 4944 mea
414 4860 647 4944 quidem
679 4863 981 4941 sententia,
1015 4864 1301 4944 Grimal'do
1332 4870 1386 4917 et
1418 4860 1943 4944 ipsoDiGregdrio

255 4933 593 4983 vetustiores
658 4948 796 4996 esse,
871 4933 987 4986 imo
1058 4936 1378 4987 Gelasianas
1427 4933 1484 4989 et
1540 4933 1944 4989 Ambrosianas

254 5003 709 5076 complures,__ut
737 5004 959 5076 credam
1007 5007 1091 5076 vel
1126 5007 1269 5059 illud
1312 5023 1403 5059 me
1448 5007 1625 5059 movit
1654 5006 1808 5076 quod
1842 5007 1943 5059 ha~

254 5087 383 5147 rum
411 5073 890 5147 nonnullasinter
918 5075 1322 5129 Ambrosianas
1372 5073 1707 5146 repererim,
1756 5094 1932 5147 usque

255 5143 394 5195 adeo
424 5149 483 5195 ut
525 5158 617 5194 eas
642 5159 764 5196 esse
807 5144 1085 5199 duntaxat
1114 5148 1386 5201 Grimaldi
1416 5143 1513 5200 aut
1542 5148 1766 5201 Alcuini
1800 5143 1937 5201 mihi

253 5213 629 5279 persuadeam
669 5231 808 5284 quas
852 5216 1390 5271 uncisinclusimus.
1441 5220 1683 5274 Caeteras
1733 5236 1799 5272 ex
1846 5235 1940 5271 ea-

250 5298 381 5358 rum
421 5299 662 5358 numero
700 5300 829 5358 esse
887 5302 1088 5358 censeo
1149 5290 1216 5341 de
1264 5290 1472 5358 quibus
1521 5291 1589 5343 ad
1644 5291 1937 5358 episcopos

252 5352 572 5429 Germaniae
603 5359 659 5406 et
687 5356 882 5429 Galliae.
917 5357 1115 5429 scribit
1142 5360 1204 5412 D.
1240 5352 1499 5429 Gregorii
1537 5352 1799 5413 decessor
1834 5352 1934 5413 Pe-

250 5422 437 5501 lagius
470 5423 535 5499 ll,
593 5439 721 5501 eum
789 5427 1183 5481 Praefationem
1233 5422 1649 5501 quotidianam,
1721 5432 1935 5483 caeteris

250 5494 668 5570 prsetermissis,
718 5510 919 5570 novem
956 5494 1355 5553 tantummodo
1390 5494 1822 5569 praefationibus
1853 5517 1937 5554 se-

248 5559 499 5615 cundum
534 5562 832 5631 antiquum
882 5567 1203 5621 Romanum
1253 5559 1514 5623 ordinem
1572 5577 1931 5625 commutan-

2063 4372 2158 4424 nio
2201 4368 2699 4440 quadragesimali.
2757 4370 2971 4433 Quibus
3023 4375 3217 4438 postea
3249 4372 3407 4435 (teste
3456 4368 3741 4440 Radolpho

2061 4442 2184 4494 loco
2219 4439 2379 4511 saepe
2431 4441 2619 4507 citato)
2674 4441 2931 4494 Urbanus
2964 4440 3032 4505 Il,
3071 4440 3127 4491 in
3161 4439 3404 4511 concilio
3446 4439 3740 4491 Placentia!

2060 4510 2365 4576 celebrato,
2411 4511 2690 4566 decimam
2738 4512 2805 4564 de
2850 4511 3080 4579 Virgine
3133 4510 3353 4563 addidit
3399 4525 3551 4561 anno
3592 4511 3736 4560 1095.

2060 4584 2254 4653 Neque
2305 4600 2437 4635 vero
2487 4589 2797 4651 propterea
2842 4581 3455 4653 supprimendasquis
3504 4580 3738 4653 dixerit;

2058 4652 2201 4706 nihil
2238 4654 2424 4706 obstat
2452 4654 2760 4723 quominus
2813 4669 2880 4706 ex
2913 4653 3177 4705 devotiue
3230 4652 3496 4723 privatim
3556 4652 3739 4719 legan-

2058 4730 2168 4789 tur,
2204 4720 2516 4777 dummod—o
2564 4724 2626 4776 in
2688 4724 2912 4794 publico
2961 4724 3147 4775 missa:
3187 4720 3460 4794 sacrificio
3508 4728 3737 4794 pra‘tcr-

2056 4795 2386 4860 mittantur;
2431 4798 2487 4847 et
2535 4790 2790 4847 cum'de
2823 4794 3165 4863 antiquitate
3217 4793 3449 4845 illorum
3505 4790 3739 4863 constet,

2053 4881 2166 4917 nou
2194 4882 2306 4917 uno
2344 4872 2495 4918 certe
2530 4865 2649 4917 loco
2678 4866 2847 4918 fidem
2872 4862 3209 4917 catholicam
3251 4868 3453 4915 contra
3482 4862 3739 4914 adversa-

2053 4936 2166 4988 rios
2225 4939 2508 4989 asserunt.
2560 4935 2971 4994 Ambrosianis,
3008 4940 3071 4986 ut
3114 4934 3421 4995 credimus,
3485 4939 3543 4985 et
3588 4934 3740 4985 Gela—

2053 5006 2224 5059 sianis
2254 5007 2686 5060 Praefationibus
2746 5009 2794 5058 Α
2846 5012 2900 5059 et
2932 5007 2974 5059 G
3016 5006 3248 5070 litteras,
3276 5021 3339 5055 ac
3376 5005 3445 5055 iis
3509 5020 3652 5073 quas
3681 5019 3739 5054 ex

2052 5093 2184 5157 mss.
2263 5078 2554 5132 codicibus
2628 5093 2825 5131 recens
2890 5076 3197 5141 edidimus,
3278 5077 3379 5129 Ms.
3452 5081 3738 5144 praenota-

2050 5164 2254 5201 νιῐηιιε.

2403 5286 2892 5343 PR/EFATIONES
2916 5287 3004 5342 DE
3041 5286 3386 5341 TEMPORE.

2333 5442 2395 5481 1N
2435 5442 2689 5481 V'lGlLlA
2728 5440 3154 5481 NATIVITATIS
3193 5439 3455 5479 DOMINI.

2115 5568 2357 5639 (Ατηίιν.)
2403 5572 2630 5623 Aiterne
2685 5570 2851 5623 Deus.
2907 5570 3014 5622 Per
3088 5568 3371 5623 Christum
3433 5570 3738 5623 Dominum
