3868 6228
89 356 186 404 58.“.
1044 353 1250 407 LIBER
1291 353 1930 410 SACBAMENTOBUM.
1956 385 2022 391 —
2044 353 2354 407 PlLEFAT.
2400 353 2622 416 ANTIQ.

3483 355 3585 407 886

89 493 358 534 nostrum.
395 484 572 552 Cujus
619 483 809 548 hodie,
864 486 992 546 etc.,
1025 487 1083 534 ut
1117 483 1295 537 videre
1325 488 1400 537 est
1443 485 1585 536 inter
1630 483 1771 536 Am-
1810 488 1851 537 Α
1889 500 2036 548 rum,
2087 499 2230 552 quos
2278 487 2505 552 proriter
2551 483 2727 536 nostri
2779 481 3079 536 Salvatoris
3120 483 3423 537 infantiam
3481 486 3580 536 be-

91 571 390 624 brosi‘anas.

692 661 761 713 In
790 658 968 712 media
999 666 1166 712 nocte.

156 765 375 830 (Getas)
428 765 536 817 Per
587 763 876 818 Christum
905 765 1211 817 Dominum
1256 770 1536 833 nostrum.
1599 765 1776 834 Cujus

94 855 294 908 divinas
350 853 666 906 nativitatis
717 853 1028 921 potentiam
1077 853 1336 920 ingenita
1385 853 1608 907 virtutis
1665 861 1778 906 tuae

94 942 287 1013 genuit
316 941 668 1011 magnitudo.
705 941 884 1004 Quem
912 957 1136 1010 semper
1160 942 1363 994 Filium
1396 948 1451 994 et
1482 948 1613 995 ante
1644 947 1777 994 tem-

93 1047 229 1100 pora
260 1037 468 1082 aeterna
502 1029 783 1098 genitum,
818 1031 951 1099 quia
978 1030 1080 1082 tibi
1113 1031 1279 1098 pleno
1299 1037 1469 1100 atque
1501 1031 1770 1099 perfecto,

93 1120 283 1172 aeterni
329 1120 510 1172 Patris
559 1135 771 1172 nomen
817 1135 931 1171 nou
977 1119 1177 1183 defu.t,
1234 1119 1653 1188 praedicamus:
1717 1122 1772 1170 et

96 1209 327 1274 honore,
362 1210 677 1276 majestate,
713 1212 880 1276 atque
916 1207 1144 1271 virtute,
1179 1209 1460 1276 aequalem
1492 1207 1594 1259 tibi
1645 1222 1775 1259 cum

97 1297 304 1365 Spiritu
335 1303 527 1350 sancto
558 1296 916 1360 conﬁtemur,
951 1304 1001 1347 et
1035 1296 1090 1348 in
1125 1295 1275 1347 trino
1310 1296 1606 1361 vocabulo,
1647 1295 1772 1348 uni-

95 1401 214 1438 cam
238 1385 519 1438 credimus
551 1385 925 1453 majestatem.
955 1385 1018 1436 Et
1046 1384 1174 1436 ideo
1207 1400 1336 1436 cum
1368 1385 1604 1454 angelis.

631 1488 702 1544 In
734 1491 1045 1558 crepusculo
1077 1490 1232 1543 lucis.

164 1594 277 1661 (Α.)
326 1595 554 1648 {literne
602 1597 768 1649 Deus.
825 1595 968 1657 Quia
1018 1595 1194 1648 nostri
1250 1595 1580 1661 Salvatoris,
1641 1600 1770 1663 etc.,

99 1697 152 1741 ut
183 1689 354 1741 videre
383 1693 460 1742 est
486 1690 628 1742 inter
657 1689 1070 1742 Ambrosianus.

716 1797 778 1849 In
810 1795 898 1848 die
928 1799 1131 1848 sancto.

162 1899 277 1968 (ϐ.)
323 1901 546 1953 ᾸΣὶθισηθ
580 1901 746 1952 Deus.
804 1899 947 1963 Quia
978 1914 1080 1967 per
1128 1896 1408 1950 incarnati
1434 1896 1604 1950 Verbi
1650 1913 1772 1967 my-

97 1988 342 2050 sterium,
375 2004 520 2040 nova
548 1987 754 2040 mentis
784 1994 995 2041 nostrae
1027 1987 1206 2039 oculis
1237 1987 1331 2039 lux
1362 1992 1475 2038 tute
1501 1986 1774 2039 claritatis

96 2075 308 2127 infulsit
348 2081 426 2142 ut,
475 2077 609 2129 dum
643 2076 945 2128 visibiliter
995 2076 1174 2128 Deum
1219 2077 1634 2144 cognoscimus,
1671 2090 1774 2144 per

96 2163 240 2217 hunc
271 2165 324 2217 in
355 2163 728 2218 invisibilium
761 2179 1014 2218 amorem
1042 2163 1356 2233 rapiamur.
1393 2164 1456 2216 Et
1487 2163 1634 2217 ideo.

841 2269 998 2321 Alia.

160 2355 302 2424 (M3,)
349 2358 572 2409 zﬁterne
625 2357 789 2409 Deus.
835 2357 989 2409 Tunc
1040 2355 1230 2408 laudis
1262 2355 1507 2408 hostiam
1552 2354 1772 2426 jugiter

101 2444 464 2510 immolantes,
530 2444 692 2512 cujus
745 2444 988 2513 ﬁguram
1053 2445 1191 2497 Abel
1244 2444 1433 2512 justus
1498 2443 1765 2509 instituit,

99 2547 270 2601 agnus
309 2549 532 2602 quoque
573 2532 772 2601 legalis
804 2533 1070 2598 ostendit,
1104 2532 1411 2584 celebravit
1458 2532 1764 2594 Abraham,

102 2620 495 2674 Melchisedech
545 2623 806 2675 sacerdos
854 2620 1130 2688 exhibuit,
1179 2624 1240 2672 ut
1265 2636 1432 2673 verus
1483 2636 1665 2689 agnus
1714 2627 1771 2674 et

99 2714 328 2761 aeternus
355 2711 630 2778 pontifex,
662 2710 832 2763 hodie
865 2714 1034 2762 natus
1064 2709 1318 2762 Christus
1345 2709 1624 2779 implevit.

578 2831 643 2870 IN
684 2831 787 2870 DIE
831 2831 881 2869 S.
920 2829 1266 2871 STEPHANI.

162 2922 262 2992 (6.)
308 2925 529 2978 .Eterne
580 2924 746 2980 Deus.
783 2924 846 2977 B.
907 2924 1200 2994 Stephani,
1257 2923 1460 2978 Levitae
1491 2921 1662 2975 simul
1712 2926 1769 2974 et

99 3013 363 3082 martyris,
415 3013 677 3066 natalitia
729 3013 1059 3079 recolentes,
1099 3014 1197 3082 qui
1239 3011 1394 3078 ﬁdei,
1449 3012 1549 3082 qui
1595 3027 1767 3064 sacrm

100 3101 318 3167 militiae,
361 3102 458 3170 qui
489 3102 930 3171 dispensationis
961 3107 1016 3155 et
1045 3101 1321 3155 castitatis
1362 3101 1631 3170 egregiw,
1667 3101 1766 3170 qui

100 3189 492 3257 praedicationis
521 3190 916 3260 mirabilisque
946 3190 1298 3257 constantius,
1333 3191 1431 3260 qui
1461 3190 1765 3244 confessio-

98 3278 174 3330 nis
201 3295 259 3330 ac
287 3279 571 3348 patientia:
600 3279 763 3333 nobis
793 3281 1055 3350 exempla
1085 3279 1409 3332 veneranda
1441 3279 1759 3349 proposuit.

96 3365 155 3418 Et
177 3366 294 3420 ideo
325 3368 679 3421 nativitatem
717 3368 843 3421 Filii
872 3369 953 3421 tui
987 3367 1190 3421 merito
1223 3383 1342 3436 pra:
1368 3367 1588 3421 cteteris
1635 3383 1762 3437 pas-

97 3454 253 3507 sionis
280 3471 394 3509 sum
433 3456 739 3510 festivitate
773 3457 1164 3527 prosequitur,
1196 3456 1359 3525 cujus
1385 3457 1587 3526 gloria:
1617 3471 1765 3509 sem-

95 3543 310 3610 piternae
336 3544 558 3612 primus
589 3550 806 3614 martyr
837 3545 1100 3599 occurrit.
1136 3546 1202 3599 Et
1228 3545 1372 3599 ideo.

343 3665 402 3704 IN
456 3666 560 3704 DIE
604 3666 654 3705 S.
700 3665 971 3705 JOANNIS
1019 3665 1496 3705 EVANGELlSTJE.

154 3738 251 3807 (0.)
296 3739 532 3792 jEterne
592 3741 755 3792 Deus.
816 3739 972 3793 Beati
1008 3741 1254 3810 apostoli
1301 3741 1383 3793 tui
1424 3745 1478 3792 et
1519 3756 1765 3812 evange-

97 3826 216 3879 lista
260 3827 496 3880 Joannis
542 3827 868 3881 veneranda
923 3827 1184 3881 natalitia
1231 3834 1610 3894 recensentes,
1668 3830 1767 3898 qui

100 3914 299 3968 Domini
348 3917 480 3968 Jesu
538 3915 748 3972 Christi
807 3915 931 3968 Filii
980 3916 1064 3968 tui
1122 3914 1437 3968 vocationis
1485 3920 1762 3984 suscepta,

98 4008 361 4058 terrenum
410 4006 633 4075 respuit
681 4011 926 4073 patrem,
959 4011 1020 4058 ut
1062 4010 1257 4074 posset
1284 4004 1540 4057 invenire
1589 4005 1767 4058 caele-

99 4098 246 4158 stem;
294 4095 534 4164 adeptus
575 4095 635 4146 in
683 4109 864 4163 regno
917 4093 1192 4146 caelorum
1227 4093 1421 4146 sedem
1471 4093 1768 4162 apostolici

101 4182 336 4235 culminis
368 4182 470 4252 qui
503 4188 726 4235 tantum
764 4180 906 4234 retia
935 4181 1185 4234 carnalia
1211 4185 1636 4249 contempserat
1667 4198 1764 4252 ge-

101 4269 280 4322 nitoris
302 4287 314 4323 :
340 4269 556 4340 quique
582 4269 653 4323 ab
681 4269 976 4335 unigenito
1001 4269 1139 4322 Filio
1163 4274 1260 4321 tuo
1292 4269 1653 4322 familiariter
1682 4274 1766 4323 est

101 4357 332 4424 dilectus,
378 4363 434 4412 et
461 4359 758 4410 immensa:
792 4357 990 4425 gratias
1022 4357 1358 4409 muneribus
1395 4357 1762 4426 approbatur,
1807 4354 1847 4406 D
1880 4326 1951 4374 ns
1998 4321 2254 4426 mrum.”
2303 4337 2522 4426 @380?

103 4454 153 4497 ut
181 4463 302 4500 eum
332 4448 483 4500 idem
508 4447 785 4499 Dominus
812 4446 870 4498 in
901 4445 1198 4515 crucejam
1223 4445 1461 4514 positus,
1499 4445 1770 4498 vicarium

103 4551 198 4588 suae
221 4537 385 4589 matri
417 4536 628 4605 virgini
662 4536 846 4589 ﬁlium
888 4535 1244 4603 subrogaret,
1281 4539 1562 4602 quatenus
1592 4533 1770 4586 beatae

104 4625 365 4692 genitricis
393 4625 735 4693 integritati,
769 4624 991 4694 probati
1023 4623 1330 4693 dilectique
1364 4622 1626 4690 discipuli
1659 4622 1772 4672 vir-

105 4712 288 4780 ginitas
317 4714 647 4766 deserviret.
699 4713 840 4765 Nam
866 4719 923 4764 et
973 4713 1028 4764 in
1060 4727 1233 4765 coena:
1285 4711 1536 4780 mystica:
1585 4726 1772 4762 sacro-

106 4807 272 4854 sancto
303 4802 582 4863 convivio,
634 4817 806 4869 super
838 4801 1028 4869 ipsum
1065 4800 1194 4853 vita:
1225 4800 1441 4852 fontem
1470 4803 1768 4864 aeternum,

109 4890 291 4943 scilicet
321 4896 520 4959 pectus
565 4890 905 4942 recubuerat
934 4889 1256 4953 Salvatoris,
1305 4887 1373 4940 de
1405 4903 1518 4957 quo
1561 4903 1772 4956 peren-

107 4977 232 5030 niter
267 4979 563 5032 manantia
599 4978 841 5032 caelestis
889 4978 1164 5030 hauriens
1213 4976 1430 5030 fluenta
1475 4975 1770 5038 doctrinas,

108 5071 202 5119 tam
232 5067 527 5136 profundis
549 5083 613 5120 ac
647 5065 898 5136 mysticis
922 5065 1362 5119 revelationibus
1383 5068 1467 5117 est
1497 5064 1771 5129 imbutus,

110 5160 158 5206 ut
200 5171 419 5209 omnem
465 5155 895 5224 transgrediens
928 5161 1271 5220 creaturam,
1322 5153 1540 5205 excelsa
1584 5157 1773 5203 mente

111 5244 408 5312 respiceret,
457 5249 513 5297 et
561 5244 889 5313 evangeliea
936 5258 1068 5296 voce
1113 5243 1412 5312 proferret,
1463 5240 1662 5310 quod:
1715 5241 1776 5292 In

113 5335 353 5401 principio
383 5339 502 5385 erat
551 5333 800 5398 Verbum,
835 5337 882 5385 et
924 5332 1160 5385 Verbum
1193 5336 1310 5383 erat
1356 5330 1505 5398 apud
1537 5332 1698 5382 Deum
1727 5331 1776 5380 et

116 5419 235 5473 Deus
262 5426 378 5474 erat
405 5420 659 5475 Verbum.
699 5420 765 5473 Et
794 5419 942 5482 ideo,
977 5425 1082 5472 etc.

348 5543 413 5582 IN
469 5542 572 5581 DIE
619 5542 988 5582 SANCTORUM
1038 5539 1513 5581 INNOCBNTIUM.

176 5613 384 5670 κεῖθι-ηε
427 5616 599 5669 Deus.
654 5615 718 5667 Et
760 5614 819 5667 in
868 5613 1137 5683 pretiosis
1180 5612 1460 5666 mortibus
1511 5610 1773 5681 parvulo-

1890 573 2040 625 stiali
2075 572 2292 624 saevitia
2323 572 2574 625 llerodes
2606 573 2863 625 funestus
2899 572 3120 634 occidit,
3160 573 3442 625 immensa
3471 574 3581 625 cle-

1892 660 2121 712 mentia:
2168 666 2278 711 tuae
2325 661 2469 711 dona
2500 660 2832 729 praedicare.
2867 661 2946 714 _ln
2982 660 3193 729 quibus
3242 661 3423 730 fulget
3461 662 3580 714 sola

1891 747 2074 816 magis
2121 748 2306 816 gratia
2336 764 2510 817 quam
2543 749 2824 810 voluntas,
2874 755 2930 801 et
2959 749 3109 800 clara
3140 753 3223 801 est
3252 749 3414 817 prius
3445 766 3578 802 con-

1888 837 2056 889 fessio
2089 852 2262 907 quam
2304 837 2552 905 loquela,
2586 833 2716 888 ante
2751 836 2934 904 passio
2967 852 3137 904 quam
3171 837 3427 889 membra
3457 837 3579 889 ido-

1890 942 1995 978 nea
2035 926 2308 994 passioni.
2358 926 2616 978 Existunt
2645 925 2799 977 enim
2847 931 3016 977 testes
3048 924 3273 988 Christi,
3309 925 3404 994 qui
3456 926 3578 994 ejus

1890 1015 2143 1067 nondum
2197 1015 2430 1067 fuerunt
2479 1014 2785 1084 agnitores.
2838 1014 2880 1066 Ο
2939 1013 3161 1065 infinita
3219 1013 3574 1082 benignitas!

1887 1123 1918 1156 υ
1951 1103 2256 1157 ineffabilis
2303 1103 2714 1168 misericordia,
2750 1119 2878 1172 qum
2910 1118 3015 1171 pro
3048 1118 3149 1154 suo
3191 1103 3424 1176 nomine
3457 1108 3580 1155 tru-

1890 1192 2111 1258 cidatis,
2148 1192 2416 1245 meritum
2465 1198 2694 1245 aeternae
2736 1191 2956 1258 glorias,
2988 1177 3312 1259 perire'non
3345 1190 3577 1260 patitur,

1885 1287 1941 1335 et
1967 1281 2284 1350 imputatur
2305 1297 2517 1333 corona
2550 1279 2830 1349 martyrii.
2866 1280 2933 1332 Et
2962 1279 3111 1332 ideo.

2289 1402 2602 1441 DOMINICA
2653 1402 2668 1439 ι
2716 1401 2865 1440 POST
2914 1400 3185 1439 NATALE.

1957 1492 2069 1562 (G.)
2118 1494 2340 1545 /Eterne
2395 1493 2560 1544 Deus.
2623 1492 2688 1544 Et
2745 1506 2972 1544 sursum
3027 1488 3296 1542 cordibus
3375 1488 3580 1541 erectis

1885 1581 2145 1635 divinum
2194 1583 2434 1634 adorare
2481 1579 2854 1648 mysterium:
2905 1583 2968 1630 ut
2996 1577 3151 1647 quod
3197 1593 3410 1647 magno
3448 1593 3575 1629 mu-

1883 1685 2020 1723 nere
2073 1669 2172 1722 Dei
2210 1670 2447 1737 geritur,
2503 1667 2723 1735 magnis
2767 1664 3022 1719 Ecclesize
3057 1666 3277 1734 gaudiis
3323 1665 3573 1717 celebre-

1815 1779 1855 1832 Β
1886 1762 1998 1810 tur.
2049 1756 2329 1820 Quoniam
2376 1757 2627 1808 humana
2677 1753 2946 1817 conditio,
2996 1759 3181 1806 vetere
3231 1757 3574 1822 terrenaque

1883 1847 2008 1916 lege
2041 1852 2314 1912 cessante,
2353 1860 2501 1897 nova
2530 1843 2859 1912 ccelestique
2892 1840 3209 1894 substantia
3241 1841 3577 1902 mirabiliter

1883 1937 2194 1987 restaurata
2241 1932 2546 2002 profertur.
2604 1933 2711 1985 Per
2761 1931 3048 1985 Christum
3098 1930 3400 1983 Dominum
3469 1945 3573 1982 no-

1883 2028 2085 2076 strum.
2122 2024 2226 2075 Per
2253 2037 2445 2091 quem.

2219 2141 2462 2181 OCTAVA
2514 2139 2936 2179 NATIVITATIS
2983 2138 3240 2178 DOMINI.

1950 2233 2060 2304 (ϐ.)
2108 2235 2335 2286 xEterne
2385 2234 2552 2285 Deus.
2604 2233 2710 2284 Per
2772 2229 3059 2284 Christum
3113 2229 3422 2283 Dominum
3473 2247 3571 2283 no-

1880 2328 2083 2377 strum.
2121 2322 2295 2390 Cujus
2325 2320 2492 2374 hodie
2543 2317 2994 2373 circumcisionis
3023 2318 3198 2382 diem,
3232 2323 3289 2370 et
3318 2318 3574 2371 nativita-

1877 2412 1948 2465 tis
1982 2418 2244 2464 octavum
2279 2409 2647 2472 celebrantes,
2700 2413 2818 2474 tua,
2856 2406 3113 2472 Domine,
3149 2407 3437 2459 mirabilia
3485 2422 3572 2458 ve-

1880 2515 2179 2553 neramur.
2218 2497 2362 2562 Quia
2401 2514 2529 2568 quae
2560 2497 2805 2567 peperit,
2856 2500 2911 2548 et
2939 2497 3098 2564 virgo
3131 2502 3187 2548 et
3235 2501 3417 2548 mater
3456 2501 3568 2562 est;

1880 2589 1979 2659 qui
2028 2594 2196 2641 natus
2227 2592 2332 2654 est,
2366 2591 2421 2639 et
2454 2586 2638 2639 infans
2687 2591 2740 2638 et
2775 2587 2920 2639 Deus
2951 2590 3052 2637 est.
3093 2584 3291 2638 Merito
3321 2584 3445 2636 caeli
3486 2584 3568 2636 lo-

1879 2678 1996 2730 cuti
2055 2681 2206 2742 sunt,
2262 2675 2448 2745 angeli
2499 2674 2785 2744 gratulati,
2845 2679 3100 2743 pastores
3162 2673 3356 2736 laetati,
3416 2672 3569 2742 magi

1877 2765 2120 2831 invitati,
2175 2781 2338 2834 reges
2369 2764 2602 2830 turbati,
2633 2763 2852 2834 parvuli
2891 2763 3137 2830 gloriosa
3175 2761 3439 2831 passione
3469 2776 3569 2814 co-

1877 2853 2084 2906 ronati.
2124 2853 2187 2906 Et
2215 2853 2363 2906 ideo.

2327 2975 2390 3014 IN
2439 2974 2695 3013 VIGILIA
2737 2973 3126 3012 ΕΡΙΡΗΔΝΙΕ.

1949 3067 2054 3137 (G.)
2086 3067 2314 3119 {Eterne
2363 3066 2523 3117 Deus.
2562 3066 2622 3117 Et
2663 3068 2716 3116 te
2752 3064 2985 3116 laudare
3029 3061 3349 3115 mirabilem
3387 3061 3565 3114 Deum

1880 3156 1938 3208 in
1970 3154 2237 3208 omnibus
2281 3153 2549 3224 operibus
2581 3153 2716 3218 tuis,
2753 3152 2961 3222 quibus
2992 3149 3374 3203 sacratissima
3407 3149 3566 3220 regni

1875 3244 1960 3298 tui
2036 3243 2307 3313 mysteria
2366 3241 2648 3295 revelasti.
2715 3242 2864 3294 Hauc
2920 3240 3133 3293 etenim
3205 3238 3569 3292 festivitatem

1878 3333 2192 3387 Dominicae
2241 3331 2617 3402 apparitionis
2662 3330 2831 3382 index
2875 3329 3035 3382 stella
3081 3327 3391 3398 prmcessit,
3441 3341 3568 3395 quas

1877 3426 2076 3474 natum
2123 3421 2180 3474 in
2213 3425 2366 3474 terra
2412 3421 2537 3473 cceli
2588 3418 2923 3485 Dominum,
2974 3416 3155 3484 magis
3206 3413 3569 3483 stupentibus

1877 3510 2203 3563 nuntiaret:
2257 3514 2319 3562 ut
2353 3508 2798 3562 manifestaudus
2829 3505 3043 3558 mundo
3076 3507 3221 3558 Deus
3253 3509 3309 3556 et
3355 3501 3569 3555 caelesti

1877 3597 2313 3651 denuntiaretur
2367 3597 2593 3659 indicio,
2648 3601 2705 3648 et
2765 3593 3161 3662 temporaliter
3215 3596 3564 3660 procreatus,

1878 3683 2175 3752 signorum
2231 3684 2636 3754 temporalium
2696 3681 3015 3735 ministerio
3066 3679 3432 3747 panderetur.
3498 3679 3562 3732 Et

1877 3772 2025 3826 ideo.

2331 3875 2394 3915 IN
2443 3873 2804 3914 ΕΡῙΡΗΛΝῙΑ
2855 3871 3107 3911 DOMINI.

1948 3966 2072 4036 (6.)
2103 3968 2327 4020 Elerne
2367 3968 2536 4020 Deus.
2587 3966 2730 4030 Quia
2762 3969 2958 4018 notam
3008 3961 3188 4016 fecisti
3235 3960 3295 4014 in
3339 3960 3568 4031 populis

1879 4055 2332 4109 misericordiam
2384 4061 2564 4122 tuam,
2598 4061 2654 4108 et
2683 4055 2929 4108 salutare
2964 4058 3126 4105 tuum
3157 4050 3374 4104 cunctis
3423 4065 3568 4118 gen-

1878 4145 2031 4198 tibus
2083 4145 2403 4211 declarasti,
2455 4144 2800 4199 hodiernum
2853 4143 3070 4213 eligens
3126 4142 3301 4206 diem,
3349 4140 3407 4193 in
3457 4156 3568 4209 quo

1879 4233 2222 4286 adorandam
2259 4234 2375 4286 veri
2418 4234 2568 4302 regis
2616 4233 2943 4297 infantiam,
2978 4231 3247 4285 excitatos
3273 4231 3342 4284 de
3381 4244 3567 4282 remo-

2575 4322 2780 4374 clarior
2810 4321 3032 4375 caeteris
3077 4319 3360 4372 sideribus
3409 4317 3569 4370 stella

1880 4411 2234 4479 perduceret,
2286 4416 2342 4462 et
2380 4410 2505 4462 coeli
2538 4426 2602 4461 ac
2653 4415 2817 4462 terrae
2852 4410 3156 4462 Dominum
3201 4407 3572 4477 corporaliter

1878 4504 2077 4551 natum
2110 4499 2269 4550 radio
2302 4514 2418 4550 suae
2455 4497 2594 4550 lucis
2625 4498 2966 4550 ostenderet.
2999 4497 3065 4548 Et
3095 4495 3246 4548 ideo.

2643 4587 2796 4638 Alia.

1952 4692 2074 4762 (Θ.)
2129 4694 2354 4746 Eterne
2403 4692 2571 4744 Deus.
2630 4690 2736 4753 Qui
2783 4704 2912 4740 cum
2949 4686 3286 4755 Unigenitus
3331 4690 3465 4737 tuus
3509 4684 3567 4735 in

1882 4781 2200 4836 substantia
2243 4787 2452 4834 nostra:
2482 4777 2849 4832 mortalitatis
2880 4775 3164 4845 apparuit,
3201 4774 3262 4826 in
3293 4789 3439 4826 nova
3465 4787 3569 4825 nos

1879 4869 2330 4924 immortalitatis
2365 4883 2476 4920 suae
2509 4867 2630 4919 luce
2665 4864 2964 4935 reparavit.
3003 4865 3067 4917 Et
3096 4863 3244 4916 ideo.

1990 4991 2053 5030 IN
2106 4990 2296 5028 FESTO
2338 4985 2872 5027 PURIFICATIONIS
2907 4985 3164 5024 SANCTE
3215 4982 3460 5022 ΜΔΒΙᾸΞ.

1953 5082 2074 5148 (6.)
2158 5083 2384 5133 Αϋιθνηθ
2453 5081 2616 5132 Deus.
2695 5077 2840 5142 Quia
2896 5092 3000 5145 per
3051 5075 3330 5128 incarnati
3405 5073 3572 5126 Verbi

1884 5169 2237 5238 mysterium,
2306 5183 2449 5220 nova
2507 5166 2736 5230 mentis,
2810 5170 2939 5230 etc.,
2995 5169 3056 5217 ut
3111 5166 3169 5216 in
3227 5163 3403 5216 natali
3462 5165 3568 5216 Do-

1880 5259 2033 5312 mini.

2179 5357 2334 5396 DOM.
2387 5357 2434 5396 II
2482 5355 2632 5395 POST
2681 5357 2979 5396 NATALEM
3030 5355 3284 5395 DOMINI.

1956 5434 2065 5505 (6.)
2123 5433 2350 5485 ίΕιθΓῐιθ
2403 5432 2568 5483 Deus.
2627 5429 2736 5492 Qui
2796 5435 3025 5500 peccato
3082 5430 3257 5499 primi
3315 5429 3569 5500 parentis

1884 5522 2180 5578 hominem
2226 5537 2258 5574 a
2299 5517 2495 5573 salutis
2543 5516 2754 5571 ﬁnibus
2801 5519 3172 5584 exsulantem,
3215 5517 3442 5588 pietatis
3491 5517 3578 5570 in—

1886 5610 2179 5680 dulgentia
2231 5609 2298 5662 ad
2343 5607 2568 5660 veniam
2617 5606 2907 5678 vitamque
2957 5605 3253 5669 revocasti,
3303 5605 3578 5658 mittendo
