3868 6228
285 357 388 409 887
1422 357 1765 413 GRIMALDI
1807 364 1812 411 1

2236 356 2319 410 515
2357 356 2650 410 ABBATlS
3681 359 3763 408 δέδέ

287 493 451 547 nobis
485 493 842 563 unigenitum
892 492 1096 546 Filium
1140 497 1304 547 tuum
1339 495 1642 549 Dominum
1684 499 1739 550 et
1768 496 1958 550 Salva-
1997 495 2042 546 A
2071 494 2242 547 nullis
2295 493 2730 547 adversitatibus
2784 491 2990 546 obruta
3041 496 3366 562 superetur.
3437 495 3546 546 Per
3605 493 3756 546 Chri-

287 587 470 635 torem
503 587 780 634 nostrum.
2089 587 2259 636 stum.
3453 597 3465 606 ‘

656 703 802 741 DOM.
853 703 868 742 Ι
917 703 1067 742 POST
1116 704 1610 743 THEOPHANIAM.

2487 686 2631 725 DOM.
2683 685 2744 724 ΙΝ
2795 685 3353 732 QUINQUAGESIMA.

2161 776 2390 829 JEterne
2433 777 2598 830 Deus.
2648 779 2714 828 Et.
2757 777 3112 846 majestatem
3157 781 3316 830 tuam
3347 792 3558 830 cernua
3599 777 3680 846 [id
3705 785 3770 830 est

2091 864 2378 933 continua]
2431 865 2730 918 devotione
2788 881 3040 931 v-mrare,
3089 869 3151 918 ut
3199 865 3500 918 modulum
3545 871 3767 918 terrena"

2090 953 2417 1022 fragilitatis
2468 953 2767 1022 aspicieus,
2811 971 2927 1005 neu
2958 953 3016 1005 in
3046 953 3132 1006 ira
3161 959 3258 1005 tua
3290 969 3392 1022 pro
3429 961 3622 1006 nostra
3651 970 3769 1022 pra-

2091 1040 2264 1094 vitate
2305 1057 2406 1094 nos
2436 1057 2661 1110 arguas,
2697 1042 2796 1095 sed
2837 1041 3120 1094 immensa
3150 1042 3454 1094 clementia
3487 1047 3580 1095 tua
3627 1043 3770 1112 puri—

2093 1128 2244 1194 ﬁces,
2277 1129 2525 1198 erudias,
2558 1130 2889 1182 consoleris.
2925 1130 3032 1193 Qui
3065 1146 3196 1182 cum
3227 1130 3350 1183 sine
3384 1135 3438 1182 te
3469 1130 3614 1182 nihil
3649 1146 3766 1198 pos-

2091 1217 2267 1270 simus
2302 1219 2487 1271 facere
2519 1219 2668 1288 quod
2703 1217 2804 1271 tibi
2840 1219 2912 1270 sit
2941 1217 3233 1287 placitum,
3281 1223 3380 1270 tua
3413 1218 3574 1271 nobis
3605 1219 3772 1287 gratia

2092 1307 2214 1359 sola
2273 1305 2565 1374 pra-stabit
2633 1311 2694 1358 ut
2749 1304 2966 1358 salubri
3016 1305 3444 1358 conversatione
3507 1306 3765 1358 vivamus.

2093 1395 2200 1447 Per
2231 1394 2519 1448 Christum
2555 1395 2860 1447 Dominum
2885 1387 3170 1447 'nostrum.
3209 1394 3313 1446 Per
3343 1409 3538 1463 quem.

359 797 584 848 x’Eterne
623 796 788 848 Deus.
841 794 983 858 Quia
1015 811 1142 848 cum
1198 795 1533 865 Unigenitus
1562 803 1690 850 tuus
1740 798 1799 849 in
1846 797 1978 850 sub-

288 884 510 937 stantias
537 888 744 937 nostra:
771 883 1135 936 mortalitatis
1163 886 1447 953 apparuit,
1473 892 1576 940 etc.

649 1002 796 1041 ΗΘΜ.
845 1001 893 1040 11
940 1001 1091 1041 POST
1137 1003 1630 1044 TIIEOI’HANIAM.

359 1093 483 1161 (Α.)
531 1095 756 1146 Αέἲρτηθ
791 1095 957 1146 Deus.
1009 1093 1358 1163 Semperque
1411 1095 1644 1148 virtutes
1676 1101 1732 1148 et
1781 1096 1977 1148 laudes

289 1185 414 1234 tuas
469 1182 632 1234 labiis
679 1183 1048 1235 exultationis
1089 1182 1270 1248 etl'ari,
1323 1188 1452 1248 etc.,
1507 1189 1569 1236 ut
1611 1199 1784 1252 supra
1829 1184 1984 1237 inter

296 1271 710 1325 Ambrosianus.

633 1391 780 1430 DOM.
829 1391 908 1430 III
955 1391 1105 1430 POST
1153 1391 1650 1430 THEOPHANIAM.

360 1481 479 1551 (Α.)
528 1483 753 1535 AZterne
785 1483 951 1535 Deus.
998 1484 1062 1535 Et
1091 1487 1144 1534 te
1177 1481 1236 1534 iu
1270 1481 1430 1535 omni
1462 1487 1720 1552 tempore
1768 1483 1980 1535 collau-

292 1571 444 1634 dare,
480 1577 534 1623 et
563 1571 922 1639 benedicere,
956 1571 1091 1640 quia
1119 1571 1178 1624 in
1210 1577 1264 1624 te
1295 1572 1560 1634 vivimus,
1593 1578 1722 1636 etc.,
1755 1577 1814 1624 ut
1843 1574 1985 1624 inter

289 1659 696 1713 Ambrosianas.

640 1775 788 1815 DOM.
835 1775 900 1814 IV
945 1774 1096 1815 POST
1143 1775 1639 1814 THEOPHANIAM.

2427 1515 2618 1553 FERIA
2663 1515 2740 1553 III
2789 1515 2852 1553 IN
2900 1513 3128 1553 CAPITE
3171 1513 3454 1552 JEJUNII.

2166 1607 2281 1673 (G.)
2339 1607 2566 1658 .‘Eterne
2626 1607 2794 1658 Deus.
2857 1606 2963 1668 Qui
3021 1605 3304 1676 corporali
3357 1604 3580 1673 jejunio
3655 1604 3770 1656 vitia

2096 1694 2443 1763 comprimis,
2481 1699 2729 1747 mentem
2757 1695 2961 1757 elevas,
2991 1693 3260 1746 virtutem
3291 1693 3520 1762 largiris
3554 1696 3608 1746 et
3639 1708 3770 1761 pra:-

2022 1778 2068 1828 Α
2097 1783 2233 1837 mia.
2267 1785 2377 1836 Per
2407 1783 2611 1838 Christ.

363 1870 588 1921 1Eterne
644 1869 808 1920 Deus.
861 1866 968 1929 Qui
1023 1882 1205 1936 genus
1255 1867 1574 1919 humanum
1630 1867 1969 1934 praevarica—

293 1957 449 2011 tione
501 1955 695 2009 suain
745 1955 924 2024 ipsius
974 1955 1210 2024 originis
1245 1955 1431 2008 radice
1483 1955 1838 2022 damnatum,
1883 1972 1987 2024 per

293 2047 494 2098 ﬂorem
537 2045 830 2113 virginalis
865 2043 1014 2096 uteri
1056 2044 1294 2096 reddere
1343 2044 1608 2113 dignatus
1657 2061 1713 2096 es
1757 2045 1988 2098 absolu-

293 2147 438 2196 tum,
489 2139 546 2186 ut
576 2133 870 2186 hominem
911 2148 1080 2202 quem
1129 2132 1489 2202 unigenitum
1523 2149 1834 2200 creaveras,
1887 2150 1988 2202 per

295 2223 500 2274 Filium
548 2225 712 2274 tuum
764 2222 945 2272 Deum
975 2225 1031 2272 et
1061 2219 1357 2273 hominem
1403 2236 1706 2274 recreares.
1751 2222 1814 2273 Et
1861 2221 1986 2274 dia-

294 2311 462 2363 bolus
510 2308 608 2378 qui
639 2309 822 2362 Adam
853 2308 913 2360 iu
963 2307 1156 2376 fragili
1187 2324 1355 2360 carne
1403 2307 1705 2374 devicerat,
1753 2325 1988 2362 conser-

295 2401 422 2450 vata
464 2395 705 2466 justitia,
749 2411 781 2448 a
813 2397 927 2449 Deo
977 2409 1146 2448 carne
1178 2394 1502 2448 vinceretur
1541 2401 1852 2464 assumpta.
1885 2397 1990 2449 Per

298 2501 470 2556 quem
503 2485 725 2555 majest.

2803 1885 2990 1924 FERIA
3035 1885 3095 1924 γ.

2165 1961 2390 2012 [Εῐθτηθ
2423 1960 2590 2013 Deus.
2625 1958 2908 2022 Quoniam
2941 1959 3048 2011 ista
3079 1958 3217 2010 festa
3247 1961 3526 2020 remeant,
3579 1957 3768 2026 quibus

2097 2053 2308 2101 nostrae
2358 2047 2694 2100 mortalitati
2745 2050 3085 2116 procuratur
3133 2046 3459 2098 immortale
3507 2061 3768 2098 commer-

2097 2137 2268 2202 cium,
2327 2147 2404 2188 ac'
2431 2135 2740 2205 temporali
2783 2135 2910 2188 vitae
2962 2135 3303 2204 subrogatur
3353 2133 3682 2186 aeternitas:
3723 2135 3770 2183 et

2097 2226 2166 2280 de
2235 2225 2454 2294 peccati
2511 2240 2699 2293 pugna,
2767 2229 2997 2292 peccata
3059 2223 3432 2288 mandantur,
3513 2221 3768 2290 mirisque

2097 2313 2282 2367 modis
2328 2312 2629 2366 coniicitur
2663 2312 2731 2365 de
2783 2312 3108 2382 perditione
3157 2311 3431 2366 salvatio:
3495 2314 3555 2362 ut
3609 2313 3766 2362 status

2099 2401 2442 2455 conditionis
2489 2402 2776 2466 humanae,
2813 2400 2913 2468 qui
2955 2416 3058 2468 per
3105 2398 3395 2452 felicitatis
3422 2398 3767 2452 insolentiam

2097 2490 2252 2544 venit
2284 2491 2352 2543 ad
2395 2490 2709 2554 tristitiam,
2743 2489 2980 2542 humilis
3023 2493 3078 2542 et
3122 2487 3414 2540 modestus
3457 2486 3526 2539 ad
3574 2491 3766 2538 aeterna

657 2605 804 2645 non.
851 2605 887 2644 v
935 2604 1086 2644 rosr
1131 2604 1626 2644 rarorumuu.
2100 2578 2312 2647 gaudia
2343 2579 2537 2632 redeat
2562 2594 2664 2647 per
2693 2593 3018 2630 mcerorem.
3051 2579 3157 2630 Per
3188 2575 3396 2630 Christ.

2791 2698 2980 2736 FERIA
3023 2697 3115 2736 VI.

2170 2773 2394 2824 1Eterne
2425 2773 2592 2825 Deus.
2646 2772 2710 2824 Et
2741 2773 3094 2840 majestatem
3121 2775 3278 2822 tuam
3313 2767 3639 2837 suppliciter
3683 2768 3766 2820 de-

2099 2860 2343 2930 precari,
2377 2864 2439 2912 ut
2471 2860 2868 2928 intelligentia:
2899 2859 3059 2912 nobis
3089 2858 3353 2927 spiritum
3385 2857 3656 2925 benignus
3685 2855 3762 2908 in-

1071 2943 1218 2996 Αιὶιι.
2103 2948 2326 3010 fundas,
2363 2963 2476 3018 quo
2519 2949 2602 3000 vel
2637 2947 2746 3016 ipsi
2781 2947 3197 3000 rationabiliter
3223 2945 3443 3015 agenda
3469 2961 3763 3006 cernamus,

374 3050 526 3118 (Ms_)
574 3049 682 3112 Qui
717 3065 818 3118 per
847 3054 1140 3117 peccatum
1175 3047 1346 3117 primi
1397 3049 1650 3116 parentis
1697 3048 1993 3102 hominem
2033 3053 2073 3107 α
2103 3037 2192 3091 vel
2250 3037 2331 3088 eis
2365 3037 2464 3106 qui
2513 3035 2741 3089 inutilia
2799 3035 3072 3100 sentiunt,
3133 3035 3456 3088 indicemus
3495 3050 3606 3086 esse
3649 3049 3764 3084 cen-

303 3156 336 3191 a
374 3138 572 3190 salutis
602 3137 812 3190 finibus
843 3138 1218 3202 exsulantem,
1251 3137 1479 3204 pietatis
1529 3137 1830 3205 indulgent

2249 3141 2385 3178 um:
2433 3141 2538 3178 nec
2572 3124 2760 3178 studia
2807 3131 3001 3177 nostra
3045 3127 3351 3189 sectemur,
3403 3123 3496 3174 sed
3548 3120 3765 3174 oileren-

303 3227 530 3280 veniam
571 3226 857 3294 vitamque
891 3225 1184 3290 revocasti,
1225 3225 1500 3277 mittendo
1535 3225 1696 3278 nobis
1727 3225 1997 3294 unigeni-
2103 3213 2253 3267 tibus
2301 3213 2537 3265 11181101⁸3
2567 3213 2902 3266 Sllbdamur.
2955 3211 3236 3274 Quoniam
3274 3211 3392 3266 hinc
3425 3211 3567 3279 apud
3604 3215 3654 3261 te
3683 3225 3765 3260 sa-

303 3321 428 3368 tum
463 3319 628 3368 tuum
653 3315 844 3368 Jesum
879 3313 1167 3367 Christum
1198 3313 1544 3366 Salvatorem
1571 3318 1848 3367 nostrum.
2103 3301 2325 3371 Pientia
2356 3307 2458 3366 est,
2505 3317 2630 3371 quae
2674 3317 2786 3354 non
2841 3301 2956 3353 suis
3001 3301 3244 3353 inhaeret
3275 3299 3450 3366 vitiis,
3491 3299 3580 3351 sed
3619 3296 3766 3350 unde-

371 2695 494 2765 (Α.)
545 2696 772 2749 ίΕῐθηιρ
818 2695 986 2748 Deus.
1023 2696 1092 2748 Ut
1121 2695 1222 2747 tibi
1254 2695 1399 2748 hanc
1427 2694 1837 2749 immolationis
1881 2696 1990 2750 ho—

299 2784 466 2838 stiam
512 2785 738 2847 offerre,
780 2800 908 2853 quae
954 2783 1266 2850 salutifero,
1301 2789 1428 2850 etc.,
1474 2791 1532 2837 ut
1563 2786 1706 2837 inter
1754 2785 1989 2839 Ambro-

299 2888 507 2927 εῖαηαε.

658 3435 806 3474 υΟΜ.
853 3435 918 3474 VI
967 3433 1115 3474 POST
1161 3433 1646 3473 ΤΗΕΟΡΗΛΝΙΛΜ.

379 3529 494 3598 (0.)
543 3529 770 3582 1Eterne
822 3527 987 3580 Deus.
1039 3526 1121 3580 Ad
1164 3526 1324 3595 cujus
1355 3525 1690 3578 immensam
1746 3526 1999 3596 pertinet

309 3616 569 3686 gloriam,
621 3621 686 3670 ut
733 3631 846 3668 non
890 3615 1074 3667 solum
1123 3614 1458 3667 mortalibus
1491 3620 1588 3667 tua
1620 3614 1830 3683 pietate
1870 3632 1996 3668 suc-

309 3720 582 3770 curreres,
630 3703 730 3756 sed
759 3704 827 3757 de
861 3703 985 3772 ipsa
1029 3703 1199 3755 etiam
1237 3703 1580 3755 mortalitate
1611 3707 1804 3754 nostra
1835 3703 1998 3756 nobis

309 3793 626 3848 remedium
655 3793 1003 3861 provideres,
1038 3795 1092 3844 et
1123 3791 1371 3861 perditos
1404 3808 1682 3861 quosque,
1718 3793 1872 3845 unde
1903 3808 2000 3862 pe-

309 3881 542 3946 rierant,
579 3881 709 3934 inde
736 3881 1000 3934 salvarcs.
1031 3880 1137 3932 Per
1167 3879 1471 3933 Christum.

748 4001 898 4040 DOM.
945 4001 1008 4040 ΙΝ
1056 3967 1564 4039 ΞΕΡΤυΛϐΕέιΜΑ.

383 4096 611 4147 [Εῐρτηθ
665 4094 832 4146 Deus.
891 4093 1033 4156 Quia
1083 4107 1185 4162 per
1254 4109 1320 4144 ea
1368 4108 1495 4161 quae
1543 4093 1999 4162 conspiciuntur,

312 4183 670 4246 instruimur,
715 4180 921 4250 quibus
970 4181 1153 4233 modis
1184 4180 1254 4233 ad
1285 4179 1592 4232 invisibilia
1625 4181 1859 4234 tendere
1904 4182 1998 4235 de—

311 4269 567 4322 beamus.
629 4268 885 4336 Denique
937 4267 1334 4331 admouemur,
1392 4268 1528 4320 anni
1576 4269 1817 4324 ducente
1877 4285 2001 4322 suc-

313 4372 493 4422 cessu,
531 4357 599 4410 de
641 4355 947 4426 praeteritis
978 4356 1046 4408 ad
1079 4356 1290 4421 futura,
1324 4355 1392 4409 de
1423 4361 1698 4409 vetustate
1727 4359 1790 4410 ad
1839 4358 2000 4411 novi-

311 4450 485 4500 tatem
525 4445 651 4498 vitae
684 4444 947 4510 transire,
979 4449 1043 4496 ut
1075 4443 1312 4496 terrenis
1366 4445 1870 4500 sustentationibus
1899 4463 2000 4499 ex-

313 4534 512 4603 pediti,
545 4533 788 4587 coelestis
820 4531 961 4586 doni
987 4532 1280 4601 capiamus
1314 4531 1744 4585 desiderabilius
1774 4534 1999 4587 uberta-

311 4629 426 4678 tem
460 4642 472 4678 :
530 4631 586 4678 et
629 4639 730 4694 per
760 4639 890 4676 eum
924 4621 1134 4687 cibum,
1183 4621 1281 4691 qui
1313 4621 1604 4674 beneficiis
1649 4628 2004 4692 prmrogatur

314 4713 569 4777 alterius,
615 4712 1013 4783 perveniamus
1061 4711 1131 4763 ad
1182 4710 1391 4762 victum
1449 4710 1570 4763 sine
1616 4711 1730 4764 ﬁne
1777 4727 2005 4764 mansu-

313 4819 461 4868 rum,
523 4803 711 4856 Jesum
791 4801 1080 4854 Christum
1156 4799 1464 4853 Dominum
1535 4803 1814 4852 nostrum.
1898 4801 2005 4853 Per

314 4907 506 4960 quem.

795 4992 944 5033 DOM.
993 4992 1053 5030 ΙΝ
1103 4990 1526 5032 SEXAGESIMA.

381 5087 612 5141 IEterne
673 5087 842 5139 Deus.
895 5084 1004 5148 Qui
1071 5083 1472 5137 rationabilem
1535 5087 1874 5150 creaturam,
1933 5099 2005 5136 ne

313 5174 724 5244 temporalibus
775 5174 966 5228 dedita
1011 5173 1201 5240 bonis,
1251 5172 1320 5226 ad
1367 5173 1608 5241 prmmia
1655 5171 2006 5241 sempiterna

313 5280 432 5316 non
477 5262 693 5330 tendat,
747 5279 814 5316 ea
862 5262 1289 5331 dispensatione
1337 5261 1590 5330 dignaris
1641 5261 1886 5321 erudire,
1941 5265 2007 5314 ut

317 5366 420 5403 nec
464 5349 834 5418 castigatione
879 5349 1124 5415 deﬁciat,
1165 5365 1270 5402 nec
1317 5347 1796 5417 prosperitatibus
1847 5348 2003 5400 inso-

315 5437 507 5502 lescat,
541 5437 639 5489 sed
667 5437 771 5490 hoc
797 5437 993 5508 potius
1011 5437 1111 5490 ﬁat
1132 5438 1253 5506 ejus
1285 5435 1536 5506 gloriosa
1566 5435 1816 5503 devotio,
1851 5438 2004 5506 quod

386 5616 410 5640 ι
441 5605 662 5670 Ambr.,
696 5607 840 5671 feria
868 5626 926 5662 lIl
962 5608 1135 5676 hujus
1161 5609 1430 5662 hebdom.

2105 3407 2330 3460 cunque
2358 3391 2641 3460 prolatam
2673 3389 2860 3460 diligit
2881 3389 3202 3442 veritatem.
3235 3389 3342 3440 Per
3377 3387 3576 3440 Christ.

2801 3510 3107 3550 SABBATO.

2177 3586 2402 3637 Aﬂterne
2430 3584 2596 3636 Deus.
2647 3585 2711 3637 Et
2757 3583 3113 3653 majestatem
3137 3587 3296 3636 tuam
3333 3580 3652 3652 suppliciter
3687 3579 3764 3632 de-

2107 3675 2348 3744 precari,
2399 3677 2464 3726 ut
2493 3677 2747 3725 mentem
2779 3677 3032 3726 nostram
3063 3672 3170 3724 tibi
3207 3671 3476 3740 placitam
3510 3669 3762 3736 benignus

2108 3761 2319 3815 efﬁcias
2347 3777 2360 3812 :
2391 3777 2519 3830 quae
2551 3777 2668 3813 non
2692 3765 2912 3814 tantum
2937 3759 3184 3828 speciem
3212 3758 3486 3812 bonitatis
3513 3756 3760 3816 ostendat,

2110 3850 2208 3903 sed
2247 3849 2484 3919 justitia:
2533 3848 2811 3902 fructibus
2863 3847 3186 3900 illuminata
3231 3847 3520 3910 clarescat,
3568 3847 3762 3911 tuaique

2109 3954 2338 4008 semper
2368 3937 2558 3990 dedita
2597 3936 2902 4006 majestati,
2936 3935 3216 3989 beneﬁcia
3266 3935 3582 3988 desiderata
3609 3929 3763 4001 perci-

2109 4025 2249 4095 piat.
2298 4023 2405 4086 Qui
2439 4023 2768 4076 necessariis
2811 4022 3082 4092 prosequi
3113 4021 3449 4074 muneribus
3493 4036 3600 4072 non
3631 4017 3764 4070 omit-

2109 4113 2201 4178 tis,
2226 4129 2368 4182 quos
2399 4117 2495 4165 tuo
2527 4111 2705 4165 cultui
2729 4111 3064 4182 praestiteris
3093 4110 3501 4163 convenienter
3527 4109 3762 4162 intentos.

2112 4202 2221 4254 Per
2251 4201 2452 4255 Christ.

2485 4303 2632 4342 DOM.
2681 4305 2697 4341 Ι
2746 4301 2808 4341 IN
2857 4301 3384 4348 QUADRAGESIMA.
3426 4295 3450 4318 °‘

2187 4377 2308 4446 (Α.)
2362 4379 2588 4430 .Eterne
2641 4379 2805 4430 Deus.
2867 4377 2968 4428 Per
3009 4375 3298 4430 Christum
3347 4372 3644 4427 Dominum
3689 4384 3766 4421 no—

2112 4473 2312 4520 strum.
2367 4466 2474 4530 Qui
2532 4465 2880 4518 continuatis
2929 4463 3308 4534 quadraginta
3359 4462 3556 4515 diebus
3599 4465 3648 4512 et
3687 4473 3765 4509 no-

2112 4555 2296 4608 ctibus
2337 4555 2444 4607 hoc
2478 4553 2771 4623 jejunium
2813 4569 2928 4606 non
2958 4553 3210 4605 esuriens
3243 4550 3552 4614 dedicavit;
3599 4551 3767 4618 postea

2113 4643 2268 4696 enim
2313 4642 2532 4709 esuriit,
2567 4659 2681 4695 non
2724 4645 2842 4694 tam
2874 4641 3066 4694 cibum
3095 4639 3418 4706 hominum,
3449 4654 3612 4708 quam
3640 4635 3762 4687 salu-

2112 4737 2250 4796 tem,
2304 4733 2414 4784 Nec
2463 4747 2720 4783 escarum
2771 4729 3133 4783 saecularium
3182 4729 3384 4798 epulas
3457 4723 3761 4794 concupivit.

2115 4821 2213 4873 sed
2243 4821 2564 4872 animarum
2607 4818 2954 4872 desideravit
2988 4817 3173 4888 potius
3205 4817 3576 4869 sanctitatem.
3625 4811 3764 4866 Cibus

2114 4925 2362 4978 namque
2409 4909 2530 4977 ejus
2562 4913 2649 4961 est
2689 4907 3004 4976 redemptio
3053 4906 3420 4976 populorum.
3469 4903 3629 4959 Cibus
3667 4899 3765 4966 ejus

2115 5002 2199 5051 est
2231 4996 2407 5050 totius
2457 4996 2626 5049 bonae
2677 4995 2984 5048 voluntatis
3027 4994 3278 5047 allectus.
3327 4993 3436 5056 Qui
3468 5009 3568 5045 nos
3605 4987 3765 5043 docuit

2115 5085 2341 5156 operari
2392 5100 2506 5138 non
2541 5086 2725 5138 solum
2756 5085 2968 5150 cibum,
3007 5084 3106 5154 qui
3145 5082 3392 5135 terrenis
3419 5081 3645 5150 dapibus
3684 5092 3764 5144 ap-

2114 5177 2375 5242 paratur;
2413 5171 2508 5224 sed
2537 5171 2710 5224 etiam
2739 5187 2871 5224 eum
2903 5170 3003 5240 qui
3030 5169 3350 5224 divinarum
3385 5169 3760 5238 Scripturarum

2114 5260 2355 5314 lectione
2380 5258 2713 5329 percipitur.
2753 5261 2854 5312 Per
2885 5275 3058 5328 quem
3086 5259 3310 5328 majest.

2811 5363 2998 5401 FERIA
3049 5363 3120 5400 II.

2187 5435 2294 5505 (Α.)
2345 5438 2572 5490 ΑΞῐθιἯθ
2621 5437 2785 5489 Deus.
2821 5435 2929 5499 Qui
2971 5437 3071 5488 das
3100 5451 3284 5488 escam
3323 5433 3482 5487 omni
3525 5429 3678 5494 carni,
3719 5429 3761 5478 et
