3868 6228
21 388 108 435 asa

25 608 148 660 escis
180 609 372 661 reticis
414 625 426 662 :
481 615 551 663 ut
596 627 709 663 non
750 611 808 662 in
849 612 966 663 solo
1021 605 1167 682 pane
1218 613 1490 672 vivamus,
1535 616 1630 667 sed
1666 616 1725 668 in

26 696 170 748 omni
199 697 378 750 verbo
415 703 519 750 tuo
572 700 802 752 vitalem
857 700 1170 753 habeamus
1213 701 1570 768 alimoniam,
1619 719 1723 756 nec

29 789 237 836 tantum
288 786 614 854 epulando,
677 788 770 839 sed
827 786 998 839 etiam
1039 789 1357 858 jejunando
1402 808 1720 859 pascamtlt‘.

31 873 156 924 Nam
201 878 262 924 ut
311 874 566 942 dapibus
613 881 667 926 et
710 875 925 944 poculis
975 892 1232 944 corpora,
1285 878 1361 929 sic
1403 879 1638 948 jejuniis
1671 887 1727 932 et

29 961 325 1013 virtutibus
378 964 595 1015 animae
628 964 982 1032 saginantur.
1029 966 1288 1034 Magnam
1332 967 1389 1019 in
1439 968 1545 1019 hoc
1593 984 1722 1020 mu-

29 1065 152 1101 nere
185 1051 591 1104 salubritatem
628 1054 834 1105 mentis
865 1057 919 1105 et
950 1055 1207 1121 corporis
1241 1056 1558 1121 contulisti,
1590 1058 1725 1125 quia

27 1138 306 1205 jejunium
332 1140 506 1192 nobis
531 1142 851 1194 venerabile
874 1142 1165 1207 dedicasti,
1193 1148 1256 1194 ut
1281 1144 1346 1195 ad
1373 1145 1725 1212 paradisum,

33 1226 89 1278 de
116 1243 230 1295 quo
266 1244 381 1280 non
417 1228 760 1281 abstinendo
800 1229 1127 1296 cecidimus,
1165 1231 1480 1300 jejunando
1515 1234 1726 1285 solem-

35 1315 149 1367 nius
177 1316 507 1370 redeamus.
543 1317 650 1370 Per
671 1317 871 1371 Christ.

713 1438 901 1476 FERIA
951 1438 1053 1476 Ill.

99 1526 322 1577 .Eterne
367 1528 532 1578 Deus.
581 1528 688 1580 Per
737 1527 1021 1582 Christum
1079 1528 1382 1580 Dominum
1446 1535 1726 1580 nostrum.

42 1614 90 1665 In
123 1630 238 1682 quo
273 1614 662 1682 jejunantium
698 1615 834 1669 ﬁdes
873 1618 1064 1679 alitur,
1108 1621 1236 1684 etc.,
1281 1623 1338 1670 ut
1379 1632 1548 1685 supra
1581 1619 1726 1669 Dom.

47 1718 56 1754 ι
91 1703 374 1768 Quadrag.
406 1704 660 1757 Ambros.

728 1790 922 1829 FBRIA
968 1791 1052 1828 ιγ.

103 1878 213 1943 ρςΑ.)
254 1880 479 1931 Ᾰεῖιεωθ
511 1881 678 1932 Deus.
712 1881 820 1944 Qui
851 1880 909 1933 in
954 1881 1288 1933 alimentum
1329 1882 1584 1950 corporis
1617 1881 1726 1933 hu-

46 1966 185 2017 mani
219 1966 452 2034 frugum
487 1966 708 2035 copiam
742 1967 981 2036 produci
1011 1968 1247 2038 jussisti,
1293 1972 1348 2020 et
1389 1969 1445 2020 iu
1492 1968 1728 2020 alimen-

46 2065 153 2106 tum
214 2056 543 2109 animarum
582 2055 786 2124 jejunii
843 2057 1006 2108 nobis
1061 2056 1403 2108 medicinam
1452 2056 1726 2109 indidisti.

46 2144 107 2195 Te
136 2144 327 2212 itaque
358 2144 642 2213 supplices
675 2144 1028 2212 invocamus,
1061 2151 1124 2196 ut
1146 2145 1246 2197 tibi
1281 2145 1352 2196 sit
1384 2145 1732 2213 acceptabile

48 2231 315 2299 jejunium
359 2238 636 2297 nostrum,
682 2237 733 2284 et
779 2249 877 2284 nos
923 2250 954 2284 a
998 2232 1135 2285 cibis
1169 2233 1497 2302 jejunantes
1529 2250 1561 2285 a
1602 2250 1732 2302 pec-

49 2318 172 2369 catis
215 2318 487 2370 absolvas.
522 2319 628 2371 Per
657 2318 964 2371 Christum.

757 2439 944 2478 FERIA
981 2440 1038 2478 V.

128 2529 242 2597 ta.)
274 2531 501 2582 .Eterue
551 2530 718 2582 Deus.
765 2530 906 2592 Quia
946 2535 1338 2599 competenter
1378 2536 1547 2600 atque
1585 2531 1735 2584 salu-

57 2618 221 2670 briter
262 2618 527 2688 religiosa
573 2624 706 2671 sunt
745 2619 909 2671 nobis
950 2618 1210 2671 instituta
1231 2619 1475 2687 jejunia,
1524 2625 1584 2672 ut
1614 2637 1738 2672 cor-

57 2723 228 2774 porea:
264 2706 642 2775 jucunditatis
689 2707 1093 2759 imtuodcratas
1143 2723 1506 2759 coerceamus
1553 2708 1737 2759 illece-

59 2795 170 2846 bras
214 2811 225 2847 :
272 2801 333 2847 ut
363 2800 608 2848 terrenae
647 2795 1040 2848 delectationis
1082 2795 1390 2848 insolentia
1432 2797 1736 2861 refrenata,

59 2884 237 2951 purior
269 2890 441 2952 atque
471 2883 837 2952 tranquillior
866 2885 1153 2951 appetitus
1199 2885 1265 2936 ad
1322 2885 1576 2936 cuilestia
1606 2902 1738 2936 eon-

60 2971 369 3040 templanda
431 2973 700 3041 mysteria
754 2972 1011 3025 tidelium
1074 2973 1346 3025 reddatur
1395 2973 1736 3026 animarum.

63 3061 151 3111 Per
175 3058 380 3112 Christ.

732 3144 918 3183 FERIA
962 3145 1049 3184 VI.

125 3237 342 3288 .iiterne
375 3236 543 3288 Deus.
577 3237 683 3299 Qui
715 3237 913 3306 jejunii
947 3237 1344 3290 observatione
1384 3242 1440 3290 et
1484 3239 1738 3290 eleemo—

68 3339 318 3390 syuarum
360 3324 683 3392 gratissima
721 3324 1022 3393 largitione
1075 3342 1172 3377 nos
1220 3325 1464 3378 docuisti
1517 3330 1736 3378 nostro-

69 3427 180 3464 rum
209 3413 466 3465 remedia
492 3413 765 3482 consequi
797 3421 1182 3482 peccatorum.
1223 3415 1381 3467 Unde
1422 3421 1578 3467 tuam
1623 3413 1735 3466 iin-

68 3499 341 3569 ploramus
397 3503 782 3567 clementiam,
853 3508 913 3555 ut
966 3503 1054 3556 his
1106 3504 1614 3569 observationibus,
1686 3507 1741 3554 et

72 3591 267 3642 caeteris
300 3591 584 3644 bonorum
635 3607 874 3660 operum
910 3592 1353 3645 exhibitionibus
1405 3593 1628 3654 muniti,
1675 3608 1740 3643 ea

72 3695 354 3746 operemur
383 3680 588 3749 quibus
628 3680 698 3732 ad
747 3685 958 3732 aeterna
1003 3681 1211 3749 gaudia
1252 3681 1653 3750 consequenda
1686 3685 1741 3733 et

73 3782 182 3835 spes
212 3768 372 3821 nobis
399 3774 668 3838 suppetat
701 3775 755 3821 et
785 3768 1040 3822 facultas.
1081 3772 1184 3822 Per
1212 3769 1418 3822 Christ.

713 3872 996 3911 SABBATO
1041 3867 1080 3911 ἦ

136 3944 247 4012 (Α.)
273 3947 497 3999 .Eterne
542 3946 709 3997 Deus.
744 3947 1101 4000 Illuminator
1145 3953 1198 3999 et
1237 3946 1565 4020 redemptor
1615 3945 1739 3997 ani-

75 4047 274 4084 marum
309 4039 653 4096 nostrarum,
686 4033 785 4103 qui
819 4051 919 4086 nos
964 4051 1064 4104 per
1111 4035 1361 4103 primum
1410 4034 1610 4096 Adam,
1643 4032 1740 4085 ab-

79 4121 334 4174 stinentiae
395 4122 520 4190 lege
584 4121 814 4186 violata,
875 4124 1138 4190 paradiso
1198 4125 1425 4191 ejectos,
1481 4122 1740 4174 fortioris

74 4207 253 4275 jejuuii
286 4209 542 4262 remedio
574 4211 642 4262 ad
673 4211 923 4278 antiquas
952 4211 1148 4280 patriae
1191 4211 1603 4267 beatitudinem
1644 4226 1744 4279 per

82 4297 297 4364 gratiam
345 4298 638 4362 revocasti,
687 4315 906 4368 nosque
957 4299 1049 4368 pia
1093 4299 1450 4351 institutione
1502 4299 1743 4351 docuisti

986 391 1193 446 LIBER
1235 393 1874 450 SACBAMENTOHUM.
1907 428 1975 434 -—
2005 396 2321 452 ΡΗᾹΞΡΛΤ.
2365 396 2596 458 ΑΝΤΙΟ.

21 536 115 571 nos
137 535 255 572 non
293 520 500 574 solum
553 522 901 590 carnalibus,
951 523 1044 575 sed
1092 523 1264 576 etiam
1317 524 1716 594 spiritualibus
1757 530 1802 580 A

3419 396 3520 445 890

2510 540 2699 579 FERIA
2747 540 2849 578 Ill.

1904 619 2128 670 zEterne
2164 619 2325 670 Deus.
2361 615 2466 679 Qui
2500 616 2569 667 ob
2616 614 2933 666 animarum
2979 612 3260 666 medelam
3310 612 3518 682 jejunii

1831 705 2128 758 devotione
2186 721 2422 773 Corpora
2488 702 2749 771 castigari
2823 702 3160 771 praecepisti,
3241 702 3510 762 concede,

1835 811 2184 862 quaesumus,
2223 801 2284 845 ut
2313 793 2482 843 corda
2533 799 2722 843 nostra
2756 790 2830 841 ita
2874 789 3097 857 pietatis
3143 796 3255 842 tum
3297 791 3520 842 valeant

1835 899 2093 934 exercere
2149 883 2436 944 inundata,
2497 888 2557 930 ut
2605 879 2672 930 ad
2713 886 2807 928 tua
2853 893 3194 943 mereamur,
3230 883 3284 929 te
3326 877 3524 947 opitu-

1834 971 2003 1030 lante,
2043 969 2341 1039 pervenire
2373 968 2670 1038 promissa.
2711 968 2815 1019 Per
2849 966 3049 1018 Christ.

2524 1072 2710 1108 FERIA
2762 1069 2844 1106 tv.
2987 1053 2990 1055 ’

1904 1145 2020 1212 (Α.)
2066 1149 2288 1198 ,ιίιῖὶρινηθ
2332 1145 2495 1196 Deus.
2560 1145 2663 1195 l’cr
2719 1142 3006 1194 Christum
3059 1139 3366 1194 Dominum
3425 1155 3526 1190 no-

1834 1241 2034 1286 strum.
2090 1236 2196 1286 Per
2237 1249 2405 1302 quem
2448 1232 2682 1283 humani
2733 1230 2959 1299 generis
3013 1227 3534 1280 reconciliationem

1836 1323 2083 1376 mirabili
2132 1321 2554 1390 dispensatione
2608 1322 2875 1387 operatus
2925 1334 2983 1369 es
3045 1333 3055 1369 :
3097 1322 3324 1386 praesta,
3371 1331 3526 1384 quac-

1836 1429 2052 1478 suinus,
2124 1416 2183 1463 ut
2235 1417 2427 1462 sancto
2496 1407 2774 1478 puriticati
2833 1406 3074 1475 jejunio,
3139 1410 3195 1457 et
3247 1404 3352 1456 tibi
3408 1408 3525 1456 toto

1838 1501 2002 1553 Corde
2057 1499 2234 1552 simus
2282 1497 2538 1565 subjecti,
2587 1502 2642 1548 et
2687 1495 2836 1546 inter
2890 1494 3196 1546 mandante
3234 1491 3526 1561 pravitatis

1837 1589 2092 1651 insidias,
2161 1592 2211 1638 te
2271 1587 2595 1649 miserante,
2657 1597 3085 1652 perseveremus
3169 1578 3352 1632 illaesi.
3430 1580 3535 1631 Per

1840 1693 2015 1746 quem
2045 1675 2266 1743 majest.

2538 1775 2730 1814 FERIA
2776 1774 2835 1811 Υ.

1913 1859 2030 1928 (Α.)
2090 1858 2313 1908 :Eterne
2371 1854 2537 1906 Deus.
2602 1853 2664 1905 Et
2725 1856 2887 1903 tuam
2947 1863 3076 1901 cum
3145 1845 3524 1900 celebratione

1835 1945 2042 2017 jejunii
2074 1945 2343 2014 pietatem
2389 1941 2606 1994 devotis
2646 1939 2936 1992 mentibus
2991 1936 3306 2000 obsecrare,
3341 1940 3405 1988 ut
3435 1933 3532 2004 qui

1841 2034 2083 2103 peccatis
2122 2029 2521 2099 ingruentibus
2563 2029 2843 2079 malorum
2896 2024 3149 2094 pondere
3192 2022 3532 2092 premimur,

1843 2129 1896 2175 et
1930 2140 1956 2173 a
1991 2120 2234 2191 peccatis
2266 2118 2532 2170 omnibus
2561 2116 2889 2174 liberemur,
2919 2119 2972 2166 et
3005 2112 3186 2166 libera
3210 2111 3314 2164 tibi
3347 2116 3537 2163 mente

1841 2210 2204 2263 famulemur.
2241 2208 2346 2259 Per
2378 2205 2581 2259 Christ.

2532 2323 2720 2363 FERIA
2761 2322 2846 2360 Vl.

1914 2407 2139 2458 Aiterne
2172 2403 2340 2454 Deus.
2374 2399 2477 2462 Qui
2511 2397 2908 2466 delinquentes
2938 2392 3124 2463 perire
3161 2407 3273 2444 non
3301 2389 3536 2460 pateris,

1844 2493 1939 2546 sed
1973 2497 2035 2545 ut
2069 2494 2136 2544 ad
2172 2497 2224 2543 te
2265 2492 2685 2551 convertantur,
2740 2488 2797 2536 et
2841 2484 3050 2547 vivant,
3103 2478 3386 2533 hortaris:
3434 2493 3540 2546 p0-

1844 2584 2054 2634 scimus
2095 2581 2285 2649 itaque
2321 2577 2591 2646 pietatem
2639 2581 2816 2638 tuam,
2846 2577 2910 2624 ut
2955 2589 2985 2623 a
3034 2569 3277 2640 peccatis
3329 2565 3538 2620 nostris

1847 2676 1957 2724 tua}
1991 2669 2304 2723 severitatis
2346 2665 2658 2734 suspendas
2701 2662 3032 2722 vindictam,
3082 2664 3138 2710 et
3176 2657 3340 2710 nobis
3378 2659 3539 2724 opta-

1846 2762 1960 2810 tam
1998 2754 2440 2808 misericorditer
2478 2752 2695 2803 tribuas
2737 2748 2978 2800 veniam.
3024 2747 3133 2798 Nec
3167 2742 3539 2812 iniquitatum

1847 2850 2172 2897 nostrarum
2215 2843 2392 2894 moles
2444 2846 2497 2893 te
2540 2841 2808 2908 provocet
2841 2837 2911 2888 ad
2960 2833 3260 2896 ultionem,
3313 2832 3408 2882 sed
3450 2829 3538 2898 je-

1843 2933 1993 3002 junii
2059 2932 2375 2984 observatio
2435 2934 2490 2980 et
2549 2941 2774 2979 morum
2839 2922 3162 2976 emendatio
3235 2926 3289 2973 te
3349 2920 3538 2971 flectat

1849 3022 1918 3074 ad
1951 3025 2315 3090 peccatorum
2361 3023 2690 3070 nostrorum
2727 3011 3141 3066 remissionem.
3178 3010 3283 3061 Per
3332 3005 3535 3060 Christ.

2541 3134 2845 3175 SABBATO.

1921 3215 2044 3283 (Α.)
2084 3217 2310 3267 aliterue
2364 3213 2529 3264 Deus.
2573 3211 2640 3262 Et
2692 3215 2849 3261 tuam
2891 3204 3109 3276 jugiter
3150 3217 3384 3255 exorare
3431 3201 3542 3253 cle-

1853 3305 2147 3368 mentiam,
2180 3308 2239 3354 ut
2272 3308 2490 3354 mentes
2536 3304 2780 3363 nostras,
2821 3312 2960 3366 quas
2992 3293 3272 3361 conspicis
3304 3289 3544 3344 terrenis

1852 3393 2146 3445 affectibus
2175 3388 2544 3460 praegravari,
2592 3384 3029 3439 medicinalibus
3061 3382 3277 3434 tribuas
3305 3378 3545 3448 jejuuiis

1851 3480 2168 3545 exonerari,
2230 3486 2286 3531 ul
2347 3495 2449 3546 pro
2508 3476 2812 3528 afﬂictione
2877 3485 3185 3540 corporum
3247 3465 3548 3537 proveniat

1851 3570 2018 3622 nobis
2050 3569 2225 3621 robur
2253 3567 2596 3619 animarum.
2634 3565 2738 3616 Per
2770 3560 2971 3614 Christ.

2240 3691 2384 3728 D03].
2434 3689 2510 3726 Ill
2558 3688 2620 3725 ΙΝ
2669 3681 3192 3732 ρυικυκΑΟΕΞΙΜΑ.

1924 3770 2147 3820 .‘Eterne
2196 3767 2363 3817 Deus.
2417 3765 2478 3816 Et
2527 3767 2579 3814 te
2628 3757 2959 3828 suppliciter
2999 3769 3249 3813 exorare,
3301 3756 3363 3804 ut
3415 3766 3545 3802 cum

1853 3854 2200 3909 abstinentia
2254 3849 2552 3920 corporali,
2609 3864 2767 3900 meus
2821 3858 3051 3914 quoque
3106 3847 3301 3893 nostra
3349 3854 3547 3890 sensus

1854 3945 2100 3998 declinet
2149 3941 2418 3994 illicitos:
2454 3944 2509 3990 et
2557 3952 2685 4007 quae.
2727 3940 2957 3987 terrena
3004 3929 3383 3984 delectatione
3419 3943 3546 3979 car-

1854 4033 2078 4086 nalibus
2110 4029 2294 4100 epulis
2318 4029 2687 4096 abnegamus,
2720 4023 2986 4076 humana-3
3025 4017 3334 4073 voluntatis
3362 4015 3549 4086 pravis

1854 4119 2268 4174 intentionibus
2300 4117 2660 4186 amputemus
2693 4131 2704 4167 :
2751 4118 3031 4181 quatenus
3063 4109 3135 4162 ad
3185 4111 3377 4159 sancta
3414 4119 3547 4157 sau-

1855 4217 2074 4263 ctorum
2118 4207 2362 4261 ﬁdeliter
2407 4203 2826 4272 salubriterque
2883 4197 3155 4269 capienda
3207 4191 3553 4265 competenti

1851 4299 2071 4368 jejunio
2096 4299 2381 4349 valeamus
2409 4293 2614 4363 aptari.
2647 4293 2824 4344 Tanto
2855 4289 3018 4342 nobis
3049 4287 3186 4340 certi
3213 4283 3554 4355 propensius

82 4386 263 4452 quibus
304 4387 803 4439 observationibus
861 4404 889 4438 a
940 4388 1185 4456 peccatis
1225 4387 1493 4440 omnibus
1546 4387 1743 4439 Iibere-
1789 4395 1829 4447 υ
1854 4388 2071 4456 jugiter
2111 4385 2394 4449 adfutura,
2435 4387 2648 4451 quanto
2683 4380 2957 4433 fuerimus
2988 4391 3188 4430 eorum
3241 4372 3553 4427 institutio-

85 4488 214 4525 rnnr.
251 4476 349 4527 Per
378 4475 585 4528 Christ.
623 4476 730 4527 Per
770 4491 962 4544 quem.

449 4596 596 4636 D011.
647 4596 690 4634 ll
741 4596 803 4634 IN
841 4597 1356 4642 QUADKAGESIMA.

148 4669 246 4735 (ϐ.)
277 4671 498 4722 .-Eterne
537 4671 700 4723 Deus.
735 4671 802 4723 Et
835 4672 1191 4740 majestatem
1227 4679 1384 4723 tuam
1418 4669 1752 4739 suppliciter

91 4771 314 4821 exorare,
349 4763 407 4810 ut
459 4759 745 4810 montibus
794 4761 998 4811 nostris
1041 4759 1397 4811 medicinalis
1438 4758 1749 4810 observan-

92 4844 170 4895 tia:
198 4862 390 4898 munus
419 4847 717 4912 infundas;
752 4852 804 4899 et
835 4849 933 4917 qui
966 4847 1387 4917 negligentibus
1410 4848 1580 4899 etiam
1614 4845 1752 4898 stib-

94 4932 272 4986 sidium
302 4935 445 4987 ferre
479 4952 596 4988 non
638 4935 868 5002 desinis,
911 4936 1185 4990 beneﬁcia
1227 4937 1484 5006 praebeas
1525 4935 1755 5005 potiora

95 5021 296 5075 devotis.
328 5025 430 5077 Per
461 5023 675 5078 Christ.

756 5127 941 5165 FERIA
992 5128 1065 5166 II.

154 5199 254 5266 (Α.)
286 5202 504 5254 aliterue
535 5202 697 5254 Deus.
727 5202 788 5254 Et
810 5201 1082 5270 pietatem
1111 5205 1266 5254 tuam
1299 5201 1542 5271 supplici
1575 5201 1752 5255 devo—

98 5287 228 5339 tione
250 5288 564 5358 deposcere,
596 5297 660 5342 ut
687 5290 895 5359 jejunii
935 5290 1117 5342 nostri
1157 5291 1443 5342 oblatione
1479 5291 1751 5358 placatus,

98 5381 143 5425 et
165 5384 502 5443 peccatorum
541 5378 702 5430 nobis
735 5379 1012 5432 concedas
1044 5379 1288 5443 veniam,
1312 5385 1369 5432 et
1399 5395 1498 5431 nos
1519 5395 1552 5431 a
1572 5378 1756 5431 noxiis

101 5461 272 5517 liberes
296 5466 537 5528 insidiis,
563 5467 671 5519 Per
699 5467 900 5520 Christ.

161 5628 180 5651 ⁸
202 5622 400 5689 Ambr.,
429 5625 578 5690 feria
611 5623 848 5677 hcbdom.
891 5638 922 5676 v
963 5623 1246 5690 Quadrag.

1861 4476 2024 4529 nibus
2056 4475 2353 4544 gratiores.
2390 4473 2494 4525 Per
2525 4470 2732 4524 Christ.

2555 4591 2743 4629 FERIA
2792 4588 2861 4626 ll.

1932 4668 2054 4738 (Α.)
2084 4669 2308 4721 :Eterne
2343 4667 2506 4718 Deus.
2545 4665 2610 4715 Et
2640 4658 3003 4714 clementiam
3035 4661 3192 4708 tuam
3224 4670 3352 4706 cum
3387 4651 3549 4705 omni

1861 4757 2272 4826 suj‘iplicatione
2303 4753 2540 4823 precari,
2574 4755 2634 4804 ut
2666 4767 2766 4819 per
2793 4749 2938 4800 hanc
2961 4744 3320 4813 jejuniorum
3353 4741 3552 4794 obser-

1860 4846 2148 4898 vationem
2191 4848 2400 4895 crescat
2451 4846 2664 4892 nostra:
2711 4833 3029 4889 devotionis
3080 4831 3358 4884 affectus:
3405 4845 3552 4898 qua-

1861 4940 2047 5000 tenus,
2109 4940 2163 4985 te
2208 4931 2535 4992 auxiliante,
2579 4932 2634 4979 et
2671 4927 2740 4978 ab
2790 4921 3055 4977 humanis
3097 4935 3327 4988 semper
3372 4924 3552 4971 retra-

1859 5023 2066 5075 harnur
2092 5019 2428 5081 excessibus,
2463 5021 2518 5068 et
2551 5014 2781 5068 monitis
2832 5012 3110 5063 inhaerere
3142 5008 3469 5073 valeamus,
3501 5011 3554 5059 te

1864 5112 2160 5180 largiente,
2193 5107 2528 5160 coelostibus.
2561 5105 2669 5156 Per
2699 5102 2904 5156 Christ.

2548 5226 2728 5264 FERIA
2777 5223 2878 5262 ΙΙΙ.

1935 5306 2052 5372 (Α.)
2106 5306 2329 5356 Aiterne
2387 5303 2551 5354 Deus.
2605 5299 2713 5362 Qui
2766 5293 3124 5366 peccantium
3161 5306 3274 5343 non
3309 5289 3390 5342 vis
3433 5289 3552 5342 ani-

1865 5410 1986 5445 mas
2021 5391 2232 5461 perire,
2277 5389 2374 5441 sed
2424 5389 2667 5456 culpas:
2719 5392 2775 5439 et
2823 5386 3118 5454 peccantes
3168 5396 3282 5432 non
3331 5395 3558 5448 semper

1865 5481 2133 5534 continuo
2194 5478 2434 5556 judicas,
2487 5476 2586 5530 sed
2628 5477 2698 5530 ad
2759 5471 3158 5546 pmnitentiam
3223 5474 3557 5542 provocatos
