3868 6228
288 316 382 366 891

289 446 577 510 exspectas
621 458 633 494 :

287 545 480 583 remur
518 529 681 594 iram,
718 535 774 582 et
823 544 991 598 quam
1038 535 1324 597 optamus,
1381 545 1551 596 super
1611 544 1715 580 nos
1751 528 1981 580 effunde

286 618 646 670 clementiam
686 633 697 669 :
735 622 813 681 ut,
849 633 1006 670 sacro
1057 617 1341 686 puriticati
1374 616 1618 686 jejunio,
1669 617 1982 670 electorum

284 710 515 760 tuorum
549 722 878 759 mereamur
904 706 1104 759 ascisci
1139 705 1543 775 collegio."Per
1578 705 1783 758 Christ.

979 826 1293 865 FERIAIV.

356 903 469 968 (Α.)
502 902 730 953 ,νΕῑρτηθ
773 901 938 952 Deus.
981 900 1278 968 Tuamque
1333 897 1780 950 misericordiam
1843 914 1980 967 sup-

287 989 510 1058 pliciter
535 1005 768 1041 exorare
797 995 859 1041 ut
883 989 1244 1057 jejuniorum
1273 993 1602 1039 nostrorum
1623 993 1983 1040 sacrosancta

288 1078 558 1147 mysteria
607 1083 718 1129 tuae
764 1077 874 1132 sint
921 1075 1118 1146 pietati
1173 1091 1404 1144 semper
1452 1079 1726 1143 accepta:
1777 1091 1980 1128 conce-

287 1166 500 1234 dasque
532 1171 594 1218 ut
623 1182 750 1235 qua:
777 1166 1066 1234 {quorum}
1113 1181 1357 1233 corpora
1386 1163 1749 1217 abstinentia:
1780 1165 1976 1217 obser—

285 1253 510 1306 vatione
563 1263 939 1318 macerantur,
1003 1258 1222 1306 mentes
1281 1268 1508 1322 quoque
1557 1252 1863 1305 virtutibus
1929 1258 1984 1307 et

289 1342 612 1396 coelestibus
635 1341 906 1394 institutis
929 1347 1296 1394 exornentur.
1327 1343 1433 1394 Per
1454 1340 1657 1395 Christ.

995 1462 1186 1500 FBRIA
1230 1462 1289 1500 ν.

362 1535 477 1604 (Α.)
525 1537 748 1588 [literne
799 1537 965 1588 Deus.
1019 1536 1086 1588 Et
1127 1541 1284 1587 tuam
1329 1535 1670 1588 immensam
1726 1537 1978 1588 clemen-

287 1622 425 1676 tiam
462 1623 704 1692 supplici
737 1629 864 1676 voto
897 1624 1220 1692 deposcere,
1255 1627 1318 1676 ut
1347 1639 1450 1675 nos
1497 1623 1740 1676 famulos
1770 1629 1895 1676 tuos
1927 1629 1982 1677 et

282 1710 492 1780 jejunii
537 1712 916 1764 maceratione
957 1711 1281 1780 castigatos,
1338 1715 1392 1764 et
1433 1711 1651 1763 caeteris
1697 1712 1980 1765 bonorum

287 1815 530 1868 operum
585 1800 1028 1854 exhibitionibus
1089 1801 1360 1866 eruditos,
1415 1801 1473 1852 in
1525 1801 1809 1854 mandatis
1867 1801 1979 1854 tuis

287 1888 460 1942 facias
503 1905 868 1958 perseverare
898 1889 1128 1956 illmsos,
1180 1889 1372 1960 sicque
1425 1889 1802 1958 praesentibus
1845 1891 1976 1944 sub-

286 1975 448 2028 sidiis
477 1977 856 2043 consolemur,
902 1981 1181 2046 quatenus
1224 1977 1288 2029 ad
1337 1983 1550 2028 interna
1599 1977 1807 2046 gaudia
1849 1994 1978 2048 per-

285 2064 505 2134 tingere
537 2080 880 2118 mereamur.
913 2065 1020 2117 Per
1051 2065 1260 2118 Christ.

934 2185 1124 2224 FERIA
1171 2184 1236 2222 Vl
1279 2179 1318 2220 ἢ

358 2257 473 2328 (Α.)
525 2261 750 2312 ίΕιριἮε
808 2260 970 2312 Deus.
1015 2260 1122 2312 Per
1164 2257 1451 2312 Christum
1506 2257 1813 2311 Dominum
1865 2274 1974 2311 no-

285 2349 486 2401 strum.
539 2347 646 2411 Qui
691 2348 760 2401 ad
815 2347 1226 2400 insinuandum
1284 2347 1627 2400 humilitatis
1685 2347 1973 2416 [humani-

285 2436 436 2505 tatis]
469 2453 586 2489 sua:
619 2436 971 2505 mysterium,
1025 2435 1298 2505 fatigatus
1345 2436 1556 2488 resedit
1603 2436 1672 2489 ad
1711 2441 1970 2506 puteum.

286 2524 458 2587 Quia
499 2525 737 2578 muliere
786 2524 1140 2578 Samaritana
1179 2540 1344 2593 aqua:
1389 2523 1494 2576 sibi
1543 2523 1708 2593 petiit
1756 2523 1975 2592 porrigi

285 2619 504 2682 potum,
541 2613 640 2683 qui
665 2613 720 2666 in
753 2629 820 2666 ea
861 2617 1149 2666 creaverat
1177 2613 1310 2664 ﬁdei
1342 2612 1596 2665 donum:
1631 2616 1686 2666 et
1725 2611 1802 2664 ita
1851 2613 1975 2680 ejus

285 2701 442 2755 sitire
468 2702 736 2772 dignatus
765 2707 847 2755 est
871 2702 1061 2770 ﬁdem,
1097 2707 1160 2754 ut
1189 2702 1324 2754 dum
1357 2701 1424 2753 ab
1463 2717 1530 2753 ea
1560 2717 1769 2771 aquam
1815 2708 1974 2770 pete-

283 2795 390 2856 ret,
421 2790 482 2843 in
521 2807 586 2844 ea
629 2790 824 2860 ignem
864 2790 1041 2844 divini
1089 2790 1300 2842 amoris
1355 2789 1707 2842 accenderet.
1761 2789 1974 2859 Implo-

283 2894 478 2932 ramus
511 2880 706 2949 itaque
737 2885 894 2933 tuam
933 2879 1272 2932 immensam
1307 2878 1689 2944 clementiam,
1735 2883 1796 2932 ut
1833 2894 1974 2930 con-

281 2971 602 3020 temnentes
651 2967 1012 3020 tenebrosam
1053 2967 1506 3036 profunditatem
1558 2966 1850 3032 vitiorum,
1919 2973 1974 3019 et

283 3057 674 3125 relinquentes
711 3055 1012 3109 noxiarum
1055 3056 1316 3125 hydriam
1367 3055 1768 3124 cupiditatum,
1818 3061 1873 3108 et
1919 3061 1974 3109 te

285 3142 386 3212 qui
415 3143 541 3195 fons
573 3143 700 3196 vitae
731 3148 787 3197 et
815 3143 976 3213 origo
1019 3160 1078 3198 es
1119 3144 1408 3210 bonitatis,
1459 3159 1687 3212 semper
1717 3143 1975 3196 sitiamus

284 3235 339 3284 et
379 3231 731 3301 jejuniornm
776 3237 1106 3286 nostrorum
1159 3231 1550 3285 observatione
1596 3231 1700 3284 tibi
1749 3233 1974 3301 placea-

282 3335 434 3374 mus.
467 3321 574 3374 Per
604 3336 798 3392 quem.

987 3405 1286 3446 SABBATO.

353 3499 475 3568 (A.)
531 3500 759 3552 zEterne
805 3499 972 3552 Deus.
1035 3497 1142 3563 Qui
1192 3497 1401 3568 jejunii
1459 3496 1974 3567 Quadragesimalis

283 3587 734 3641 observationem
765 3587 824 3642 in
853 3588 1036 3658 Moyse
1067 3593 1123 3642 et
1162 3589 1281 3641 Elia
1321 3587 1610 3654 dedicasti,
1645 3593 1701 3640 et
1741 3587 1800 3639 in
1853 3587 1976 3640 uni-

283 3677 477 3746 genito
509 3677 646 3730 Filio
689 3682 808 3744 tuo,
859 3677 1000 3748 legis
1040 3684 1096 3731 et
1138 3677 1573 3748 prophetarum,
1609 3681 1974 3729 nostrorum—

285 3783 396 3837 que
426 3768 688 3821 omnium
719 3769 961 3822 Domino
993 3767 1299 3822 exornasti.
1324 3769 1502 3820 Tuam
1529 3766 1971 3837 igiturimmen-

283 3872 404 3909 sam
441 3856 756 3910 bonitatem
797 3858 1083 3928 supplices
1131 3857 1506 3926 exposcimus,
1560 3861 1622 3908 ut
1669 3855 1826 3926 quod
1877 3855 1973 3908 ille

276 3944 782 4014 jugijejuniorum
814 3949 1123 4016 complevit
1161 3945 1614 4010 continuatione,
1650 3961 1752 3997 nos
1779 3943 1970 3997 adim—

283 4033 441 4103 plere
489 4035 776 4086 valeamus
815 4035 967 4088 illius
1010 4035 1192 4104 adjuti
1223 4033 1541 4104 largissime
1565 4033 1968 4098 miseratione;

283 4125 340 4174 et
363 4121 742 4190 adimplentes
773 4139 838 4175 ea
868 4139 996 4192 quae
1025 4123 1317 4193 praecepit,
1351 4122 1500 4176 dono
1530 4121 1822 4192 percipere
1847 4137 1972 4174 me-

284 4224 513 4261 reamur
542 4225 668 4278 quae
699 4211 980 4280 promisit.
1017 4213 1121 4264 Per
1152 4227 1343 4281 quem.

663 4331 910 4370 DOM.IV
961 4331 1020 4371 ΙΝ
1071 4332 1595 4378 QUADRAGESIMA.

354 4420 476 4488 (Α.)
511 4423 736 4474 ΑΞὶθῐῚιθ
787 4422 950 4474 Deus.
998 4422 1066 4474 Et
1117 4425 1168 4474 te
1221 4425 1544 4476 Creatorem
1594 4422 1852 4475 omnium
1907 4421 1977 4475 de

282 4509 587 4579 praeteritis
615 4509 890 4563 fructibus
931 4510 1273 4580 gloriﬁcare,
1308 4517 1365 4564 et
1393 4511 1462 4564 de
1508 4511 1716 4564 futuris
1754 4510 1978 4580 suppli-

283 4599 424 4652 citer
472 4614 730 4666 exorare,
769 4605 827 4651 ut.
875 4615 1004 4652 cum
1045 4599 1114 4653 de
1160 4599 1444 4669 perceptis
1487 4616 1601 4652 non
1651 4599 1980 4652 invenimur

283 4688 517 4758 ingrati,
547 4689 616 4740 de
651 4689 1034 4758 percipiendis
1069 4705 1180 4742 non
1221 4689 1548 4758 judicemur
1579 4688 1834 4756 indigni;
1882 4689 1978 4740 sed

285 4777 538 4830 exhibito
571 4779 740 4831 toties
770 4779 1012 4832 solemni
1039 4779 1281 4848 jejunio.
1319 4795 1448 4831 cum
1471 4778 1740 4831 subsidiis
1772 4793 1978 4846 corpo-

283 4866 498 4919 ralibus
529 4867 847 4935 profectum
885 4883 1114 4938 quoque
1159 4867 1452 4937 capiamus
1491 4868 1838 4920 animarum.
1879 4866 1981 4917 Per

287 4951 490 5006 Christ.

977 5057 1168 5096 FERIA
1216 5056 1287 5094 IL

358 5128 470 5198 (A.)
511 5131 736 5182 .IEterne
775 5131 937 5183 Deus.
977 5131 1043 5183 Et
1075 5133 1231 5183 tuam
1277 5129 1614 5200 suppliciter
1657 5126 1980 5181 misericor-

285 5215 436 5268 diam
468 5216 797 5286 implorare,
841 5221 905 5271 nt
933 5219 1258 5271 exercitatio
1297 5217 1621 5271 veneranda
1664 5215 1864 5285 jejunii
1901 5232 1983 5266 sa-

287 5302 507 5368 lutaris,
541 5320 644 5357 nos
676 5323 708 5359 a
737 5313 1100 5374 peccatorum
1135 5313 1458 5360 nostrorum
1495 5305 1732 5360 maculis
1765 5320 1980 5373 purga-

289 5393 376 5443 tos
403 5391 620 5453 reddat,
649 5399 705 5446 et
734 5395 806 5448 ad
833 5411 1216 5463 supernorum
1249 5397 1456 5448 civium
1487 5393 1814 5446 societatem
1853 5408 1980 5462 per-

365 5577 390 5600 ³
418 5565 638 5634 Ambr.,
671 5573 822 5624 Dom.
859 5587 906 5625 ιι
943 5571 1226 5638 Quadrag.

1422 310 1767 364 GRIMALDI
1807 311 2307 367 SANGALLENSIS
2346 311 2640 366 ABBATIS
3719 313 3810 360 ἣςί

675 444 884 505 averte,
934 455 1284 510 quaesumus,
1350 455 1383 492 a
1424 440 1591 493 nobis
1635 456 1806 509 quam
1857 457 1973 493 me-
2015 445 2059 494 A
2089 441 2276 494 ducat.
2311 443 2372 494 Et
2423 446 2480 495 ut
2523 441 2614 494 hic
2655 441 2990 496 devotorum
3033 450 3264 498 actuum
3317 459 3640 498 sumamus
3673 459 3816 510 aug-

2092 533 2374 592 mentum,
2425 533 2479 582 et
2526 529 2640 582 illic
2695 535 2926 584 aeternae
2969 530 3343 585 beatitudinis
3397 531 3808 601 percipiamtis

2092 616 2567 682 emolumentum.
2607 619 2713 670 Per
2743 617 2950 672 Christ.

2773 738 2958 778 FERIA
3009 739 3111 777 IIL

2161 814 2388 864 .IEterne
2431 812 2595 863 Deus.
2649 812 2757 864 Per
2803 811 3184 865 mediatorcm
3231 811 3330 865 llei
3373 817 3432 865 et
3467 812 3816 872 hominum,

2090 900 2282 952 Jesum
2316 899 2605 954 Christum
2659 899 2963 952 Dominum
2997 906 3282 966 nostrum,
3333 900 3464 964 Qui,
3502 900 3818 953 mediante

2091 985 2181 1039 die
2213 986 2376 1052 festo,
2421 988 2670 1040 ascendit
2709 988 2768 1040 in
2801 989 3078 1057 templum
3121 971 3494 1058 docere,lqui
3545 990 3632 1040 de
3677 995 3822 1041 aceto

2092 1075 2404 1140 descendit,
2439 1076 2716 1128 mundum
2751 1077 2820 1129 ab
2852 1077 3188 1146 ignorantiae
3227 1078 3482 1130 tenebris
3515 1079 3812 1131 liberare.

2094 1165 2266 1232 Cujus
2307 1165 2610 1217 descensus
2657 1181 2836 1235 genus
2877 1167 3196 1218 humanum
3239 1166 3506 1219 doctrina
3551 1165 3818 1218 salutari

2089 1252 2357 1318 instituit,
2395 1269 2550 1305 mors
2594 1270 2627 1306 a
2663 1259 2936 1322 perpetua
2987 1261 3170 1307 morte
3217 1255 3485 1319 redemit,
3537 1255 3824 1306 8312811:in

2094 1339 2162 1391 ad
2199 1339 2448 1392 cmlestia
2493 1356 2670 1410 regna
2719 1341 3002 1409 perduxit.
3056 1343 3161 1395 Per
3209 1358 3384 1412 quem
3435 1349 3504 1405 te,
3565 1358 3820 1396 summe

2093 1428 2277 1488 Pater,
2312 1428 2596 1497 poscimus
2629 1435 2690 1480 ut
2730 1430 2852 1498 ejus
2887 1429 3245 1483 institutione
3275 1431 3486 1497 edocti,
3521 1431 3820 1483 salutaris

2089 1517 2459 1586 parcimonia:
2487 1517 2783 1570 devotione
2815 1518 3120 1587 puriticati,
3147 1521 3218 1572 ad
3249 1525 3350 1572 tua
3383 1521 3816 1589 perveniamus

2091 1605 2370 1675 promissa
2402 1605 2603 1659 securi.
2639 1608 2744 1660 l’er
2775 1623 2946 1676 quem
2975 1607 3352 1676 majestatem.

2785 1728 2976 1766 FERIA
3021 1727 3108 1766 IV.

2165 1800 2279 1870 (A.)
2319 1803 2542 1854 AEterne
2592 1803 2759 1854 Deus.
2813 1803 2920 1854 Per
2969 1802 3257 1856 Christum
3319 1801 3640 1855 Dominum
3701 1818 3810 1852 no-

2091 1895 2291 1942 strum.
2325 1891 2431 1954 Qui
2468 1891 2892 1944 illuminatione
2923 1907 3039 1944 suae
3089 1889 3224 1944 fidei
3261 1891 3530 1944 tenebras
3571 1891 3816 1960 expulit

2092 1979 2310 2045 mundi,
2349 1985 2404 2032 et
2434 1995 2615 2048 genus
2646 1981 2957 2033 humanum
2991 1980 3142 2050 quod
3184 1979 3389 2050 prima:
3427 1981 3635 2032 matris
3687 1985 3816 2032 ute-

2089 2083 2184 2120 rus
2233 2069 2564 2137 profuderat
2605 2084 2839 2134 caecum,
2899 2069 3308 2122 incarnationis
3351 2084 3468 2121 sua:
3517 2071 3813 2138 mysterio

2087 2157 2336 2210 reddidit
2367 2157 2776 2220 illuminatnm,
2813 2157 3056 2228 fecitque
3097 2157 3244 2210 ﬁlios
3275 2157 3638 2226 adoptionis,
3703 2156 3808 2225 qui

2089 2245 2430 2299 tenebantur
2485 2246 2725 2298 vinculis
2764 2247 2931 2316 justa:
2985 2245 3386 2299 damnationis.
3443 2247 3551 2299 Per
3603 2247 3808 2313 ipsum

2085 2338 2140 2386 te
2177 2334 2445 2403 petimus,
2493 2340 2558 2387 ut
2597 2335 2736 2387 tales
2782 2335 2840 2388 in
2888 2335 3012 2403 ejus
3051 2335 3418 2387 inveniamur
3459 2334 3808 2402 justissima

2086 2422 2524 2489 examinatione,
2555 2423 2752 2492 quales
2786 2423 2916 2475 facti
2953 2439 3150 2475 sumus
3177 2421 3235 2474 in
3271 2422 3479 2476 lavacri
3515 2423 3802 2474 salutaris

2085 2510 2411 2564 felicissima
2443 2511 2914 2575 regeneratione:
2955 2517 3017 2564 ut
3054 2511 3176 2579 ejus
3205 2511 3624 2564 incarnationis
3669 2525 3804 2562 me-

2084 2599 2366 2652 dicamine
2398 2599 2623 2660 imbuti,
2678 2601 3018 2652 sacrosancti
3067 2600 3274 2653 lavacri
3320 2600 3620 2652 ablutione
3663 2598 3794 2660 loti,

2087 2687 2453 2758 parciinoniaa
2512 2687 2813 2740 devotione
2869 2688 3077 2751 ornati,
3148 2688 3218 2741 ad
3283 2693 3500 2740 aeterna
3565 2687 3798 2757 gaudia

2084 2775 2476 2845 perveniamus
2507 2775 2691 2828 illaesi.
2731 2777 2832 2828 Per
2863 2791 3035 2844 quem
3069 2775 3446 2844 majestatem.

2793 2897 2978 2936 FERIA
3021 2897 3078 2934 Υ.

2183 2969 2294 3040 (Α.)
2327 2971 2552 3022 [literne
2585 2969 2755 3022 Deus.
2797 2970 2968 3038 Cujus
3015 2969 3234 3022 bonitas
3259 2969 3558 3022 hominem
3587 2969 3796 3022 condi-

2017 3034 2187 3124 C'dit,
2251 3058 2475 3127 justitia
2541 3057 2851 3125 damnavit,
2917 3057 3306 3111 misericordia
3373 3058 3644 3111 redemit.
3715 3060 3790 3111 Te

2083 3147 2382 3200 humiliter
2409 3161 2732 3210 exoramus,
2774 3151 2838 3199 ut
2869 3145 3014 3198 sicut
3041 3162 3143 3215 per
3174 3145 3405 3198 illicitos
3433 3147 3744 3215 appetitus
3765 3163 3794 3198 a

2083 3235 2250 3289 beata
2282 3235 2513 3304 regione
2543 3235 2874 3298 decidimus,
2907 3234 2985 3287 sic
3015 3235 3082 3288 ad
3107 3239 3378 3288 aeternam
3407 3235 3660 3304 patriam
3693 3251 3794 3304 per

2082 3324 2482 3377 abstinentiam
2515 3324 2816 3377 redeamus
2853 3340 2864 3376 :
2895 3323 3089 3393 sicque
3115 3323 3445 3376 moderetur
3483 3329 3584 3376 tua
3617 3323 3794 3376 mise-

2081 3412 2302 3466 ratione
2335 3417 2531 3466 nostra
2569 3411 2869 3481 fragilitas,
2918 3418 2978 3464 ut
3022 3417 3079 3465 et
3123 3411 3472 3464 transitoriis
3513 3411 3790 3465 subsidiis

2082 3507 2277 3554 nostra
2309 3506 2660 3554 sustentetur
2705 3501 3038 3566 mortalitas,
3085 3505 3141 3552 et
3179 3516 3281 3569 per
3320 3501 3610 3553 bonorum
3651 3518 3790 3570 ope-

2081 3606 2210 3643 rum
2244 3591 2597 3643 incrementa
2629 3590 2793 3643 beata
2832 3589 3162 3659 acquiratur
3201 3589 3636 3642 immortalitas.
3687 3590 3792 3642 Per

2083 3677 2368 3732 Christum
2379 3717 2391 3728 .

2773 3781 2962 3820 FERIA
3011 3781 3100 3820 Vl.

2151 3875 2380 3928 :Eterne
2429 3874 2595 3926 Deus.
2653 3873 2759 3926 Per
2799 3873 3088 3925 Christum
3133 3872 3441 3925 Dominum
3493 3877 3788 3924 nostrum.

2082 3961 2188 4025 Qui
2215 3966 2298 4014 est
2339 3961 2484 4014 Dens
2518 3965 2786 4026 aeternus,
2831 3961 2923 4014 lux
2969 3959 3327 4027 indeﬁciens,
3371 3961 3600 4013 claritas
3643 3977 3792 4013 sem-

2081 4050 2324 4120 piterna.
2358 4048 2466 4112 Qui
2497 4049 2586 4101 hic
2617 4065 2887 4118 sequaces
2921 4065 3053 4101 suos
3093 4049 3154 4102 in
3189 4049 3311 4102 luce
3345 4049 3624 4118 praecepit
3655 4065 3788 4100 am-

2081 4139 2298 4202 bulare,
2352 4143 2414 4190 ut
2447 4137 2625 4189 noctis
2656 4141 2886 4189 aeternas
2917 4137 3142 4190 valeant
3191 4136 3499 4206 caliginem
3543 4135 3788 4188 evadeze

2083 4231 2138 4281 et
2167 4227 2236 4280 ad
2267 4225 2404 4279 lucis
2455 4224 2693 4294 patriam
2733 4224 2974 4278 feliciter
3027 4225 3349 4294 pervenire.
3395 4225 3502 4287 Qui
3547 4240 3656 4294 per
3685 4224 3788 4276 hu-

2011 4313 2056 4364 D
2086 4315 2388 4368 militatum
2419 4318 2727 4383 assumptus
2754 4313 3132 4365 humanitatis
3159 4314 3436 4366 LaZarum
3465 4312 3645 4378 flevit,
3679 4327 3789 4380 per

2086 4403 2401 4456 divinitatis
2455 4401 2774 4470 potentiam
2821 4401 2948 4454 vitae
2999 4401 3270 4454 reddidit.
3328 4401 3635 4470 Genusque
3675 4399 3790 4452 hu-

2089 4507 2346 4553 manum,
2404 4490 2722 4560 quadriﬁda
2763 4493 3126 4560 peccatorum
3179 4490 3331 4542 mole
3375 4489 3668 4554 obrutum,
3715 4488 3790 4541 ad

2088 4583 2262 4636 vitam
2301 4579 2546 4633 reduxit.
2595 4581 2700 4632 Per
2753 4596 2922 4648 quem
2977 4577 3226 4648 petimus
3263 4577 3474 4647 jejunii
3517 4579 3790 4630 observa-

2085 4671 2242 4724 tione
2276 4689 2306 4722 a
2337 4675 2698 4739 peccatorum
2730 4673 3055 4721 nostrorum
3089 4667 3328 4718 nexibus
3357 4665 3518 4730 solvi,
3551 4671 3788 4718 {etei-nte

2088 4760 2219 4813 vita:
2248 4759 2502 4812 felicitati
2532 4758 2713 4823 reddi,
2741 4763 2798 4811 et
2838 4757 2897 4809 in
2933 4761 3259 4808 sanctorum
3307 4755 3547 4809 ccetibus
3573 4771 3792 4807 conon-

2090 4849 2318 4901 mereri.

2784 4949 3090 4988 SABBATO.

2159 5043 2282 5110 (A.)
2319 5044 2561 5095 AEterne.
2609 5043 2776 5094 Deus.
2826 5039 3226 5094 Misericordiae
3267 5039 3455 5096 dator.
3499 5043 3554 5090 et
3601 5038 3776 5090 totius

2091 5138 2286 5184 auctor
2327 5130 2617 5183 bonitatis.
2663 5129 2770 5192 Qui
2823 5129 3074 5198 jejuniis,
3123 5127 3483 5180 orationibus
3533 5132 3588 5179 et
3633 5128 3782 5179 elae—

2091 5219 2346 5288 mosynis
2413 5223 2777 5286 peccatorum
2871 5218 3126 5270 remedia
3199 5221 3256 5268 et
3319 5217 3603 5269 virtutum
3663 5232 3786 5269 om—

2090 5307 2252 5360 nium
2285 5307 2490 5360 tribuis
2541 5307 2910 5360 incrementa.
2958 5307 3032 5359 Te
3081 5305 3286 5358 humili
3327 5305 3634 5358 devotione
3665 5322 3786 5375 pre-

2093 5415 2313 5468 camur,
2345 5404 2408 5452 ut
2451 5399 2550 5469 qui
2584 5399 2652 5452 ad
2690 5399 2808 5451 haec
2838 5398 3058 5469 agenda
3097 5396 3544 5450 saluberrimam
3589 5397 3786 5450 dedisti
