3868 6228
0 344 63 393 93
960 347 1171 405 LIBER
1211 350 2264 407 SACRAMENTORUM.——PRAEFAT.
2308 348 2534 411 ANTIQ.

3399 348 3503 400 894

1 474 326 540 octrinam,
374 476 444 528 ad
491 478 835 546 complenda
875 479 1214 532 indefessam
1247 480 1464 534 tribuas
1497 481 1693 534 efﬁca-
1731 483 1940 535 AAnte
1989 481 2281 533 missarum
2337 479 2612 541 solemnia,
2661 479 2810 532 inter
2861 476 3253 531 benedictiones
3312 457 3502 530 ramo-

0 560 140 627 iam;
201 569 276 615 ut
326 563 670 618 obedienter
718 572 815 620 tua
856 574 1229 636 exsequentes
1267 575 1567 639 przecepta,
1610 570 1688 624 fe-

0 651 148 702 .citer
184 657 295 704 tua
327 654 631 721 capiamus
664 655 968 722 promissa.
1006 657 1112 708 Per
1145 656 1454 712 Christum.

190 773 528 813 DOIINICA
567 775 605 812 Υ
655 776 716 814 ΙΝ
763 775 1119 815 PASSIONNE
1171 777 1399 817 DOMlNl
1435 771 1476 816 ³.

37 863 154 928 καὶ.)
218 864 464 919 .Eterne
523 867 689 920 Deus.
745 868 1094 936 Majestatem
1147 872 1301 921 tuam
1357 869 1695 937 propensius

0 954 366 1020 mplurantes
404 958 490 1019 ut,
546 963 763 1024 quanto
812 955 995 1026 magis
1040 957 1158 1008 dies
1195 957 1503 1010 salutifera:
1539 958 1694 1009 festi-

8 1041 161 1091 iiatis
192 1042 447 1104 aecedit,
486 1046 644 1094 tanto
685 1044 920 1096 devotus
948 1045 1013 1097 ad
1048 1045 1170 1112 ejus
1200 1044 1373 1114 digne
1405 1046 1699 1098 celebrau-

0 1130 110 1180 lum
171 1131 565 1199 proﬁciamus
611 1133 874 1201 paschale
929 1133 1287 1203 mysterium.
1352 1135 1456 1187 Per
1510 1133 1698 1188 Chris-

0 1233 95 1269 ,ιιω
110 1259 120 1268 .

706 1324 891 1364 FERIA
941 1326 1012 1364 Il.

52 1415 168 1480 ιβ.)
230 1414 472 1466 :Eterne
521 1416 688 1468 Deus.
752 1417 826 1468 Te
879 1416 1216 1486 suppliciter
1267 1422 1585 1479 exorantes,
1640 1420 1703 1469 ut

0 1503 60 1554 sic.
93 1507 300 1554 nostra
342 1503 775 1556 sanctiﬁcantur
805 1505 1048 1573 jejnnia,
1089 1522 1199 1574 quo
1231 1510 1566 1558 cunctorum
1598 1523 1700 1558 no-

0 1592 73 1642 bis
130 1597 523 1659 peccatorum
587 1593 881 1660 proveniat
937 1593 1326 1662 indulgentia;
1397 1598 1697 1662 quatenus,

0 1679 515 1750 appropinquante
565 1681 847 1749 unigeniti
899 1682 1023 1735 Filii
1072 1683 1156 1735 tui
1205 1683 1490 1750 passione,
1526 1683 1699 1735 bono~

0 1784 113 1821 rum
153 1785 416 1838 operum
459 1769 567 1823 tibi
605 1771 933 1840 placeamus
981 1771 1354 1824 exhibitione.
1398 1773 1505 1824 Per
1549 1787 1704 1825 eum-

0 1857 112 1911 dem
148 1857 482 1911 Christum.

691 1961 878 2000 FERIA
926 1962 1028 1999 ΙΙΙ.

59 2051 298 2104 .Eterne
337 2051 513 2104 Deus.
558 2053 623 2106 Et
666 2057 720 2105 te
766 2052 982 2106 devotis
1023 2053 1312 2108 mentibus
1359 2055 1702 2124 supplicare,

0 2143 51 2189 ut
83 2155 189 2192 nos
243 2139 499 2194 interius
529 2141 892 2212 exteriusque
926 2147 1231 2208 restaures,
1267 2148 1322 2196 et
1353 2144 1710 2213 percimonia

0 2227 231 2280 salutari
297 2245 332 2281 a
398 2235 760 2298 peccatorum
816 2230 1079 2284 sordibus
1149 2247 1379 2302 purges.
1434 2233 1501 2285 Et
1565 2249 1710 2303 quos

0 2316 358 2370 illecebrosis
400 2317 875 2372 delectationibus
915 2336 1031 2372 non
1066 2320 1150 2372 vis
1194 2320 1494 2390 impedire,
1542 2321 1707 2390 spiri-

1 2405 247 2458 tualium
281 2405 565 2460 virtutum
598 2406 768 2460 facias
801 2407 991 2476 vigore
1023 2407 1236 2461 muniri
1271 2425 1283 2461 :
1318 2413 1373 2460 et
1416 2408 1494 2460 sic
1522 2407 1580 2460 in
1614 2424 1710 2462 re-

3 2493 100 2544 bus
142 2494 502 2546 transitoriis
546 2495 752 2560 foveas,
800 2500 861 2548 ut
903 2496 1198 2566 perpetuis
1241 2497 1521 2549 inhrerere
1567 2512 1709 2550 con-

9 2581 184 2634 cedas.
222 2582 334 2634 Per
365 2582 679 2636 Christum.

698 2687 886 2726 FERIA
934 2688 1021 2726 IV.

71 2777 311 2832 .ﬁterne
368 2779 536 2832 Deus.
591 2780 658 2832 Et
700 2783 754 2832 te
811 2779 1058 2850 supplici
1109 2779 1407 2833 devotione
1454 2794 1707 2844 exorare,

11 2873 63 2917 u‘.
113 2882 220 2936 per
263 2867 496 2936 jejunia
543 2884 672 2938 qum
722 2868 893 2921 sacris
940 2868 1214 2922 institutis
1264 2867 1646 2938 exsequimnr,
1682 2883 1710 2918 a

11 2954 222 3006 cunctis
259 2955 523 3007 reatibus
553 2956 854 3009 emundari
898 2973 1226 3010 mereamur
1260 2973 1272 3010 :
1308 2963 1583 3026 tuamque
1615 2971 1709 3006 va-

13 3041 227 3095 leamus
272 3043 574 3113 percipere
624 3046 1120 3115 propitiationem,
1172 3046 1270 3116 qui
1320 3060 1714 3116 praeparantur
1752 3074 1791 3130 Ο

11 3131 68 3182 ad
100 3133 514 3186 celebrandam
557 3133 839 3203 unigeniti
890 3135 1014 3188 Filii
1062 3135 1146 3188 tui
1215 3135 1555 3206 passionem.
1609 3135 1715 3187 Per

12 3236 172 3290 quem
210 3221 597 3292 majestatem.

716 3328 906 3367 FERIA
953 3328 1008 3365 V.

73 3416 312 3470 .Eterne
364 3417 535 3470 Deus.
576 3417 681 3481 Qui
719 3418 798 3471 sic
833 3435 935 3472 nos
973 3417 1178 3472 tribuis
1208 3418 1570 3472 solemnitate
1610 3416 1715 3470 tibi

17 3500 257 3569 deferre,
283 3503 602 3573 jejunium,
640 3509 701 3556 ut
734 3504 1109 3574 indulgentiae
1141 3509 1254 3558 tuae
1289 3520 1581 3574 speremus
1613 3519 1714 3555 nos

17 3590 312 3658 percipere
350 3590 693 3644 subsidium.
737 3592 822 3646 Sic
866 3609 965 3645 nos
1008 3592 1242 3644 instruis
1273 3591 1342 3644 ad
1374 3591 1715 3644 celebranda

19 3679 304 3744 paschalia
333 3679 499 3744 festa,
539 3685 602 3732 ut
635 3697 735 3750 per
769 3681 890 3734 haec
925 3681 1286 3750 acquiramus
1317 3679 1528 3750 gaudia
1560 3696 1711 3732 sem-

19 3767 259 3836 piterna.
298 3769 410 3821 Per
440 3767 744 3822 Christum.

714 3891 892 3930 FERIA
939 3891 1027 3930 VI.

79 3981 197 4048 β.)
239 3982 471 4034 :‘Eterne
510 3981 674 4034 Deus.
713 3981 884 4049 Cujus
933 3997 1036 4034 nos
1068 3979 1458 4034 misericordia
1498 3996 1713 4049 przeve-

19 4070 111 4130 nit,
163 4073 231 4121 ut
277 4069 426 4122 bene
466 4083 732 4137 agamus;
775 4070 1162 4139 subsequitur,
1217 4086 1290 4122 ne
1330 4070 1538 4122 frustra
1587 4085 1716 4140 aga-

19 4171 163 4222 mus;
198 4158 466 4212 accendit
511 4158 914 4219 intentionem,
953 4174 1065 4228 qua
1096 4159 1162 4210 ad
1194 4160 1347 4210 bona
1375 4174 1545 4225 opera
1581 4175 1712 4227 per-

21 4247 233 4314 agenda
281 4246 742 4310 iuardescamus;
794 4247 997 4299 tribuit
1046 4247 1378 4308 efﬁcaciam,
1432 4263 1544 4314 qua
1591 4246 1714 4299 haec

23 4336 77 4386 ad
126 4335 454 4404 perfectum
511 4335 820 4404 perducere
853 4335 1161 4387 valeamus.
1214 4335 1388 4386 Tuam
1440 4348 1575 4402 ergo
1605 4332 1712 4384 cle-

23 4424 288 4476 mentiam
327 4423 628 4476 indefessis
659 4423 887 4476 vocibus
918 4423 1302 4488 obsecramus,
1337 4429 1399 4474 ut
1432 4437 1529 4472 nos
1558 4421 1710 4489 jeju-

22 4512 91 4562 nii
139 4513 390 4564 victimis
437 4527 470 4564 a
515 4513 760 4579 peccatis
807 4513 1129 4577 mundatos,
1189 4511 1258 4563 ad
1313 4510 1710 4563 celebrandam

23 4600 295 4670 nnigeniti
328 4599 456 4652 Filii
493 4600 572 4651 tui
601 4599 827 4652 Domini
859 4599 1037 4652 nostri
1069 4599 1392 4668 passionem
1424 4598 1594 4651 facias
1619 4597 1712 4650 de-

25 4694 191 4740 rotos.
227 4690 333 4742 Per
363 4705 537 4758 quem
572 4689 950 4755 majestatem.

710 4807 1016 4847 SABBATO.

86 4899 197 4968 (ϐ.)
251 4899 486 4953 Eterne
538 4900 706 4951 Deus.
767 4899 940 4968 Cujus
987 4915 1085 4951 nos
1127 4899 1267 4950 tides
1305 4897 1530 4963 excitat,
1583 4912 1711 4965 spes

29 4987 198 5055 erigit,
250 4987 501 5040 charitas
525 4987 746 5056 jungit;
779 4988 941 5055 cujus
981 4986 1272 5039 miseratio
1324 4985 1570 5054 gratuita
1603 5000 1710 5052 pu-

29 5076 210 5141 riﬁcat,
265 5093 416 5146 quos
462 5075 827 5128 conscientia).
876 5081 1066 5128 reatus
1118 5082 1364 5128 accusat.
1411 5075 1484 5127 Te
1534 5073 1712 5142 igitur

31 5181 139 5218 cum
165 5166 397 5218 interno
424 5163 618 5233 rugitu
647 5165 1041 5232 deprecamur,
1065 5169 1128 5217 ut
1153 5163 1394 5216 carnalis
1422 5161 1709 5214 alimoniae

31 5253 394 5306 refrenatioue
464 5252 761 5321 castigati,
829 5253 898 5304 ad
967 5252 1373 5305 celebrandum
1447 5251 1709 5320 paschale

33 5344 350 5408 mysterium
408 5340 771 5394 inveniamur
819 5341 1030 5394 idonei.
1085 5343 1190 5394 Per
1239 5340 1545 5394 Christum.
1605 5340 1711 5391 Per

32 5445 198 5498 quem.

90 5616 111 5638 ³
135 5607 360 5667 Amer
394 5607 545 5671 feria
578 5621 634 5657 ιι.

2577 564 2716 601 rum.

1869 659 1896 698 Ι)
1926 658 2172 725 Aiqnnm
2227 657 2283 707 et
2332 653 2597 707 salutare.
2648 655 2742 718 'l‘e,
2791 653 3050 719 Domine,
3095 654 3246 705 inter
3295 656 3499 706 caetera

1803 743 2153 796 mirabilium
2190 748 2416 794 tuorum
2449 746 2732 809 pracepta
2772 741 3003 793 laudare
3051 745 3105 793 et
3138 740 3497 808 benedicere,

1804 832 1904 903 qui
1949 831 2208 893 Lamech,
2249 847 2446 883 semen
2489 829 2730 898 justum,
2782 829 2983 880 dedisti
3026 830 3165 893 Noe,
3217 829 3307 880 cui
3339 845 3490 881 reve-

1805 921 1931 974 lasti
1979 936 2080 989 per
2118 921 2381 988 spiritum
2427 935 2602 987 aquas
2649 916 2846 970 diluvii
2879 918 3096 969 futuras
3135 933 3495 984 cognoscere.

1808 1011 1981 1078 Cujus
2013 1024 2203 1060 arcam
2250 1009 2316 1059 ad
2360 1013 2614 1058 nostram
2655 1006 2898 1058 salutem
2955 989 3196 1056 testatur
3239 1005 3505 1068 Ecclesia,

1809 1097 1877 1150 de
1939 1113 2052 1166 qua
2111 1096 2318 1148 emissa
2373 1096 2639 1147 columba
2696 1095 2910 1157 volans,
2974 1093 3256 1162 spiritales
3343 1093 3508 1145 oliva!

1808 1185 2164 1238 fructuosum
2219 1184 2603 1236 ramusculqu
2641 1183 2853 1246 retulit,
2888 1198 3063 1250 quam
3113 1181 3183 1233 ad
3225 1198 3282 1232 se
3325 1197 3506 1234 rever-

1807 1281 2023 1328 tentem
2077 1275 2192 1326 Noe
2242 1274 2497 1340 gaudens
2549 1273 2799 1340 suscepit
2872 1273 2950 1323 De
2993 1270 3155 1328 cuius
3204 1270 3349 1322 rami
3403 1287 3509 1323 un-

1809 1363 1994 1415 ctione
2034 1362 2205 1414 Jacob
2247 1363 2479 1426 electus,
2515 1359 2747 1412 titulum
2791 1359 2988 1419 erexit,
3035 1360 3275 1411 Domino
3313 1364 3508 1411 votum

1810 1451 1981 1516 vovit,
2014 1457 2068 1502 et
2099 1451 2290 1502 oleum
2323 1449 2566 1518 desuper
2593 1448 2742 1501 fudit
2778 1445 2928 1517 [tizec
2977 1452 3062 1499 est
3114 1446 3327 1499 indicio
3363 1447 3508 1500 rami

1809 1539 1966 1592 illius
2019 1536 2324 1607 manantis]
2383 1536 2664 1588 manantis
2705 1537 2772 1588 de
2823 1535 2977 1588 caelis
3031 1533 3248 1603 gratim,
3302 1551 3403 1587 sua
3455 1540 3512 1587 et

1810 1627 2006 1696 populi
2036 1643 2167 1678 vasa
2197 1626 2486 1692 replentis.
2522 1627 2648 1678 Haec
2680 1631 2764 1676 est
2791 1623 2994 1691 gratia,
3031 1639 3158 1692 qli'ce
3189 1629 3244 1674 et
3273 1623 3505 1676 viduam

1814 1714 2105 1768 benedixit
2137 1714 2196 1766 in
2241 1715 2398 1777 oleo;
2439 1711 2558 1765 haec
2595 1721 2680 1765 est
2723 1712 2933 1765 indicio
2981 1713 3126 1764 rami
3159 1712 3311 1765 illius
3344 1713 3506 1781 plan-

1743 1779 1782 1831 Β
1818 1802 1915 1854 tati
1953 1818 2111 1854 secus
2152 1802 2424 1854 decursus
2462 1816 2765 1869 aquarum,
2815 1801 2975 1867 cujus
3007 1799 3209 1851 folium
3256 1815 3370 1872 non
3405 1800 3512 1852 de-

1818 1891 1966 1956 fluit,
2003 1907 2106 1959 per
2145 1891 2298 1960 quod
2349 1889 2604 1959 quotidie
2656 1905 2759 1958 per
2814 1890 3096 1941 lavacrum
3152 1888 3513 1958 baptismatis

1819 1979 2063 2033 Ecclesia
2131 1984 2480 2047 procreatur,
2549 1983 2605 2030 et
2670 1984 2866 2030 nostra
2922 1978 3186 2029 delentur
3261 1981 3510 2045 peccata.

1818 2071 1948 2123 Haec
1987 2074 2071 2120 est
2097 2073 2212 2133 tua,
2245 2067 2507 2132 Domine,
2541 2066 2820 2134 plantatio
2867 2066 3013 2118 bona
3056 2065 3239 2130 valde,
3273 2070 3330 2117 et
3362 2070 3420 2116 tu
3456 2081 3515 2117 es

1819 2157 1935 2209 vita
1981 2163 2038 2209 et
2085 2155 2425 2208 resurrectio
2474 2161 2852 2218 mortuorum,
2913 2153 3013 2222 qui
3058 2147 3510 2222 quatriduanum

1820 2243 2093 2296 Lazarum
2140 2242 2488 2296 resuscitasti
2520 2259 2550 2294 a
2586 2244 2848 2294 mortuis.
2894 2241 3200 2309 Propterea
3247 2243 3302 2290 et
3346 2237 3513 2290 turba

1819 2347 1946 2384 cum
1993 2331 2164 2384 ramis
2212 2331 2535 2400 palmarum
2583 2329 2816 2383 obvians
2865 2328 2988 2390 tibi,
3031 2327 3312 2380 clamabat
3346 2343 3358 2378 ε
3392 2328 3509 2380 Ho-

1819 2436 1994 2474 sanna
2050 2420 2352 2474 benedictus
2412 2422 2508 2488 qui
2565 2421 2710 2472 venit
2763 2421 2820 2470 in
2872 2418 3084 2470 nomine
3135 2415 3358 2468 Domi-ni
3413 2430 3511 2467 rea:

1818 2509 2012 2563 Israel.
2055 2508 2414 2578 Quapropter
2455 2523 2804 2578 quaesumus,
2849 2505 3105 2568 Domine,
3146 2503 3512 2557 clementiam

1819 2603 1978 2651 tuam
2027 2603 2091 2650 ut
2123 2614 2224 2650 nos
2272 2597 2515 2649 famulos
2547 2602 2695 2663 tuos,
2730 2595 2828 2665 qui
2859 2594 3030 2664 hujus
3061 2593 3140 2646 rei
3167 2592 3410 2661 gratiam
3455 2595 3512 2644 et

1820 2686 1994 2740 tidem
2026 2686 2279 2739 veritatis
2318 2684 2697 2755 percepimus,
2731 2700 2897 2736 eruas
2933 2685 3000 2734 de
3041 2697 3137 2733 ore
3185 2680 3416 2747 inferni,
3457 2685 3515 2732 et

1821 2777 2171 2845 adjutorium
2225 2775 2388 2828 nobis
2432 2774 2629 2844 gratiae
2681 2778 2794 2825 tua:
2845 2771 3094 2824 tribuere
3146 2769 3417 2838 digneris,
3454 2773 3514 2820 ut

1814 2865 1968 2934 juste
2018 2872 2076 2917 et
2125 2864 2215 2933 pie
2261 2869 2566 2932 sancteque
2598 2862 2867 2928 viventes,
2915 2875 3045 2911 cum
3076 2858 3268 2911 electis
3298 2862 3353 2910 et
3388 2872 3513 2909 san.

1823 2953 1926 3006 etis
1958 2953 2069 3006 tuis
2100 2952 2269 3005 facias
2300 2952 2508 3004 habere
2540 2949 2910 3002 consortium.
2947 2950 3052 3001 Per
3081 2947 3366 2999 eumdem.

2307 3053 2611 3092 DOMINICA
2661 3054 2722 3091 IN
2774 3051 3031 3091 PALMIS.

1893 3130 2118 3182 zEterne
2164 3129 2330 3181 Deus.
2378 3129 2485 3180 Per
2538 3126 2823 3180 Christum
2874 3125 3185 3178 Dominum
3230 3125 3509 3175 nostrum.

1823 3219 1930 3271 Per
1979 3233 2150 3287 quem
2197 3216 2366 3269 nobis
2407 3215 2761 3284 indulgentia
2805 3213 3060 3283 largitur,
3110 3217 3164 3266 et
3203 3227 3310 3281 pax
3344 3225 3514 3263 omne

1824 3307 2097 3358 saacnlnm
2156 3304 2520 3375 praedicatur,
2581 3305 2823 3357 traditur
2875 3302 3093 3356 cunctis
3149 3299 3515 3354 credentibus

1823 3393 2146 3463 disciplina,
2192 3399 2257 3445 ut
2300 3392 2676 3445 sanctiticatos
2720 3408 2820 3444 nos
2863 3390 3040 3461 possit
3083 3389 3203 3443 dies
3242 3393 3515 3442 venturus

1824 3483 2100 3553 excipere.
2137 3483 2200 3536 Et
2232 3481 2359 3534 ideo
2389 3497 2519 3534 cum
2552 3496 2682 3549 ang.

2521 3583 2705 3621 FERIA
2753 3583 2823 3620 Il.

1893 3657 2014 3728 (Α.)
2048 3659 2271 3710 ίΕῐθΓηρ
2320 3657 2483 3708 Deus.
2540 3657 2646 3708 Per
2699 3655 2982 3708 Christum
3035 3652 3344 3707 Dominum
3398 3667 3509 3704 no-

1823 3753 2023 3800 strum.
2068 3746 2239 3814 Cujus
2283 3761 2382 3796 nos
2416 3744 2741 3797 humanitas
2786 3742 3022 3809 colligit,
3061 3740 3353 3793 humilitas
3399 3739 3509 3792 eri-

1823 3835 1924 3906 git,
1968 3834 2198 3888 traditio
2237 3833 2497 3898 absolvit,
2538 3848 2706 3902 poena
2748 3831 2996 3896 redimit,
3039 3845 3174 3881 crux
3213 3828 3510 3898 salviticat,

1823 3923 2052 3993 sanguis
2077 3923 2376 3988 emaculet,
2408 3937 2537 3974 caro
2569 3920 2812 3989 saginat.
2843 3921 2949 3973 Per
2979 3934 3150 3989 quem
3178 3923 3253 3985 te,
3287 3932 3511 3970 summe

1824 4015 2007 4077 Pater,
2053 4027 2182 4063 cum
2221 4011 2573 4081 jejuniornm
2622 4007 2897 4078 obsequio
2940 4007 3304 4061 obsecramus
3335 4009 3396 4057 ut
3444 4004 3512 4057 ad

1824 4103 1945 4169 ejus
2011 4099 2407 4153 celebrandam
2457 4097 2778 4168 passionem
2849 4095 3160 4167 puriticatis
3225 4093 3513 4147 mentibus

1822 4189 2173 4243 accedamus.
2206 4190 2311 4241 Per
2342 4203 2534 4257 quem.

2503 4290 2686 4328 FERIA
2737 4289 2838 4328 III.

1897 4365 2014 4434 (A.)
2047 4365 2272 4417 .r'Eterne
2331 4366 2496 4417 lleus.
2559 4365 2662 4417 Per
2710 4363 2997 4417 Christum
3053 4361 3361 4415 Dominum
3414 4376 3514 4412 uo-

1822 4460 2020 4508 strnm.
2076 4455 2248 4522 Cujus
2303 4453 2612 4506 salutiferae
2670 4452 3060 4521 passionis'et
3113 4448 3375 4518 gloriosae
3424 4463 3514 4500 re-

1822 4543 2188 4597 surrectionis
2219 4542 2339 4595 dies
2371 4541 2833 4612 appropinquare
2862 4543 3193 4600 noscuntur,
3217 4537 3278 4589 in
3306 4535 3514 4603 quibus

1821 4637 1877 4686 et
1919 4632 2136 4701 antiqui
2190 4632 2369 4684 hostis
2421 4629 2684 4699 superbia
2737 4628 3146 4695 triumphatur,
3197 4630 3253 4676 et
3299 4629 3511 4676 nostra;

1820 4721 2235 4790 redemptionis
2265 4719 2583 4773 celebratur
2623 4714 2977 4785 mysterium.
3026 4712 3182 4766 Unde
3229 4712 3510 4781 poscimus

1819 4815 1978 4863 tuam
2007 4809 2347 4862 immensam
2380 4805 2738 4859 clementiam
2772 4809 2834 4855 ut
2861 4802 3000 4853 sicut
3028 4801 3084 4852 in
3127 4816 3193 4851 eo
3223 4800 3341 4852 solo
3372 4814 3507 4851 con-

1821 4898 1968 4951 sistit
1998 4898 2171 4950 totius
2201 4901 2408 4948 uostraa
2441 4891 2766 4945 salvationis
2812 4903 3049 4948 summa,
3099 4887 3178 4939 ita
3221 4903 3323 4956 per
3376 4903 3509 4939 eum

1820 4985 1918 5038 tibi
1953 4985 2026 5037 sit
2057 4981 2412 5054 jejuniorum
2458 4986 2510 5032 et
2544 4984 2770 5030 actuum
2809 4983 3134 5029 nostrorum
3170 4991 3399 5044 semper
3426 4974 3508 5026 vi-

1819 5074 1990 5128 ctima
2024 5078 2202 5143 grata.
2238 5072 2344 5124 Per
2373 5085 2570 5139 quem.

2504 5170 2692 5209 FBRIA
2740 5170 2823 5208 IV.

1890 5248 2008 5317 (Α.)
2058 5248 2282 5299 diter-ne
2331 5246 2494 5298 Dens.
2545 5244 2653 5295 Per
2702 5241 2983 5294 Christum
3045 5238 3352 5293 Dominum
3404 5255 3506 5291 no-

1819 5343 2018 5390 strum.
2055 5335 2160 5397 Qui
2186 5334 2460 5385 innocens
2502 5347 2605 5400 pro
2646 5330 2838 5399 impiis
2878 5328 3058 5380 voluit
3100 5329 3238 5398 pati,
3292 5333 3348 5381 et
3395 5345 3503 5397 pro

1818 5423 2102 5480 sceleratis
2133 5421 2386 5475 indebita
2437 5418 2829 5472 condemnari.
2884 5417 3054 5486 Cujus
3103 5433 3259 5470 mors
3304 5417 3510 5472 delicta

1889 5607 1914 5647 ιι
1957 5603 2106 5659 Ordo
2134 5602 2320 5668 Rom.,
2353 5617 2483 5671 pag.
2512 5600 2596 5652 45.
