3868 6228
369 361 470 410 893

1505 362 1844 416 GRIMALDI
1888 361 2400 416 SANCALLENSIS
2439 362 2732 416 ABBATIS
3773 373 3834 402 sm

369 492 564 541 nostra
608 489 860 554 detorsit,
891 493 946 542 et
985 489 1327 544 resurrectio
1377 491 1541 544 nobis
1587 491 2056 559 justiﬁcationem
2095 494 2140 545 Α
2173 491 2411 545 mortuis
2461 490 2790 545 resurrexit.
2829 491 2870 545 Ο
2919 495 3162 557 noctem,
3221 506 3352 561 qua:
3399 489 3586 542 tinem
3637 491 3832 542 tenebri

368 576 640 630 exhibuit.
673 579 778 630 Per
816 593 988 647 quem
1030 582 1186 631 tuam
1231 579 1503 648 pietatem
1545 580 1830 649 supplices
1862 597 2064 632 exora-

365 681 493 718 mus
547 671 609 718 ut
649 665 725 718 sic
765 683 866 719 nos
905 667 1071 720 hodie
1107 685 1139 720 a
1183 669 1428 738 peccatis
1478 671 1779 734 emacules,
1827 674 1889 722 ut
1943 686 2066 722 cras

365 753 702 807 venerabilis
763 755 947 807 carnis
1007 755 1246 823 dapibus
1301 757 1516 820 saties;
1576 757 1746 809 hodie
1811 762 2064 826 acceptes

363 842 780 895 confessionem
841 849 1163 896 nostrorum
1219 845 1635 914 peccaminum,
1685 851 1739 898 et
1783 861 1904 898 cras
1960 845 2058 898 tri-

367 931 508 984 buas
561 931 946 1000 spiritualium
996 933 1351 987 incrementa
1395 933 1678 986 donorum
1724 951 1735 987 :
1779 934 1948 987 hodie
1984 936 2064 1004 je-

360 1019 654 1089 juniorum
699 1025 1027 1073 nostrorum
1069 1027 1200 1074 vota
1245 1022 1540 1091 suscipias,
1581 1027 1636 1075 et
1676 1038 1797 1075 cras
1842 1039 1946 1075 nos
1994 1024 2060 1076 ad

366 1107 758 1162 sacratissima:
789 1109 974 1162 carnis
1004 1110 1330 1162 convivium
1361 1110 1709 1164 introducas.
1745 1113 1851 1164 Per
1891 1129 2062 1182 quem

366 1197 752 1266 majestatcm.

755 1299 944 1337 FERIA
991 1299 1020 1336 ν
1071 1299 1134 1338 IN
1183 1298 1371 1338 COENA
1421 1298 1673 1338 DOMINI.

438 1369 667 1423 [Eterne
717 1373 882 1424 Deus.
933 1373 1039 1424 Per
1089 1373 1376 1426 Christum
1433 1372 1737 1426 Dominum
1779 1379 2058 1426 nostrum.

368 1458 547 1521 Quem
583 1459 642 1512 in
674 1460 778 1512 hac
805 1465 970 1513 nocte
1000 1461 1150 1514 inter
1189 1477 1374 1514 sacras
1419 1463 1614 1531 epulas
1647 1462 2059 1530 increpantem,

364 1563 526 1599 mens
576 1547 681 1601 sibi
717 1549 944 1600 conscia
997 1549 1284 1602 traditoris
1327 1550 1474 1602 ferre
1526 1566 1638 1602 non
1691 1550 1892 1618 potuit.
1955 1551 2059 1603 Sed

366 1637 758 1703 apostolorum
807 1637 1003 1690 relicto
1051 1638 1334 1690 consortio
1381 1638 1675 1706 sanguinis
1727 1638 1976 1707 pretium
2031 1655 2061 1690 a

362 1725 572 1777 Judaais
626 1727 862 1795 accepit,
913 1731 979 1780 ut
1021 1727 1198 1780 vitam
1249 1727 1516 1797 perderet
1562 1744 1734 1796 quam
1778 1727 2056 1780 distraxit.

367 1813 620 1866 Cmnavit
670 1815 849 1882 igitur
901 1815 1071 1868 hodie
1127 1815 1387 1884 proditor
1444 1821 1688 1869 mortem
1743 1833 1944 1882 suam,
2004 1821 2062 1870 et

366 1902 618 1954 cruentis
652 1903 916 1956 manibus
963 1919 1170 1974 panem
1205 1904 1273 1957 de
1314 1921 1484 1957 manu
1523 1905 1831 1958 Salvatoris
1875 1905 2056 1959 exitu-

369 2005 464 2040 rus
493 1991 728 2059 accepit,
765 1996 824 2044 ut
859 1993 1180 2062 saginatum
1209 1993 1333 2045 cibo
1367 1993 1549 2062 major
1583 2009 1748 2062 pmna
1779 1994 2060 2046 constrin-

367 2083 545 2146 geret,
589 2095 760 2148 quem
799 2096 900 2132 ncc
942 2081 1144 2136 sacrati
1183 2081 1292 2133 cihi
1334 2082 1560 2133 collatio
1605 2083 1674 2133 ab
1717 2082 1926 2134 scelere
1967 2098 2062 2134 re-

367 2173 610 2219 vocaret.
647 2168 864 2221 Patitur
907 2169 1104 2238 itaque
1147 2169 1423 2222 Dominus
1465 2176 1658 2222 noster
1696 2171 1858 2224 .lesus
1899 2171 2060 2225 Chri-

369 2257 488 2307 stus
517 2257 689 2308 Filius
737 2261 887 2320 tuus,
932 2273 1062 2310 cum
1109 2258 1268 2310 hoste
1313 2259 1684 2311 novissimum
1719 2259 2062 2328 participare

368 2343 708 2410 convivium,
761 2363 790 2396 a
825 2361 938 2415 quo
985 2362 1042 2398 se
1081 2352 1317 2398 noverat
1355 2347 1626 2398 continuo
1663 2363 1783 2400 esse
1831 2349 2060 2400 traden-

370 2433 530 2498 dum,
565 2439 626 2484 ut
671 2434 994 2502 exemplum
1033 2434 1376 2487 innocentiae
1428 2435 1641 2488 mundo
1687 2436 2058 2504 relinqueret,

372 2525 426 2573 et
458 2520 782 2590 passionem
831 2539 990 2574 suam
1023 2539 1127 2592 pro
1161 2523 1352 2575 saeculi
1395 2524 1782 2594 redemptione
1832 2525 2064 2594 supple-

369 2613 476 2662 ret.
509 2609 693 2662 Pascit
721 2609 896 2678 igitur
938 2611 1091 2663 mitis
1127 2613 1271 2664 Deus
1303 2612 1584 2664 immitem
1623 2613 1824 2666 Judam
1867 2619 1921 2666 et
1962 2630 2058 2665 su-

371 2698 542 2752 stinet
581 2698 710 2766 pius
758 2699 1048 2752 crudelem
1087 2700 1402 2752 convivam.
1455 2701 1562 2764 Qui
1606 2703 1810 2754 merito
1855 2703 2061 2771 laqueo

372 2803 472 2840 suo
501 2787 792 2856 periturus
831 2795 972 2854 erat,
1009 2789 1160 2858 quod
1193 2789 1262 2842 de
1297 2790 1558 2859 magistri
1588 2791 1865 2859 sanguine
1907 2790 2060 2860 cogi-

367 2881 534 2930 tarat.
570 2877 610 2929 Ο
661 2877 967 2930 Dominum
1007 2894 1108 2947 per
1152 2879 1346 2931 omnia
1386 2877 1730 2947 patientem!
1775 2879 1816 2932 Ο
1849 2897 2062 2949 agnum

369 2964 520 3016 inter
559 2982 688 3018 suas
728 2966 924 3035 epulas
965 2966 1193 3019 mitem!
1239 2965 1438 3020 Cibum
1481 2967 1604 3036 ejus
1641 2967 1811 3019 Judas
1857 2967 1915 3019 in
1965 2983 2062 3020 ore

2173 579 2357 650 ponit,
2401 586 2456 632 et
2499 585 2726 633 aeternas
2770 579 2910 632 lucis
2958 579 3109 632 viam
3157 577 3392 648 pandit!
3455 585 3714 642 noctem,
3755 594 3841 645 qua

2174 669 2366 722 videre
2399 671 2627 735 meruit,
2665 675 2720 722 et
2753 669 2900 722 vinci
2933 669 3244 732 diabolum,
3287 675 3340 721 et
3386 685 3700 736 resurgere
3733 669 3841 719 tlzni

2173 757 2351 811 stum!
2401 759 2443 812 Ο
2491 763 2734 823 noctem,
2775 757 2834 809 in
2891 773 3002 827 qua
3043 762 3256 810 tartara
3307 757 3662 824 spoliantur,
3709 763 3841 808 san-ti

2172 847 2243 900 ab
2271 846 2467 899 inferis
2489 847 2823 912 liberantur,
2855 847 3100 900 caelestis
3127 846 3330 916 patrias
3355 846 3550 898 aditus
3587 845 3832 912 aperitur

2173 937 2214 990 Ο
2257 941 2500 1000 noctem,
2549 935 2608 988 in
2649 952 2764 1006 qua
2809 937 2867 988 in
2915 935 3258 1004 baptismate
3309 933 3666 987 delictorum
3717 937 3843 984 turb:

2171 1024 2495 1095 perimitur,
2529 1024 2634 1077 lilii
2673 1024 2812 1077 lucis
2850 1024 3134 1076 oriuntur.
3178 1023 3327 1086 Quos
3367 1023 3644 1090 exemplo
3691 1023 3843 1075 Domi

2172 1114 2314 1166 nica:
2360 1113 2559 1166 matris
2609 1113 2820 1178 Marias,
2863 1113 2984 1165 sine
3025 1112 3396 1181 corruptione
3445 1117 3654 1164 sancta
3707 1127 3838 1162 mm

2171 1203 2418 1255 Ecclesia
2461 1202 2727 1272 concipit,
2759 1203 2880 1254 sine
2923 1201 3116 1254 dolore
3161 1201 3332 1271 parit,
3381 1203 3439 1253 et
3489 1215 3626 1252 cum
3679 1199 3845 1268 gaudii

2171 1291 2241 1344 ad
2278 1291 2514 1344 meliora
2540 1291 2822 1360 provehit.
2860 1291 2922 1343 Et
2955 1290 3101 1344 ideo.

2769 1397 2934 1462 Infra
2981 1397 3262 1448 actionem.

2243 1505 2354 1570 (ϐ.)
2391 1502 2913 1568 Communicantes,
2949 1506 3005 1556 et
3033 1505 3256 1554 noctem
3297 1499 3754 1554 sacratissimam
3785 1513 3848 1550 ce

2169 1591 2477 1656 lebrantes,
2523 1591 2952 1644 resurrectionis
2999 1589 3228 1643 Domini
3271 1591 3454 1641 nostri
3489 1590 3622 1642 Jesu
3674 1587 3847 1640 Christ

2169 1680 2484 1733 secundum
2525 1697 2776 1745 carnem,
2821 1680 2914 1732 sed
2955 1685 3010 1732 et
3053 1679 3394 1732 memoriam
3439 1682 3790 1730 venerantes
3819 1675 3848 1726 i:

2101 1768 2372 1840 Bprimis
2429 1769 2692 1838 gloriosas
2749 1783 2974 1838 semper
3025 1767 3261 1837 virginis
3311 1767 3528 1830 Mariae,
3583 1763 3842 1834 geniti-iri

2172 1857 2426 1926 ejusdem
2471 1857 2570 1912 Dei
2610 1863 2664 1909 et
2705 1857 2930 1910 Domini
2977 1856 3157 1909 nostri
3204 1857 3332 1910 Jesu
3381 1855 3630 1920 Christi;
3679 1853 3774 1906 sed
3823 1871 3846 1906 ε

2172 1945 2468 1998 beatorum
2503 1946 2912 2015 apostolorum.

2239 2034 2354 2100 (6.)
2389 2035 2540 2087 Hanc
2579 2033 2754 2101 igitur
2781 2032 3130 2086 oblationem
3169 2031 3458 2084 servitutis
3498 2035 3746 2094 nostra),
3783 2029 3860 2082 sed

2173 2127 2229 2175 et
2265 2127 2481 2175 cunctze
2517 2122 2750 2175 familias
2787 2127 2919 2188 tuae,
2963 2137 3136 2190 quam
3175 2120 3276 2172 tibi
3309 2119 3613 2172 olferimus
3648 2135 3760 2187 pro
3799 2117 3860 2168 hie

2172 2227 2402 2280 quoque
2462 2227 2606 2281 quos
2655 2225 2990 2280 regenerare
3049 2209 3318 2278 dignatus
3369 2224 3448 2275 es,
3499 2223 3572 2260 ex
3625 2223 3780 2276 aqua
3821 2211 3862 2258 el

2171 2300 2386 2368 Spiritu
2435 2305 2644 2364 sancto,
2701 2299 2958 2351 tribuens
3011 2297 3090 2349 eis
3149 2295 3556 2349 remissionem
3615 2295 3862 2347 omnium

2171 2393 2563 2458 peccatorum;
2593 2403 2944 2458 quaesumus,
2985 2384 3244 2450 Domine,
3283 2389 3343 2436 ut
3371 2383 3518 2452 plac.

2601 2509 2662 2547 ΙΝ
2715 2507 2816 2546 DIE
2868 2507 3108 2546 SANCTO
3155 2504 3438 2544 PASCKJL

2244 2581 2355 2650 ('G.)
2383 2583 2624 2652 .Equum
2659 2586 2713 2634 et
2743 2581 3010 2634 salutare.
3034 2581 3110 2632 Te
3141 2578 3394 2648 quidem,
3425 2575 3698 2640 Domine,
3723 2573 3863 2628 omni

2171 2674 2450 2741 tempore,
2485 2671 2580 2723 sed
2613 2669 2669 2722 in
2705 2670 2810 2723 hoc
2843 2668 3206 2738 potissimum
3239 2667 3350 2732 die,
3385 2671 3444 2718 ut
3471 2681 3672 2734 supra.

2945 2775 3098 2826 Alia.

2243 2885 2468 2935 stiterne
2506 2883 2672 2934 Deus.
2709 2881 2772 2934 Et
2801 2885 2854 2933 te
2887 2879 3044 2933 omni
3075 2877 3308 2948 quidem
3356 2883 3648 2947 tempore,
3685 2877 3784 2929 sed
3819 2875 3865 2927 in

2171 2971 2278 3024 hac
2311 2970 2596 3040 praecipue
2633 2969 2723 3022 die
2753 2968 3004 3030 laudare,
3045 2967 3384 3020 benedicere
3431 2973 3488 3018 et
3535 2965 3866 3034 praedicare,

369 3051 606 3116 ferebat,
642 3057 696 3104 et
739 3053 948 3121 quibus
981 3069 1110 3105 eum
1145 3053 1416 3120 traderet,
1457 3060 1851 3122 persecutores
1891 3055 2060 3108 advo-
2103 3085 2141 3138 ρ
2173 3077 2286 3130 quo
2339 3060 2550 3112 Pascha
2596 3063 2850 3110 nostrum
2909 3055 3235 3110 immolatus
3284 3059 3368 3106 est
3419 3055 3708 3109 Christus.
3777 3054 3866 3104 Per

369 3141 550 3194 cabat.
585 3141 694 3194 Sed
727 3139 900 3194 Filius
931 3146 1062 3194 tuus
1099 3141 1374 3194 Dominus
1408 3147 1601 3195 noster
1631 3149 1924 3213 tamquam
1969 3144 2064 3214 pia

369 3228 572 3294 hostia,
615 3235 668 3281 et
713 3229 1000 3282 immolari
1041 3247 1097 3282 se
1135 3230 1236 3282 tibi
1286 3247 1389 3299 pro
1423 3231 1585 3284 nobis
1618 3231 1901 3300 patienter
1931 3250 2061 3302 pro-

368 3317 544 3384 misit,
596 3323 650 3370 et
699 3323 994 3388 peccatum
1044 3319 1198 3388 quod
1249 3319 1495 3372 mundus
1545 3320 1926 3386 commiserat,
1973 3339 2059 3376 re-

372 3406 598 3460 laxavit.
637 3407 745 3460 Per
772 3421 941 3476 quem
975 3409 1349 3476 majestatem.

971 3496 1140 3559 Infra
1179 3499 1456 3549 actionem.

439 3584 956 3649 Communicautes,
992 3589 1047 3637 et
1091 3585 1242 3638 diem
1283 3585 1728 3638 sacratissimum
1771 3586 2060 3640 celebran-

369 3677 475 3738 tes,
509 3690 622 3743 quo
661 3673 933 3726 Dominus
966 3678 1158 3727 noster
1187 3675 1346 3726 .lesus
1381 3674 1632 3726 Christus
1674 3679 1758 3727 est
1797 3675 2058 3743 traditus,

369 3763 464 3816 sed
495 3767 549 3815 et
578 3763 918 3816 memoriam
950 3769 1303 3826 venerantes,
1339 3767 1440 3816 etc.

439 3853 593 3904 Hanc
627 3851 801 3920 igitur
848 3851 1198 3904 oblationem
1249 3851 1538 3904 servitutis
1581 3856 1809 3916 nostras,
1861 3853 1956 3905 sed
2006 3859 2064 3907 et

369 3945 586 3994 cuncta:
617 3940 849 3993 familiae
878 3947 1011 4004 tuae,
1042 3957 1214 4010 quam
1245 3941 1342 3992 tibi
1373 3939 1686 4004 oll'erimus,
1717 3941 1787 3993 ob
1817 3941 1970 3994 diem
2003 3941 2062 3994 in

367 4045 481 4098 qua
515 4028 788 4080 Dominus
823 4033 1018 4079 noster
1050 4031 1206 4081 Jesus
1243 4029 1495 4080 Christus
1529 4028 1759 4081 tradidit
1805 4029 2061 4098 discipu-

367 4117 434 4168 lis
491 4115 606 4168 suis
662 4115 918 4185 corporis
983 4121 1037 4168 et
1089 4117 1384 4184 sanguinis
1443 4115 1530 4167 sui
1589 4117 1855 4185 mysteria
1915 4119 2059 4170 cele-

365 4203 582 4257 branda
628 4219 640 4256 :
693 4219 1040 4273 quaesumus,
1092 4203 1353 4268 Domine,
1389 4209 1450 4256 ut
1491 4205 1744 4272 placatus
1793 4205 2057 4274 accipias.

439 4291 548 4354 Qui
580 4291 764 4360 pridie
805 4307 976 4361 quam
1011 4307 1112 4360 pro
1146 4299 1337 4344 nostra
1390 4292 1650 4344 omnium
1687 4293 1869 4346 salute
1903 4297 2058 4361 pate-

367 4387 544 4446 retur,
585 4381 691 4433 hoc
729 4385 831 4446 est,
875 4379 1066 4445 hodie,
1109 4381 1326 4449 accepit
1369 4396 1575 4450 panem
1626 4380 1686 4434 in
1733 4387 1953 4435 sanctas
1995 4399 2060 4436 ac
2099 4379 2142 4432 D

369 4469 726 4523 venerabiles
761 4485 966 4522 manus
998 4484 1145 4522 suas.

924 4573 1208 4612 SABBATO
1254 4571 1516 4611 SANCTO.

438 4649 556 4718 (6.)
617 4649 863 4718 quuum
924 4651 980 4699 et
1035 4648 1302 4700 salutare.
1356 4649 1428 4700 Te
1485 4646 1737 4716 quidem,
1801 4647 2059 4716 Domine,

366 4737 526 4788 omni
557 4741 841 4804 tempore,
878 4735 974 4788 sed
1005 4735 1064 4787 in
1105 4735 1208 4788 hac
1243 4735 1604 4804 potissimum
1655 4741 1814 4788 nocte
1845 4735 2063 4804 glorio-

366 4823 480 4878 sius
511 4825 841 4895 pra-zdicare,
885 4840 1014 4878 cum
1061 4825 1268 4894 pascha
1313 4829 1568 4876 nostrum
1613 4825 1941 4876 immolatus
1981 4830 2066 4877 est

366 4913 650 4980 Christus;
699 4913 818 4983 ipse
865 4912 1019 4966 enim
1071 4929 1235 4966 verus
1284 4917 1368 4965 est
1418 4929 1620 4981 agnus,
1677 4911 1776 4982 qui
1832 4913 2066 4966 abstulit

365 5005 595 5069 peccata
637 5002 858 5055 mundi.
907 5001 1014 5064 Qui
1059 5007 1302 5054 mortem
1347 5007 1600 5054 nostram
1649 5000 1943 5054 moriendo
1973 5001 2065 5054 de-

367 5089 578 5144 struxit
607 5094 663 5143 et
692 5091 868 5144 vitam
901 5091 1255 5159 resurgendo
1285 5089 1584 5160 reparavit.
1623 5090 1684 5142 Et
1714 5089 1860 5143 ideo.

1141 5179 1294 5231 Alia.

439 5267 663 5320 {Eterne
695 5267 863 5321 Deus.
901 5267 962 5320 Et
1005 5271 1059 5319 te
1094 5267 1250 5320 omni
1285 5266 1520 5334 quidem
1557 5269 1838 5335 tempore,
1873 5265 1970 5318 sed
2004 5265 2064 5318 in

371 5353 474 5406 hac
504 5355 864 5424 potissimum
897 5362 1060 5408 nocte
1088 5355 1388 5424 gloriosius
1422 5355 1747 5408 collaudare
1779 5361 1834 5407 et
1863 5353 2064 5422 praedi-

371 5457 516 5508 care,
557 5459 659 5511 per
699 5443 984 5496 Christum
1029 5443 1334 5496 Dominum
1379 5449 1658 5497 nostrum.
1705 5443 1813 5507 Qui
1857 5443 2066 5496 infero—

371 5545 500 5582 rum
531 5531 776 5582 claustra
816 5531 1197 5600 disrumpens,
1241 5532 1490 5584 victoriae
1527 5549 1642 5584 suae
1677 5533 1830 5583 clara
1866 5531 2067 5584 vexilla

371 5617 642 5688 suscepit,
702 5623 756 5671 et
807 5619 1162 5687 triumphato
1207 5619 1434 5671 diabolo
1479 5619 1550 5690 [Γ.
1601 5619 1732 5672 add.
1783 5619 1958 5672 victor
2007 5618 2064 5690 ει]

2173 3164 2344 3218 quem
2377 3147 2442 3200 ad
2475 3151 2748 3200 aeternam
2779 3145 2954 3198 vitam
2981 3143 3082 3196 tilii
3115 3143 3254 3196 lucis
3287 3141 3572 3206 oriuntur,
3609 3141 3868 3194 fidelibus

2169 3237 2334 3306 regni
2383 3235 2623 3289 cmlestis
2665 3233 2806 3286 atria
2851 3237 3202 3296 reserantur,
3245 3237 3300 3283 et
3347 3230 3498 3284 beati
3539 3231 3672 3298 lege
3725 3245 3868 3280 com-

2169 3326 2390 3390 mercii,
2434 3324 2641 3378 divinis
2681 3323 2932 3376 humana
2973 3326 3290 3374 mutantur.
3339 3320 3484 3383 Quia
3539 3325 3864 3372 nostrorum

2171 3413 2430 3466 omnium
2475 3428 2630 3464 mors
2671 3427 2834 3463 cruce
2876 3409 3085 3462 Christi
3119 3413 3416 3479 perempta
3445 3411 3548 3472 est,
3585 3413 3644 3459 et
3689 3407 3750 3458 in
3787 3421 3858 3456 re-

2169 3501 2524 3554 surrectione
2567 3501 2689 3570 ejus
2740 3499 3002 3553 omnium
3041 3499 3158 3550 vita
3196 3495 3522 3550 resurrexit.
3577 3495 3763 3558 Quem
3813 3509 3862 3544 in

2170 3589 2530 3659 susceptione
2595 3587 2953 3642 mortalitatis
3007 3587 3185 3638 Deum
3238 3584 3550 3654 majestatis
3613 3583 3864 3651 agnosci-

2169 3695 2320 3746 mus,
2357 3683 2412 3732 et
2442 3679 2501 3730 in
2532 3677 2846 3730 divinitatis
2886 3676 3066 3746 gloria
3099 3677 3274 3728 Deum
3307 3679 3362 3727 et
3393 3673 3698 3726 hominem
3729 3687 3862 3723 con-

2171 3767 2421 3820 fitemur.
2475 3766 2580 3829 Qui
2627 3771 2867 3818 mortem
2915 3767 3166 3816 nostram
3215 3761 3508 3814 moriendo
3563 3759 3860 3820 destruxit,

2169 3861 2227 3910 et
2260 3857 2434 3909 vitam
2465 3854 2816 3924 resurgendo
2851 3852 3154 3922 reparavit.
3193 3851 3256 3903 Et
3287 3851 3413 3904 ideo
3447 3865 3578 3902 cum
3609 3863 3748 3926 ang.

2773 3957 2940 4021 Infra
2979 3956 3256 4008 actionem.

2243 4049 2350 4118 (G.)
2386 4045 2914 4108 Communicautes,
2955 4049 3010 4096 et
3041 4043 3194 4096 diem
3235 4040 3688 4116 sacratissimum
3723 4039 3862 4090 cele-

2167 4137 2402 4190 brantes
2445 4135 2879 4188 resurrectionis
2923 4131 3146 4186 Domini
3197 4131 3290 4184 Dei
3323 4129 3506 4183 nostri
3551 4129 3864 4182 secundum

2168 4241 2420 4290 carnem,
2463 4225 2558 4278 sed
2591 4228 2647 4277 et
2691 4222 3030 4276 memoriam
3069 4223 3426 4274 venerantes.
3467 4220 3624 4272 Hauc
3669 4217 3862 4286 igitur,

2170 4321 2232 4370 ut
2255 4331 2443 4384 supra.

2868 4415 3056 4454 FBRIA
3103 4415 3175 4452 IL

2241 4511 2314 4564 Te
2348 4509 2580 4580 quidem
2612 4506 2766 4560 omni
2803 4511 3082 4576 tempore,
3112 4508 3172 4557 ut
3201 4517 3392 4571 supra.

2935 4611 3082 4664 Alia.

2245 4704 2363 4772 (A.)
2417 4705 2638 4756 zElerne
2687 4703 2850 4755 Deus.
2913 4701 2978 4753 Et
3025 4705 3078 4752 te
3123 4696 3458 4767 suppliciter
3501 4711 3758 4760 exorare,
3817 4699 3866 4746 ut

2173 4791 2440 4845 ﬁdelibus
2470 4790 2579 4843 tuis
2609 4789 2935 4858 dignanter,
2971 4791 3100 4847 etc.,
3133 4789 3192 4839 ut
3221 4799 3410 4853 supra.
3445 4783 3706 4852 Sequenti
3735 4783 3866 4838 Sat»-

2175 4881 2297 4934 bato
2329 4885 2470 4933 inter
2501 4879 2756 4932 Ambros.

2464 4999 2652 5038 FERIA
2701 4999 2778 5036 HI
2831 4997 2908 5036 AD
2953 4995 3246 5034 SANCTUM
3297 4993 3582 5032 PAULUM.

2245 5073 2369 5142 (A.)
2414 5074 2638 5126 A‘Iterne
2689 5073 2854 5124 Deus.
2909 5071 3015 5124 Per
3062 5067 3348 5122 Christum
3401 5067 3714 5120 Dominum
3767 5083 3864 5119 uo-

2173 5167 2377 5214 strum.
2403 5161 2510 5226 Qui
2543 5159 2832 5212 oblatione
2861 5159 2948 5212 sui
2971 5157 3240 5228 corporis,
3273 5161 3405 5222 etc.,
3429 5160 3490 5210 ut
3511 5171 3614 5224 sup
3665 5159 3770 5222 fer.
3807 5157 3862 5206 ι’.

2173 5253 2319 5304 inter
2359 5253 2406 5302 A
2417 5249 2553 5304 mbr.

2519 5368 2814 5408 FERIAIY
2858 5369 2934 5407 AD
2981 5365 3530 5406 S.LAURENTIUM.

2245 5443 2358 5512 (G.)
2413 5445 2638 5496 :Eterne
2691 5443 2854 5494 Deus.
2915 5442 2980 5494 Et
3035 5439 3306 5508 pietatem
3353 5445 3518 5492 tuam
3577 5435 3866 5491 indefessis

2177 5533 2443 5601 precibus
2475 5532 2810 5600 implorare,
2851 5535 2914 5582 ut
2951 5529 3050 5598 qui
3081 5527 3366 5597 paschalis
3411 5527 3738 5580 festivitatis
3781 5543 3864 5578 so-

2174 5619 2394 5674 lemnia
2423 5619 2685 5686 colimus,
2719 5619 2778 5671 in
2815 5623 2912 5671 tua
2953 5632 3180 5687 semper
3223 5615 3680 5670 sanctiﬁcatione
3723 5617 3860 5667 viva-
