3868 6228
24 247 88 296 ν9ῖ
970 243 1172 298 LIBER
1213 243 1845 300 SACRAMEN'I‘ORUM.
1870 276 1935 282 ——
1967 246 2278 301 PR/EFA'I‘.
2320 243 2549 308 ANTIO.

24 394 130 430 rius.
182 378 314 440 Quo
350 393 458 447 per
495 378 830 448 temporalis
872 377 1000 430 festi
1031 378 1512 442 observationem,
1561 394 1691 447 per-
1731 383 1777 434 Α

24 467 180 520 ’θοὴ-θ
227 482 572 519 mereamur
618 467 689 519 ad
730 469 1076 519 mternorum
1124 467 1462 536 gaudiorum
1514 467 1703 520 conti—

23 554 362 606 nuationem.
402 556 511 607 Per
538 554 847 608 Christum.

369 675 570 715 FERIA
613 675 648 713 ἲ
697 675 774 714 AD
818 674 906 714 SS.
955 674 1334 715 APOSTOLOS.

67 766 286 817 .Eterne
342 766 520 818 Deus.
569 766 676 818 Per
727 764 1015 819 Christum
1067 764 1370 818 Dominum
1412 771 1694 820 nostrum.

23 854 102 918 )ui
129 869 232 906 nos
261 869 376 923 per
420 853 689 923 paschale
721 853 1058 922 mysterium
1093 854 1322 907 edocuit
1365 859 1702 908 vetustatem

23 943 124 995 rita:
155 941 519 1012 relinquere,
550 947 607 995 et
647 942 707 994 in
737 942 985 995 novitate
1029 941 1268 1010 spiritus
1313 943 1629 997 ambulare.
1662 949 1704 998 Α

24 1048 113 1102 quo
142 1035 446 1100 perpetuae
479 1029 680 1083 mortis
707 1034 1010 1099 superatur
1037 1029 1334 1098 acerbitas,
1369 1035 1426 1082 et
1475 1034 1702 1085 aeternae

23 1123 124 1172 vita
150 1118 428 1171 fidelibus
471 1117 746 1171 tribuitur
775 1117 1092 1188 integritas.
1122 1119 1228 1170 Per
1257 1134 1450 1188 quem.

420 1240 613 1279 FERIA
659 1239 724 1278 VI
771 1240 848 1278 AD
892 1238 944 1278 S.
991 1239 1283 1278 MARCUM.

77 1331 184 1398 (Α.)
230 1333 478 1385 Eterne
522 1333 691 1384 Deus.
742 1332 850 1384 Per
888 1330 1180 1386 Christum
1231 1331 1538 1385 Dominum
1601 1347 1704 1384 no-

24 1425 199 1474 strum.
231 1419 343 1483 Qui
379 1420 700 1474 secundum
740 1418 1137 1488 promissionis
1172 1434 1288 1473 sua:
1323 1419 1704 1472 incommuta-

24 1509 188 1575 bilem,
222 1514 361 1574 etc.,
407 1513 472 1562 ut
501 1508 684 1563 videre
719 1513 796 1561 est
826 1510 967 1561 inter
997 1509 1185 1562 Ambr.

416 1628 705 1668 SABBATO
751 1630 827 1667 AD
873 1629 923 1667 S.
968 1629 1292 1668 JOANNEM.

83 1719 186 1786 (Α.)
235 1717 479 1770 Eterne
528 1719 694 1770 Deus.
749 1719 852 1770 Per
901 1718 1186 1772 Christum
1238 1717 1550 1770 Dominum
1599 1733 1700 1771 no-

27 1813 200 1860 strum.
256 1808 368 1861 Per
424 1821 601 1877 quem
647 1806 931 1876 supplices
1000 1806 1376 1875 exposcimus,
1435 1813 1497 1860 ut
1543 1807 1704 1876 cujus

27 1897 272 1962 muneris,
307 1900 450 1962 etc.,
483 1901 541 1949 ut
571 1910 740 1964 supra
770 1898 915 1960 feria
941 1912 1012 1962 γι,
1055 1897 1196 1948 inter
1223 1896 1417 1948 Ambr.

249 2015 578 2056 DOMINICA
627 2015 777 2055 POST
823 2016 1119 2056 OCTAVA!“
1171 2015 1453 2055 PASCIIxﬁ.

89 2107 188 2174 (Α.)
234 2109 475 2160 Ᾰῖῐθῐτιθ
537 2109 699 2160 Deus.
758 2106 1104 2176 Suppliciter
1177 2107 1556 2168 obsecrantes,
1633 2123 1705 2161 ne

36 2214 117 2250 nos
141 2197 206 2249 ad
235 2196 406 2248 illum
453 2196 606 2249 sinas
641 2195 826 2250 redire
872 2202 1083 2261 actum,
1131 2201 1262 2261 etc.,
1307 2203 1366 2249 ut
1407 2197 1591 2250 videre
1629 2201 1707 2251 est

35 2288 149 2336 inter
174 2283 366 2338 Ambr.

549 2385 612 2424 IN
652 2385 895 2425 PASCIIA
936 2386 1167 2424 ANNOT.

91 2477 295 2528 .Eterne
350 2477 522 2529 Deus.
581 2478 687 2529 Per
735 2476 1018 2530 Christum
1065 2477 1372 2530 Dominum
1421 2482 1701 2533 nostrum.

41 2565 90 2618 Et
130 2564 537 2634 redemptionis
587 2571 788 2617 nostrae
837 2565 978 2617 festa
1019 2565 1288 2630 recolere,
1343 2566 1551 2635 quibus
1600 2566 1705 2618 hu-

41 2669 234 2706 manam
276 2654 666 2707 substantiam
709 2654 946 2707 vinculis
985 2654 1469 2723 praevaricationis
1517 2659 1703 2722 exuta,

43 2758 171 2812 spem
200 2742 642 2795 resurrectionis
681 2759 782 2812 per
817 2748 1145 2796 renovatam
1179 2744 1417 2813 originis
1458 2743 1706 2814 dignita-

46 2839 135 2884 tem
159 2831 484 2901 assumpsit.
523 2832 588 2885 Et
617 2831 764 2886 ideo.

231 2953 555 2993 DOMINICA
602 2953 619 2991 I
667 2952 814 2992 POST
859 2951 1156 2992 OCTAVAM
1207 2953 1487 2993 PASCHIE.

100 3027 197 3096 (G.)
250 3029 482 3080 Aiterne
543 3027 709 3080 Deus.
775 3027 838 3079 Et
886 3026 1226 3080 immensam
1266 3027 1540 3080 bonitatis
1592 3031 1704 3080 tuae

45 3117 278 3184 pietatem
326 3115 633 3168 humiliter
662 3131 922 3181 exorare;
970 3120 1034 3169 ut
1064 3115 1447 3184 ignorantiam
1494 3124 1702 3168 nostrae

47 3205 370 3258 mortalitatis
403 3205 725 3265 attendens,
758 3220 820 3256 ex
853 3219 947 3257 tua
975 3204 1352 3274 inspiratione
1393 3221 1497 3258 nos
1534 3205 1704 3258 facias

48 3293 294 3361 postulare
328 3291 489 3362 quod
537 3297 755 3345 rectum
790 3297 893 3358 est,
927 3297 982 3345 et
1024 3298 1122 3344 tua
1153 3293 1455 3346 clementia
1489 3293 1703 3346 tribuas

50 3382 312 3450 impetrare
343 3382 507 3452 quod
538 3382 844 3451 poscimus.
892 3383 995 3435 Per
1029 3381 1338 3436 Christum.
1371 3383 1477 3434 Per
1506 3398 1699 3452 quem.

225 3503 543 3543 DOMINICA
591 3503 640 3541 II
687 3501 838 3542 POST
878 3502 1164 3542 OCTAVAM
1205 3503 1486 3542 PASCile.

101 3578 301 3631 zEterne
351 3579 521 3631 Deus.
569 3579 674 3630 Per
722 3576 1011 3630 Christum
1065 3577 1369 3630 Dominum
1422 3581 1700 3630 nostrum.

51 3663 132 3725 Qui
173 3666 234 3719 de
280 3667 516 3736 Virgine
561 3665 718 3720 nasci
775 3665 1063 3734 dignatus,
1115 3682 1217 3736 per
1263 3665 1592 3735 passionem
1648 3671 1705 3718 et

55 3757 251 3807 mortem
285 3772 314 3807 a
364 3758 650 3824 perpetua
680 3770 782 3807 nos
811 3759 993 3807 morte
1024 3754 1303 3823 liberavit,
1340 3760 1396 3807 et
1427 3771 1707 3808 resurrec-

55 3841 172 3895 tione
217 3859 314 3896 sua
366 3850 646 3897 zeternam
682 3843 848 3897 nobis
879 3845 1050 3896 vitam
1083 3843 1344 3896 contulit.
1396 3847 1503 3898 Per
1534 3861 1706 3915 quem

56 3930 360 3998 majestatem
371 3973 383 3986 .
603 3979 625 3994 ,

633 4034 940 4075 DOMINICA
985 4035 1087 4074 ιιι.

109 4123 209 4194 (Α.)
247 4128 472 4182 Eterne
514 4128 683 4181 Deus.
729 4130 791 4181 Et
830 4127 914 4181 tui
958 4127 1408 4182 misericordiam
1452 4128 1708 4182 muneris

60 4214 317 4278 postulare,
366 4219 430 4269 ut
478 4221 736 4286 tempora
780 4217 990 4286 quibus
1049 4221 1179 4286 post
1226 4217 1707 4271 resurrectionem

62 4313 185 4354 suam
220 4303 486 4358 Dominus
514 4307 710 4358 noster
745 4306 906 4359 Iesus
941 4305 1198 4359 Christus
1239 4322 1367 4360 cum
1414 4306 1707 4376 discipulis

61 4387 149 4438 suis
195 4394 562 4462 corporaliter
615 4393 910 4457 habitavit,
955 4395 1035 4446 sic
1083 4393 1208 4463 ipso
1249 4395 1565 4464 opitulante
1610 4396 1706 4465 pia

61 4473 311 4535 devotione
351 4487 683 4549 tractemus,
719 4489 1000 4553 quatenus
1031 4483 1089 4536 in
1131 4485 1219 4537 his
1245 4485 1504 4538 omnium
1535 4485 1703 4539 vitio-

65 4579 159 4620 rum
182 4570 429 4626 sordibus
458 4588 774 4625 careamus.
809 4574 914 4626 Per
943 4573 1232 4628 eumdem.
1266 4575 1373 4627 Per
1402 4590 1595 4645 quem.

638 4691 950 4731 DOMINICA
997 4693 1086 4732 IV.

118 4760 224 4831 (Α.)
247 4765 468 4818 λειω-ηρ.
511 4765 676 4818 Deus.
714 4767 777 4819 Et
807 4767 1169 4835 majestatem
1209 4771 1367 4821 tuam
1406 4767 1704 4823 indefessis

67 4849 297 4919 precibus,
327 4857 455 4920 etc.,
489 4859 551 4907 ut
577 4869 700 4922 sup.
734 4857 1011 4910 Dominica
1047 4857 1110 4911 V.
1141 4857 1286 4910 inter
1308 4856 1502 4910 Ambr.

465 4976 663 5016 FERIA
707 4976 754 5015 II
803 4976 1246 5018 ROGATIONUM.

120 5063 241 5132 ills.)
270 5067 485 5120 Eterne
541 5069 706 5121 Deus.
761 5069 827 5122 Et
857 5073 910 5122 to
941 5073 1230 5123 auctorem
1281 5073 1337 5124 et
1382 5071 1701 5126 sanctifica-

71 5151 205 5204 torem
231 5153 428 5225 jejunii
471 5157 818 5222 collaudare,
852 5173 956 5228 per
993 5158 1145 5227 quod
1175 5174 1275 5212 nos
1303 5159 1506 5212 liberas
1534 5178 1567 5214 a
1591 5177 1698 5214 no-

71 5241 266 5295 strorum
300 5243 500 5298 debitis
540 5251 921 5315 peccatorum.
965 5247 1114 5316 Ergo
1165 5248 1389 5318 suscipe
1430 5249 1702 5318 jejunan-

71 5323 176 5380 tium
200 5345 396 5398 preces,
430 5338 606 5402 atque
639 5337 702 5386 ut
730 5350 832 5387 nos
863 5350 896 5387 a
921 5335 1084 5388 malis
1115 5336 1385 5390 omnibus
1417 5337 1701 5407 propitia-

71 5413 134 5464 tus
188 5417 395 5488 eripias,
475 5420 811 5490 iniquitates
888 5427 1127 5490 nostras,
1206 5424 1415 5494 quibus
1495 5424 1700 5478 merito

75 5500 341 5572 affligimur,
368 5509 629 5578 placatus
657 5510 898 5566 absolve.

3407 252 3508 303 898

2254 395 2442 434 FERIA
2491 395 2568 433 III
2617 394 3055 436 ROGATIONUM.

1886 469 2110 519 zEterne
2171 469 2332 520 Deus.
2399 469 2458 520 Et
2527 467 2876 535 majestatem
2948 476 3104 524 tuam
3173 473 3510 542 suppliciter

1814 571 2066 622 exorare,
2101 560 2161 608 ut
2193 571 2310 608 non
2341 572 2444 608 nos
2479 562 2682 608 nostrae
2717 559 2966 624 malitiae,
2991 562 3085 613 sed
3121 560 3502 632 indulgentiae

1814 647 1928 696 tua:
1967 644 2279 712 praeveniat
2337 660 2564 712 semper
2611 645 2890 699 allectus:
2941 648 3037 717 qui
3087 665 3189 701 nos
3240 667 3268 702 a
3323 651 3507 704 noxiis

1815 731 2200 802 voluptatibus
2251 732 2641 785 indesinenter
2695 735 2978 802 expediat,
3013 742 3068 789 et
3117 754 3145 790 a
3197 739 3504 792 mundanis

1813 820 2064 874 cladibus
2095 821 2403 890 dignanter
2432 821 2656 890 eripiat.
2691 824 2793 874 Per
2826 824 3131 879 Christum.

2262 950 2450 989 FERIA
2499 951 2562 988 IV
2611 949 3054 991 ROGATIONUM.

1887 1047 2037 1118 (Με.)
2070 1050 2138 1103 Ut
2166 1048 2300 1119 quia
2333 1050 2417 1103 tui
2448 1057 2532 1103 est
2563 1051 2774 1120 operis,
2809 1051 2856 1104 si
2896 1053 3050 1120 quod
3092 1053 3195 1107 tibi
3233 1056 3509 1125 placitum

1815 1143 1916 1203 est,
1953 1143 2051 1190 aut
2097 1137 2415 1208 cogitemus
2453 1144 2551 1192 aut
2581 1156 2837 1208 agamus,
2878 1144 2936 1193 tu
2979 1142 3142 1195 nobis
3182 1159 3408 1214 semper
3455 1149 3511 1198 et

1814 1226 2173 1296 intelligendi
2219 1244 2345 1298 quae
2392 1234 2546 1282 recta
2591 1235 2741 1296 sunt,
2797 1236 2850 1284 et
2901 1233 3247 1302 exsequendi
3290 1234 3512 1287 tribuas

1815 1315 2165 1371 facultatem.

2236 1422 2298 1460 IN
2345 1422 2592 1461 VIGILIA
2643 1422 3088 1464 ASCENSIONIS.

1890 1520 2009 1589 (Α.)
2045 1523 2270 1575 Aiterne
2325 1523 2487 1575 Deus.
2535 1525 2596 1576 Et
2643 1523 2702 1576 in
2753 1524 2857 1576 hac
2908 1526 3196 1595 praecipue
3247 1527 3360 1594 die,
3397 1545 3509 1598 qua

1819 1610 1978 1662 Jesus
2028 1610 2283 1663 Christus
2333 1611 2504 1663 Filius
2554 1616 2686 1663 tuus
2733 1613 3009 1666 Dominus
3057 1620 3270 1682 noster,
3334 1617 3510 1670 divini

1821 1703 2213 1749 consummato
2277 1699 2390 1750 fine
2457 1699 2733 1767 mysterii,
2810 1700 3195 1769 dispositionis
3260 1705 3509 1774 antiqua:

1814 1798 2025 1835 munus
2056 1784 2322 1853 explevit,
2362 1788 2426 1836 ut
2463 1791 2517 1837 et
2554 1785 2844 1838 diabolum
2889 1788 3128 1840 cmlestis
3169 1791 3358 1859 operis
3398 1792 3504 1844 ini-

1816 1872 2029 1925 micum
2055 1888 2157 1942 per
2179 1873 2474 1925 hominem
2498 1889 2670 1942 quem
2693 1874 3027 1943 subjugarat
3047 1878 3300 1944 elideret,
3327 1884 3381 1932 et
3408 1880 3510 1932 liu-

1816 1977 2045 2014 manam
2079 1961 2453 2014 substantiam
2497 1962 2565 2015 ad
2599 1979 2847 2032 superna
2876 1964 3025 2018 dona
3059 1967 3368 2021 reduceret.
3404 1970 3511 2022 Per

1817 2063 1987 2117 quem
2023 2048 2396 2117 majestatem.

2158 2177 2222 2216 IN
2273 2177 2376 2216 DIE
2420 2177 2661 2217 SANC'I'O
2707 2179 3148 2221 ASCENSIONIS.

1885 2277 2251 2347 (G.);Etcrnc
2312 2279 2476 2332 Deus.
2537 2280 2641 2331 Per
2703 2279 2988 2334 Christum
3051 2282 3355 2337 Dominum
3407 2301 3510 2338 no-

1816 2371 2016 2418 strum.
2053 2367 2159 2429 Qui
2191 2372 2318 2436 post
2345 2368 2818 2421 resurrectionem
2852 2385 3011 2422 suam
3044 2371 3310 2425 omnibus
3339 2373 3506 2425 disci-

1816 2455 1966 2523 pulis
2006 2456 2121 2507 suis
2162 2455 2494 2508 manifestus
2544 2458 2809 2526 apparuit
2852 2462 2906 2510 et
2952 2459 3088 2528 ipsis
3141 2462 3508 2514 cernentibus

1817 2547 1901 2595 est
1951 2543 2200 2596 elevatus
2254 2545 2311 2597 in
2363 2545 2589 2608 ccelum,
2634 2551 2695 2597 ut
2742 2562 2844 2598 nos
2889 2547 3200 2601 divinitatis
3246 2567 3362 2603 suae
3405 2551 3513 2603 tri-

1817 2631 2020 2684 bueret
2049 2647 2170 2684 esse
2200 2632 2528 2701 participes.
2565 2634 2630 2685 Et
2655 2633 2806 2686 ideo.

2425 2748 2589 2813 Infra
2621 2749 2896 2801 actionem.

1887 2860 2009 2931 (G.)
2043 2862 2544 2916 Communicantes
2585 2868 2642 2917 et
2681 2863 2831 2918 diem
2875 2865 3320 2921 sacratissimum
3361 2869 3513 2922 cele—

1746 2962 1785 3017 C
1813 2949 2061 3014 brautes,
2099 2967 2211 3021 quo
2254 2952 2527 3004 Dominus
2558 2957 2753 3005 noster
2786 2953 3119 3022 unigenitus
3165 2956 3340 3008 Filius
3379 2962 3513 3010 tuus

1816 3040 2035 3094 unitam
2071 3040 2176 3093 sibi
2207 3040 2533 3110 fragilitatis
2562 3045 2773 3095 nostrae
2803 3042 3176 3096 substantiam
3214 3045 3268 3096 in
3308 3046 3507 3115 gloriae

1812 3133 1925 3183 tua:
1964 3129 2197 3182 dextera
2227 3130 2542 3195 collocavit,
2572 3132 2670 3184 sed
2717 3135 2774 3184 et
2802 3147 3024 3184 memor
3057 3132 3114 3185 in
3165 3135 3365 3205 primis
3392 3137 3515 3206 glo-

1812 3233 2002 3271 I‘IOSIB.

2148 3321 2462 3361 DOMINICA
2514 3322 2662 3362 POST
2705 3323 3174 3364 ASCENSIONEM.

1885 3397 2111 3448 [Eterne
2163 3396 2328 3448 Deus.
2382 3397 2487 3449 Per
2537 3396 2822 3450 Christum
2873 3398 3178 3451 Dominum
3229 3404 3508 3453 nostrum.

1815 3483 1921 3547 Qui
1971 3483 2165 3554 generi
2212 3484 2464 3537 humano
2515 3485 2800 3538 nascendo
2854 3486 3138 3552 subvenit,
3191 3503 3318 3540 cum
3379 3488 3508 3558 (leg.

1813 3573 1934 3644 qui]
1967 3588 2068 3642 per
2099 3576 2340 3626 mortem
2377 3573 2656 3642 passionis
2684 3574 2963 3626 mundum
2997 3575 3222 3639 devicit,
3257 3592 3360 3645 per
3385 3577 3512 3645 glo-

1814 3663 1959 3715 riam
2002 3662 2436 3714 resurrectionis
2465 3662 2594 3715 vita:
2627 3667 2854 3715 mternm
2889 3663 3105 3716 aditum
3139 3666 3418 3732 patefecit,
3457 3671 3513 3718 et

1813 3767 1918 3820 per
1952 3767 2111 3803 suam
2150 3751 2544 3804 ascensionem
2581 3751 2649 3804 ad
2691 3751 2858 3804 caelos
2905 3752 3065 3805 nobis
3106 3770 3268 3823 spem
3300 3771 3504 3809 ascen-

1817 3838 1987 3892 dendi
2016 3837 2264 3892 donavit.
2299 3839 2406 3890 Per
2432 3854 2602 3907 quem
2631 3839 3010 3908 majestatem.

2228 3968 2291 4006 IN
2339 3968 2590 4007 VIGILIA
2637 3969 3099 4009 PENTECOSTES.

1889 4069 2004 4137 (G.)
2055 4070 2283 4123 {Eterne
2339 4070 2504 4121 Deus.
2559 4071 2664 4122 Per
2707 4070 2995 4124 Christum
3046 4072 3352 4125 Dominum
3402 4089 3512 4127 no-

1817 4162 2021 4212 strum.
2079 4157 2187 4221 Qui
2235 4159 2544 4211 ascendens
2585 4175 2756 4228 super
2797 4176 2993 4212 omnes
3039 4162 3229 4228 caelos,
3283 4163 3516 4216 sedens-

1745 4263 1788 4316 Ι)
1817 4263 1927 4318 que
1954 4247 2023 4299 ad
2058 4247 2349 4300 dexteram
2375 4251 2549 4313 tuam,
2576 4248 2920 4316 promissum
2947 4249 3225 4318 Spiritum
3253 4256 3511 4305 sanctum

1814 4335 2096 4389 hodierna
2125 4335 2213 4388 die
2247 4336 2305 4388 in
2356 4335 2504 4388 filios
2546 4336 2867 4406 adoptionis
2905 4339 3125 4392 etl'udit.
3159 4340 3520 4411 Quapropter

1813 4424 2060 4494 profusis
2121 4424 2347 4493 gaudiis
2407 4429 2562 4478 totus
2616 4425 2674 4478 in
2735 4426 2868 4479 orbe
2927 4433 3211 4479 terrarum
3269 4430 3517 4482 mundus

1814 4513 2080 4567 exsultat.
2111 4513 2218 4567 Sed
2253 4518 2308 4565 et
2337 4529 2602 4584 supernae
2640 4513 2876 4568 virtutes
2909 4519 3079 4584 atque
3107 4515 3382 4584 angelica:
3411 4534 3521 4586 po-

1811 4605 2064 4670 testates,
2109 4602 2388 4672 hymnum
2443 4603 2643 4672 gloriae
2697 4606 2808 4656 tuae
2857 4603 3189 4667 concinunt,
3240 4604 3362 4657 sine
3402 4605 3518 4658 ﬁne

1814 4689 2068 4744 dicentes
2101 4706 2113 4743 :
2150 4693 2403 4756 Sanctus,
2435 4697 2540 4742 etc.

2583 4778 2728 4831 Alia.

1880 4895 2108 4947 Aiterne
2156 4895 2324 4948 Deus.
2380 4892 2506 4956 Qui,
2565 4896 2989 4946 sacramentum
3043 4893 3312 4948 Paschale
3367 4911 3510 4949 con-

1812 4997 2129 5050 summans,
2163 4983 2372 5055 quibus
2403 4997 2503 5051 per
2537 4980 2824 5051 Unigeniti
2860 4983 2943 5035 tui
2979 4984 3330 5038 consortium
3362 4985 3512 5039 filios

1811 5071 2137 5141 adoptionis
2177 5087 2296 5124 esse
2347 5069 2618 5132 tribuisti,
2651 5086 2754 5139 per
2783 5069 3057 5138 Spiritum
3107 5078 3364 5126 sanctum
3397 5075 3511 5128 lar-

1793 5155 1950 5228 giris
2000 5160 2150 5212 dona
2200 5159 2532 5227 gratiarum.
2588 5158 2654 5210 Et
2693 5158 2778 5210 sui
2829 5160 3219 5214 cohazredibus
3274 5163 3510 5218 Redem-

1810 5247 1989 5317 ptoris
2007 5247 2130 5316 jam
2151 5263 2304 5299 nunc
2323 5262 2585 5314 supernae
2609 5246 2818 5315 pignus
2845 5247 3197 5303 hil-meditatis
3219 5249 3508 5320 impendis

1808 5341 1872 5389 ut
1903 5340 2060 5388 tanto
2103 5352 2161 5388 se
2202 5336 2408 5388 certius
2439 5336 2509 5388 ad
2559 5352 2688 5388 eum
2729 5336 3023 5391 conﬁdant
3062 5355 3182 5392 esse
3212 5344 3505 5410 venturos,

1809 5429 2022 5495 quanto
2056 5439 2116 5476 se
2146 5423 2330 5476 sciunt
2361 5423 2430 5476 ab
2462 5439 2528 5476 eo
2560 5423 2908 5494 redemptos,
2943 5431 3002 5481 et
3041 5426 3294 5496 ejusdem
3325 5432 3511 5485 sancti

1809 5512 2053 5584 Spiritus
2081 5511 2365 5566 infusione
2401 5511 2626 5566 ditatos.
2666 5514 2730 5567 Et
2756 5512 2899 5567 ideo.
