3868 6228
379 284 480 336 899

977 409 1134 472 Infra.
1163 408 1441 460 actionem.

447 499 559 568 (G.)
594 497 1109 560 Communicantes,
1145 501 1201 548 et
1245 495 1396 547 diem
1440 494 1882 548 sacratissimum
1923 495 2067 548 Pen-

371 592 611 640 tecostes
651 587 1086 656 prmvenientes,
1121 599 1234 653 quo
1287 583 1533 652 Spiritus
1579 589 1805 636 sanctus
1850 588 2069 652 aposto—

371 674 454 726 los
486 675 828 743 plebemque
857 672 1214 725 credentium
1258 671 1564 738 prresentia
1595 685 1711 721 sum
1755 667 2066 736 majestalis

371 762 646 830 implevit.
673 762 778 815 Sed
814 767 870 814 et
901 775 1141 814 memor.
1179 759 1332 810 Hanc
1362 759 1538 826 igitur
1564 756 1924 810 oblationum
1956 775 2068 808 sur-

372 851 566 902 vitutis
597 854 825 922 nostras,
860 849 958 901 sed
991 853 1045 900 et
1083 853 1300 899 cuncta!
1331 846 1562 898 familiae
1593 851 1722 910 tuae,
1761 861 1933 914 quam
1965 845 2066 897 tibi

371 938 666 993 offerimus
697 955 799 1008 pro
834 938 922 990 his
957 951 1203 1006 quoque,
1247 949 1389 1004 quos
1434 949 1770 1002 regenerare
1801 933 2068 1002 dignatus

370 1043 429 1081 es
461 1043 529 1081 ex
563 1043 713 1097 aqua
745 1033 800 1080 et
833 1025 1046 1096 Spiritu
1095 1030 1311 1090 sancto,
1351 1023 1609 1075 tribuens
1649 1022 1727 1074 eis
1774 1023 2064 1074 remissio-

371 1132 504 1170 nem
557 1115 814 1169 omnium
867 1119 1250 1184 peccaturum,
1293 1126 1643 1179 quassamus,
1697 1111 1957 1176 Domine,
2005 1116 2070 1164 ut

371 1203 628 1273 placatus
659 1202 925 1271 accipias.

716 1323 778 1362 IN
827 1321 931 1362 DIE
975 1319 1216 1360 SANCTO
1262 1319 1724 1359 PENTECOSTES.

444 1415 559 1482 (G.)
591 1414 699 1478 Qui
752 1413 1058 1466 ascendens
1103 1427 1274 1481 super
1322 1426 1520 1462 omnes
1568 1412 1758 1474 caelos,
1813 1415 1947 1476 etc.,
2007 1414 2067 1462 ut

369 1519 558 1573 supra.

985 1591 1144 1654 Infra
1170 1591 1451 1640 actionem.

444 1699 555 1769 (G.)
589 1698 1113 1760 Communicantes,
1150 1701 1207 1748 et
1247 1695 1402 1746 diem
1446 1693 1890 1746 sacratissimum
1920 1693 2061 1745 Pen-

367 1793 610 1842 tecostes
653 1786 1025 1844 celebrantes,
1063 1801 1176 1853 quo
1226 1783 1470 1851 Spiritus
1523 1787 1750 1834 sanctus
1791 1781 2062 1851 apostolis

369 1875 689 1930 innumeris
723 1874 936 1942 linguis
966 1873 1248 1942 apparuit.
1286 1871 1392 1924 Sed
1424 1875 1480 1924 et
1510 1886 1748 1923 memor.
1789 1872 1938 1923 Hanc
1961 1869 2064 1939 igi-

367 1971 464 2020 tur
492 1965 862 2027 oblationem,
898 1967 956 2014 ut
986 1976 1174 2028 supra.

1063 2081 1254 2120 FERIA
1305 2081 1376 2118 Η.

437 2160 546 2230 (G.)
595 2158 826 2212 [Eterne
890 2157 1054 2208 Deus.
1115 2157 1220 2208 Per
1275 2153 1562 2208 Christum
1618 2152 1922 2206 Dominum
1965 2167 2066 2205 no-

366 2253 566 2302 strum.
621 2247 729 2310 Qui
773 2244 1121 2315 promissum
1167 2243 1442 2313 Spiritum
1495 2242 1848 2312 paracletum
1893 2256 2064 2310 super

366 2337 674 2407 discipulos
705 2335 880 2388 misit.
916 2333 1022 2396 Qui
1059 2333 1118 2385 in
1158 2333 1436 2402 principio
1476 2333 1760 2383 nascentis
1801 2330 2063 2382 Ecclesiae

367 2425 585 2478 cunctis
650 2422 919 2493 gentibus
975 2421 1305 2474 imbuendis
1365 2426 1418 2472 et
1482 2419 1708 2472 deitatis
1768 2417 2063 2472 scientiam

365 2514 612 2576 inderet,
663 2517 720 2564 et
754 2512 1082 2580 linguarum
1140 2509 1523 2562 diversitatem
1583 2507 1642 2560 in
1703 2506 1876 2560 unius
1928 2506 2063 2559 fidei

365 2600 724 2656 confessione
773 2599 1034 2652 sociaret.
1101 2600 1207 2652 Per
1262 2613 1432 2666 quem
1493 2601 1648 2648 tuam
1705 2596 2060 2664 majestatem

365 2691 649 2761 supplices
680 2704 1002 2755 exoramus,
1035 2691 1097 2738 ut
1134 2686 1296 2754 cujus
1331 2685 1688 2738 celebramus
1726 2684 2058 2750 adventum,

365 2781 488 2850 ejus
541 2775 900 2832 multimoda:
959 2774 1160 2844 gratim
1226 2777 1518 2843 capiamus
1589 2773 1893 2826 etl'ectum.
1957 2773 2062 2824 Per

365 2884 556 2939 quem.

1041 2966 1231 3005 FERIA
1282 2965 1384 3004 Ill.

435 3041 663 3095 Eterue
715 3042 882 3093 Deus.
932 3041 1038 3092 Per
1081 3039 1365 3092 Christum
1421 3037 1728 3090 Dominum
1779 3041 2056 3090 nostrum.

365 3129 472 3193 Qui
507 3127 778 3198 promissi
818 3127 1062 3195 Spiritus
1112 3125 1287 3178 sancti
1329 3125 1600 3193 paracleti
1639 3123 1928 3177 inlusione
1969 3139 2062 3177 re-

363 3218 542 3288 plevit
579 3216 749 3268 corda
794 3215 1071 3280 ﬁdelium,
1117 3214 1216 3283 qui
1248 3230 1346 3264 sua
1377 3212 1697 3265 admirabili
1730 3213 2062 3282 operatione

365 3310 421 3358 et
448 3305 536 3357 sui
571 3303 780 3356 amoris
823 3305 880 3355 in
923 3303 1000 3354 eis
1033 3303 1226 3371 ignem
1269 3301 1616 3366 ascenderet,
1647 3307 1698 3354 et
1735 3317 1834 3370 per
1875 3301 2060 3354 diver-

365 3395 588 3446 sitatem
628 3393 956 3461 linguarum
1001 3396 1198 3460 gentes
1237 3390 1298 3442 in
1344 3389 1560 3442 unitate
1599 3389 1733 3442 ﬁdei
1771 3389 2056 3442 solidaret.

365 3482 534 3551 Cujus
582 3482 729 3534 dono
773 3481 1024 3550 petimus
1071 3485 1125 3530 et
1165 3478 1526 3531 illecebrosas
1566 3493 1598 3530 a
1642 3478 1807 3530 nobis
1837 3477 2061 3531 excludi

364 3571 705 3639 voluptates.
735 3574 790 3622 et
816 3569 1144 3638 spirituales
1166 3567 1224 3620 in
1257 3567 1418 3620 nobis
1449 3567 1667 3620 exstrui
1699 3568 2060 3636 plantat-ique

365 3659 624 3712 virtutes.
657 3659 766 3711 Per
795 3673 964 3727 quem
1001 3659 1374 3726 majestatem.

1045 3776 1231 3816 FERIA
1283 3777 1368 3815 IV.

435 3851 664 3905 IEterne
717 3853 878 3904 Deus.
929 3851 1037 3903 Per
1087 3849 1377 3902 Christum
1417 3848 1726 3902 Dominum
1774 3851 2056 3902 nostrum.

365 3941 472 3993 Per
517 3956 688 4010 quem
733 3939 1025 4008 discipulis
1065 3938 1306 4007 Spiritus
1343 3943 1570 3990 sanctus
1611 3937 1670 3988 in
1711 3941 1862 3989 terra
1894 3936 2060 3989 datur

364 4029 438 4082 ob
472 4029 832 4081 dilectionem
868 4027 1131 4096 proximi,
1165 4032 1220 4078 et
1266 4027 1333 4078 de
1370 4025 1511 4079 caelo
1543 4026 1790 4078 mittitur
1823 4029 2060 4094 propter

365 4116 726 4169 dilectionem
770 4115 854 4167 tui
887 4131 898 4168 :
931 4114 1092 4184 cujus
1137 4114 1346 4166 infnsio
1387 4112 1630 4183 petimus
1671 4118 1735 4166 ut
1782 4113 1841 4166 in
1893 4113 2059 4166 nobis

365 4203 562 4257 sordes
591 4208 953 4273 peccatorum
987 4207 1203 4268 exurat,
1243 4201 1328 4253 tui
1357 4201 1568 4253 amoris
1593 4201 1784 4270 ignem
1818 4201 2056 4266 nutriat,

366 4297 422 4345 et
487 4308 588 4345 nos
665 4291 734 4345 ad
806 4306 1064 4344 amorem
1137 4290 1509 4343 fraternitatis
1581 4291 1870 4344 accendat.

366 4396 559 4452 quem.

1069 4482 1259 4521 FERIA
1303 4481 1362 4518 γ.

437 4559 549 4628 (G.)
585 4561 810 4613 Eterne
863 4559 1028 4612 Deus.
1089 4559 1194 4610 Per
1247 4556 1532 4611 Christum
1591 4557 1900 4610 Dominum
1949 4575 2058 4612 no-

366 4654 568 4703 strum.
621 4651 727 4702 Per
775 4663 947 4718 quem
996 4647 1268 4717 pietatem
1327 4651 1486 4698 tuam
1533 4646 1868 4716 suppliciter
1917 4647 2057 4716 peti-

365 4753 515 4806 mus,
580 4743 642 4790 ut
699 4737 944 4808 Spiritus
997 4739 1220 4788 sanctus
1275 4733 1445 4788 corda
1499 4740 1692 4788 nostra
1752 4735 2062 4788 clementer

363 4833 663 4896 expurget,
731 4831 786 4879 et
847 4825 934 4878 sui
997 4823 1228 4878 luminis
1299 4823 1672 4877 irradiatione
1721 4824 2057 4893 perlustret;

362 4919 428 4968 ut
463 4915 524 4967 in
564 4931 630 4968 eo
670 4914 770 4984 qui
809 4913 1122 4984 gratiarum
1167 4912 1404 4982 largitor
1447 4917 1552 4977 est,
1586 4917 1739 4966 recta
1769 4912 2060 4980 sapiamus

364 5007 421 5056 et
474 5003 544 5056 de
589 5003 711 5071 ejus
761 5002 1144 5056 consolatione
1185 5001 1246 5054 in
1293 5003 1638 5070 perpetuum
1685 5000 2056 5071 gaudeamus.

365 5091 472 5144 Per
501 5104 694 5160 quem.

1057 5191 1248 5230 FERIA
1295 5191 1382 5230 VI.

435 5267 660 5319 Eterne
724 5266 888 5319 Deus.
955 5265 1021 5319 Et
1075 5265 1432 5334 majestatern
1496 5269 1654 5317 tuam
1726 5263 2061 5333 suppliciter

367 5367 624 5418 exorare,
655 5357 720 5404 ut
746 5353 990 5422 Spiritus
1019 5353 1341 5422 paracletus
1381 5351 1452 5404 ad
1487 5369 1592 5405 nos
1627 5351 1838 5415 veniat,
1869 5357 1926 5404 et
1957 5367 2060 5404 nos

366 5438 740 5492 inhabitando
779 5441 1060 5508 templum
1114 5455 1230 5491 sine
1273 5439 1580 5507 majestatis
1619 5439 1846 5493 efﬁciat.
1893 5439 2059 5502 Quod

365 5541 496 5578 cum
539 5525 838 5594 unigenito
881 5528 1022 5581 Filio
1071 5533 1171 5581 tuo
1215 5527 1481 5580 elementi
1527 5533 1786 5597 respectu
1835 5543 2063 5596 semper

1951 4292 2057 4344 Per
2097 4281 2140 4334 D

1511 276 1853 332 GRIMALDI
1893 275 2408 333 SANGALLENSIS
2446 279 2743 334 ABBATIS
3783 289 3858 338 εκεῖ]

2103 411 2149 462 Α
2179 407 2432 476 digneris
2489 407 2754 476 invisere,
2801 413 2858 462 et
2911 413 3025 463 tuae
3077 411 3498 467 inhabitatione
3549 414 3778 484 fulgore
3819 419 3858 472 in

2175 503 2522 566 perpetuum
2559 499 2928 568 perlustrare.
2961 499 3064 553 Per
3097 516 3290 570 quem.

2871 620 3177 661 SABBATO.

2245 690 2474 742 .lliterne
2533 693 2698 745 Deus.
2763 694 2824 745 Et
2880 699 3039 747 tuam
3097 695 3588 762 omnipotentiam
3671 697 3858 752 devotis

2175 778 2439 844 precibus
2487 779 2817 848 implorare,
2869 788 2930 834 ut
2963 783 3121 834 nobis
3152 783 3402 851 Spiritus
3443 784 3530 836 tui
3561 785 3768 836 lumen
3799 787 3858 836 in

2174 865 2400 931 fundas,
2436 866 2596 935 cujus
2629 885 2735 921 nos
2765 871 3047 938 sapientia
3075 877 3250 938 creat,
3284 872 3522 940 spiritus
3551 879 3796 938 recreat,
3825 879 3858 928 et

2174 954 2534 1022 providentia
2565 957 2862 1024 gubernat.
2891 957 3147 1021 Quicum
3181 977 3212 1011 a
3237 963 3337 1012 tua
3369 961 3704 1012 substantia
3729 963 3858 1014 nulla

2173 1043 2346 1094 modo
2372 1043 2443 1095 sit
2469 1043 2746 1110 diversus,
2775 1047 3100 1101 diversitate
3139 1053 3330 1101 tamen
3359 1047 3663 1102 donorum
3695 1055 3858 1118 reple-

2177 1130 2256 1183 vit
2283 1136 2516 1185 tuorum
2549 1133 2719 1186 corda
2745 1133 3022 1189 ﬁdelium.
3059 1137 3122 1189 Et
3148 1136 3296 1190 ideo.

2631 1251 2704 1290 DE
2748 1251 2994 1293 SANCTA
3039 1253 3422 1294 TRINITATE.

2246 1341 2358 1410 (G.)
2390 1343 2616 1395 {literne
2649 1343 2816 1396 Deus.
2863 1345 2970 1408 Qui
3001 1360 3132 1398 cum
3163 1345 3466 1416 unigenito
3509 1346 3662 1400 Filio
3699 1352 3795 1400 tuo
3821 1353 3858 1402 el

2173 1430 2388 1500 Spiritu
2431 1438 2624 1485 sancto
2657 1450 2805 1486 unus
2837 1451 2894 1486 es
2923 1436 3093 1502 Deus,
3127 1452 3274 1488 unus
3307 1453 3364 1488 es
3401 1437 3694 1490 Dominus
3723 1455 3736 1490 :
3773 1455 3858 1494 nan

2172 1519 2230 1571 in
2265 1521 2432 1572 unius
2465 1520 2861 1590 singularitate
2895 1539 3174 1591 persona),
3211 1525 3309 1577 sed
3331 1524 3390 1576 in
3415 1525 3593 1577 unius
3625 1526 3858 1580 trinitate

2173 1608 2522 1662 substantias.
2568 1610 2728 1672 Quod
2779 1611 2930 1663 enim
2984 1612 3052 1664 de
3101 1612 3279 1678 gloria
3321 1617 3441 1674 tua,
3483 1615 3782 1667 revelante
3811 1623 3858 1678 te,

2104 1711 2143 1762 Β
2174 1698 2483 1756 credimus,
2537 1699 2645 1750 hoc
2683 1699 2754 1751 de
2799 1699 2939 1752 Filio
2977 1705 3096 1766 tuo,
3131 1701 3236 1753 hoc
3279 1701 3349 1754 de
3391 1701 3618 1771 Spiritu
3661 1711 3858 1766 sancto,

2175 1786 2295 1837 sine
2347 1786 2678 1839 differentias
2730 1787 3069 1840 discretione
3118 1789 3417 1856 sentimus,
3455 1795 3522 1844 ut
3561 1791 3624 1844 in
3667 1793 3858 1844 confes-

2172 1873 2332 1926 sione
2373 1890 2519 1926 verae
2563 1876 3044 1945 sempiteruazque
3095 1878 3344 1942 deitatis,
3395 1883 3451 1931 et
3501 1879 3564 1932 in
3615 1881 3858 1949 personis

2172 1962 2509 2030 proprietas,
2567 1969 2621 2016 et
2681 1965 2739 2016 in
2799 1965 3044 2017 essentia
3095 1968 3301 2032 unitas,
3353 1974 3411 2020 et
3465 1967 3528 2020 in
3582 1967 3858 2037 majestate

2173 2049 2444 2101 adoretur
2491 2051 2806 2119 inqualitas.
2835 2052 3028 2114 Quem
3068 2053 3304 2106 laudant
3353 2055 3549 2122 angeli
3595 2061 3768 2124 atque
3791 2073 3858 2108 ar-

2173 2137 2455 2206 changeli,
2518 2137 2794 2191 cherubin
2853 2155 3082 2209 quoque
3139 2145 3195 2193 et
3251 2143 3547 2212 seraphin,
3607 2143 3712 2214 qui
3763 2159 3858 2196 non

2172 2229 2394 2278 cessant
2425 2227 2694 2291 clamare,
2729 2241 2844 2278 una
2875 2243 3006 2280 voce
3038 2227 3306 2282 dicentes.

2177 2329 2238 2366 ΙΝ
2271 2328 2566 2374 QUATUOR
2595 2329 2944 2369 TEMPORUM
2981 2330 3456 2371 PENTECOSTALI
3488 2332 3857 2372 JEJUNIO.—

2857 2435 3046 2474 FERIA
3093 2436 3180 2474 IV.

2243 2507 2469 2559 Alterne
2502 2508 2663 2560 Deus.
2702 2507 2844 2570 Quia
2881 2513 3008 2578 post
3044 2509 3171 2562 illos
3210 2509 3424 2563 laetitias
3457 2509 3604 2575 dies,
3639 2527 3780 2580 quos
3807 2509 3856 2562 in

2171 2593 2388 2646 honore
2442 2596 2678 2658 Domini
2722 2613 2754 2648 a
2803 2602 2985 2649 morte
3040 2599 3408 2667 resurgentis,
3469 2605 3526 2651 et
3587 2600 3650 2652 in
3705 2600 3852 2651 casias

2172 2683 2530 2736 ascendentis
2575 2684 2868 2752 exegimus
2907 2701 2918 2738 :
2967 2691 3274 2756 postquam
3325 2691 3666 2756 perceptum
3693 2685 3852 2739 sancti

2171 2771 2412 2840 Spiritus
2442 2773 2676 2839 donum,
2713 2775 3029 2826 necessaria
3059 2775 3222 2827 nobis
3259 2775 3482 2844 jejunia
3513 2781 3712 2828 sancta
3739 2791 3850 2844 pro-

2170 2861 2288 2912 visa
2343 2865 2495 2924 sunt,
2557 2865 2618 2912 ut
2671 2877 2813 2930 pura
2861 2863 3294 2916 conversatione
3339 2865 3692 2926 viventibus,
3741 2879 3848 2932 qua

2171 2945 2445 3000 divinitus
2502 2954 2634 3002 sunt
2691 2950 2950 3002 Ecclesia:
3009 2951 3236 3017 collata,
3293 2957 3708 3020 permaneant.
3763 2954 3850 3003 Per

2172 3035 2481 3089 Christum.

2855 3142 3045 3181 FERIA
3099 3143 3187 3181 Vl.

2241 3213 2472 3267 [Eterne
2523 3214 2688 3267 Deus.
2732 3215 3080 3285 Majestatem
3123 3223 3278 3269 tuam
3324 3217 3674 3286 propensius
3707 3216 3844 3269 obse-

2170 3307 2411 3368 crantes,
2453 3307 2516 3355 ut
2555 3319 2658 3355 nos
2707 3305 2942 3357 salutari
2973 3305 3316 3374 compendio
3349 3305 3533 3358 bonos
3563 3305 3846 3375 dignanter

2169 3390 2409 3456 efﬁcias;
2449 3408 2562 3460 quo
2601 3396 2655 3444 te
2691 3392 3088 3462 principaliter
3123 3398 3175 3447 et
3211 3395 3394 3447 solum
3435 3395 3736 3448 credamus
3761 3409 3842 3446 au-

2169 3483 2406 3544 ctorem,
2443 3487 2498 3532 et
2536 3480 2720 3532 solum
2756 3481 3121 3534 Salvatorem.
3157 3481 3338 3545 Quem
3373 3482 3616 3536 laudant
3653 3481 3840 3552 angeli,

2170 3565 2407 3619 adorant
2437 3567 2783 3636 archangeli,
2817 3568 3098 3622 cherubin
3129 3585 3384 3640 quoque,
3419 3575 3523 3623 etc.

2865 3689 3173 3729 SABBATO.

2237 3781 2346 3851 (G.)
2378 3782 2604 3833 Aﬁterne
2653 3781 2820 3833 Deus.
2866 3779 3143 3834 Pietatem
3193 3787 3350 3834 tuam
3400 3782 3543 3836 votis
3593 3779 3834 3835 omnibus

2169 3873 2521 3936 expetentes,
2553 3874 2618 3922 ut
2662 3869 3044 3922 humanarum
3085 3885 3278 3922 rerum
3317 3870 3698 3940 prosperitate
3723 3883 3836 3938 pcr-

2168 3961 2375 4026 ceptas,
2449 3957 2691 4010 terrenis
2756 3958 3266 4011 consolationibus.
3303 3959 3683 4028 gratulemur.
3747 3957 3834 4010 Nec

2167 4044 2376 4114 gaudia
2403 4060 2660 4113 quzerere
2691 4060 2940 4113 superna
2969 4059 3274 4109 cessemus,
3313 4045 3411 4098 sed
3444 4043 3724 4114 quidquid
3753 4043 3834 4095 lie.-

2166 4132 2306 4185 titias
2339 4132 2640 4202 temporali
2669 4132 3044 4201 impenditur,
3077 4133 3388 4185 eruditioni
3421 4133 3686 4202 proﬁciat
3713 4146 3836 4184 sem-

2169 4219 2429 4291 piternae.
2469 4222 2572 4274 Per
2601 4221 2889 4275 Christum
2923 4220 3232 4274 Dominum
3261 4225 3539 4274 nostrum.

2303 4341 2616 4380 DOMINICA
2663 4341 2680 4379 Ι
2729 4341 2879 4381 POST
2924 4341 3220 4381 OCTAVAM
3272 4341 3730 4382 PENI‘ECOSTES.

2241 4416 2349 4484 (G.)
2395 4415 2618 4468 zEterne
2657 4416 2821 4468 Deus.
2865 4415 3035 4484 Cujus
3078 4419 3164 4468 est
3208 4415 3398 4484 operis
3447 4415 3600 4485 quod
3651 4411 3834 4468 conditi

2169 4519 2399 4570 sumus;
2443 4504 2715 4568 muneris,
2765 4503 2921 4573 quod
2970 4503 3242 4570 vivimus;
3281 4503 3530 4572 pietatis,
3563 4504 3716 4574 quod
3759 4509 3838 4553 tua

2170 4608 2304 4663 erga
2349 4609 2452 4646 nos
2505 4593 2653 4645 dona
2698 4591 3116 4662 cognoscimus.
3169 4592 3437 4655 Quamvis
3472 4609 3609 4662 ergo
3661 4597 3834 4646 natura

2169 4682 2364 4731 nostra
2395 4679 2610 4746 peccati
2647 4677 2844 4731 vitiata
2886 4679 2957 4731 sit
2993 4679 3251 4744 vulnere,
3301 4695 3332 4731 a
3375 4679 3619 4732 terrenis
3673 4685 3834 4731 tamen

2169 4767 2240 4820 ad
2299 4767 2551 4820 coelestia
2605 4766 2978 4836 provehimur
3023 4771 3120 4819 tuo
3173 4767 3554 4820 inenarrabili
3607 4779 3827 4821 munere.

2167 4857 2276 4909 Per
2304 4854 2586 4909 Christum
2624 4855 2932 4909 Dominum
2961 4861 3240 4909 nostrum.

2279 4975 2590 5016 DOMINICA
2639 4977 2687 5015 II
2735 4976 2887 5016 POST
2931 4976 3228 5016 OCTAVA“
3276 4973 3732 5016 PKNTECOSTES.

2239 5067 2360 5138 (A.)
2407 5069 2637 5121 Eterne
2683 5069 2852 5122 Deus.
2905 5067 3012 5131 Qui
3059 5067 3320 5120 Ecclesia:
3365 5076 3485 5120 tua:
3531 5067 3681 5120 ﬁlios
3717 5065 3830 5118 sicut

2169 5173 2286 5210 non
2332 5171 2517 5210 cessas
2563 5156 2811 5223 erudire,
2863 5155 2941 5208 ita
2969 5171 3084 5208 non
3128 5154 3340 5208 desinis
3371 5155 3644 5224 adjuvare
3677 5171 3688 5207 :
3717 5153 3826 5206 utet

2169 5245 2486 5311 scientiam,
2533 5249 2588 5298 te
2629 5244 2954 5310 miserante,
2999 5247 3149 5295 recta
3188 5241 3456 5308 faciendi,
3491 5247 3548 5296 et
3579 5237 3826 5312 possibili-

2167 5339 2346 5390 tatem
2372 5333 2602 5403 capiant
2635 5331 3000 5402 exsequendi.
3045 5333 3152 5385 Per
3182 5329 3495 5384 Christum.
3535 5333 3641 5384 Per
3669 5341 3820 5401 quem.

2775 5453 3092 5494 DOMINICA
3139 5451 3240 5490 III.

2241 5527 2467 5582 Aiterne
2501 5528 2666 5580 Deus.
2705 5527 2877 5597 Cujus
2912 5527 3020 5580 hoc
3054 5525 3358 5578 miriﬁcum
3395 5541 3544 5595 opus
3578 5542 3640 5579 ac
3667 5525 3818 5592 singu-
