3868 6228
0 300 86 349 Ut
966 296 1172 349 LIBER
1213 292 2270 349 SACRAMENTORUM.—PRzEFAT.
2314 293 2544 356 ANTIO.

0 440 108 477 are
145 426 499 495 mysterium
548 426 674 491 fuit,
727 431 788 479 ut
835 424 1040 495 perditi
1080 425 1299 479 dudum
1350 430 1522 494 atque
1567 441 1695 494 pro-
1732 426 1778 478 A

1 514 174 578 trati,
205 515 276 567 de
308 515 544 568 diabolo
579 520 634 568 et
663 516 862 567 mortis
895 517 1104 576 aculeo,
1160 515 1228 566 ab
1281 514 1425 566 lianc
1462 515 1704 580 gloriam

0 618 357 667 'ocaremur,
392 619 508 673 qua
539 620 694 656 nunc
725 620 905 673 genus
927 603 1172 656 electum
1203 601 1703 670 sacerdotiumque

0 691 206 758 'egale,
243 693 500 759 populus
540 690 934 761 acquisilionis
963 699 1017 743 et
1046 707 1184 760 gens
1233 695 1424 742 sancta
1471 705 1701 740 voeare-

0 793 143 831 nur.
175 783 434 846 Agentes
477 779 654 848 igitur
699 779 1010 832 indefessas
1050 779 1286 848 gratias,
1337 783 1704 847 sanctamque

0 867 462 920 muniﬁcentiam
497 873 653 920 tuam
681 868 1076 938 praedicantes.
1120 868 1400 936 majestati
1453 874 1562 920 tua:
1605 867 1707 918 hac

0 972 152 1008 sacra
207 956 580 1009 deferimus:
644 973 772 1026 quze
836 956 997 1009 nobis
1059 956 1177 1026 ipse
1237 956 1437 1009 salutis
1494 960 1706 1008 nostras

0 1052 200 1098 IIJCIOI'
233 1045 496 1099 Christus
524 1045 790 1098 instituit.
825 1046 931 1098 Per
961 1060 1153 1114 quem.

639 1164 955 1204 DOMINICA
994 1164 1080 1202 IV.

70 1239 303 1291 .{Iterne
338 1240 513 1305 Deus,
571 1238 936 1291 clementiam
980 1243 1138 1291 tuam
1179 1237 1374 1308 pronis
1420 1238 1708 1290 mentibus

0 1327 397 1392 )hsecrantes,
435 1332 498 1380 ut
528 1331 748 1380 mentes
793 1332 1014 1380 nostras
1043 1343 1354 1396 sensusque
1389 1326 1659 1396 disponas
1692 1343 1704 1379 :

0 1416 139 1485 [nia
167 1421 307 1469 tunc
339 1433 461 1468 esse
490 1421 542 1469 te
576 1417 739 1470 nobis
773 1415 1087 1486 prOpitium
1113 1416 1350 1468 Domine
1373 1415 1705 1481 sentiemus,

0 1506 48 1557 si
91 1522 122 1556 a
151 1505 344 1558 noxiis
379 1510 771 1575 temperentur
801 1504 1157 1557 excessibus:
1204 1510 1338 1557 tunc
1385 1520 1488 1556 nos
1535 1504 1707 1556 bene-

0 1593 134 1645 ficia
162 1601 261 1648 tua
292 1598 626 1663 sumpturos
657 1609 777 1645 esse
808 1592 1170 1655 confidimus,
1195 1593 1240 1643 si
1271 1592 1434 1644 nobis
1457 1591 1709 1644 studium

0 1682 284 1746 veritatis,
339 1698 457 1752 quo
490 1681 611 1734 huic
657 1697 1003 1746 mercamur,
1056 1681 1340 1734 infundas.
1396 1683 1501 1734 Per
1545 1681 1708 1734 Chri-

0 1779 177 1823 itum.

661 1873 970 1912 υοΜιΝιεΑ
1010 1873 1068 1910 ν.

75 1949 312 2000 .Eterne
350 1947 520 2000 Deus.
555 1947 618 2000 Et
651 1947 1128 2016 omnipotentiam
1172 1951 1326 1999 tuam
1351 1946 1570 2015 jugiter
1600 1945 1712 1998 im-

0 2038 252 2105 plorare,
308 2039 373 2088 ul.
425 2035 592 2088 nobis
637 2043 693 2088 et
745 2036 1040 2104 praesentis
1093 2037 1220 2088 vitae
1268 2035 1608 2099 subsidium,
1659 2040 1714 2086 et

0 2131 237 2177 nternre
315 2124 534 2178 tribuas
592 2125 892 2193 praemium
936 2123 1400 2192 sempiternum:
1462 2139 1574 2192 quo
1623 2123 1712 2176 liic

0 2211 313 2264 mutabilia
348 2211 499 2263 bona
529 2211 843 2279 capiamus,
878 2214 940 2262 ut
968 2225 1071 2279 per
1099 2209 1217 2262 lliDC
1267 2209 1338 2261 ad
1386 2209 1713 2261 incommu—

0 2299 203 2351 tabilia
239 2299 394 2351 dona
422 2298 724 2368 pervenire
754 2298 1062 2350 valeamus.
1109 2297 1200 2349 Sic
1238 2295 1567 2366 temporalis
1616 2297 1712 2347 lte-

0 2388 144 2440 litias
185 2392 457 2456 tempora
493 2390 810 2450 transeant,
864 2391 928 2439 ut
978 2386 1057 2438 eis
1107 2385 1316 2455 gaudia
1365 2385 1714 2454 sempiterna

0 2477 342 2530 succedant.
373 2478 477 2530 Per
509 2476 719 2530 Christ.

648 2597 959 2635 DOMINICA
997 2596 1080 2634 VI.

77 2670 190 2740 (β.)
253 2672 486 2724 {Eterne
553 2671 717 2723 Deus.
776 2671 1120 2739 Majestalem
1171 2674 1328 2722 tuam
1379 2669 1716 2739 suppliciter

3 2759 414 2828 deprecantes,
477 2765 538 2811 ut
580 2775 750 2828 opem
805 2763 961 2811 tuam
1027 2759 1354 2827 petentibus
1409 2758 1716 2826 dignanter

5 2847 338 2917 impendas,
376 2853 432 2900 et
464 2847 921 2900 desiderantibus
946 2845 1233 2917 benignus
1264 2846 1483 2900 tribuas
1514 2847 1712 2916 profu-

5 2943 220 2990 turam.
251 2937 361 2990 Per
374 2935 582 2992 Christ.

628 3037 938 3078 DOIIINICA
988 3038 1108 3076 VII.

79 3115 190 3180 (G.)
243 3115 478 3167 literne
543 3112 711 3166 Deus.
762 3114 868 3166 Per
920 3112 1204 3166 Christum
1256 3111 1558 3165 Dominum
1613 3128 1714 3165 no-

7 3207 213 3254 strum.
257 3203 467 3254 Verum
501 3208 897 3270 mternumque
931 3200 1260 3270 pontiﬁcem
1289 3205 1344 3252 et
1375 3201 1558 3252 solum
1593 3201 1715 3254 sine

10 3291 231 3360 peccati
262 3291 489 3342 macula
515 3290 865 3342 sacerdotem
903 3305 915 3341 :
941 3289 1102 3358 cujus
1146 3288 1423 3357 sanguine
1456 3287 1715 3341 ﬁdelium

12 3381 180 3431 corda
214 3379 578 3431 mundantur
610 3394 622 3430 :
665 3379 824 3447 cujus
862 3361 1216 3430 institutione
1250 3375 1581 3447 placationis
1616 3373 1719 3428 tibi

15 3467 256 3531 hostias,
286 3481 403 3519 non
437 3465 619 3518 solum
651 3482 756 3535 pro
789 3465 1007 3518 delictis
1039 3467 1256 3536 populi,
1287 3466 1382 3518 sed
1413 3465 1582 3518 etiam
1615 3479 1718 3534 pro

15 3555 224 3608 nostris
286 3555 704 3609 offensionibus
759 3555 1154 3620 immolamns;
1214 3559 1370 3608 tuam
1426 3556 1720 3624 poscentes

19 3643 413 3711 clementiam,
448 3646 514 3695 ut
561 3659 730 3697 omne
775 3648 1067 3713 peceatum
1120 3643 1271 3713 quod
1313 3643 1497 3696 carnis
1541 3641 1720 3712 fragi-

19 3735 172 3786 litate
205 3733 630 3796 contraximus,
659 3731 784 3801 ipso
834 3747 1058 3784 summo
1109 3748 1212 3802 pro
1256 3731 1419 3784 nobis
1470 3730 1720 3784 antistite

21 3820 464 3886 interveniente,
500 3819 768 3872 solvatur.
807 3821 913 3872 Per
943 3835 1138 3888 quem.

631 3940 945 3980 DOMINICA
991 3941 1142 3991 VIII,

85 4017 326 4068 ἐξίει-[λθ
377 4014 548 4066 Deus.
597 4013 660 4066 Et
707 4013 811 4066 tibi
862 4029 1066 4066 vovere
1110 4012 1340 4065 contriti
1379 4011 1722 4065 sacriﬁcium

25 4105 228 4172 cordis,
260 4102 370 4156 tibi
405 4102 582 4155 libare
604 4101 894 4154 humiliati
926 4101 1210 4154 victimam
1244 4100 1504 4171 pectoris,
1541 4117 1570 4153 a
1610 4116 1724 4170 quo

29 4210 192 4250 omne
220 4194 447 4246 bonum
481 4191 782 4257 sumimus,
817 4206 1048 4244 omnem
1086 4190 1504 4260 jucunditatem
1537 4188 1727 4242 hauri-

3405 297 3509 346 902

2449 425 2863 495 ooxiNirtaﬂx.

1885 514 2110 564 i-Eterue
2149 513 2310 564 Deus.
2351 513 2413 564 Et
2442 518 2594 565 tuam
2638 514 3083 567 misericordiam
3138 531 3395 580 exorare,
3436 518 3500 568 ut

1816 607 1869 653 te
1902 606 2210 664 annuente,
2243 601 2531 653 valeamus
2564 617 2688 670 qua:
2737 604 2885 654 mala
2917 609 3050 654 sunt
3100 603 3410 668 declinare,
3452 607 3508 654 et

1814 706 1942 758 qua:
1977 691 2125 742 bona
2165 695 2298 740 sunt
2342 698 2758 758 consi'quenler
2811 693 3054 761 explere.
3110 693 3171 744 Et
3217 693 3354 761 quia
3405 709 3506 744 nos

1815 775 1994 827 fecisti
2052 776 2122 827 ad
2180 781 2279 828 tua
2330 785 2682 829 sacramenta
2735 780 3040 846 pertinere,
3092 786 3152 830 tu
3195 780 3508 832 clementer

1816 863 1874 916 in
1905 863 2070 916 nobis
2101 880 2300 917 eorum
2331 881 2538 918 munus
2571 882 2826 934 operare.
2864 868 2969 919 Per
2995 867 3300 920 Christum.

2452 987 2764 1025 DOMINICA
2793 987 2877 1025 XI.

1888 1056 1999 1125 (G.)
2031 1058 2262 1111 .Eterne
2300 1060 2463 1112 Deus.
2514 1061 2576 1112 Et
2610 1061 2711 1112 tibi
2741 1060 2989 1113 debitam
3025 1061 3356 1115 servitutem
3399 1078 3503 1131 per

1819 1144 2073 1214 mysterii
2103 1145 2273 1215 hujus
2297 1146 2692 1216 impletionem
2728 1149 3070 1218 persolvere,
3102 1149 3238 1219 quia
3271 1165 3386 1202 non
3421 1166 3508 1202 so-

1818 1231 1936 1284 lum
1970 1231 2337 1300 peccantibus
2371 1234 2593 1286 veniam
2641 1233 2866 1299 tribuis,
2915 1235 3008 1287 sed
3052 1235 3223 1289 etiam
3272 1236 3511 1306 praemia

1817 1318 2141 1388 petentibus
2168 1319 2502 1388 impartiris.
2538 1322 2603 1374 Et
2631 1322 2780 1392 quod
2826 1323 3050 1392 perpeti
3097 1324 3262 1377 malis
3309 1325 3502 1394 operi-

1820 1408 1924 1461 bus
1953 1424 2370 1476 promeremur,
2408 1409 2707 1477 magnifica
2748 1410 2959 1478 pietate
2999 1411 3253 1480 depellis,
3304 1419 3367 1464 ut
3413 1430 3510 1465 nos

1820 1493 1889 1546 ad
1920 1499 2030 1548 tua:
2060 1498 2388 1549 reverentia!
2422 1499 2637 1550 cultum
2670 1503 2726 1550 et
2754 1504 2972 1552 terrore
3004 1515 3188 1569 cogas,
3229 1505 3284 1554 et
3315 1517 3509 1555 amore

1820 1583 2115 1652 perducas.
2151 1585 2258 1636 Per
2298 1584 2605 1640 Christum.

2432 1705 2747 1744 DOMINICA
2785 1706 2898 1744 XII.

1891 1777 2009 1847 (G.)
2060 1779 2285 1831 .rEterne
2324 1779 2484 1832 Deus.
2531 1779 2702 1847 Cujus
2733 1779 2984 1848 primum
3027 1780 3258 1849 pietatis
3283 1786 3390 1834 ture
3425 1788 3511 1836 est

1815 1865 2112 1930 iudicium,
2147 1865 2192 1918 si
2243 1865 2344 1919 tibi
2390 1883 2490 1919 nos
2524 1867 2692 1919 facias
2739 1872 2855 1920 toto
2895 1869 3065 1921 corde
3111 1869 3416 1938 subjectos,
3455 1879 3512 1924 et

1819 1953 2083 2022 spiritum
2109 1954 2272 2006 nobis
2299 1959 2472 2007 tantm
2493 1955 2812 2008 devotionis
2830 1956 3118 2024 infundas,
3142 1964 3205 2010 ut
3226 1959 3511 2028 propitius

1821 2041 2079 2110 largiaris
2110 2048 2528 2112 consequenter
2558 2043 2855 2097 auxilium.
2886 2046 2992 2097 Per
3022 2041 3332 2101 Christum.

2417 2164 2728 2203 DOMINICA
2766 2165 2912 2203 XIII.

1894 2237 2006 2305 (G.)
2047 2238 2272 2290 zEterne
2322 2238 2487 2291 Deus.
2543 2238 2648 2302 Qui
2701 2255 2802 2291 nos
2844 2238 3176 2310 castigando
3227 2257 3410 2304 sanas,
3454 2245 3512 2295 et

1819 2324 2125 2376 refovendo
2186 2325 2468 2394 benignus
2515 2326 2754 2379 erudis:
2807 2327 2942 2380 dum
3009 2327 3191 2396 magis
3223 2327 3303 2380 vis
3328 2329 3511 2382 salvos

1821 2429 1940 2465 esse
1973 2419 2276 2482 correctos,
2301 2431 2471 2484 quam
2505 2415 2691 2484 perire
2736 2416 3001 2484 dejectos.
3053 2418 3161 2469 Per
3198 2417 3509 2470 Christum.

1825 2503 1929 2554 Per
1955 2517 2149 2571 quem.

2435 2606 2748 2646 DOMINICA
2786 2607 2908 2646 XIV.

1895 2696 2012 2764 (0.)
2045 2698 2274 2750 [literne
2301 2699 2465 2750 Deus.
2491 2697 2632 2761 Quia
2650 2703 2709 2750 tn
2736 2699 2793 2750 in
2831 2703 3022 2751 nostra
3052 2715 3278 2769 semper
3301 2699 3512 2754 faciens

1824 2785 2156 2840 infirmitate
2201 2787 2488 2852 virtutem,
2527 2787 2830 2840 Ecclesiam
2881 2792 3039 2841 tuam
3086 2788 3236 2841 inter
3277 2789 3514 2842 adversa

1823 2891 2073 2928 crescere
2109 2875 2373 2940 tribuisti,
2405 2881 2467 2928 ut
2513 2891 2642 2929 cum
2687 2882 2987 2945 putaretur
3035 2893 3322 2946 oppressa,
3380 2883 3514 2931 tunc

1824 2963 2018 3033 potius
2043 2964 2378 3033 praevaleret
2407 2965 2648 3016 exaltata
2682 2980 2694 3016 :
2731 2966 2867 3018 dum
2901 2965 3070 3018 simul
3116 2972 3171 3019 et
3209 2967 3515 3035 experien-

1827 3051 1961 3106 tiam
1995 3051 2127 3105 fiilei
2160 3053 2408 3106 declarat
2434 3053 2684 3118 afﬂictio,
2723 3058 2778 3107 et
2799 3054 3261 3107 victoriosissima
3289 3071 3516 3124 semper

1826 3150 2169 3212 perseverat,
2213 3149 2265 3197 te
2301 3143 2629 3214 adjuvante,
2663 3145 2905 3199 devotio.
2942 3147 3047 3199 Per
3077 3146 3365 3199 Christum
3408 3147 3513 3199 Do-

1827 3232 2051 3285 minum
2078 3237 2362 3286 nostrum.

2443 3335 2753 3375 DOMlSICA
2805 3337 2904 3374 XV.

1897 3428 2126 3480 [Eterne
2164 3427 2336 3480 Deus.
2379 3426 2487 3490 Qui
2524 3444 2627 3479 nos
2652 3427 2721 3480 de
2753 3427 2921 3479 donis
2967 3427 3250 3480 bonorum
3301 3433 3520 3496 tempo-

1831 3515 2036 3568 ralium
2062 3516 2128 3567 ad
2171 3515 2599 3584 perceptionem
2635 3515 2896 3584 provehis
2916 3521 3285 3580 aeternorum,
3315 3521 3372 3568 et
3399 3517 3518 3569 haec

1831 3603 2055 3668 tribuis,
2085 3607 2138 3656 et
2169 3603 2266 3657 illa
2301 3602 2541 3672 largiris,
2575 3607 2636 3655 ut
2676 3608 2731 3655 et
2787 3603 3069 3656 mansuris
3111 3603 3228 3671 jam
3275 3603 3518 3674 incipia-

1830 3709 1959 3746 mus
1986 3691 2181 3757 inseri,
2215 3696 2270 3744 et
2299 3692 2774 3760 praetereuntibus
2807 3708 2917 3744 non
2953 3692 3151 3744 teneri.
3201 3693 3386 3745 Tuum
3434 3697 3521 3746 est

1829 3781 1983 3836 enim
2015 3781 2167 3850 quod
2202 3779 2484 3849 vivimus;
2520 3779 2653 3849 quia
2683 3779 2815 3832 licet
2843 3779 3056 3848 peccati
3088 3781 3320 3833 vulnere
3351 3786 3522 3835 natu-

1833 3887 1895 3924 ra
1961 3875 2154 3923 nostra
2197 3868 2269 3921 sit
2315 3867 2531 3933 vitiata,
2583 3867 2664 3921 tui
2712 3873 2902 3920 tamen
2945 3867 3132 3936 operis
3194 3871 3255 3920 ut
3304 3869 3520 3922 terreni

1831 3958 2109 4029 generati,
2143 3957 2211 4011 ad
2243 3957 2488 4011 ccelestia
2513 3972 2896 4010 renascamur.
2938 3957 3041 4009 Per
3073 3956 3278 4010 Christ.

2443 4078 2758 4118 DOMINICA
2791 4078 2923 4116 XVI.

1905 4173 2260 4240 (G)A£terne
2326 4174 2492 4224 Deus.
2555 4172 2659 4223 Per
2713 4170 3000 4223 Christum
3059 4169 3367 4223 Dominum
3427 4185 3528 4223 no-

29 4299 161 4334 mus.
235 4283 548 4334 precamur
617 4279 807 4349 itaque
851 4285 916 4332 ιη
972 4259 1097 4332 tibi
1129 4277 1475 4331 conscientia
1527 4282 1723 4330 nostra
1763 4295 1806 4347 Β
1837 4264 2037 4312 strum.
2066 4260 2174 4323 Qui
2205 4260 2522 4313 aeternitate
2553 4259 2852 4311 sacerdotii
2884 4259 2972 4311 sui
3013 4274 3213 4312 omnes
3263 4259 3370 4312 sibi
3411 4274 3528 4311 ser-

30 4372 361 4435 famuletur,
395 4374 450 4422 et
472 4369 609 4421 utin
643 4375 694 4422 te
731 4369 800 4422 de
825 4368 915 4422 die
947 4368 1005 4420 in
1030 4367 1183 4420 diem
1211 4366 1504 4419 meliorata
1544 4365 1723 4435 profi-

31 4461 149 4524 ciat,
203 4463 325 4512 tua:
368 4457 565 4527 gratim
607 4458 944 4509 intemerata
985 4455 1281 4509 subdatur.
1332 4453 1546 4508 Nostris
1599 4470 1722 4519 nos,

32 4565 384 4619 quaesumus,
415 4547 678 4612 Domine,
704 4563 913 4600 evacua
943 4547 1127 4608 malis,
1159 4547 1382 4616 tuisque
1436 4545 1594 4614 reple
1624 4560 1727 4614 per

36 4638 224 4690 omnia
258 4636 449 4689 bonis.
488 4637 556 4689 Ut
585 4639 850 4705 percepta
899 4636 1103 4703 gratia,
1152 4652 1324 4706 quam
1367 4640 1561 4688 nostra
1607 4650 1726 4688 non

36 4727 270 4795 exigunt
302 4723 529 4787 merita,
577 4739 608 4776 a
655 4723 873 4776 cunctis
908 4723 1346 4778 adversitatibus
1398 4723 1622 4777 liberati
1666 4722 1726 4776 in

35 4812 191 4865 bonis
221 4812 496 4865 omnibus
537 4811 878 4878 confirmati,
933 4813 1194 4882 supernis
1242 4813 1460 4867 civibus
1508 4827 1726 4866 merea-

38 4917 154 4954 mur
176 4898 478 4970 conjungi.
511 4900 616 4953 Per
647 4899 954 4954 Christum.

664 5019 977 5059 DOMINICA
1017 5021 1100 5061 IX.

98 5110 213 5177 (G.)
268 5109 500 5161 zEterne
550 5108 715 5161 Deus.
778 5109 844 5161 Et
889 5113 1046 5163 tuam
1097 5109 1548 5164 misericordiam
1595 5110 1728 5165 totis

41 5199 252 5251 nisibus
292 5212 554 5262 exorare,
605 5212 676 5249 ne
711 5213 816 5266 pro
862 5203 1058 5253 nostra
1085 5215 1192 5252 nos
1241 5199 1545 5270 iniquitate
1595 5216 1725 5254 con-

43 5286 292 5349 demnes,
337 5285 437 5337 sed
489 5300 594 5353 pro
659 5288 755 5338 tua
805 5284 1016 5353 pietate
1067 5287 1124 5339 in
1180 5288 1272 5340 via
1314 5293 1468 5340 recta
1505 5303 1731 5357 semper

45 5374 318 5443 disponas.
357 5372 474 5425 Nec
503 5371 650 5425 sicut
677 5387 969 5426 meremur
1014 5373 1485 5444 delinquentibus
1523 5375 1726 5429 irasca-

47 5463 129 5526 ris,
163 5461 262 5514 sed
295 5459 598 5528 fragilitati
632 5467 838 5514 nostra:
884 5451 1091 5515 invicta
1121 5462 1370 5516 bonitate
1404 5463 1726 5518 subvenias.

48 5551 142 5602 Per
173 5549 488 5602 Christum.
521 5549 624 5600 Per
655 5563 846 5618 quem.
1571 5560 1578 5566 '

1836 4347 2054 4400 vientes
2084 4348 2400 4400 sanctificat
2421 4347 2756 4399 sacerdotes.
2792 4347 3075 4409 Quoniam
3108 4347 3337 4400 mortali
3361 4362 3529 4400 carne

1835 4435 2192 4500 circumdati,
2234 4436 2314 4488 ita
2363 4435 2712 4504 quotidianis
2759 4442 3124 4505 peccatorum
3170 4435 3527 4488 remissioni-

1833 4523 1939 4576 bus
1971 4523 2320 4593 indigemus,
2355 4530 2420 4576 ut
2451 4541 2564 4576 non
2597 4524 2781 4576 solum
2817 4540 2918 4592 pro
2948 4524 3180 4592 populo,
3227 4522 3326 4576 sed
3355 4522 3528 4575 etiam

1834 4628 1938 4683 pro
1984 4612 2147 4666 nobis
2187 4614 2443 4682 ejusdem
2491 4618 2541 4665 te
2585 4612 2870 4665 Pontiﬁcis
2897 4611 3130 4680 sanguis
3170 4614 3384 4663 exoret.
3419 4611 3527 4663 Per

1837 4716 2030 4770 quem.

2437 4801 2744 4841 DOMINICA
2774 4801 2935 4840 XVII.

1907 4896 2136 4950 Eterne
2167 4896 2334 4948 Deus.
2386 4895 2447 4947 Et
2491 4890 3131 4964 incessanter_precari,
3185 4895 3248 4944 ut
3299 4891 3420 4962 qui,
3473 4895 3529 4946 te

1839 4988 2088 5049 auctore,
2120 4982 2500 5046 subsistimus,
2527 4985 2581 5032 te
2605 4979 2993 5049 dispensante,
3029 4979 3380 5049 dirigamur:
3410 4997 3528 5034 non

1838 5072 2047 5126 nostris
2096 5070 2354 5123 sensibus
2405 5069 2820 5137 relinquauiur,
2881 5067 2975 5120 sed
3029 5067 3100 5120 ad
3153 5073 3264 5120 tum
3310 5068 3528 5122 reducti

1839 5176 2066 5228 semper
2101 5158 2387 5212 tramitem
2437 5156 2661 5218 veritas,
2716 5157 2838 5210 lizec
2885 5155 3214 5210 studeamus
3266 5171 3528 5210 exercere

1838 5265 1964 5320 quae
1995 5247 2277 5317 praecipis,
2309 5252 2370 5299 ut
2399 5245 2685 5315 possimus
2719 5246 2869 5298 dona
2897 5245 3191 5315 percipere
3224 5261 3352 5316 quae
3383 5261 3528 5316 pro-

1842 5337 2036 5392 mittis.
2072 5337 2177 5389 Per
2207 5334 2412 5389 Christ.

1985 5457 2173 5496 FERIA
2213 5457 2275 5496 IV
2326 5453 2558 5495 IlI-INSIS
2594 5454 2856 5494 SEPTIMI
2889 5455 2967 5494 AD
3010 5454 3062 5494 8.
3113 5454 3388 5495 MARIAM.

1910 5550 2136 5603 :Eterne
2166 5549 2332 5602 Deus.
2367 5545 2472 5611 Qui
2499 5561 2603 5598 nos
2651 5545 2778 5600 ideo
2827 5546 3075 5600 collectis
3121 5550 3292 5600 terrae
3339 5545 3508 5600 fructi
