3868 6228
347 230 447 280 903
1479 222 1821 278 GRIMALDI
1861 223 2372 278 SANGALLENSIS
2414 229 2449 277 Α
2463 225 2704 280 BBATIS
3751 231 3834 280 rei

347 364 454 418 bus
483 379 585 433 per
613 360 1010 416 abstinentiam
1047 359 1148 414 tibi
1198 360 1408 428 gratias
1455 375 1625 427 agere
1669 359 1921 424 voluisti,
1973 363 2037 411 ut
2073 361 2118 411 A
2147 376 2328 428 peras,
2389 376 2504 412 non
2561 363 2893 428 perpetuam
2944 373 3167 411 exerces
3227 359 3299 412 ad
3364 376 3621 428 poenam.

349 469 416 506 ex
446 453 569 520 ipso
601 449 918 504 devotionis
959 464 1167 518 genere
1225 465 1586 501 nosceremus
1635 465 1748 500 non
1803 448 1922 500 haec
1970 447 2038 500 ad

351 539 779 592 exuberantiam
807 537 1160 606 corporalem
1192 536 1289 589 sed
1329 537 1398 590 ad
1445 533 1770 604 fragilitatis
1819 541 2039 588 susten-

348 627 625 680 tationem
655 625 996 694 percepisse.
1029 624 1099 677 Ut
1124 624 1278 693 quod
1311 640 1376 676 ex
1406 623 1494 676 his
1525 624 1750 692 parcius
1778 638 2041 676 sumere—

349 728 498 778 mus,
540 713 832 781 egentium
879 711 1182 780 proticeret
1226 711 1532 764 alimentis.
1573 713 1633 763 Et
1672 716 1732 763 ut
1782 710 2042 764 salutari:

352 801 647 870 castigatio
684 799 1045 856 mortalitatis
1075 799 1440 852 insolentiam
1479 799 1787 868 mitigaret,
1822 805 1876 850 et
1921 799 2043 866 pie-

348 893 434 942 tas
465 889 748 958 largitoris
777 905 878 940 nos
911 893 1019 940 tute
1051 888 1390 954 benignitati
1445 888 1873 940 commendatos
1917 885 2039 938 effi-

353 979 525 1028 ceret.
560 975 763 1044 Sicque
803 975 974 1026 Donis
1017 979 1308 1026 uteremur
1357 973 1715 1040 transitoriis,
1767 977 1831 1025 ut
1868 972 2046 1026 disce-

349 1079 546 1116 remus
575 1063 795 1115 inhiare
831 1061 1140 1131 perpetuis.
1177 1062 1281 1114 Per
1312 1061 1518 1114 Christ.

357 1185 547 1224 FERIA
583 1184 646 1222 VI
687 1183 982 1229 QUATIIOR
1019 1181 1394 1230 TEMI’ORL‘M,
1434 1183 1510 1220 AI)
1545 1181 1634 1221 SS.
1665 1180 2044 1220 APOSTOLOS.

421 1277 648 1328 Aiterne
692 1276 858 1328 Deus.
919 1273 1022 1336 Qui
1062 1274 1216 1342 justo
1269 1274 1480 1342 pioque
1531 1273 1945 1337 moderamine,
1992 1277 2049 1326 et

351 1379 455 1433 pro
483 1361 726 1432 peccatis
758 1361 982 1428 ﬂagella
1033 1361 1274 1428 irrogas,
1320 1367 1374 1414 et
1414 1366 1540 1430 post
1569 1361 1789 1430 ﬂagella
1819 1361 2046 1413 veniam

353 1451 691 1520 propitiatus
743 1450 1052 1502 condonas.
1103 1450 1172 1501 Et
1218 1455 1584 1518 peccatorum
1633 1452 1804 1502 vitam
1857 1449 2048 1517 potius

359 1541 558 1591 volens
587 1553 760 1606 quam
795 1543 1058 1602 mortem,
1099 1553 1212 1587 non
1242 1553 1336 1588 eos
1369 1537 1438 1590 ad
1469 1538 1764 1590 interitum
1791 1538 2052 1590 condem-

355 1644 476 1693 nas,
530 1627 627 1678 sed
677 1629 738 1678 ut
797 1624 1178 1692 corrigantur,
1229 1625 1532 1678 miseratus
1580 1633 1888 1696 exspectas.
1945 1627 2047 1676 Per

355 1715 564 1770 Christ.

799 1815 1084 1854 SABBATO
1121 1817 1198 1854 AD
1245 1817 1294 1854 S.
1343 1815 1620 1856 PETRUM.

427 1894 656 1945 Aiterne
695 1891 861 1943 Deus.
917 1891 980 1941 Et.
1029 1890 1130 1943 tibi
1185 1891 1532 1942 sanctilieare
1574 1889 1854 1959 jejunium
1899 1889 2048 1957 quod

357 1996 460 2033 nos
518 1979 590 2032 ob
646 1977 1084 2031 aediﬁcationem
1139 1979 1462 2030 animarum
1515 1984 1570 2030 et
1615 1977 2050 2045 castigationem

358 2083 663 2137 corporum
705 2082 928 2119 servare
969 2066 1226 2118 docuisti.
1281 2065 1420 2128 Quia
1469 2066 1738 2118 restrictis
1790 2064 2050 2133 corpori—

357 2158 463 2210 bus
507 2157 714 2208 animaz
732 2155 1086 2223 saginantur,
1113 2155 1172 2206 in
1203 2171 1315 2223 quo
1349 2155 1520 2206 homo
1559 2160 1749 2206 noster
1773 2152 2052 2222 afﬂigitur

358 2244 626 2308 exterior,
683 2244 954 2296 dilatatur
1007 2241 1266 2294 interior.
1329 2243 1630 2308 Memento,
1699 2257 2046 2311 quaesumus,

361 2333 620 2398 Domine,
652 2331 1008 2400 jejuniorum
1061 2337 1392 2383 nostrorum
1427 2337 1480 2382 et
1525 2331 2050 2384 misericordiarum

357 2429 607 2488 tuarum,
645 2438 784 2491 quas
831 2421 1220 2490 peccatoribus
1269 2421 1360 2488 pie
1396 2437 1622 2490 semper
1659 2419 2052 2489 jejunantibus

360 2509 652 2564 contulisti
687 2525 699 2561 :
730 2514 786 2561 et
817 2514 1024 2578 praesta
1056 2513 1118 2560 ut
1141 2524 1252 2560 non
1289 2509 1468 2560 solum
1505 2525 1536 2560 a
1558 2509 1720 2573 cibis,
1744 2509 1836 2560 sed
1871 2525 1902 2560 a
1931 2525 2052 2577 pec-

359 2601 500 2654 catis
559 2598 829 2651 omnibus
877 2597 1243 2662 abstinentes,
1293 2597 1614 2649 devotionis
1669 2597 1768 2650 tibi
1823 2598 2046 2667 jejunio

359 2691 706 2760 placeamus.
741 2689 847 2740 Per
869 2685 1175 2739 Christum.
1535 2679 1538 2682 ’

935 2805 1246 2844 DOMINICA
1291 2807 1479 2844 XVIII.

427 2885 655 2936 .Iiternc
691 2881 855 2934 Deus.
886 2880 1031 2943 Quia
1061 2895 1187 2932 cum
1243 2881 1407 2932 laurle
1453 2884 1644 2932 nostra
1693 2897 1806 2933 non
1856 2897 2045 2949 egeas,

359 2977 520 3042 grata
548 2971 651 3024 tibi
683 2975 875 3022 tamen
904 2973 987 3020 est
1017 2973 1247 3020 tuorum
1285 2969 1510 3021 (lex'utio
1545 2969 1908 3023 famulorum.
1943 2971 2053 3022 Nec

361 3065 414 3114 te
446 3065 657 3129 augent
687 3063 880 3110 nostra
907 3058 1215 3126 praeconia,
1271 3059 1362 3109 sel
1419 3058 1584 3110 nobis
1629 3058 1934 3127 protieiunt
1985 3061 2050 3112 ad

361 3147 622 3199 salutem.
652 3147 932 3208 Quoniam
965 3146 1108 3196 sicut
1131 3147 1348 3197 fontem
1379 3147 1506 3197 vita:
1539 3147 1849 3214 praeterire,
1883 3164 2052 3200 causa

359 3234 644 3287 moriendi
677 3239 778 3298 est,
814 3233 892 3284 sic
939 3233 1138 3285 eodem
1185 3233 1398 3302 jugiter
1431 3234 1773 3302 redundare,
1821 3235 2052 3288 aﬂ'eetus

362 3327 446 3375 est
479 3323 599 3374 sine
633 3321 746 3374 ﬁne
783 3321 1024 3373 vivendi.
1059 3323 1164 3374 l’er
1199 3321 1520 3374 Dominum.

971 3441 1284 3480 DOMINICA
1323 3442 1446 3481 XIX.

433 3515 572 3586 (G.).
607 3517 831 3568 :Eterue
867 3515 1034 3567 Deus.
1083 3516 1188 3568 Per
1218 3517 1504 3568 Christum
1559 3517 1886 3570 Dominum.
1921 3535 2050 3571 nti-'-

362 3611 564 3659 strum.
599 3604 704 3668 Qui
733 3603 865 3655 vicit
895 3603 1186 3656 diabolum
1216 3609 1266 3655 et
1310 3605 1611 3670 mundum,
1643 3606 2053 3675 hominemque

359 3694 626 3765 paradiso
655 3692 923 3758 restituit,
959 3698 1014 3744 et
1053 3693 1181 3745 vita).
1226 3693 1432 3762 januas
1481 3695 1844 3747 credentibus
1893 3699 2051 3764 pate-

361 3783 510 3836 fecit.
548 3783 652 3834 Per
691 3781 998 3835 Christum.

975 3881 1288 3922 DOMINICA
1339 3885 1434 3922 XX.

431 3958 542 4026 (G.)
574 3958 798 4010 [Eterne
837 3957 1000 4008 Dens.
1037 3957 1102 4008 Et
1147 3961 1300 4009 tuam
1357 3958 1710 4027 majestatem
1760 3959 2056 4013 humiliter

364 4046 677 4114 implorare
709 4048 772 4096 ut
799 4045 960 4096 Jesus
987 4044 1242 4097 Christus
1279 4047 1450 4098 Filius
1479 4051 1610 4099 tuus
1641 4047 1917 4100 Dominus
1945 4065 2053 4101 no-

363 4139 478 4187 ster
509 4149 608 4185 sua
641 4147 746 4184 nos
787 4132 968 4200 gratia
1017 4139 1282 4202 protegat
1332 4139 1394 4194 et.
1438 4141 1747 4189 conservet.
1803 4137 1874 4190 Et
1921 4137 2056 4207 quia

3699 362 3840 414 Just:

2151 452 2390 518 utroque
2435 449 2792 501 misericors:
2845 447 2942 516 qui
2995 464 3094 500 nos
3156 464 3220 500 ea
3269 449 3393 517 lege
3453 449 3748 519 disponis,
3793 457 3844 504 ut

2150 539 2461 590 coercendo
2495 539 2551 590 in
2583 543 2860 590 internum
2894 536 3080 606 perire
3117 553 3231 589 non
3273 537 3449 604 sinas,
3483 545 3536 591 et
3559 541 3848 608 parcenti-1

2153 627 2398 695 spatium
2431 626 2649 678 tribuas
2681 619 3028 694 corrigendi.
3065 625 3172 688 Qui
3201 625 3326 678 ideo
3373 627 3538 679 malis
3595 643 3846 696 premen-

2155 721 2305 772 tibus
2336 735 2439 772 nos
2475 719 2746 788 ﬂagellas,
2777 723 2840 770 ut
2870 718 2934 770 ad
2967 718 3117 771 bona
3147 719 3338 770 futura
3379 717 3694 786 perducas.
3735 715 3854 766 Ideo

2153 815 2320 886 bonis
2346 815 2757 884 temporalibus
2789 815 3117 880 consolaris,
3151 819 3216 867 ut
3250 815 3320 867 de
3355 812 3740 884 sempiternis
3773 812 3854 864 fa-

2156 903 2268 954 cias
2298 903 2593 966 certiores;
2629 918 2743 971 quo
2779 907 2851 967 te,
2889 906 2942 954 et
2989 901 3048 954 in
3082 901 3394 970 prosperis,
3443 907 3500 952 et
3537 901 3604 954 in
3665 899 3856 952 adver-

2155 991 2251 1056 sis,
2281 991 2374 1060 pia
2402 1006 2630 1060 semper
2667 989 3023 1043 confessione
3055 989 3372 1042 laudemus.
3409 991 3514 1042 Per
3535 987 3852 1041 Christum.

2157 1080 2263 1132 Per
2293 1094 2483 1149 quem.

2721 1181 3032 1222 DOMINICA
3085 1182 3278 1220 XXIII.

2226 1276 2452 1327 λεῖοι-ηρ
2495 1275 2662 1328 Deus.
2709 1275 2776 1328 Et
2823 1291 2925 1327 nos
2971 1273 3336 1327 clementiam
3367 1277 3532 1326 tuam
3577 1271 3854 1340 supplici-

2157 1366 2244 1415 ter
2273 1379 2532 1428 exorare,
2584 1368 2646 1416 ut.
2693 1363 2884 1416 liliuus
2933 1369 3064 1415 tuus
3091 1364 3253 1416 Jesus
3285 1362 3548 1416 Christus
3577 1359 3856 1414 Dominus

2157 1456 2368 1516 noster,
2403 1450 2502 1519 qui
2543 1467 2598 1502 se
2635 1467 2812 1519 usque
2865 1452 2922 1502 in
2969 1451 3144 1504 tinem
3191 1452 3386 1504 sarculi
3429 1451 3550 1503 suis
3601 1449 3854 1519 promisi:

2157 1539 2420 1592 ﬁdelibus
2459 1540 2813 1604 adfuturum,
2844 1545 2900 1592 et
2927 1539 3248 1608 praesentia:
3287 1537 3604 1607 corporalis
3651 1541 3854 1604 myste-

2089 1641 2126 1693 Β
2157 1627 2254 1679 riis
2307 1645 2424 1680 non
2475 1629 2715 1692 deserat,
2773 1645 2915 1698 quos
2979 1627 3242 1690 redemit,
3285 1633 3340 1680 et
3391 1626 3720 1696 majestatis
3751 1641 3852 1676 suae

2159 1716 2448 1770 beneﬂciis
2473 1733 2590 1769 non
2623 1717 2926 1785 relinquat.
2959 1719 3062 1769 Per
3087 1731 3278 1786 quem.

2749 1837 3063 1876 DOMINICA
3098 1836 3271 1876 XXIV.

2231 1910 2384 1978 (Ms)
2421 1912 2525 1963 I‘ei‘
2557 1910 2842 1963 Christum
2877 1911 3184 1963 Dominum
3222 1915 3505 1964 nostrum.
3543 1911 3660 1962 Per
3693 1925 3854 1978 quem

2161 2003 2414 2050 sanctum
2443 2003 2497 2050 et
2529 1999 2889 2052 benedictum
2915 2014 3124 2051 nomen
3158 1998 3469 2066 majestatis
3499 2001 3614 2050 tua:
3653 1997 3852 2066 ubique

2159 2093 2485 2146 veneratur.
2534 2089 2825 2150 adoratur,
2877 2088 3218 2157 prmdicatur
3249 2091 3304 2140 et
3343 2087 3572 2140 colitur.
3635 2087 3746 2149 Qui
3779 2093 3852 2136 est

2162 2175 2324 2244 origo
2355 2176 2579 2244 salutis,
2613 2177 2702 2228 via
2733 2175 2976 2244 virtutis,
3030 2181 3088 2230 et
3129 2181 3239 2230 tuae
3283 2175 3626 2245 prOpitiatio
3685 2175 3854 2244 maje-

2161 2263 2339 2315 statis.

2764 2367 3078 2406 DOMINICA
3111 2368 3254 2407 XXV.

2233 2440 2382 2510 (315.)
2411 2442 2633 2493 .‘l-Iterne
2665 2442 2830 2494 Deus.
2870 2441 3044 2510 Cujus
3092 2446 3174 2493 est
3207 2440 3392 2510 operis
3439 2439 3598 2509 quod
3649 2439 3850 2491 conditi

2162 2546 2384 2594 sumus;
2419 2529 2697 2594 muneris,
2731 2529 2886 2597 quod
2933 2529 3204 2594 vivimus;
3256 2529 3502 2597 pietatis,
3551 2527 3716 2597 quod
3764 2533 3850 2578 tua

2161 2635 2298 2688 erga
2329 2635 2430 2672 nos
2470 2619 2618 2672 dona
2655 2616 3074 2686 cognoscimus.
3116 2617 3382 2679 Quamvis
3432 2617 3594 2668 enim
3659 2621 3846 2668 natura

2161 2713 2353 2760 nostra
2395 2707 2610 2776 peccati
2655 2707 2854 2758 vitiata
2900 2705 2974 2758 sit
3021 2705 3275 2764 vulnere,
3327 2722 3358 2756 a
3385 2705 3640 2758 terrenis
3670 2709 3846 2756 tamen

2163 2795 2230 2847 ad
2257 2795 2504 2848 coelestia
2537 2793 2870 2863 provehitur
2904 2799 3001 2846 tuo
3035 2793 3400 2846 inenarrabili
3435 2808 3704 2846 munere.

2743 2915 3058 2953 DOMINICA
3098 2914 3271 2952 XXVI.

2233 2989 2634 3057 (313.).literne
2670 2988 2828 3040 Deus.
2865 2989 2929 3039 Et
2961 2987 3062 3040 tibi
3101 2988 3318 3040 debitas
3365 2987 3560 3039 laudes
3613 2987 3707 3057 pio
3757 2987 3842 3038 ho-

2161 3093 2298 3130 nore
2350 3077 2593 3140 deferre,
2651 3082 2705 3128 et
2755 3075 3106 3129 mirabilium
3165 3081 3392 3128 tuorum
3445 3075 3844 3128 inenarrabiiia

2160 3165 2446 3234 praeconia
2479 3165 2694 3218 devota!
2726 3164 2936 3217 mentis
2987 3166 3356 3217 veneratione
3405 3163 3731 3228 celebrare;
3775 3167 3840 3214 te-

2163 3270 2273 3324 que
2305 3253 2654 3306 inellabilem
2701 3259 2756 3306 et
2795 3253 3132 3306 invisibilcm
3167 3254 3344 3306 Deum
3389 3253 3654 3318 laudare,
3689 3253 3840 3305 bene-

2164 3342 2371 3408 dicere,
2393 3343 2646 3396 adorare.

2425 3464 2730 3503 DOMINICA
2765 3463 2800 3503 V
2846 3465 3008 3503 ΑΝΤΙΞ
3047 3464 3292 3502 NATALE
3333 3463 3590 3502 DOMINI.

2235 3556 2342 3624 (G.)
2395 3558 2623 3608 Aiterne
2673 3557 2841 3610 Deus.
2897 3556 3242 3625 Majcstatcm
3307 3561 3464 3608 tuam
3521 3556 3836 3626 suppliciter

2161 3645 2531 3714 deprecantes
2565 3650 2644 3710 ut,
2677 3645 2922 3714 expulsis
2956 3645 3168 3714 azymis
3195 3645 3510 3710 vetustatis,
3537 3645 3694 3697 illius
3723 3643 3832 3712 agni

2163 3735 2285 3786 cibo
2319 3735 2592 3786 satiemur
2623 3739 2678 3786 et
2709 3733 2937 3802 poculo,
2991 3734 3091 3804 qui
3135 3737 3190 3786 et
3235 3741 3488 3786 nostram
3541 3733 3832 3804 imaginem

2165 3821 2465 3890 reparavit,
2499 3829 2554 3874 et
2584 3839 2745 3874 suam
2793 3823 2954 3874 nobis
3002 3823 3248 3890 gratiam
3291 3823 3648 3892 repromisit,
3697 3825 3834 3874 .lesus

2163 3909 2418 3962 Christus
2451 3910 2726 3963 Dominus
2759 3915 2972 3964 noster.
3009 3912 3112 3963 Per
3141 3926 3332 3980 quem.

2933 4019 3081 4071 Alia.

2237 4123 2374 4192 (Με.)
2415 4124 2516 4175 Per
2547 4122 2834 4176 Christum
2872 4122 3182 4176 Dominum
3229 4126 3503 4176 nostrum.
3537 4123 3712 4194 Cujus
3747 4139 3836 4192 pe.-

363 4221 485 4274 sine
518 4221 639 4288 ipso
673 4219 814 4272 nihil
847 4225 997 4272 recte
1041 4222 1291 4274 valemus
1319 4223 1561 4288 ci'ticere,
1603 4225 1782 4294 ipsius
1817 4241 2054 4278 munere
2097 4234 2138 4288 D
2165 4212 2339 4265 timus
2369 4210 2540 4280 Primi
2571 4210 2849 4263 adventus
2873 4210 3208 4280 mFSterium
3237 4210 3316 4263 ita
3333 4211 3506 4263 Ϊίιείδδ
3541 4228 3648 4264 n05
3669 4210 3835 4280 dignis

363 4309 676 4378 capiamus,
709 4325 712 4328 ί
741 4313 804 4360 ut
873 4307 976 4360 tibi
1023 4325 1248 4380 semper
1279 4365 1282 4370 _
1310 4311 1534 4380 placere
1593 4315 1892 4382 possimus.
1953 4316 2058 4368 Per

369 4411 562 4466 quem.

963 4499 1278 4540 DOMINICA
1327 4503 1456 4541 XXI.

435 4573 554 4643 (G.)
581 4575 810 4626 :Eterne
857 4573 1022 4626 Deus.
1077 4575 1140 4627 Et
1189 4577 1521 4646 suppliciter
1560 4593 1814 4647 exorare,
1875 4584 1939 4634 ut
1979 4581 2058 4634 sic

362 4679 468 4718 nos
497 4661 660 4714 bonis
693 4661 806 4714 tuis
839 4661 1084 4716 instruas
1127 4665 1510 4734 sempiternis,
1545 4671 1607 4719 ut
1647 4670 2058 4738 temporalibus

365 4765 598 4821 quoque
637 4749 922 4802 consolari
963 4751 1232 4820 digneris.
1279 4753 1366 4806 Sic
1423 4755 1803 4823 praesentibus
1847 4757 2054 4826 refove,

365 4841 430 4891 ut
454 4838 526 4892 ad
565 4838 774 4908 gaudia
803 4855 906 4891 nos
941 4854 1210 4892 mansura
1243 4841 1540 4910 perducas.
1595 4845 1700 4896 Per
1748 4845 2055 4900 Christum.

961 4959 1272 5000 DOMINICA
1313 4962 1470 5001 XXII.

435 5033 666 5086 xEterne
721 5033 888 5085 Deus.
927 5031 1036 5095 Qui
1067 5039 1364 5103 propterea
1393 5035 1522 5104 jure
1564 5038 1732 5106 punis
1781 5045 2055 5108 errantes,

368 5124 422 5172 et
453 5119 764 5172 clementer
791 5120 1012 5173 refoves
1043 5122 1362 5190 castigatos,
1411 5129 1472 5176 ut
1497 5140 1600 5178 nos
1651 5143 1684 5178 a
1727 5131 1890 5181 malis
1925 5147 2058 5198 0pc-

369 5206 532 5258 ribus
562 5207 878 5272 abstrahas,
912 5211 964 5259 et
993 5207 1062 5261 ad
1093 5208 1241 5262 bona
1271 5211 1528 5266 facienda
1548 5219 1840 5268 convertas
1875 5233 1886 5269 :
1925 5218 2062 5286 quia

373 5309 492 5346 non
521 5294 602 5345 vis
626 5293 884 5347 invenire
912 5296 1062 5364 quod
1090 5296 1340 5362 damnes,
1377 5301 1472 5353 sed
1507 5317 1625 5355 esse
1671 5305 1860 5372 potius
1898 5306 2054 5376 quod

376 5391 637 5432 corones.
670 5378 777 5441 Qui
806 5395 934 5432 cum
969 5395 1071 5448 pro
1096 5385 1304 5436 nostris
1337 5387 1553 5442 meritis
1577 5389 1795 5458 jugiter
1826 5407 2054 5446 merea-

377 5479 508 5518 mur
537 5464 732 5534 afﬂigi,
765 5469 824 5518 tu
857 5473 1046 5521 tamen
1071 5469 1351 5538 judicium
1381 5474 1450 5527 ad
1475 5478 1885 5532 correctionem
1919 5485 2059 5535 tem-

2165 4299 2431 4352 laudibus
2472 4305 2526 4352 et
2571 4299 2772 4352 ol‘tieiis
2819 4299 3126 4364 celebrare,
3173 4307 3632 4370 praesentemque
3685 4300 3836 4352 vitam

2165 4387 2571 4458 inculpabilem
2603 4389 2828 4454 ducere,
2865 4393 2930 4442 ut
2971 4389 3284 4444 secundum
3315 4389 3608 4442 valeamus
3655 4389 3836 4458 imper-

2165 4476 2352 4530 territi
2381 4481 2726 4546 exspectare.

2409 4598 2724 4638 DOMINICA
2767 4599 3026 4638 IVANTE
3063 4597 3312 4638 NATALE
3353 4599 3614 4638 DOMINI.

2237 4689 2388 4758 (315.)
2421 4690 2646 4742 aliterue
2691 4689 2856 4742 Deus.
2909 4689 3010 4742 Cui
3059 4689 3358 4759 proprium
3409 4695 3494 4742 est
3543 4707 3606 4742 ac
3653 4689 3834 4754 singu-

2168 4777 2284 4829 lare
2315 4777 2470 4846 quod
2495 4777 2680 4830 bonus
2711 4795 2788 4842 es,
2823 4783 2877 4830 et
2901 4779 3062 4830 nulla
3107 4794 3364 4848 unquam
3411 4795 3444 4830 a
3489 4783 3542 4831 te
3595 4795 3654 4832 es
3699 4791 3830 4830 com-

2169 4865 2483 4918 mutatione
2537 4865 2812 4919 diversus.
2849 4867 3184 4936 Propitiare,
3233 4883 3588 4935 quzesumns,
3643 4867 3834 4935 suppli-

2167 4952 2482 5006 cationibus
2533 4955 2762 5020 nostris,
2815 4959 2870 5008 et
2931 4955 3194 5008 Ecclesiae
3253 4959 3364 5007 tuae
3415 4955 3830 5009 misericordiam

2167 5047 2347 5106 tuam,
2396 5057 2568 5112 quam
2629 5049 2912 5112 precatur,
2965 5043 3216 5097 ostende.
3291 5043 3652 5096 Manifestans
3707 5043 3832 5111 plebi

2168 5135 2302 5194 tuae,
2337 5135 2391 5183 et
2421 5132 2826 5184 incarnationis
2869 5133 3225 5202 mysterium,
3259 5137 3314 5184 et
3359 5131 3635 5185 adventus
3677 5131 3828 5184 adnu-

2169 5219 2346 5271 rabile
2403 5225 2845 5286 sacramentum,
2917 5227 2978 5272 ut
3033 5220 3093 5272 in
3137 5219 3508 5272 universitate
3561 5223 3828 5274 nationum

2169 5313 2387 5360 constet
2438 5324 2558 5362 esse
2615 5311 2947 5378 perfectum,
2999 5308 3154 5378 quod
3199 5313 3395 5362 vatum
3459 5309 3696 5363 oraculis
3743 5307 3826 5360 fuit

2171 5400 2298 5448 ante
2331 5395 2696 5464 promissum,
2731 5395 3164 5466 percipiantque
3215 5395 3560 5466 dignitatem
3606 5396 3824 5464 adoptio-

2171 5482 2280 5552 nis,
2313 5499 2456 5552 quos
2479 5489 2716 5538 exornat
2743 5484 3016 5538 confessio
3049 5483 3322 5539 veritatis.
