3868 6228
14 314 141 365 9H5

266 463 593 503 DOIINICA
636 464 713 503 III
773 464 933 504 ANTE
973 466 1222 505 NA'I'ALE
1264 465 1515 505 DOMINI.

99 554 267 621 (Ms)
298 555 527 608 :Eterne
574 556 742 608 Deus.
787 555 894 619 Qui
932 559 1032 609 tuo
1088 556 1457 609 inenarrabili
1505 572 1744 609 munere

14 642 364 708 praestitisti
390 648 669 696 ntnatura
691 644 943 697 humana
962 645 1031 697 ad
1053 644 1488 697 similitudinem
1514 645 1595 698 tui
1618 660 1746 699 con-

14 730 179 789 dita,
215 732 511 785 dissimilis
550 749 654 801 per
690 738 986 802 peccatum
1014 740 1069 785 et
1095 739 1333 786 mortem
1364 733 1583 797 ell'ecta,
1637 749 1743 785 ne-

16 832 339 888 quaquam
397 820 455 872 in
488 824 706 873 aeterna
735 820 1103 874 damnatione
1152 820 1403 890 periret;
1440 822 1536 874 sed
1595 821 1743 874 unde

20 914 346 976 peccatum
407 915 462 962 et
507 914 750 962 mortem
795 914 1178 977 contraxerat,
1224 909 1355 963 inde
1403 910 1575 962 vitam
1629 914 1743 963 tua!

22 996 279 1064 pietatis
347 996 708 1051 immensitas
770 1002 1095 1067 repararet;
1146 1002 1202 1051 et
1258 998 1508 1067 antiqua:
1567 998 1745 1068 virgi-

27 1086 122 1136 nis
149 1085 401 1150 facinus,
435 1102 579 1139 nova
629 1092 683 1140 et
722 1084 1061 1139 intemerata
1113 1086 1277 1156 virgo
1330 1086 1502 1139 Maria
1532 1086 1739 1156 piaret.

24 1170 181 1233 Quae
238 1172 309 1225 ab
359 1172 566 1242 angelo
620 1172 881 1238 salutata,
930 1172 999 1226 ab
1031 1172 1244 1242 Spiritu
1288 1180 1481 1227 sancto
1535 1174 1738 1227 obum-

24 1258 230 1321 brata,
267 1260 432 1313 illum
468 1261 706 1331 gignere
763 1261 995 1328 meruit,
1028 1262 1127 1332 qui
1188 1269 1388 1315 cuncta
1438 1263 1588 1316 nasci
1640 1280 1742 1317 suo

24 1353 182 1400 nutu
236 1351 539 1403 concessit.
596 1349 730 1413 Quae
801 1350 1119 1404 mirabatur
1154 1356 1211 1403 et
1260 1352 1530 1421 Icorporis
1588 1352 1741 1404 inte-

26 1438 336 1505 gritatem,
397 1444 451 1491 et
494 1443 801 1508 conceptus
857 1439 1287 1502 fecunditatem,
1341 1440 1743 1510 gaudebatque

27 1541 209 1578 suum
265 1526 525 1597 paritura
556 1532 853 1597 parentem
888 1529 1081 1581 Jesum
1114 1527 1401 1582 Christum
1437 1529 1742 1582 Dominum

22 1619 327 1667 nostrum.

284 1736 603 1775 DOMINICA
652 1737 697 1775 II
748 1736 913 1775 ANTE
954 1737 1205 1776 NATALE
1246 1738 1502 1776 DOMINI.
1650 1762 1657 1777 ς

96 1811 263 1879 (113.)
297 1812 408 1863 Per
432 1810 719 1864 Christum
775 1810 1080 1863 Dominum
1110 1816 1393 1864 nostrum.
1433 1810 1605 1880 Cujus
1652 1810 1738 1863 in-

22 1900 371 1952 carnatione
394 1899 547 1952 salus
579 1899 722 1952 facta
757 1904 841 1951 est
893 1898 1118 1965 mundi,
1148 1904 1203 1952 et
1230 1900 1492 1969 passione
1523 1900 1743 1953 redem-

20 1987 150 2056 ptio
208 1993 522 2057 procurata
590 1993 674 2041 est
730 1988 982 2040 hominis
1036 1988 1343 2057 procreati.
1434 1988 1556 2057 Ipse
1616 2005 1738 2055 nos,

26 2092 399 2143 quaesumus,
443 2076 510 2128 ad
544 2081 824 2128 aeternum
859 2075 1134 2143 perducat
1164 2076 1488 2145 praemium,
1523 2076 1621 2145 qui
1653 2092 1741 2128 re-

27 2164 223 2216 demit
270 2164 342 2216 de
386 2164 637 2217 tenebris
686 2163 1067 2227 infernorum,
1108 2162 1499 2233 justiﬁcetque
1551 2164 1609 2216 in
1640 2163 1739 2217 ad-

30 2258 213 2304 ventu
237 2252 516 2317 secundo,
554 2250 654 2320 qui
686 2267 787 2303 nos
812 2251 1055 2303 redemit
1098 2251 1158 2303 in
1194 2252 1379 2321 primo
1412 2269 1422 2305 :
1459 2256 1741 2321 quatenus

32 2339 193 2391 illius
231 2356 341 2393 nos
374 2340 443 2392 ab
478 2339 747 2393 omnibus
794 2340 961 2391 malis
992 2339 1255 2393 defendat
1285 2341 1607 2393 sublimitas
1641 2356 1737 2393 cu-

28 2427 122 2495 jus
165 2427 243 2480 ad
275 2427 455 2480 vitam
480 2426 661 2480 erexit
698 2426 1011 2480 humilitas.

474 2547 662 2586 FERIA
702 2548 768 2586 IV
804 2547 1038 2587 MENSIS
1076 2548 1319 2601 DECIMI.

104 2620 262 2685 (115.)
299 2621 411 2673 Per
442 2619 731 2673 Christum
768 2619 1073 2672 Dominum
1109 2626 1387 2673 nostrum.
1426 2619 1603 2683 Quem
1638 2637 1738 2691 pro

37 2710 222 2761 salute
274 2708 580 2761 hominum
647 2708 1022 2773 nasciturum,
1086 2708 1311 2761 Gabriel
1367 2709 1741 2779 archangelus

39 2798 366 2862 nuntiavit;
402 2797 560 2866 virgo
590 2796 781 2861 Maria,
836 2796 1082 2866 Spiritus
1105 2797 1282 2850 sancti
1315 2798 1737 2866 cooperatione,

39 2886 337 2955 concepit;
378 2890 436 2938 ut
472 2885 625 2955 quod
655 2885 910 2954 angelica
942 2884 1230 2938 nuntiavit
1261 2885 1600 2947 sublimitas,
1634 2886 1737 2939 vir-

40 2976 212 3041 ginea
267 2973 535 3027 crederet
581 2973 821 3042 puritas,
856 2972 1162 3026 ineffabilia
1202 2973 1499 3043 perficeret
1537 2974 1737 3029 deitas.

39 3063 191 3115 Illius
230 3062 430 3133 itaque
463 3065 748 3131 optamus,
802 3067 857 3115 te
889 3061 1232 3131 opitulante,
1262 3078 1495 3116 cernere
1538 3062 1739 3116 faciem

43 3152 160 3205 sine
193 3150 561 3217 confusione,
593 3151 755 3220 cujus
807 3150 1215 3204 incarnationis
1267 3152 1585 3221 gaudemus
1645 3169 1739 3205 so-

37 3237 377 3304 lemnitate;
410 3244 691 3309 quatenus
742 3238 1028 3309 puriﬁcati
1053 3239 1311 3309 jejuniis,
1345 3240 1563 3294 cunctis
1599 3256 1738 3310 pur-

37 3328 151 3396 gati
184 3343 219 3379 a
251 3326 414 3380 vitiis
463 3327 671 3381 natalis
704 3328 825 3397 ejus
852 3328 1135 3382 interesse
1168 3344 1496 3382 mereamur
1534 3330 1740 3383 solem-

38 3416 206 3469 nibus
232 3415 419 3469 festis.

726 3518 915 3559 FERIA
973 3519 1061 3558 VI.

102 3593 342 3645 .Eterne
403 3591 572 3644 Deus.
624 3591 733 3655 Qui
786 3592 1169 3646 sanctiﬁcator
1218 3598 1275 3647 et
1331 3594 1625 3649 institutor
1681 3612 1739 3649 es

41 3679 409 3733 abstinentia:
442 3680 605 3748 cujus
633 3680 825 3733 nullus
876 3680 1007 3733 ﬁnis
1062 3682 1370 3752 nullusque
1416 3688 1500 3735 est
1535 3700 1739 3737 nume-

37 3781 148 3831 rus,
181 3766 440 3831 eﬂ'undc,
474 3782 825 3836 quaesumus,
879 3784 1049 3838 super
1079 3785 1182 3822 nos
1230 3770 1289 3822 in
1348 3770 1547 3823 diebus
1581 3772 1739 3841 jeju-

42 3856 265 3910 niorum
312 3859 649 3907 nostrorum
698 3856 967 3924 spiritum
1031 3858 1230 3927 gratias
1262 3858 1545 3926 salutaris,
1580 3866 1636 3913 et
1668 3860 1739 3913 ab

40 3943 310 3996 omnibus
359 3958 465 3995 nos
512 3943 1041 4013 perturbationibus
1090 3946 1283 3999 saeculi
1311 3946 1482 4016 hujus
1515 3952 1614 4001 tua
1641 3948 1738 4001 de-

41 4030 299 4084 fensione
322 4045 627 4095 conserva;
682 4035 745 4084 ut
778 4030 879 4101 qui
922 4032 1213 4101 Unigeniti
1246 4034 1331 4087 tui
1386 4035 1739 4090 celebramus

41 4120 374 4185 adventum,
406 4118 744 4172 continuum
769 4120 890 4189 ejus
920 4122 1233 4174 sentiamus
1266 4122 1564 4177 auxilium.

366 4240 653 4279 SABBA'I‘O
698 4241 762 4280 IN
802 4242 894 4281 XII
942 4242 1388 4284 LBCTIUNIBUS.

101 4316 234 4383 (Ο.)
255 4315 487 4367 Eterne
532 4315 697 4367 Deus.
743 4315 850 4378 Qui
879 4331 997 4370 non
1045 4317 1233 4371 solum
1268 4322 1501 4387 peccata
1544 4318 1737 4373 dimit-

44 4404 125 4468 tis,
161 4403 267 4457 sed
318 4403 442 4472 ipse
474 4403 648 4455 etiam
692 4404 973 4473 justiticas
999 4410 1341 4474 peccatores,
1379 4412 1437 4460 et
1479 4407 1591 4461 reis
1621 4424 1740 4462 non

44 4496 265 4545 tantum
301 4506 504 4560 pcenas
535 4492 773 4557 relaxas,
809 4492 907 4545 sed
936 4492 1086 4544 dona
1118 4492 1343 4562 largiris
1384 4501 1441 4547 et
1479 4496 1740 4563 prsentia,

45 4581 203 4648 cujus
234 4594 337 4631 nos
364 4578 636 4647 pietatem
665 4579 947 4648 supplices
982 4595 1280 4633 exoramus
1302 4586 1365 4634 ut
1383 4583 1481 4651 qui
1507 4584 1741 4653 jejuniis

47 4671 92 4718 et
121 4666 275 4719 votis
307 4666 665 4719 solemnibus
697 4666 1054 4721 nativitatem
1091 4669 1379 4738 Unigeniti
1410 4672 1492 4724 tui
1520 4688 1739 4741 prtere-

47 4755 254 4821 nimus,
288 4753 447 4807 illius
475 4753 629 4806 dono
663 4758 721 4806 et
762 4755 1066 4822 praesentis
1125 4757 1255 4810 vitae
1290 4759 1740 4827 perturbationi-

46 4840 139 4894 bus
170 4856 478 4895 careamus
510 4845 565 4893 et
595 4846 810 4895 asterna
840 4857 1083 4897 munera
1105 4846 1419 4915 capiamus.

184 4962 512 5002 DOIINICA
555 4962 784 5002 VACA'I‘.
822 4964 1016 5004 SIVBI
1055 4966 1220 5006 ANTE
1259 4968 1405 5007 NAT.
1447 4968 1594 5009 DOH.

106 5038 220 5090 Per
249 5036 545 5090 Christum
578 5037 886 5091 Dominum
919 5044 1199 5094 nostrum.
1262 5041 1442 5105 Quem
1493 5044 1743 5097 Joannes

50 5122 336 5190 prazcessit
361 5122 673 5189 nascendo;
712 5128 766 5175 et
790 5123 848 5176 in
877 5124 1100 5180 deserto
1132 5129 1310 5181 eremi
1348 5128 1739 5198 praedicando,

54 5216 95 5263 et
124 5212 183 5263 in
220 5210 456 5264 fluentis
485 5210 753 5264 Jordanis
799 5211 1159 5281 baptizando,
1195 5219 1251 5269 et
1299 5217 1369 5269 ad
1403 5216 1626 5270 inferna
1652 5217 1745 5271 de-

54 5299 394 5364 scendendo,
431 5299 596 5368 cujus
616 5301 957 5354 venerandae
980 5303 1302 5357 Nativitatis
1323 5306 1586 5374 proxime
1610 5321 1742 5357 ven-

57 5390 175 5440 tura
216 5387 575 5453 solemnitas,
638 5386 717 5440 ita
762 5404 882 5455 nos,
932 5406 1284 5460 quaesumus,
1330 5393 1433 5446 tibi
1506 5393 1744 5462 placitos

58 5476 266 5542 reddat,
303 5482 368 5529 ut
409 5491 545 5529 cum
581 5475 769 5529 fructu
822 5477 1109 5532 bonorum
1167 5497 1407 5550 operum
1447 5482 1516 5535 ad
1568 5497 1746 5551 regna

60 5564 297 5619 caelestia
326 5563 698 5629 introducat;
735 5570 795 5618 ut
820 5567 1137 5635 parandam
1169 5568 1222 5621 in
1243 5568 1506 5623 cordibus
1534 5570 1743 5623 nostris

384 5663 675 5727 PATROL.
729 5663 933 5729 CXXI.

1015 317 1227 373 LIBER
1268 317 2322 375 SACRAMENTORUM—PRAEFAT.
2364 318 2593 383 ANTIQ.

3452 326 3555 379 906

1771 452 1817 502 Α
1847 449 1996 502 viam
2025 449 2286 515 Domino,
2322 449 2649 521 fructusque
2703 450 2909 521 dignos
2940 451 3294 520 poenitentia:
3324 452 3540 505 facien-

1849 538 1938 603 da,
1976 554 2080 607 per
2108 538 2574 607 praedicationem
2602 540 2833 592 Joannis
2862 540 3327 610 obtemperemus
3355 543 3537 595 moni-

1850 626 1921 679 tis
1948 626 2279 680 Salvatoris.
2314 627 2518 697 Sicque
2550 633 2949 695 perveniamus
2982 646 3081 699 per
3110 630 3295 683 filium
3327 630 3540 683 sterilis

1851 715 1919 767 ad
1951 715 2133 767 tilium
2179 714 2436 785 virginis,
2480 731 2582 783 per
2611 716 2845 768 Joanem
2900 716 3193 771 hominem
3242 734 3539 787 magnum,

1847 803 1917 856 ad
1982 803 2249 856 eumdem
2301 804 2607 857 Dominum
2664 808 2941 871 nostrum,
2993 806 3288 859 hominem
3344 809 3542 862 Deum.

1847 892 1953 955 Qui
2001 892 2146 944 sicut
2191 892 2348 945 venit
2399 892 2469 945 ad
2520 908 2624 945 nos
2667 892 3069 946 redimendum
3136 895 3408 960 occultus,
3470 895 3549 948 ita

1847 980 2125 1050 justiﬁcet
2160 995 2289 1034 cum
2313 980 2531 1033 venerit
2564 981 2629 1034 ad
2656 980 3033 1050 judicandum
3054 981 3413 1035 manifestus.

2348 1101 2413 1139 IN
2461 1102 2651 1141 FESTO
2686 1102 2735 1140 S.
2786 1102 3054 1142 FELICIS.

1920 1173 2144 1226 [Eterne
2177 1175 2341 1227 Deus.
2380 1176 2442 1227 Et
2472 1174 2891 1228 confessionem
2938 1175 2995 1229 S.
3039 1174 3241 1229 Felicis
3272 1192 3550 1230 memora-

1854 1261 2028 1315 bilem
2058 1278 2174 1317 non
2200 1269 2416 1329 tacere;
2451 1264 2549 1333 qui
2584 1280 2687 1317 nec
2720 1264 2998 1317 haereticis
3027 1264 3419 1334 pravitatibus,
3443 1281 3549 1318 nec

1850 1350 2040 1403 saeculi
2083 1350 2513 1416 blandimentis,
2556 1369 2587 1403 a
2636 1350 2725 1404 sui
2776 1355 2957 1404 status
2993 1351 3337 1404 rectitudine
3366 1352 3552 1423 potuit

1850 1437 2177 1503 immutari;
2211 1439 2306 1493 sed
2349 1440 2499 1493 inter
2530 1445 2768 1509 utraque
2817 1439 3147 1493 discrimina
3178 1440 3428 1493 veritatis
3460 1457 3549 1494 as-

1852 1532 2058 1593 sertor,
2092 1528 2420 1581 ﬁrmitatem
2472 1545 2589 1581 suae
2621 1528 2752 1581 tidei
2784 1544 2900 1581 non
2943 1528 3194 1599 reliquit.
3243 1530 3349 1582 Per
3383 1530 3543 1583 Chri-

1856 1620 2031 1669 stum.

2322 1719 2383 1758 IN
2426 1718 2617 1758 FESTO
2655 1719 2706 1757 S.
2748 1720 3091 1758 MARCELLI.

1922 1811 2148 1863 Eterne
2193 1810 2360 1863 Deus.
2420 1809 2526 1873 Qui
2574 1808 2912 1878 gloriﬁcaris
2955 1809 3014 1862 in
3059 1815 3292 1863 tuorum
3324 1810 3545 1863 confes-

1852 1898 2013 1951 sione
2042 1902 2387 1964 sanctorum,
2418 1903 2473 1951 et
2503 1914 2614 1951 non
2648 1899 2832 1951 solum
2877 1898 3370 1952 excellentioribus
3397 1914 3543 1968 pra:-

1852 1985 1981 2038 miis
2014 1990 2329 2055 martyrum
2365 1990 2597 2037 tuorum
2626 1986 2832 2039 merita
2867 1986 3115 2055 gloriosa
3162 1985 3544 2055 prosequeris,

1850 2073 1949 2127 sed
2004 2074 2176 2126 etiam
2236 2089 2394 2127 sacra
2451 2074 2723 2142 mysteria
2780 2074 3239 2143 competentibus
3297 2074 3543 2128 servitiis

1851 2166 2239 2232 exsequentes,
2292 2162 2565 2231 gaudium
2629 2162 2852 2216 Domini
2904 2162 2992 2215 sui
3022 2162 3228 2215 tribuis
3258 2162 3543 2233 benignus

1850 2250 2087 2305 intrare.
2126 2252 2232 2304 Per
2262 2250 2570 2303 Christum.

1961 2372 2024 2411 IN
2061 2371 2250 2411 FESTO
2280 2371 2367 2410 SS.
2402 2371 2663 2410 FABIANI
2701 2371 2771 2409 ET
2808 2370 3192 2409 SEBASTIANI
3232 2370 3429 2410 MART.

1922 2465 2149 2516 Eterne
2192 2463 2357 2516 Deus.
2392 2462 2673 2525 Quoniam
2719 2461 3020 2514 beatorum
3069 2467 3388 2531 martyrum
3436 2463 3539 2515 Fa-

1848 2551 2007 2605 biani
2040 2556 2095 2604 et
2124 2550 2441 2605 Sebastiani
2469 2567 2569 2619 pro
2599 2549 2951 2603 confessione
2985 2550 3234 2602 nominis
3258 2550 3343 2603 tui
3372 2566 3541 2603 vene-

1849 2640 2046 2693 rabilis
2079 2638 2311 2707 sanguis
2338 2637 2569 2703 etl‘usus,
2606 2637 2774 2690 simul
2803 2643 2858 2690 et
2912 2643 3008 2690 tua
3041 2638 3325 2692 mirabilia
3354 2639 3543 2693 mani-

1851 2730 2035 2793 festat,
2069 2727 2167 2797 qui
2200 2726 2423 2796 perticis
2448 2726 2505 2778 in
2538 2724 2870 2779 inﬁrmitate
2901 2726 3195 2792 virtutem,
3228 2732 3286 2780 et
3332 2726 3541 2779 nostris

1852 2816 2053 2870 studiis
2094 2816 2190 2869 das
2234 2816 2575 2884 profectum,
2611 2820 2668 2867 et
2698 2814 2941 2868 inlirmis
2994 2815 3148 2885 apud
3192 2819 3247 2869 te
3302 2820 3538 2886 praestas

1851 2905 2146 2959 auxilium.
2183 2906 2287 2957 Per
2317 2903 2624 2958 Christum.

2233 3030 2293 3069 IN
2332 3029 2521 3069 FESTO
2556 3026 2817 3069 SANCTJE
2855 3029 3150 3069 AGNE'I‘IS.

1923 3122 2049 3193 (A.)
2083 3124 2309 3176 Eternc
2344 3123 2508 3175 Deus.
2554 3122 2617 3175 Et
2645 3121 2795 3175 diem
2841 3121 3020 3175 beatae
3055 3122 3290 3191 Agnetis
3320 3127 3537 3193 marty-

1850 3212 1936 3265 rio
1970 3216 2358 3266 consecratam
2377 3210 2729 3277 solemniter,
2757 3214 2898 3277 etc.,
2930 3215 2990 3263 ut
3010 3225 3132 3278 sup.
3157 3212 3299 3265 inter
3316 3214 3537 3280 praefat.

1957 3299 2037 3352 br.

1957 3302 2037 3352 br.

1848 3302 1951 3353 Am
2199 3383 2260 3422 IN
2302 3382 2495 3423 rasro
2529 3382 2580 3422 s.
2619 3381 2957 3422 VINCBNTII
2998 3381 3192 3422 HART.

1920 3473 2150 3527 IEternc
2192 3474 2353 3526 Deus.
2400 3473 2507 3525 Per
2559 3471 2847 3525 Christum
2899 3470 3203 3524 Dominum
3248 3475 3533 3526 nostrum.

1850 3563 1957 3615 Pro
1988 3562 2149 3631 cujus
2188 3560 2421 3613 nomine
2451 3559 2733 3629 gloriosus
2762 3558 2932 3612 levita
2962 3558 3288 3611 Vincentius
3340 3565 3397 3613 et
3426 3558 3539 3612 mi-

1848 3649 1931 3702 les
1962 3648 2205 3702 invictus
2245 3648 2429 3701 rabidi
2462 3646 2642 3700 hostis
2702 3647 2982 3699 insaniam
3029 3645 3323 3699 interritus
3370 3647 3534 3714 adiit,

1846 3738 2138 3791 modestus
2183 3736 2468 3800 sustinuit,
2530 3750 2763 3787 securus
2820 3733 3044 3787 irrisit:
3090 3734 3271 3787 sciens
3302 3741 3535 3805 paratus

1848 3841 1969 3879 esse
1996 3831 2056 3878 ut
2086 3824 2375 3877 resisteret
2406 3840 2417 3876 :
2476 3822 2733 3875 nesciens
2790 3822 2971 3874 elatus
3001 3837 3142 3889 esse,
3197 3838 3311 3893 quo
3345 3822 3533 3877 vince-

1850 3920 1937 3967 ret
1968 3914 2025 3966 in
2063 3918 2305 3983 utroque
2361 3910 2616 3981 magistri
2665 3926 2729 3963 ac
2788 3909 3017 3963 Domini
3056 3910 3144 3963 sui
3176 3910 3414 3981 vestigia
3442 3927 3529 3966 se-

1850 4018 2032 4072 quens
2067 4003 2165 4071 qui
2196 4006 2249 4055 et
2304 4000 2640 4053 humilitatis
2672 3998 3061 4053 custodienda:
3093 4005 3149 4053 et
3175 3999 3246 4053 de
3276 4000 3536 4054 hostibus

1848 4090 2241 4161 triumphandi
2276 4090 2390 4143 suis
2416 4088 2707 4159 sequenda
2736 4088 2999 4158 exempla
3032 4089 3390 4146 monstravit.
3432 4090 3540 4144 Per

1849 4196 2043 4251 quem.

1924 4301 1988 4340 IN
2040 4300 2229 4340 FESTO
2273 4299 2751 4339 CONVERSIONIS
2795 4299 2846 4338 S.
2888 4298 3079 4339 PAULI
3127 4298 3458 4341 APOSTOLI.

1916 4392 2141 4444 zEterne
2219 4392 2387 4444 Deus.
2452 4390 2517 4443 Et
2596 4390 2957 4460 majestatem
3008 4395 3167 4444 tuam
3207 4393 3542 4461 suppliciter

1847 4494 2104 4544 exorare,
2136 4484 2201 4532 ut
2247 4479 2570 4544 Ecclesiam,
2614 4479 2766 4532 beati
2813 4479 2970 4532 Pauli
3005 4480 3249 4548 apostoli
3285 4480 3367 4532 tui
3400 4496 3543 4550 pra:-

1848 4568 2132 4622 dicatione
2184 4568 2466 4632 edoctam,
2525 4568 2685 4619 nulla
2742 4567 2894 4619 sinas
2942 4566 3167 4620 fallacia
3223 4566 3444 4621 violari.
3475 4570 3542 4622 Et

1848 4655 1983 4726 quia
2044 4654 2189 4707 nihil
2246 4655 2304 4708 in
2347 4672 2477 4708 vera
2526 4654 2810 4720 religione
2868 4669 3103 4707 manere
3160 4654 3536 4723 dignoscitur,

1849 4746 2003 4815 quod
2037 4760 2152 4797 non
2181 4745 2305 4813 ejus
2335 4742 2619 4797 condierit
2649 4740 2970 4810 disciplina,
3005 4741 3085 4795 ita
3117 4742 3183 4795 ad
3209 4747 3540 4813 peragenda

1851 4849 1917 4887 ea
1949 4850 2076 4903 quae
2110 4833 2321 4895 docuit,
2352 4831 2474 4900 ejus
2514 4829 2773 4895 obtentu,
2802 4828 3069 4882 ﬁdelibus
3102 4828 3387 4883 tribuatur
3416 4830 3538 4885 efﬁ-

1849 4922 2023 4987 cacia,
2054 4920 2377 4989 sentiatque
2400 4915 2756 4970 credentium
2794 4916 3051 4986 gentium
3081 4916 3388 4971 multitudo
3406 4935 3538 4973 eum

1848 5024 1952 5078 pro
1984 5024 2040 5061 se
2070 5007 2222 5076 apud
2254 5012 2306 5059 te
2336 5007 2787 5068 intercessorem,
2822 5018 2993 5072 quem
3022 5003 3232 5058 habere
3292 5020 3351 5057 se
3381 5006 3540 5058 novit

1851 5096 2192 5164 magistrum
2224 5098 2395 5163 atque
2430 5092 2745 5145 doctorem.
2782 5093 2886 5145 Per
2903 5091 3107 5146 Christ.

2210 5214 2271 5253 IN
2312 5212 2554 5253 OCTAVA
2594 5210 2853 5250 SANC'I‘.E
2894 5211 3189 5251 AGNK’I‘IS.

1922 5306 2146 5358 Aitcrue
2179 5305 2343 5358 Deus.
2384 5304 2568 5357 Beata:
2608 5302 2847 5372 Agnetis
2889 5303 3145 5357 natalitia
3184 5300 3543 5373 geminantes
3626 5324 3631 5329 ·

1851 5409 1982 5447 vere
2022 5392 2175 5445 enim
2207 5392 2377 5461 hujus
2432 5392 2809 5445 honorandus
2858 5397 2943 5445 est
2972 5392 3114 5457 dies,
3147 5406 3276 5462 quae
3306 5389 3397 5444 hic
3427 5396 3540 5445 ter-

1852 5496 1989 5534 rena
2012 5480 2381 5549 generatione
2412 5478 2705 5548 processit,
2740 5483 2804 5533 ut
2853 5478 2925 5533 ad
2971 5478 3283 5533 divinitatis
3314 5494 3543 5532 consor-

1853 5568 2000 5622 tium
2030 5568 2375 5638 pcrvcuirct.
2414 5570 2515 5621 t’er
2545 5565 2755 5621 Christ.

3154 5672 3237 5728 29
