3868 6228
317 374 420 425 907

683 519 747 558 IN
807 516 997 556 FESTO
1041 514 1298 555 SANCTJi
1349 513 1644 554 AGATILE.

386 597 611 648 zEterne
658 594 818 647 Deus.
878 593 984 644 Per
1037 590 1325 645 Christum
1375 588 1680 641 Dominum
1723 591 1999 641 nostrum.

314 686 423 737 Pro
463 683 622 752 cujus
661 680 896 733 nomine
928 693 1230 749 pugnarum
1266 677 1583 746 mortisque
1613 682 2004 745 contemptum

312 774 370 824 in
404 776 647 840 utroque
683 785 817 822 sexu
845 767 1103 821 fidelium
1133 765 1349 818 cunctis
1380 765 1642 817 aetatibus
1677 765 2002 817 contulisti:

311 865 377 913 ut
406 860 554 912 inter
584 858 837 912 felicium
872 860 1186 926 martyrum
1234 856 1452 923 palmas
1481 854 1740 924 Agathen
1772 868 2004 923 quoque

310 948 701 1002 beatissimam
746 946 1029 1016 virginem
1089 942 1303 995 victrici
1349 943 1625 1011 patientia
1674 957 1999 994 coronares.

310 1036 447 1100 Quae
480 1052 581 1089 nec
614 1034 783 1088 minis
815 1033 1030 1097 territa,
1092 1048 1194 1085 nec
1225 1030 1519 1101 suppliciis
1579 1034 1866 1099 superata,
1936 1028 2003 1079 de

312 1125 523 1179 diaboli
553 1123 771 1177 saevitia
799 1120 1149 1191 trimphavit,
1187 1119 1324 1189 quia
1357 1119 1415 1171 in
1455 1123 1565 1171 tuae
1615 1117 1840 1171 deitatis
1869 1131 2003 1170 con-

311 1213 553 1268 fessione
582 1211 919 1281 permansit.
956 1211 1019 1263 Et
1051 1210 1197 1261 ideo.

460 1317 533 1355 IN
574 1315 764 1354 FESTO
809 1312 1156 1353 CATIIEDRJE
1197 1311 1247 1351 S.
1287 1311 1475 1350 PETRI
1526 1309 1859 1350 APOSTOLI.

384 1410 607 1461 XEterne
641 1408 807 1458 Deus.
845 1405 910 1456 Et
969 1406 1024 1455 te
1084 1403 1319 1455 laudare
1368 1401 1695 1455 mirabilem
1727 1403 1909 1455 Deum
1946 1399 2003 1453 in

310 1497 519 1549 sanctis
558 1493 689 1557 tuis,
737 1492 793 1545 in
848 1491 1057 1561 quibus
1111 1491 1464 1560 gloriﬁcatus
1514 1507 1573 1543 es
1612 1491 1999 1557 vehementer,

310 1600 412 1654 per
443 1598 583 1653 quos
626 1579 917 1649 Unigeniti
964 1581 1049 1631 tui
1096 1595 1321 1631 sacrum
1382 1595 1588 1648 corpus
1642 1595 1902 1645 exornas,
1949 1583 2004 1630 et

308 1674 366 1725 in
400 1672 608 1742 quibus
651 1669 906 1721 Ecclesite
934 1672 1043 1719 tum
1076 1667 1449 1720 fundamenta
1472 1666 1798 1731 constituis;
1829 1682 2001 1736 quam

307 1759 365 1810 in
421 1756 759 1828 patriarchis
806 1755 1075 1819 fundasti,
1111 1755 1171 1807 in
1215 1755 1512 1825 prophetis
1545 1756 1905 1825 praeparasti,
1942 1755 2003 1807 in

308 1846 580 1916 apostolis
611 1843 933 1897 condidisti.
972 1845 1046 1896 Ex
1075 1844 1283 1912 quibus
1335 1845 1563 1897 beatum
1597 1845 1829 1896 Petrum
1859 1859 2003 1912 apo—

309 1936 585 1988 stolorum
621 1933 960 2003 principem,
997 1933 1066 1985 ob
1113 1932 1527 1985 confessionem
1563 1933 1822 2001 ejusdem
1873 1931 2001 1984 uni-

308 2022 488 2093 geniti
521 2022 643 2075 Filii
676 2022 777 2087 tui,
832 2037 933 2090 per
971 2038 1033 2074 os
1060 2022 1321 2089 ejusdem
1365 2021 1523 2075 verbi
1578 2021 1661 2073 tui
1694 2020 1996 2074 conﬁrma-

308 2118 455 2179 tum,
502 2112 561 2164 in
614 2110 985 2163 fundamento
1029 2110 1232 2164 domus
1272 2114 1407 2175 tum,
1462 2114 1684 2163 mutato
1736 2109 1999 2177 nomine,

306 2199 621 2254 crelestium
684 2200 1060 2251 claustrorum
1119 2200 1429 2269 przesulum
1458 2199 1869 2270 custodemque
1924 2198 2002 2252 fe-

307 2289 454 2350 cisti,
487 2288 678 2341 divino
710 2288 761 2339 ei
808 2287 937 2356 jure
996 2303 1283 2353 concesso,
1331 2292 1395 2340 ut
1426 2304 1553 2357 quae
1598 2288 1892 2340 statuisset
1940 2287 2000 2340 in

307 2375 473 2428 terris
523 2379 887 2427 servarentur
933 2373 993 2425 in
1050 2373 1251 2427 caelis:
1308 2373 1366 2425 in
1419 2374 1579 2442 cujus
1632 2373 2000 2426 veneratione

309 2462 588 2515 hodierna
617 2462 708 2514 die
757 2461 1040 2529 majestati
1078 2467 1191 2515 tuae
1247 2462 1369 2514 hazc
1407 2461 1552 2515 festa
1600 2463 1997 2531 persolvimus,

304 2555 361 2603 et
412 2551 728 2620 gratiarum
778 2565 840 2602 ac
895 2550 1076 2602 laudis
1139 2550 1386 2603 hostiam
1438 2550 1826 2603 immolamus.
1892 2550 1999 2602 Per

305 2639 572 2693 eumdem
605 2637 814 2692 Christ.

613 2759 678 2797 IN
720 2758 910 2797 Ε’ΕὸΤο
957 2757 1007 2796 S.
1053 2757 1316 2796 MATIII/E
1358 2757 1692 2797 APOSTOLI.

373 2836 599 2887 Aiterne
636 2834 797 2887 Deus.
830 2833 897 2885 Et
943 2838 993 2883 te
1035 2832 1271 2885 laudare
1318 2832 1643 2886 mirabilem
1706 2833 1886 2885 Deum
1936 2831 1995 2885 in

301 2921 481 2975 beatis
510 2920 787 2989 apostolis
830 2919 963 2984 tuis,
998 2920 1057 2972 in
1098 2919 1308 2988 quibus
1341 2920 1695 2989 gloriticatus
1725 2937 1783 2973 es
1823 2920 1994 2973 vehe-

300 3013 544 3074 menter,
578 3024 680 3076 per
711 3023 854 3077 quos
884 3007 1169 3077 unigeniti
1210 3008 1294 3060 tui
1329 3024 1553 3062 sacrum
1608 3025 1812 3078 corpus
1836 3009 1991 3062 colli-

302 3097 409 3166 gis,
460 3101 515 3149 et
552 3096 613 3148 in
643 3096 851 3165 quibus
898 3094 1160 3147 Ecclesiae
1199 3100 1314 3147 tuae
1358 3095 1733 3148 fundamenta
1782 3094 1987 3148 consti-

300 3185 461 3237 tuis:
508 3184 657 3236 unde
720 3182 1008 3252 poscimus
1070 3183 1438 3235 clementiam
1505 3189 1685 3251 tuam,
1734 3183 1990 3254 piissime

301 3273 666 3343 omnipotens
718 3274 884 3337 Deus,
946 3276 1011 3324 ut
1050 3270 1455 3325 intercessione
1504 3274 1562 3325 Β.
1608 3272 1859 3341 apostoli
1906 3272 1990 3326 tui

301 3362 544 3429 Mathire,
576 3362 738 3431 cujus
772 3360 1056 3430 passionis
1086 3360 1445 3429 triumphum
1477 3360 1806 3413 solemniter
1844 3362 1991 3413 cele-

299 3452 552 3516 bramus,
607 3465 931 3502 mereamur
973 3465 1004 3501 a
1052 3453 1416 3518 peccatorum
1461 3454 1791 3503 nostrorum
1838 3450 1990 3503 nexi-

299 3540 405 3594 bus
428 3540 590 3605 solvi,
624 3543 679 3591 et
709 3544 940 3591 aeternae
968 3537 1097 3590 vita:
1127 3537 1387 3590 felicitati
1429 3538 1611 3603 reddi,
1664 3544 1835 3609 atque
1868 3555 1991 3591 san-

298 3634 517 3683 ctorum
547 3633 776 3681 tuorum
813 3626 1051 3680 caatibus
1082 3625 1507 3679 connumerari.
1552 3628 1658 3679 Per
1697 3626 1984 3681 eumdem.

614 3744 639 3769 ει
674 3737 759 3801 [IN
800 3748 992 3787 γεεΤο
1029 3746 1659 3787 S.GREG0RIIPAP1E.

366 3827 590 3878 ιίΕὶθιἪθ
656 3825 821 3876 Deus.
879 3821 985 3885 Qui
1019 3821 1253 3875 beatum
1304 3822 1646 3891 Gregorium
1695 3819 1985 3875 confesso-

294 3927 417 3965 rem
464 3916 629 3965 tuum
677 3915 850 3979 atque
902 3908 1235 3978 pontificem
1288 3909 1534 3962 laetificas
1578 3908 1639 3962 in
1685 3924 1863 3979 regno
1888 3914 1985 3962 tuo

295 4000 354 4052 in
407 3998 757 4052 beatitudine
809 4014 1036 4065 semper
1085 3997 1205 4050 sine
1250 3997 1397 4062 line;
1454 4002 1519 4050 ut
1565 3997 1757 4049 omnia
1805 3997 1987 4067 possit

294 4088 485 4140 videre
542 4087 599 4139 in
651 4091 747 4138 tua
790 4086 1043 4139 claritate
1093 4084 1415 4138 mirabilis:
1472 4085 1570 4138 ubi
1620 4086 1985 4155 refrigerium

294 4170 603 4233 inetfabile,
667 4175 722 4221 et
784 4170 981 4220 laetitia
1030 4168 1464 4233 inenarrabilis;
1522 4168 1623 4223 ubi
1680 4170 1985 4238 praesentia

294 4257 597 4313 Salvatoris
632 4257 755 4310 Filii
790 4256 870 4308 tui
928 4256 1157 4309 Domini
1206 4256 1405 4321 nostri,
1451 4256 1511 4310 in
1549 4274 1723 4327 quem
1761 4274 1985 4329 semper

1464 363 1801 418 GRIMALDI
1845 361 2368 418 SANGALLENSIS
2404 362 2697 417 ABBATlS

3723 365 3818 416 908

2047 497 2437 551 Anachorum
2485 496 2673 566 gregis
2729 496 2937 566 dignus
3008 498 3180 550 Pater
3244 496 3473 551 effulsit.
3543 496 3820 567 Quidqnd

2116 586 2287 637 sacris
2320 585 2616 637 admonuit
2644 583 2831 650 dictis,
2862 584 3068 638 sanctis
3104 586 3366 654 implevit
3411 587 3731 655 operibus;
3768 590 3821 635 ut

2117 690 2290 744 quam
2319 673 2525 726 divinis
2556 672 2923 726 inchoaverat
2964 673 3209 726 oraculis
3258 674 3546 739 semitam,
3614 674 3822 727 lucidis

2116 766 2462 815 monstraret
2489 761 2784 831 exemplis.
2815 762 2884 815 Ut
2906 761 3154 830 gloriosa
3190 762 3611 815 monachorum
3636 762 3821 831 plebs,

2116 853 2355 920 paterna
2386 849 2614 903 intuens
2655 849 2915 918 vestigia,
2952 849 3019 903 ad
3071 855 3353 919 perpetua
3390 850 3533 903 lucis
3581 856 3823 904 aeternae

2115 938 2354 1008 prwmia
2388 938 2582 992 venire
2607 941 2942 991 mereretur.
2970 940 3078 991 Per
3104 938 3435 1005 Christum.]

2227 1060 2289 1099 IN
2324 1060 2513 1100 FESTO
2546 1059 3112 1100 ANNUNTIATIONIS
3145 1058 3403 1099 SANCTJE
3446 1059 3671 1099 MARIJZ
3695 1085 3709 1098 .

2184 1154 2412 1206 Aiterne
2458 1154 2627 1213 Deus,
2678 1150 2788 1216 Qui
2835 1152 3018 1206 beata:
3063 1151 3249 1204 Maria:
3291 1150 3531 1221 virginis
3585 1155 3825 1221 partum

2116 1241 2373 1294 Ecclesim
2396 1245 2510 1294 tua:
2544 1239 2799 1294 tribuisti
2832 1240 3122 1293 celebrare
3150 1238 3414 1292 mirabile
3447 1239 3822 1308 mysterium,

2116 1333 2170 1381 et
2202 1328 2585 1382 inenarrabile
2622 1332 3068 1393 sacramentum,
3113 1327 3172 1380 in
3221 1342 3337 1396 qua
3375 1332 3573 1379 manet
3604 1327 3824 1379 intacta

2115 1418 2363 1480 castitas,
2389 1417 2575 1487 pudor
2603 1416 2848 1486 integer,
2900 1416 3066 1469 firma
3097 1415 3434 1469 constantia.
3489 1416 3630 1478 Qum
3663 1415 3823 1467 laeta-

2113 1508 2206 1557 tur
2238 1505 2388 1575 quod
2419 1505 2580 1574 virgo
2615 1506 2898 1574 concepit,
2933 1505 3081 1575 quod
3124 1504 3246 1558 coeli
3283 1503 3601 1557 Dominum
3649 1502 3823 1555 castis

2114 1594 2366 1661 portavit
2394 1593 2727 1659 visceribus,
2768 1593 2919 1663 quod
2959 1594 3118 1661 virgo
3150 1592 3328 1645 edidit
3358 1597 3599 1660 partum
3634 1590 3825 1643 admi-

2112 1682 2351 1734 randam
2413 1681 2622 1735 divinae
2677 1681 3124 1750 dispensationis
3167 1682 3593 1751 operationem,
3688 1695 3819 1748 quae

2044 1777 2082 1829 Β
2115 1769 2297 1823 virum
2326 1786 2443 1823 non
2472 1770 2761 1838 cognovit,
2815 1774 2870 1822 et
2908 1774 3091 1822 mater
3130 1775 3245 1833 est;
3270 1773 3325 1821 et
3357 1775 3487 1838 post
3520 1767 3713 1821 tilium
3741 1776 3822 1819 est

2114 1857 2313 1927 virgo:
2375 1857 2597 1911 duobus
2655 1858 2808 1910 enim
2884 1858 3078 1926 gavisa
3138 1858 3498 1917 muneribus,
3566 1857 3819 1909 miratur

2113 1945 2265 2014 quod
2324 1945 2486 2014 virgo
2558 1945 2804 2015 peperit,
2860 1946 3083 1998 laetatur
3156 1946 3306 2015 quod
3358 1946 3821 2015 Redemptoreui

2113 2034 2314 2087 mundi
2371 2034 2551 2088 edidit
2611 2036 2803 2088 Iesum
2835 2034 3121 2088 Christum
3172 2033 3485 2088 Dominum
3522 2040 3815 2099 nostrum,

2112 2124 2220 2176 Per
2251 2138 2443 2193 quem.

2116 2246 2177 2285 1N
2238 2246 2469 2285 NATALI
2508 2245 2597 2284 SS.
2634 2244 2953 2297 TIBURTII,
2994 2244 3378 2295 VALERIANI,
3418 2246 3489 2284 ΒΤ
3534 2245 3808 2284 ΠΔΧΙἏΙ.

2180 2337 2408 2391 Eterne
2460 2338 2625 2390 Deus.
2686 2337 2752 2389 Et
2802 2336 2861 2389 in
2927 2340 3252 2389 sanctorum
3312 2341 3640 2407 martyrum
3686 2342 3812 2389 tuo-

2107 2440 2235 2477 rum
2263 2424 2569 2478 festivitate
2600 2424 2854 2490 laudare,
2886 2424 2988 2495 qui
3038 2441 3263 2494 semper
3310 2441 3369 2478 es
3404 2425 3718 2478 laudabilis
3756 2426 3812 2479 in

2103 2519 2335 2567 tuorum
2369 2514 2912 2567 commemoratione
2936 2518 3284 2578 sanctorum,
3320 2514 3419 2584 qui
3466 2520 3523 2567 et
3573 2530 3806 2583 magnae

2106 2601 2241 2654 ﬁdei
2271 2601 2500 2671 largiris
2541 2602 2827 2668 affectum,
2862 2606 2916 2654 et
2945 2602 3304 2655 tolerantiam
3345 2602 3555 2655 tribuis
3592 2605 3813 2672 passio-

2110 2707 2269 2756 num,
2304 2695 2359 2743 et
2391 2690 2614 2760 antiqui
2652 2690 2832 2744 hostis
2873 2689 3009 2743 facis
3057 2706 3326 2760 superare
3370 2691 3813 2745 machinamen-

2107 2782 2231 2831 tum
2266 2795 2277 2832 :
2314 2794 2427 2848 quo
2461 2777 2676 2848 egregii
2713 2782 2990 2848 martyres
3011 2778 3097 2832 tui
3125 2778 3196 2831 ad
3225 2780 3570 2848 capiendam
3607 2796 3810 2849 super-

2106 2882 2315 2927 norum
2339 2866 2755 2920 beatitudinem
2786 2867 3183 2936 praemiorum,
3206 2868 3380 2921 nullis
3410 2868 3813 2937 impediantur

2105 2956 2436 3009 retinaculis
2463 2956 3010 3009 blandimentorum.
3050 2958 3112 3009 Et
3138 2957 3287 3010 ideo.

2387 3060 2474 3133 [IN
2511 3077 2747 3116 NA'I‘ALI
2784 3077 2837 3119 s.
2864 3076 3127 3116 GEORGII
3157 3077 3514 3117 MARTYRIS.

2169 3169 2396 3221 ZEterne
2454 3169 2617 3221 Deus.
2666 3169 2773 3221 Per
2821 3168 3111 3221 Christum
3148 3169 3453 3222 Dominum
3514 3172 3804 3222 nostrum.

2098 3257 2207 3309 Pro
2265 3256 2424 3326 cujus
2493 3256 2726 3309 nomine
2784 3258 3108 3310 veneranda
3162 3258 3517 3311 confessione
3602 3258 3807 3311 beatus

2098 3349 2316 3414 martyr
2345 3345 2618 3415 Georgius
2675 3346 2894 3398 diversa
2954 3345 3234 3415 supplicia
3284 3346 3576 3410 sustinuit,
3640 3353 3700 3399 et
3742 3361 3805 3399 ea

2098 3435 2422 3499 devincens,
2476 3433 2878 3503 perpetuitatis
2947 3434 3266 3504 promeruit
3329 3450 3626 3489 coronam.
3684 3436 3805 3503 .Per

2098 3521 2327 3591 Christ.]

2354 3625 2416 3663 IN
2458 3625 2695 3664 NATALI
2732 3624 2783 3664 S.
2824 3625 3022 3665 MARCI
3061 3625 3541 3665 EV'ANGELIST.E.

2165 3716 2391 3768 Eterne
2452 3716 2597 3769 Deus
2645 3731 2749 3784 per
2804 3716 3091 3770 Christum
3147 3716 3455 3770 Dominum
3506 3720 3793 3771 nostrum.

2096 3803 2268 3872 Cujus
2308 3802 2490 3872 gratia
2522 3804 2753 3856 beatum
2805 3804 3053 3858 Marcum
3084 3804 3143 3858 in
3175 3805 3557 3859 sacerdotium
3593 3807 3791 3875 elegit,

2100 3891 2355 3945 doctrina
2377 3890 2444 3944 ad
2475 3892 2901 3960 praedicandum
2932 3893 3165 3958 erudiit,
3200 3893 3454 3963 potentia
3510 3894 3580 3947 ad
3611 3912 3798 3964 perse-

2097 3979 2405 4032 verandum
2427 3980 2787 4033 contirmavit
2820 3999 2831 4035 :
2875 3987 2939 4034 ut
2967 3997 3070 4051 per
3096 3982 3503 4035 sarerdotalcm
3544 3982 3796 4035 infulam

2095 4067 2419 4137 perveniret
2450 4073 2505 4121 et
2548 4067 2616 4122 ad
2661 4069 2922 4138 martyrii
2966 4071 3239 4137 palmam.
3275 4072 3613 4139 Docensque
3655 4071 3797 4123 sub-

2096 4155 2243 4209 ditos
2272 4156 2656 4227 praedicando,
2698 4157 2986 4211 instruens
3028 4158 3253 4211 vivendi
3314 4160 3603 4228 exemplo,
3650 4176 3793 4212 con-

2093 4245 2330 4298 firmans
2368 4244 2677 4314 patiendo:
2740 4251 2805 4298 ut
2849 4246 2918 4299 ad
2967 4251 3021 4299 te
3061 4247 3418 4300 coronandus
3464 4248 3798 4316 pervenerit

293 4348 553 4401 laetantes
609 4345 937 4415 prospicere
983 4345 1310 4398 desiderant
1337 4346 1549 4414 angeli,
1580 4347 1819 4401 adorant
1873 4348 1981 4401 do-
2019 4338 2065 4392 Ῐ)
2090 4334 2189 4404 (Illi
2218 4337 2648 4403 Ρθνεθουῖοιύω
2679 4333 2864 4387 mina-5
2913 4334 3232 4405 intrepidus
3283 4340 3629 4404 superasset
3682 4338 3795 4389 (λα’

292 4434 657 4500 minationes,
694 4437 947 4487 tremunt
974 4438 1079 4488 etc.

1082 4539 1235 4593 Alia.

356 4632 583 4685 [Eterne
620 4630 785 4682 Deus.
824 4627 969 4692 Quia
998 4627 1075 4681 sic
1117 4627 1321 4681 tribuis
1380 4628 1686 4683 Ecclesiam
1733 4634 1890 4684 tuam
1921 4630 1976 4686 S.

288 4716 545 4786 Gregorii
578 4715 860 4786 pontiﬁcis
901 4716 984 4769 tui
1019 4718 1568 4771 commemoratione
1605 4720 1875 4788 gaudere,
1919 4725 1980 4775 ut

286 4820 412 4858 eam
441 4822 669 4874 semper
698 4805 851 4857 illius
883 4811 940 4859 et
978 4806 1285 4859 festivitate
1314 4806 1586 4873 laetilices,
1624 4813 1680 4861 et
1716 4811 1976 4878 exemplo

284 4894 393 4962 piae
446 4893 900 4947 conversationis
939 4910 1223 4960 exerceas,
1264 4899 1318 4946 et
1342 4896 1512 4948 verbo
1556 4895 1976 4964 praedicationis

286 4982 534 5049 erudias,
569 4988 844 5054 grataque
877 4983 978 5036 tibi
1004 4982 1421 5053 supplicatione
1453 4981 1702 5053 tuearis.]

478 5088 567 5157 [IN
609 5104 798 5143 FESTO
839 5103 1292 5143 DEPOSITIONIS
1328 5104 1376 5143 S.
1411 5104 1776 5145 BENEDICTI.

355 5176 587 5230 [Eterne
651 5179 816 5231 Deus.
870 5178 1277 5231 Honorandum
1354 5178 1529 5231 Patris
1582 5179 1869 5233 Benedicti
1919 5182 1975 5233 et

284 5264 598 5331 gloriosum
635 5265 985 5318 celebrantes
1030 5266 1203 5331 diem,
1252 5267 1309 5319 in
1343 5283 1456 5337 quo
1505 5267 1613 5320 hoc
1660 5267 1820 5321 triste
1862 5285 1971 5322 sae-

283 5351 476 5404 culum
503 5353 787 5418 deserens,
817 5354 881 5406 ad
916 5353 1160 5406 caelestis
1207 5354 1410 5423 patriae
1437 5356 1646 5425 gaudia
1702 5356 1973 5427 migravit

285 5441 517 5491 interna.
552 5438 659 5500 Qui
689 5441 865 5494 sancti
899 5441 1142 5510 Spiritus
1174 5444 1380 5513 repleti
1411 5444 1581 5511 dono,
1627 5445 1816 5500 decori
1847 5462 1966 5500 mo-

2084 4424 2180 4493 jus
2241 4423 2597 4477 interventus
2664 4440 2787 4490 nos,
2840 4440 3189 4494 quaesumus,
3222 4440 3254 4476 a
3303 4424 3513 4477 nostris
3543 4425 3793 4478 mundet

2092 4508 2334 4576 delictis,
2368 4509 2466 4579 qui
2495 4508 2598 4563 tibi
2629 4510 2843 4580 placuit
2901 4516 2987 4565 tot
3022 4511 3309 4565 donorum
3367 4512 3796 4581 prterogativis,

2092 4599 2200 4651 Per
2224 4613 2417 4667 quem.

2548 4702 2613 4742 IN
2664 4701 2899 4741 NATALI
2940 4701 2990 4741 S.
3042 4701 3328 4741 VITALIS.

2162 4794 2265 4862 (G.,
2293 4792 2427 4863 MS.)
2476 4795 2541 4847 Et
2582 4794 2940 4863 majestatem
2970 4798 3129 4847 tuam
3159 4794 3495 4864 suppliciter
3526 4810 3788 4857 exorare,

2089 4886 2284 4934 utnon
2315 4898 2417 4935 nos
2446 4888 2659 4936 nostrae
2692 4883 2947 4949 malitiae,
2991 4883 3087 4937 sed
3118 4882 3497 4953 indulgentiae
3558 4900 3796 4955 semper

2085 4970 2387 5039 proveniat
2408 4970 2658 5025 effectus.
2694 4970 2802 5034 Qui
2828 4987 2932 5024 nos
2962 4987 2995 5024 a
3014 4972 3196 5024 noxiis
3230 4973 3623 5042 voluptatibus
3647 4990 3794 5027 sem-

2084 5075 2187 5128 per
2231 5059 2512 5129 expediat,
2575 5064 2629 5114 et
2686 5076 2718 5113 a
2771 5060 3079 5114 mundanis
3158 5061 3415 5115 cladibus
3472 5063 3793 5118 clementer

2084 5146 2308 5216 eripiat.

2158 5270 2220 5308 IN
2262 5270 2497 5309 NATALI
2534 5270 3000 5310 APOSTOLORUM
3031 5270 3323 5310 PEILIPPI
3355 5272 3428 5311 ET
3465 5272 3714 5313 JACOBI.

2153 5359 2514 5430 (G.)A2terne
2547 5363 2713 5415 Deus.
2750 5361 2858 5425 Qui
2893 5362 3200 5417 Ecclesiam
3255 5367 3416 5418 tuam
3458 5364 3520 5419 in
3564 5371 3786 5435 aposto-

2079 5447 2189 5501 lica
2240 5450 2523 5505 soliditate
2574 5451 2837 5517 firmasti,
2887 5452 2957 5506 de
3018 5468 3264 5523 quorum
3316 5455 3612 5509 consortio
3653 5462 3784 5511 sunt

353 5600 378 5625 ⁸
402 5591 776 5648 RecentiorD.
809 5597 1252 5667 Gregoriiaetate
1282 5616 1458 5669 quare
1478 5601 1639 5655 uncis
1667 5604 1813 5657 hanc
1837 5609 1895 5658 et
1922 5604 2138 5660 similes
2162 5606 2518 5664 inclusimus.
