  <div class='ocr_page' id='page_1' title='image "/cluster/home/n/w/nwhite01/storage/ocr_20150623/121/uva.x000827051/466.png"; bbox 0 0 3868 6228; ppageno 0'>
   <div class='ocr_carea' id='block_1_1' title="bbox 27 398 121 451">
    <p class='ocr_par' dir='ltr' id='par_1_1' title="bbox 27 398 121 451">
     <span class='ocr_line' id='line_1_1' title="bbox 27 398 121 451; baseline -0.021 0"><span class='ocrx_word' id='word_1_1' title='bbox 27 398 121 451; x_wconf 69' lang='lat'>909</span> 
     </span>
    </p>
   </div>
   <div class='ocr_carea' id='block_1_2' title="bbox 987 399 2570 470">
    <p class='ocr_par' dir='ltr' id='par_1_2' title="bbox 987 399 2570 470">
     <span class='ocr_line' id='line_1_2' title="bbox 987 399 2570 470; baseline 0.004 -16"><span class='ocrx_word' id='word_1_2' title='bbox 987 399 1191 456; x_wconf 81' lang='lat' dir='ltr'>LIBER</span> <span class='ocrx_word' id='word_1_3' title='bbox 1232 399 1864 458; x_wconf 77' lang='lat' dir='ltr'>SACRAMENTORUM.</span> <span class='ocrx_word' id='word_1_4' title='bbox 1897 434 1964 441; x_wconf 97' lang='lat'>—</span> <span class='ocrx_word' id='word_1_5' title='bbox 1995 403 2302 459; x_wconf 66' lang='lat' dir='ltr'>PREFAT.</span> <span class='ocrx_word' id='word_1_6' title='bbox 2347 406 2570 470; x_wconf 84' lang='lat' dir='ltr'>ANTIO.</span> 
     </span>
    </p>
   </div>
   <div class='ocr_carea' id='block_1_3' title="bbox 3428 411 3535 465">
    <p class='ocr_par' dir='ltr' id='par_1_3' title="bbox 3428 411 3535 465">
     <span class='ocr_line' id='line_1_3' title="bbox 3428 411 3535 465; baseline 0.019 -2"><span class='ocrx_word' id='word_1_7' title='bbox 3428 411 3535 465; x_wconf 80' lang='grc'>910</span> 
     </span>
    </p>
   </div>
   <div class='ocr_carea' id='block_1_4' title="bbox 27 535 3534 615">
    <p class='ocr_par' dir='ltr' id='par_1_4' title="bbox 27 535 3534 615">
     <span class='ocr_line' id='line_1_4' title="bbox 27 535 3534 615; baseline 0.005 -28"><span class='ocrx_word' id='word_1_8' title='bbox 27 535 225 587; x_wconf 78' lang='lat' dir='ltr'>beatus</span> <span class='ocrx_word' id='word_1_9' title='bbox 261 536 571 605; x_wconf 80' lang='lat' dir='ltr'>Philippus</span> <span class='ocrx_word' id='word_1_10' title='bbox 602 541 660 590; x_wconf 87' lang='lat' dir='ltr'>et</span> <span class='ocrx_word' id='word_1_11' title='bbox 686 537 944 605; x_wconf 75' lang='lat' dir='ltr'>Iacobus,</span> <span class='ocrx_word' id='word_1_12' title='bbox 982 554 1229 608; x_wconf 86' lang='lat' dir='ltr'>quorum</span> <span class='ocrx_word' id='word_1_13' title='bbox 1262 538 1431 592; x_wconf 86' lang='lat' dir='ltr'>hodie</span> <span class='ocrx_word' id='word_1_14' title='bbox 1464 538 1604 591; x_wconf 78' lang='lat' dir='ltr'>festa</span> <span class='ocrx_word' id='word_1_15' title='bbox 1630 555 1722 592; x_wconf 90' lang='lat' dir='ltr'>ve-</span> <span class='ocrx_word' id='word_1_16' title='bbox 1763 542 1808 593; x_wconf 84' lang='lat' dir='ltr'><strong>A</strong></span> <span class='ocrx_word' id='word_1_17' title='bbox 1844 539 2105 609; x_wconf 73' lang='lat' dir='ltr'>Baptistae</span> <span class='ocrx_word' id='word_1_18' title='bbox 2137 546 2192 594; x_wconf 91' lang='lat' dir='ltr'>et</span> <span class='ocrx_word' id='word_1_19' title='bbox 2215 542 2509 611; x_wconf 62' lang='lat' dir='ltr'>prophetae</span> <span class='ocrx_word' id='word_1_20' title='bbox 2540 544 2796 613; x_wconf 87' lang='lat' dir='ltr'>Joannis,</span> <span class='ocrx_word' id='word_1_21' title='bbox 2846 561 2975 599; x_wconf 89' lang='lat' dir='ltr'>cum</span> <span class='ocrx_word' id='word_1_22' title='bbox 3022 547 3228 615; x_wconf 90' lang='lat' dir='ltr'>gaudio</span> <span class='ocrx_word' id='word_1_23' title='bbox 3277 548 3534 603; x_wconf 89' lang='lat' dir='ltr'>celebre-</span> 
     </span>
    </p>
   </div>
   <div class='ocr_carea' id='block_1_5' title="bbox 31 626 1731 694">
    <p class='ocr_par' dir='ltr' id='par_1_5' title="bbox 31 626 1731 694">
     <span class='ocr_line' id='line_1_5' title="bbox 31 626 1731 694; baseline 0.003 -19"><span class='ocrx_word' id='word_1_24' title='bbox 31 639 326 687; x_wconf 87' lang='lat' dir='ltr'>neramur,</span> <span class='ocrx_word' id='word_1_25' title='bbox 356 634 655 694; x_wconf 84' lang='lat' dir='ltr'>poscentes</span> <span class='ocrx_word' id='word_1_26' title='bbox 686 632 750 679; x_wconf 90' lang='lat' dir='ltr'>ut</span> <span class='ocrx_word' id='word_1_27' title='bbox 779 626 925 679; x_wconf 86' lang='lat' dir='ltr'>sicut</span> <span class='ocrx_word' id='word_1_28' title='bbox 955 640 1155 681; x_wconf 89' lang='lat' dir='ltr'>eorum</span> <span class='ocrx_word' id='word_1_29' title='bbox 1186 627 1455 680; x_wconf 86' lang='lat' dir='ltr'>doctrinis</span> <span class='ocrx_word' id='word_1_30' title='bbox 1488 627 1731 681; x_wconf 89' lang='lat' dir='ltr'>institui-</span> 
     </span>
    </p>
   </div>
   <div class='ocr_carea' id='block_1_6' title="bbox 30 713 1727 785">
    <p class='ocr_par' dir='ltr' id='par_1_6' title="bbox 30 713 1727 785">
     <span class='ocr_line' id='line_1_6' title="bbox 30 713 1727 785; baseline 0.002 -20"><span class='ocrx_word' id='word_1_31' title='bbox 30 728 173 777; x_wconf 86' lang='lat' dir='ltr'>mur,</span> <span class='ocrx_word' id='word_1_32' title='bbox 200 713 286 765; x_wconf 91' lang='lat' dir='ltr'>ita</span> <span class='ocrx_word' id='word_1_33' title='bbox 309 714 592 783; x_wconf 81' lang='lat' dir='ltr'>exemplis</span> <span class='ocrx_word' id='word_1_34' title='bbox 614 715 970 782; x_wconf 89' lang='lat' dir='ltr'>muniamur,</span> <span class='ocrx_word' id='word_1_35' title='bbox 1001 719 1054 768; x_wconf 91' lang='lat' dir='ltr'>et</span> <span class='ocrx_word' id='word_1_36' title='bbox 1074 715 1339 785; x_wconf 81' lang='lat' dir='ltr'>precibus</span> <span class='ocrx_word' id='word_1_37' title='bbox 1372 716 1727 785; x_wconf 88' lang='lat' dir='ltr'>adjuvemur.</span> 
     </span>
    </p>
   </div>
   <div class='ocr_carea' id='block_1_7' title="bbox 32 800 1247 856">
    <p class='ocr_par' dir='ltr' id='par_1_7' title="bbox 32 800 1247 856">
     <span class='ocr_line' id='line_1_7' title="bbox 32 800 1247 856; baseline 0.002 -3"><span class='ocrx_word' id='word_1_38' title='bbox 32 802 130 853; x_wconf 88' lang='lat' dir='ltr'>Per</span> <span class='ocrx_word' id='word_1_39' title='bbox 160 800 465 854; x_wconf 81' lang='lat' dir='ltr'>Christum</span> <span class='ocrx_word' id='word_1_40' title='bbox 498 802 805 855; x_wconf 89' lang='lat' dir='ltr'>Dominum</span> <span class='ocrx_word' id='word_1_41' title='bbox 844 807 1125 856; x_wconf 91' lang='lat' dir='ltr'>nostrum.</span> <span class='ocrx_word' id='word_1_42' title='bbox 1246 808 1247 813; x_wconf 75' lang='lat'>‘</span> 
     </span>
    </p>
   </div>
   <div class='ocr_carea' id='block_1_8' title="bbox 204 922 1547 963">
    <p class='ocr_par' dir='ltr' id='par_1_8' title="bbox 204 922 1547 963">
     <span class='ocr_line' id='line_1_8' title="bbox 204 922 1547 963; baseline 0 -3"><span class='ocrx_word' id='word_1_43' title='bbox 204 922 271 960; x_wconf 76' lang='lat' dir='ltr'><strong>IN</strong></span> <span class='ocrx_word' id='word_1_44' title='bbox 314 922 515 961; x_wconf 73' lang='lat' dir='ltr'><strong>FESTO</strong></span> <span class='ocrx_word' id='word_1_45' title='bbox 548 923 967 963; x_wconf 70' lang='lat' dir='ltr'><strong>INVENTIONIS</strong></span> <span class='ocrx_word' id='word_1_46' title='bbox 1006 924 1261 963; x_wconf 69' lang='lat' dir='ltr'><strong>SANCTE</strong></span> <span class='ocrx_word' id='word_1_47' title='bbox 1299 923 1547 963; x_wconf 84' lang='lat' dir='ltr'>CRUCIS.</span> 
     </span>
    </p>
   </div>
   <div class='ocr_carea' id='block_1_9' title="bbox 96 995 1729 1051">
    <p class='ocr_par' dir='ltr' id='par_1_9' title="bbox 96 995 1729 1051">
     <span class='ocr_line' id='line_1_9' title="bbox 96 995 1729 1051; baseline 0.002 -5"><span class='ocrx_word' id='word_1_48' title='bbox 96 995 336 1048; x_wconf 76' lang='lat' dir='ltr'>:Eterne</span> <span class='ocrx_word' id='word_1_49' title='bbox 384 996 555 1050; x_wconf 86' lang='lat' dir='ltr'>Deus.</span> <span class='ocrx_word' id='word_1_50' title='bbox 612 998 719 1050; x_wconf 88' lang='lat' dir='ltr'>Per</span> <span class='ocrx_word' id='word_1_51' title='bbox 767 998 1055 1050; x_wconf 85' lang='lat' dir='ltr'>Christum</span> <span class='ocrx_word' id='word_1_52' title='bbox 1100 997 1411 1051; x_wconf 91' lang='lat' dir='ltr'>Dominum</span> <span class='ocrx_word' id='word_1_53' title='bbox 1449 1002 1729 1050; x_wconf 90' lang='lat' dir='ltr'>nostrum.</span> 
     </span>
    </p>
   </div>
   <div class='ocr_carea' id='block_1_10' title="bbox 35 1082 1729 1153">
    <p class='ocr_par' dir='ltr' id='par_1_10' title="bbox 35 1082 1729 1153">
     <span class='ocr_line' id='line_1_10' title="bbox 35 1082 1729 1153; baseline 0.002 -19"><span class='ocrx_word' id='word_1_54' title='bbox 35 1082 133 1145; x_wconf 85' lang='lat' dir='ltr'>Qui</span> <span class='ocrx_word' id='word_1_55' title='bbox 165 1099 274 1153; x_wconf 90' lang='lat' dir='ltr'>per</span> <span class='ocrx_word' id='word_1_56' title='bbox 306 1083 641 1153; x_wconf 84' lang='lat' dir='ltr'>passionem</span> <span class='ocrx_word' id='word_1_57' title='bbox 674 1086 857 1138; x_wconf 90' lang='lat' dir='ltr'>crucis</span> <span class='ocrx_word' id='word_1_58' title='bbox 888 1084 1171 1138; x_wconf 91' lang='lat' dir='ltr'>mundum</span> <span class='ocrx_word' id='word_1_59' title='bbox 1199 1085 1461 1150; x_wconf 88' lang='lat' dir='ltr'>redemit,</span> <span class='ocrx_word' id='word_1_60' title='bbox 1495 1090 1549 1137; x_wconf 91' lang='lat' dir='ltr'>et</span> <span class='ocrx_word' id='word_1_61' title='bbox 1580 1086 1729 1137; x_wconf 84' lang='lat' dir='ltr'>anti-</span> 
     </span>
    </p>
   </div>
   <div class='ocr_carea' id='block_1_11' title="bbox 35 1170 1735 1242">
    <p class='ocr_par' dir='ltr' id='par_1_11' title="bbox 35 1170 1735 1242">
     <span class='ocr_line' id='line_1_11' title="bbox 35 1170 1735 1242; baseline 0.002 -20"><span class='ocrx_word' id='word_1_62' title='bbox 35 1186 155 1239; x_wconf 72' lang='lat' dir='ltr'>quae</span> <span class='ocrx_word' id='word_1_63' title='bbox 220 1170 449 1224; x_wconf 89' lang='lat' dir='ltr'>arboris</span> <span class='ocrx_word' id='word_1_64' title='bbox 511 1171 936 1225; x_wconf 90' lang='lat' dir='ltr'>amarissimum</span> <span class='ocrx_word' id='word_1_65' title='bbox 979 1178 1210 1242; x_wconf 81' lang='lat' dir='ltr'>gustum</span> <span class='ocrx_word' id='word_1_66' title='bbox 1259 1174 1442 1226; x_wconf 90' lang='lat' dir='ltr'>crucis</span> <span class='ocrx_word' id='word_1_67' title='bbox 1487 1172 1735 1226; x_wconf 89' lang='lat' dir='ltr'>medica-</span> 
     </span>
    </p>
   </div>
   <div class='ocr_carea' id='block_1_12' title="bbox 36 1260 1736 1332">
    <p class='ocr_par' dir='ltr' id='par_1_12' title="bbox 36 1260 1736 1332">
     <span class='ocr_line' id='line_1_12' title="bbox 36 1260 1736 1332; baseline 0.002 -21"><span class='ocrx_word' id='word_1_68' title='bbox 36 1260 184 1311; x_wconf 86' lang='lat' dir='ltr'>mine</span> <span class='ocrx_word' id='word_1_69' title='bbox 218 1260 577 1325; x_wconf 75' lang='lat' dir='ltr'>indulcavit;</span> <span class='ocrx_word' id='word_1_70' title='bbox 624 1265 987 1332; x_wconf 88' lang='lat' dir='ltr'>mortemque</span> <span class='ocrx_word' id='word_1_71' title='bbox 1019 1276 1147 1330; x_wconf 72' lang='lat' dir='ltr'>quas</span> <span class='ocrx_word' id='word_1_72' title='bbox 1182 1278 1283 1332; x_wconf 90' lang='lat' dir='ltr'>per</span> <span class='ocrx_word' id='word_1_73' title='bbox 1312 1262 1537 1331; x_wconf 82' lang='lat' dir='ltr'>lignum</span> <span class='ocrx_word' id='word_1_74' title='bbox 1588 1261 1736 1314; x_wconf 87' lang='lat' dir='ltr'>veti-</span> 
     </span>
    </p>
   </div>
   <div class='ocr_carea' id='block_1_13' title="bbox 35 1348 1738 1419">
    <p class='ocr_par' dir='ltr' id='par_1_13' title="bbox 35 1348 1738 1419">
     <span class='ocr_line' id='line_1_13' title="bbox 35 1348 1738 1419; baseline 0.001 -18"><span class='ocrx_word' id='word_1_75' title='bbox 35 1354 148 1401; x_wconf 87' lang='lat' dir='ltr'>tum</span> <span class='ocrx_word' id='word_1_76' title='bbox 181 1353 449 1410; x_wconf 74' lang='lat' dir='ltr'>venerat,</span> <span class='ocrx_word' id='word_1_77' title='bbox 482 1364 585 1418; x_wconf 91' lang='lat' dir='ltr'>per</span> <span class='ocrx_word' id='word_1_78' title='bbox 613 1348 756 1419; x_wconf 80' lang='lat' dir='ltr'>ligni</span> <span class='ocrx_word' id='word_1_79' title='bbox 795 1354 1078 1419; x_wconf 64' lang='lat' dir='ltr'>tropaeum</span> <span class='ocrx_word' id='word_1_80' title='bbox 1112 1349 1335 1403; x_wconf 86' lang='lat' dir='ltr'>devicit.</span> <span class='ocrx_word' id='word_1_81' title='bbox 1376 1351 1446 1403; x_wconf 90' lang='lat' dir='ltr'>Ut</span> <span class='ocrx_word' id='word_1_82' title='bbox 1488 1349 1738 1403; x_wconf 85' lang='lat' dir='ltr'>mirabili</span> 
     </span>
    </p>
   </div>
   <div class='ocr_carea' id='block_1_14' title="bbox 38 1436 1741 1508">
    <p class='ocr_par' dir='ltr' id='par_1_14' title="bbox 38 1436 1741 1508">
     <span class='ocr_line' id='line_1_14' title="bbox 38 1436 1741 1508; baseline 0.002 -19"><span class='ocrx_word' id='word_1_83' title='bbox 38 1452 145 1489; x_wconf 48' lang='lat' dir='ltr'>sua).</span> <span class='ocrx_word' id='word_1_84' title='bbox 180 1436 422 1506; x_wconf 87' lang='lat' dir='ltr'>pietatis</span> <span class='ocrx_word' id='word_1_85' title='bbox 444 1436 895 1506; x_wconf 86' lang='lat' dir='ltr'>dispensatione,</span> <span class='ocrx_word' id='word_1_86' title='bbox 920 1437 1021 1508; x_wconf 86' lang='lat' dir='ltr'>qui</span> <span class='ocrx_word' id='word_1_87' title='bbox 1043 1453 1145 1508; x_wconf 89' lang='lat' dir='ltr'>per</span> <span class='ocrx_word' id='word_1_88' title='bbox 1170 1437 1315 1507; x_wconf 87' lang='lat' dir='ltr'>ligni</span> <span class='ocrx_word' id='word_1_89' title='bbox 1338 1442 1568 1507; x_wconf 87' lang='lat' dir='ltr'>gustum</span> <span class='ocrx_word' id='word_1_90' title='bbox 1591 1455 1622 1491; x_wconf 89' lang='lat' dir='ltr'>a</span> <span class='ocrx_word' id='word_1_91' title='bbox 1644 1438 1741 1492; x_wconf 79' lang='lat' dir='ltr'>flo-</span> 
     </span>
    </p>
   </div>
   <div class='ocr_carea' id='block_1_15' title="bbox 36 1526 1738 1596">
    <p class='ocr_par' dir='ltr' id='par_1_15' title="bbox 36 1526 1738 1596">
     <span class='ocr_line' id='line_1_15' title="bbox 36 1526 1738 1596; baseline 0.002 -20"><span class='ocrx_word' id='word_1_92' title='bbox 36 1526 226 1593; x_wconf 83' lang='lat' dir='ltr'>rigera</span> <span class='ocrx_word' id='word_1_93' title='bbox 258 1526 396 1578; x_wconf 89' lang='lat' dir='ltr'>sede</span> <span class='ocrx_word' id='word_1_94' title='bbox 422 1526 882 1591; x_wconf 87' lang='lat' dir='ltr'>discesseramus,</span> <span class='ocrx_word' id='word_1_95' title='bbox 918 1542 1022 1596; x_wconf 89' lang='lat' dir='ltr'>per</span> <span class='ocrx_word' id='word_1_96' title='bbox 1049 1526 1231 1579; x_wconf 90' lang='lat' dir='ltr'>crucis</span> <span class='ocrx_word' id='word_1_97' title='bbox 1268 1527 1489 1595; x_wconf 82' lang='lat' dir='ltr'>lignum</span> <span class='ocrx_word' id='word_1_98' title='bbox 1538 1526 1738 1580; x_wconf 90' lang='lat' dir='ltr'>redea-</span> 
     </span>
    </p>
   </div>
   <div class='ocr_carea' id='block_1_16' title="bbox 40 1613 1181 1685">
    <p class='ocr_par' dir='ltr' id='par_1_16' title="bbox 40 1613 1181 1685">
     <span class='ocr_line' id='line_1_16' title="bbox 40 1613 1181 1685; baseline 0.004 -21"><span class='ocrx_word' id='word_1_99' title='bbox 40 1628 159 1664; x_wconf 88' lang='lat' dir='ltr'>mus</span> <span class='ocrx_word' id='word_1_100' title='bbox 194 1613 270 1666; x_wconf 90' lang='lat' dir='ltr'>ad</span> <span class='ocrx_word' id='word_1_101' title='bbox 308 1613 523 1683; x_wconf 89' lang='lat' dir='ltr'>gaudia</span> <span class='ocrx_word' id='word_1_102' title='bbox 553 1614 823 1684; x_wconf 86' lang='lat' dir='ltr'>paradisi.</span> <span class='ocrx_word' id='word_1_103' title='bbox 859 1617 964 1668; x_wconf 89' lang='lat' dir='ltr'>Per</span> <span class='ocrx_word' id='word_1_104' title='bbox 989 1630 1181 1685; x_wconf 87' lang='lat' dir='ltr'>quem.</span> 
     </span>
    </p>
   </div>
   <div class='ocr_carea' id='block_1_17' title="bbox 72 1716 1701 1768">
    <p class='ocr_par' dir='ltr' id='par_1_17' title="bbox 72 1716 1701 1768">
     <span class='ocr_line' id='line_1_17' title="bbox 72 1716 1701 1768; baseline 0.002 -15"><span class='ocrx_word' id='word_1_105' title='bbox 72 1716 134 1754; x_wconf 68' lang='lat' dir='ltr'>IN</span> <span class='ocrx_word' id='word_1_106' title='bbox 177 1717 425 1756; x_wconf 71' lang='lat' dir='ltr'><strong>NATALI</strong></span> <span class='ocrx_word' id='word_1_107' title='bbox 463 1717 550 1757; x_wconf 91' lang='lat' dir='ltr'>SS.</span> <span class='ocrx_word' id='word_1_108' title='bbox 590 1717 811 1767; x_wconf 78' lang='lat' dir='ltr'>NEREI,</span> <span class='ocrx_word' id='word_1_109' title='bbox 854 1718 1181 1768; x_wconf 73' lang='lat' dir='ltr'>ACHILLEI,</span> <span class='ocrx_word' id='word_1_110' title='bbox 1219 1717 1290 1755; x_wconf 89' lang='lat' dir='ltr'>ET</span> <span class='ocrx_word' id='word_1_111' title='bbox 1328 1716 1701 1756; x_wconf 77' lang='lat' dir='ltr'>PANCRATII.</span> 
     </span>
    </p>
   </div>
   <div class='ocr_carea' id='block_1_18' title="bbox 96 1789 1741 1855">
    <p class='ocr_par' dir='ltr' id='par_1_18' title="bbox 96 1789 1741 1855">
     <span class='ocr_line' id='line_1_18' title="bbox 96 1789 1741 1855; baseline 0.001 -14"><span class='ocrx_word' id='word_1_112' title='bbox 96 1790 345 1843; x_wconf 63' lang='lat' dir='ltr'>:Eterne</span> <span class='ocrx_word' id='word_1_113' title='bbox 383 1791 545 1843; x_wconf 88' lang='lat' dir='ltr'>Deus.</span> <span class='ocrx_word' id='word_1_114' title='bbox 584 1790 863 1853; x_wconf 84' lang='lat' dir='ltr'>Quoniam</span> <span class='ocrx_word' id='word_1_115' title='bbox 912 1807 942 1843; x_wconf 91' lang='lat' dir='ltr'>a</span> <span class='ocrx_word' id='word_1_116' title='bbox 990 1794 1045 1844; x_wconf 92' lang='lat' dir='ltr'>te</span> <span class='ocrx_word' id='word_1_117' title='bbox 1094 1790 1470 1843; x_wconf 84' lang='lat' dir='ltr'>constantiam</span> <span class='ocrx_word' id='word_1_118' title='bbox 1500 1789 1661 1855; x_wconf 87' lang='lat' dir='ltr'>ﬁdes,</span> <span class='ocrx_word' id='word_1_119' title='bbox 1711 1806 1741 1841; x_wconf 91' lang='lat' dir='ltr'>a</span> 
     </span>
    </p>
   </div>
   <div class='ocr_carea' id='block_1_19' title="bbox 36 1877 1740 1948">
    <p class='ocr_par' dir='ltr' id='par_1_19' title="bbox 36 1877 1740 1948">
     <span class='ocr_line' id='line_1_19' title="bbox 36 1877 1740 1948; baseline 0.001 -19"><span class='ocrx_word' id='word_1_120' title='bbox 36 1877 397 1930; x_wconf 75' lang='lat' dir='ltr'>tevirtutem</span> <span class='ocrx_word' id='word_1_121' title='bbox 443 1878 619 1931; x_wconf 83' lang='lat' dir='ltr'>sumit</span> <span class='ocrx_word' id='word_1_122' title='bbox 656 1878 981 1931; x_wconf 89' lang='lat' dir='ltr'>inﬁrmitas.</span> <span class='ocrx_word' id='word_1_123' title='bbox 1018 1879 1084 1931; x_wconf 91' lang='lat' dir='ltr'>Et</span> <span class='ocrx_word' id='word_1_124' title='bbox 1131 1878 1413 1948; x_wconf 87' lang='lat' dir='ltr'>quidquid</span> <span class='ocrx_word' id='word_1_125' title='bbox 1445 1877 1504 1931; x_wconf 90' lang='lat' dir='ltr'>in</span> <span class='ocrx_word' id='word_1_126' title='bbox 1547 1893 1740 1947; x_wconf 90' lang='lat' dir='ltr'>perse-</span> 
     </span>
    </p>
   </div>
   <div class='ocr_carea' id='block_1_20' title="bbox 37 1965 1741 2036">
    <p class='ocr_par' dir='ltr' id='par_1_20' title="bbox 37 1965 1741 2036">
     <span class='ocr_line' id='line_1_20' title="bbox 37 1965 1741 2036; baseline 0.001 -19"><span class='ocrx_word' id='word_1_127' title='bbox 37 1965 377 2019; x_wconf 84' lang='lat' dir='ltr'>cutionibus</span> <span class='ocrx_word' id='word_1_128' title='bbox 405 1982 620 2019; x_wconf 78' lang='lat' dir='ltr'>saevum</span> <span class='ocrx_word' id='word_1_129' title='bbox 656 1972 761 2033; x_wconf 90' lang='lat' dir='ltr'>est,</span> <span class='ocrx_word' id='word_1_130' title='bbox 808 1966 1090 2036; x_wconf 88' lang='lat' dir='ltr'>quidquid</span> <span class='ocrx_word' id='word_1_131' title='bbox 1138 1967 1200 2019; x_wconf 90' lang='lat' dir='ltr'>in</span> <span class='ocrx_word' id='word_1_132' title='bbox 1232 1972 1415 2020; x_wconf 91' lang='lat' dir='ltr'>morte</span> <span class='ocrx_word' id='word_1_133' title='bbox 1464 1966 1741 2032; x_wconf 87' lang='lat' dir='ltr'>terribile,</span> 
     </span>
    </p>
   </div>
   <div class='ocr_carea' id='block_1_21' title="bbox 37 2054 1742 2125">
    <p class='ocr_par' dir='ltr' id='par_1_21' title="bbox 37 2054 1742 2125">
     <span class='ocr_line' id='line_1_21' title="bbox 37 2054 1742 2125; baseline 0 -18"><span class='ocrx_word' id='word_1_134' title='bbox 37 2054 299 2107; x_wconf 82' lang='lat' dir='ltr'>nominis</span> <span class='ocrx_word' id='word_1_135' title='bbox 330 2055 414 2108; x_wconf 89' lang='lat' dir='ltr'>tui</span> <span class='ocrx_word' id='word_1_136' title='bbox 455 2056 590 2108; x_wconf 84' lang='lat' dir='ltr'>facis</span> <span class='ocrx_word' id='word_1_137' title='bbox 634 2055 990 2109; x_wconf 90' lang='lat' dir='ltr'>confessione</span> <span class='ocrx_word' id='word_1_138' title='bbox 1038 2055 1316 2125; x_wconf 89' lang='lat' dir='ltr'>superari.</span> <span class='ocrx_word' id='word_1_139' title='bbox 1368 2056 1524 2108; x_wconf 90' lang='lat' dir='ltr'>Unde</span> <span class='ocrx_word' id='word_1_140' title='bbox 1569 2055 1742 2108; x_wconf 83' lang='lat' dir='ltr'>bene-</span> 
     </span>
    </p>
   </div>
   <div class='ocr_carea' id='block_1_22' title="bbox 40 2143 1741 2214">
    <p class='ocr_par' dir='ltr' id='par_1_22' title="bbox 40 2143 1741 2214">
     <span class='ocr_line' id='line_1_22' title="bbox 40 2143 1741 2214; baseline 0.001 -19"><span class='ocrx_word' id='word_1_141' title='bbox 40 2143 295 2195; x_wconf 85' lang='lat' dir='ltr'>dicimus</span> <span class='ocrx_word' id='word_1_142' title='bbox 324 2148 400 2208; x_wconf 91' lang='lat' dir='ltr'>te,</span> <span class='ocrx_word' id='word_1_143' title='bbox 436 2144 695 2210; x_wconf 89' lang='lat' dir='ltr'>Domine,</span> <span class='ocrx_word' id='word_1_144' title='bbox 728 2143 788 2196; x_wconf 91' lang='lat' dir='ltr'>iu</span> <span class='ocrx_word' id='word_1_145' title='bbox 820 2144 1091 2213; x_wconf 90' lang='lat' dir='ltr'>operibus</span> <span class='ocrx_word' id='word_1_146' title='bbox 1132 2144 1266 2212; x_wconf 88' lang='lat' dir='ltr'>tuis,</span> <span class='ocrx_word' id='word_1_147' title='bbox 1300 2148 1470 2214; x_wconf 84' lang='lat' dir='ltr'>teque</span> <span class='ocrx_word' id='word_1_148' title='bbox 1513 2144 1572 2196; x_wconf 91' lang='lat' dir='ltr'>in</span> <span class='ocrx_word' id='word_1_149' title='bbox 1614 2159 1741 2197; x_wconf 88' lang='lat' dir='ltr'>san-</span> 
     </span>
    </p>
   </div>
   <div class='ocr_carea' id='block_1_23' title="bbox 40 2231 1744 2303">
    <p class='ocr_par' dir='ltr' id='par_1_23' title="bbox 40 2231 1744 2303">
     <span class='ocr_line' id='line_1_23' title="bbox 40 2231 1744 2303; baseline 0 -19"><span class='ocrx_word' id='word_1_150' title='bbox 40 2238 274 2284; x_wconf 85' lang='lat' dir='ltr'>ctorum</span> <span class='ocrx_word' id='word_1_151' title='bbox 342 2236 574 2285; x_wconf 90' lang='lat' dir='ltr'>tuorum</span> <span class='ocrx_word' id='word_1_152' title='bbox 637 2232 805 2286; x_wconf 85' lang='lat' dir='ltr'>Nerei</span> <span class='ocrx_word' id='word_1_153' title='bbox 865 2238 920 2285; x_wconf 93' lang='lat' dir='ltr'>et</span> <span class='ocrx_word' id='word_1_154' title='bbox 966 2232 1208 2286; x_wconf 87' lang='lat' dir='ltr'>Achillei</span> <span class='ocrx_word' id='word_1_155' title='bbox 1249 2238 1420 2303; x_wconf 88' lang='lat' dir='ltr'>atque</span> <span class='ocrx_word' id='word_1_156' title='bbox 1462 2231 1744 2287; x_wconf 86' lang='lat' dir='ltr'>Pancratii</span> 
     </span>
    </p>
   </div>
   <div class='ocr_carea' id='block_1_24' title="bbox 40 2320 1137 2390">
    <p class='ocr_par' dir='ltr' id='par_1_24' title="bbox 40 2320 1137 2390">
     <span class='ocr_line' id='line_1_24' title="bbox 40 2320 1137 2390; baseline 0.001 -17"><span class='ocrx_word' id='word_1_157' title='bbox 40 2325 318 2390; x_wconf 75' lang='lat' dir='ltr'>provectu</span> <span class='ocrx_word' id='word_1_158' title='bbox 351 2321 671 2374; x_wconf 87' lang='lat' dir='ltr'>laudamus.</span> <span class='ocrx_word' id='word_1_159' title='bbox 698 2322 805 2374; x_wconf 88' lang='lat' dir='ltr'>Per</span> <span class='ocrx_word' id='word_1_160' title='bbox 831 2320 1137 2375; x_wconf 83' lang='lat' dir='ltr'>Christum.</span> 
     </span>
    </p>
   </div>
   <div class='ocr_carea' id='block_1_25' title="bbox 370 2442 1429 2483">
    <p class='ocr_par' dir='ltr' id='par_1_25' title="bbox 370 2442 1429 2483">
     <span class='ocr_line' id='line_1_25' title="bbox 370 2442 1429 2483; baseline 0 -3"><span class='ocrx_word' id='word_1_161' title='bbox 370 2442 440 2481; x_wconf 71' lang='lat' dir='ltr'><strong>III</strong></span> <span class='ocrx_word' id='word_1_162' title='bbox 476 2443 711 2482; x_wconf 75' lang='lat' dir='ltr'><strong>NATALI</strong></span> <span class='ocrx_word' id='word_1_163' title='bbox 742 2443 793 2482; x_wconf 85' lang='lat' dir='ltr'>S.</span> <span class='ocrx_word' id='word_1_164' title='bbox 833 2443 1073 2482; x_wconf 80' lang='lat' dir='ltr'><strong>URBANI</strong></span> <span class='ocrx_word' id='word_1_165' title='bbox 1103 2443 1198 2482; x_wconf 85' lang='lat' dir='ltr'>PP.</span> <span class='ocrx_word' id='word_1_166' title='bbox 1234 2443 1429 2483; x_wconf 81' lang='lat' dir='ltr'>MART.</span> 
     </span>
    </p>
   </div>
   <div class='ocr_carea' id='block_1_26' title="bbox 106 2515 1745 2585">
    <p class='ocr_par' dir='ltr' id='par_1_26' title="bbox 106 2515 1745 2585">
     <span class='ocr_line' id='line_1_26' title="bbox 106 2515 1745 2585; baseline -0.002 -15"><span class='ocrx_word' id='word_1_167' title='bbox 106 2516 227 2583; x_wconf 88' lang='lat' dir='ltr'>(G.)</span> <span class='ocrx_word' id='word_1_168' title='bbox 258 2517 491 2569; x_wconf 66' lang='lat' dir='ltr'>zEterne</span> <span class='ocrx_word' id='word_1_169' title='bbox 522 2516 693 2568; x_wconf 90' lang='lat' dir='ltr'>Deus.</span> <span class='ocrx_word' id='word_1_170' title='bbox 726 2516 939 2569; x_wconf 62' lang='lat' dir='ltr'>Debita;</span> <span class='ocrx_word' id='word_1_171' title='bbox 969 2516 1199 2585; x_wconf 88' lang='lat' dir='ltr'>pietatis</span> <span class='ocrx_word' id='word_1_172' title='bbox 1230 2515 1571 2585; x_wconf 80' lang='lat' dir='ltr'>obsequium</span> <span class='ocrx_word' id='word_1_173' title='bbox 1607 2530 1745 2567; x_wconf 90' lang='lat' dir='ltr'>san-</span> 
     </span>
    </p>
   </div>
   <div class='ocr_carea' id='block_1_27' title="bbox 44 2604 1744 2674">
    <p class='ocr_par' dir='ltr' id='par_1_27' title="bbox 44 2604 1744 2674">
     <span class='ocr_line' id='line_1_27' title="bbox 44 2604 1744 2674; baseline -0.001 -17"><span class='ocrx_word' id='word_1_174' title='bbox 44 2604 109 2657; x_wconf 79' lang='lat' dir='ltr'>cti</span> <span class='ocrx_word' id='word_1_175' title='bbox 143 2604 495 2657; x_wconf 85' lang='lat' dir='ltr'>confessoris</span> <span class='ocrx_word' id='word_1_176' title='bbox 536 2609 591 2657; x_wconf 90' lang='lat' dir='ltr'>et</span> <span class='ocrx_word' id='word_1_177' title='bbox 620 2605 885 2674; x_wconf 77' lang='lat' dir='ltr'>martyris</span> <span class='ocrx_word' id='word_1_178' title='bbox 931 2604 1015 2657; x_wconf 91' lang='lat' dir='ltr'>tui</span> <span class='ocrx_word' id='word_1_179' title='bbox 1069 2604 1278 2658; x_wconf 89' lang='lat' dir='ltr'>Urbani</span> <span class='ocrx_word' id='word_1_180' title='bbox 1321 2619 1744 2657; x_wconf 90' lang='lat' dir='ltr'>commemora-</span> 
     </span>
    </p>
   </div>
   <div class='ocr_carea' id='block_1_28' title="bbox 44 2692 1745 2762">
    <p class='ocr_par' dir='ltr' id='par_1_28' title="bbox 44 2692 1745 2762">
     <span class='ocr_line' id='line_1_28' title="bbox 44 2692 1745 2762; baseline 0.001 -18"><span class='ocrx_word' id='word_1_181' title='bbox 44 2692 197 2745; x_wconf 83' lang='lat' dir='ltr'>tione</span> <span class='ocrx_word' id='word_1_182' title='bbox 241 2692 599 2759; x_wconf 81' lang='lat' dir='ltr'>exhibentes,</span> <span class='ocrx_word' id='word_1_183' title='bbox 648 2692 969 2762; x_wconf 87' lang='lat' dir='ltr'>potentiam</span> <span class='ocrx_word' id='word_1_184' title='bbox 1026 2698 1205 2757; x_wconf 85' lang='lat' dir='ltr'>tuam,</span> <span class='ocrx_word' id='word_1_185' title='bbox 1268 2692 1526 2757; x_wconf 89' lang='lat' dir='ltr'>Domine,</span> <span class='ocrx_word' id='word_1_186' title='bbox 1583 2692 1745 2762; x_wconf 85' lang='lat' dir='ltr'>cujus</span> 
     </span>
    </p>
   </div>
   <div class='ocr_carea' id='block_1_29' title="bbox 44 2781 1740 2851">
    <p class='ocr_par' dir='ltr' id='par_1_29' title="bbox 44 2781 1740 2851">
     <span class='ocr_line' id='line_1_29' title="bbox 44 2781 1740 2851; baseline 0 -17"><span class='ocrx_word' id='word_1_187' title='bbox 44 2782 227 2850; x_wconf 79' lang='lat' dir='ltr'>gratia</span> <span class='ocrx_word' id='word_1_188' title='bbox 256 2782 389 2835; x_wconf 90' lang='lat' dir='ltr'>talis</span> <span class='ocrx_word' id='word_1_189' title='bbox 415 2781 649 2847; x_wconf 79' lang='lat' dir='ltr'>exstitit,</span> <span class='ocrx_word' id='word_1_190' title='bbox 681 2782 741 2834; x_wconf 91' lang='lat' dir='ltr'>iu</span> <span class='ocrx_word' id='word_1_191' title='bbox 775 2782 899 2851; x_wconf 86' lang='lat' dir='ltr'>ejus</span> <span class='ocrx_word' id='word_1_192' title='bbox 931 2781 1292 2835; x_wconf 86' lang='lat' dir='ltr'>solemnitate</span> <span class='ocrx_word' id='word_1_193' title='bbox 1336 2781 1740 2851; x_wconf 66' lang='lat' dir='ltr'>praedicamus.</span> 
     </span>
    </p>
   </div>
   <div class='ocr_carea' id='block_1_30' title="bbox 45 2871 391 2925">
    <p class='ocr_par' dir='ltr' id='par_1_30' title="bbox 45 2871 391 2925">
     <span class='ocr_line' id='line_1_30' title="bbox 45 2871 391 2925; baseline 0.003 -2"><span class='ocrx_word' id='word_1_194' title='bbox 45 2872 145 2924; x_wconf 88' lang='lat' dir='ltr'>Per</span> <span class='ocrx_word' id='word_1_195' title='bbox 178 2871 391 2925; x_wconf 86' lang='lat' dir='ltr'>Christ.</span> 
     </span>
    </p>
   </div>
   <div class='ocr_carea' id='block_1_31' title="bbox 261 2990 1527 3031">
    <p class='ocr_par' dir='ltr' id='par_1_31' title="bbox 261 2990 1527 3031">
     <span class='ocr_line' id='line_1_31' title="bbox 261 2990 1527 3031; baseline -0.001 -1"><span class='ocrx_word' id='word_1_196' title='bbox 261 2993 327 3031; x_wconf 76' lang='lat' dir='ltr'>IN</span> <span class='ocrx_word' id='word_1_197' title='bbox 372 2992 609 3031; x_wconf 79' lang='lat' dir='ltr'><strong>NATALI</strong></span> <span class='ocrx_word' id='word_1_198' title='bbox 637 2991 727 3031; x_wconf 79' lang='lat' dir='ltr'>SS.</span> <span class='ocrx_word' id='word_1_199' title='bbox 766 2991 1163 3031; x_wconf 78' lang='lat' dir='ltr'>MARCELLINI</span> <span class='ocrx_word' id='word_1_200' title='bbox 1205 2991 1275 3030; x_wconf 87' lang='lat' dir='ltr'>ET</span> <span class='ocrx_word' id='word_1_201' title='bbox 1314 2990 1527 3030; x_wconf 81' lang='lat' dir='ltr'>PETRI.</span> 
     </span>
    </p>
   </div>
   <div class='ocr_carea' id='block_1_32' title="bbox 109 3064 1743 3136">
    <p class='ocr_par' dir='ltr' id='par_1_32' title="bbox 109 3064 1743 3136">
     <span class='ocr_line' id='line_1_32' title="bbox 109 3064 1743 3136; baseline -0.002 -16"><span class='ocrx_word' id='word_1_202' title='bbox 109 3068 346 3120; x_wconf 73' lang='lat' dir='ltr'>.Eterne</span> <span class='ocrx_word' id='word_1_203' title='bbox 402 3067 571 3120; x_wconf 88' lang='lat' dir='ltr'>Deus.</span> <span class='ocrx_word' id='word_1_204' title='bbox 624 3065 791 3136; x_wconf 81' lang='lat' dir='ltr'>Apud</span> <span class='ocrx_word' id='word_1_205' title='bbox 842 3081 1013 3135; x_wconf 91' lang='lat' dir='ltr'>quem</span> <span class='ocrx_word' id='word_1_206' title='bbox 1068 3081 1296 3135; x_wconf 89' lang='lat' dir='ltr'>semper</span> <span class='ocrx_word' id='word_1_207' title='bbox 1338 3069 1421 3118; x_wconf 90' lang='lat' dir='ltr'>est</span> <span class='ocrx_word' id='word_1_208' title='bbox 1470 3064 1743 3134; x_wconf 72' lang='lat' dir='ltr'>praeclara</span> 
     </span>
    </p>
   </div>
   <div class='ocr_carea' id='block_1_33' title="bbox 1840 628 3534 702">
    <p class='ocr_par' dir='ltr' id='par_1_33' title="bbox 1840 628 3534 702">
     <span class='ocr_line' id='line_1_33' title="bbox 1840 628 3534 702; baseline 0.004 -21"><span class='ocrx_word' id='word_1_209' title='bbox 1840 644 1989 695; x_wconf 90' lang='lat' dir='ltr'>mus,</span> <span class='ocrx_word' id='word_1_210' title='bbox 2022 628 2144 697; x_wconf 91' lang='lat' dir='ltr'>ipse</span> <span class='ocrx_word' id='word_1_211' title='bbox 2179 634 2263 683; x_wconf 90' lang='lat' dir='ltr'>est</span> <span class='ocrx_word' id='word_1_212' title='bbox 2289 630 2443 684; x_wconf 91' lang='lat' dir='ltr'>enim</span> <span class='ocrx_word' id='word_1_213' title='bbox 2490 630 2587 700; x_wconf 89' lang='lat' dir='ltr'>qui</span> <span class='ocrx_word' id='word_1_214' title='bbox 2618 632 2978 685; x_wconf 89' lang='lat' dir='ltr'>annuntiavit</span> <span class='ocrx_word' id='word_1_215' title='bbox 3009 634 3431 702; x_wconf 78' lang='lat' dir='ltr'>pceuitentiam,</span> <span class='ocrx_word' id='word_1_216' title='bbox 3476 639 3534 687; x_wconf 91' lang='lat' dir='ltr'>et</span> 
     </span>
    </p>
   </div>
   <div class='ocr_carea' id='block_1_34' title="bbox 1840 716 3531 794">
    <p class='ocr_par' dir='ltr' id='par_1_34' title="bbox 1840 716 3531 794">
     <span class='ocr_line' id='line_1_34' title="bbox 1840 716 3531 794; baseline 0.005 -26"><span class='ocrx_word' id='word_1_217' title='bbox 1840 716 1989 769; x_wconf 84' lang='lat' dir='ltr'>viam</span> <span class='ocrx_word' id='word_1_218' title='bbox 2023 718 2218 770; x_wconf 92' lang='lat' dir='ltr'>salutis</span> <span class='ocrx_word' id='word_1_219' title='bbox 2249 718 2524 772; x_wconf 74' lang='lat' dir='ltr'>universa:</span> <span class='ocrx_word' id='word_1_220' title='bbox 2561 723 2727 773; x_wconf 67' lang='lat' dir='ltr'>terrm</span> <span class='ocrx_word' id='word_1_221' title='bbox 2751 720 3042 790; x_wconf 57' lang='lat' dir='ltr'>praedixit;</span> <span class='ocrx_word' id='word_1_222' title='bbox 3073 722 3191 792; x_wconf 91' lang='lat' dir='ltr'>ipse</span> <span class='ocrx_word' id='word_1_223' title='bbox 3224 727 3326 789; x_wconf 86' lang='lat' dir='ltr'>est,</span> <span class='ocrx_word' id='word_1_224' title='bbox 3360 739 3531 794; x_wconf 90' lang='lat' dir='ltr'>quem</span> 
     </span>
    </p>
   </div>
   <div class='ocr_carea' id='block_1_35' title="bbox 1841 805 3532 879">
    <p class='ocr_par' dir='ltr' id='par_1_35' title="bbox 1841 805 3532 879">
     <span class='ocr_line' id='line_1_35' title="bbox 1841 805 3532 879; baseline 0.004 -22"><span class='ocrx_word' id='word_1_225' title='bbox 1841 820 1999 858; x_wconf 89' lang='lat' dir='ltr'>sacra</span> <span class='ocrx_word' id='word_1_226' title='bbox 2033 805 2167 859; x_wconf 87' lang='lat' dir='ltr'>tuba</span> <span class='ocrx_word' id='word_1_227' title='bbox 2198 805 2403 860; x_wconf 86' lang='lat' dir='ltr'>cecinit</span> <span class='ocrx_word' id='word_1_228' title='bbox 2433 807 2760 873; x_wconf 86' lang='lat' dir='ltr'>Salvatoris,</span> <span class='ocrx_word' id='word_1_229' title='bbox 2795 808 2930 877; x_wconf 87' lang='lat' dir='ltr'>quia</span> <span class='ocrx_word' id='word_1_230' title='bbox 2962 824 3069 861; x_wconf 86' lang='lat' dir='ltr'>non</span> <span class='ocrx_word' id='word_1_231' title='bbox 3101 814 3344 863; x_wconf 72' lang='lat' dir='ltr'>surrexit</span> <span class='ocrx_word' id='word_1_232' title='bbox 3382 813 3532 879; x_wconf 75' lang='lat' dir='ltr'>quis-</span> 
     </span>
    </p>
   </div>
   <div class='ocr_carea' id='block_1_36' title="bbox 1842 894 3523 966">
    <p class='ocr_par' dir='ltr' id='par_1_36' title="bbox 1842 894 3523 966">
     <span class='ocr_line' id='line_1_36' title="bbox 1842 894 3523 966; baseline 0.004 -20"><span class='ocrx_word' id='word_1_233' title='bbox 1842 909 2006 963; x_wconf 87' lang='lat' dir='ltr'>quam</span> <span class='ocrx_word' id='word_1_234' title='bbox 2052 896 2194 947; x_wconf 79' lang='lat' dir='ltr'>z&#39;nter</span> <span class='ocrx_word' id='word_1_235' title='bbox 2235 899 2391 948; x_wconf 85' lang='lat' dir='ltr'>natos</span> <span class='ocrx_word' id='word_1_236' title='bbox 2434 896 2721 949; x_wconf 84' lang='lat' dir='ltr'>mulierum</span> <span class='ocrx_word' id='word_1_237' title='bbox 2777 894 2953 965; x_wconf 85' lang='lat' dir='ltr'>major</span> <span class='ocrx_word' id='word_1_238' title='bbox 3001 898 3203 951; x_wconf 81' lang='lat' dir='ltr'>Joanne</span> <span class='ocrx_word' id='word_1_239' title='bbox 3243 899 3523 966; x_wconf 77' lang='lat' dir='ltr'>Baptista.</span> 
     </span>
    </p>
   </div>
   <div class='ocr_carea' id='block_1_37' title="bbox 1843 980 3531 1051">
    <p class='ocr_par' dir='ltr' id='par_1_37' title="bbox 1843 980 3531 1051">
     <span class='ocr_line' id='line_1_37' title="bbox 1843 980 3531 1051; baseline 0.002 -17"><span class='ocrx_word' id='word_1_240' title='bbox 1843 980 1885 1034; x_wconf 93' lang='grc' dir='ltr'><strong>Ο</strong></span> <span class='ocrx_word' id='word_1_241' title='bbox 1918 996 2090 1051; x_wconf 91' lang='lat' dir='ltr'>quam</span> <span class='ocrx_word' id='word_1_242' title='bbox 2112 981 2282 1035; x_wconf 87' lang='lat' dir='ltr'>beata</span> <span class='ocrx_word' id='word_1_243' title='bbox 2321 986 2521 1046; x_wconf 87' lang='lat' dir='ltr'>mater,</span> <span class='ocrx_word' id='word_1_244' title='bbox 2575 998 2704 1051; x_wconf 66' lang='lat' dir='ltr'>quas</span> <span class='ocrx_word' id='word_1_245' title='bbox 2754 982 2928 1035; x_wconf 82' lang='lat' dir='ltr'>talem</span> <span class='ocrx_word' id='word_1_246' title='bbox 2974 980 3157 1035; x_wconf 89' lang='lat' dir='ltr'>ﬁlium</span> <span class='ocrx_word' id='word_1_247' title='bbox 3206 982 3417 1037; x_wconf 90' lang='lat' dir='ltr'>meruit</span> <span class='ocrx_word' id='word_1_248' title='bbox 3461 983 3531 1037; x_wconf 92' lang='lat' dir='ltr'>de</span> 
     </span>
    </p>
   </div>
   <div class='ocr_carea' id='block_1_38' title="bbox 1844 1067 3535 1140">
    <p class='ocr_par' dir='ltr' id='par_1_38' title="bbox 1844 1067 3535 1140">
     <span class='ocr_line' id='line_1_38' title="bbox 1844 1067 3535 1140; baseline 0.001 -18"><span class='ocrx_word' id='word_1_249' title='bbox 1844 1069 1984 1122; x_wconf 87' lang='lat' dir='ltr'>coelo</span> <span class='ocrx_word' id='word_1_250' title='bbox 2019 1067 2394 1137; x_wconf 83' lang='lat' dir='ltr'>promissum!</span> <span class='ocrx_word' id='word_1_251' title='bbox 2431 1070 2706 1139; x_wconf 85' lang='lat' dir='ltr'>Agnoscit</span> <span class='ocrx_word' id='word_1_252' title='bbox 2735 1074 2933 1123; x_wconf 90' lang='lat' dir='ltr'>natum</span> <span class='ocrx_word' id='word_1_253' title='bbox 2971 1087 3035 1123; x_wconf 82' lang='lat' dir='ltr'>ex</span> <span class='ocrx_word' id='word_1_254' title='bbox 3077 1071 3271 1138; x_wconf 89' lang='lat' dir='ltr'>verbo,</span> <span class='ocrx_word' id='word_1_255' title='bbox 3323 1087 3535 1140; x_wconf 65' lang='lat' dir='ltr'>prmco-</span> 
     </span>
    </p>
   </div>
   <div class='ocr_carea' id='block_1_39' title="bbox 1841 1157 3535 1229">
    <p class='ocr_par' dir='ltr' id='par_1_39' title="bbox 1841 1157 3535 1229">
     <span class='ocr_line' id='line_1_39' title="bbox 1841 1157 3535 1229; baseline 0.002 -19"><span class='ocrx_word' id='word_1_256' title='bbox 1841 1173 1994 1222; x_wconf 90' lang='lat' dir='ltr'>nem,</span> <span class='ocrx_word' id='word_1_257' title='bbox 2038 1157 2138 1227; x_wconf 88' lang='lat' dir='ltr'>qui</span> <span class='ocrx_word' id='word_1_258' title='bbox 2175 1157 2516 1227; x_wconf 64' lang='lat' dir='ltr'>praedicavit</span> <span class='ocrx_word' id='word_1_259' title='bbox 2548 1158 2813 1211; x_wconf 90' lang='lat' dir='ltr'>omnibus</span> <span class='ocrx_word' id='word_1_260' title='bbox 2852 1158 3221 1213; x_wconf 86' lang='lat' dir='ltr'>Salvatorem.</span> <span class='ocrx_word' id='word_1_261' title='bbox 3275 1159 3317 1213; x_wconf 93' lang='grc' dir='ltr'>Ο</span> <span class='ocrx_word' id='word_1_262' title='bbox 3362 1175 3535 1229; x_wconf 84' lang='lat' dir='ltr'>quam</span> 
     </span>
    </p>
   </div>
   <div class='ocr_carea' id='block_1_40' title="bbox 1843 1244 3531 1314">
    <p class='ocr_par' dir='ltr' id='par_1_40' title="bbox 1843 1244 3531 1314">
     <span class='ocr_line' id='line_1_40' title="bbox 1843 1244 3531 1314; baseline 0.001 -17"><span class='ocrx_word' id='word_1_263' title='bbox 1843 1245 2089 1313; x_wconf 53' lang='lat' dir='ltr'>geminas</span> <span class='ocrx_word' id='word_1_264' title='bbox 2115 1244 2174 1298; x_wconf 93' lang='lat' dir='ltr'>in</span> <span class='ocrx_word' id='word_1_265' title='bbox 2205 1246 2429 1298; x_wconf 83' lang='lat' dir='ltr'>civitate</span> <span class='ocrx_word' id='word_1_266' title='bbox 2454 1245 2712 1310; x_wconf 89' lang='lat' dir='ltr'>virtutes,</span> <span class='ocrx_word' id='word_1_267' title='bbox 2740 1246 2841 1299; x_wconf 84' lang='lat' dir='ltr'>ubi</span> <span class='ocrx_word' id='word_1_268' title='bbox 2882 1247 3007 1299; x_wconf 66' lang='lat' dir='ltr'>duae</span> <span class='ocrx_word' id='word_1_269' title='bbox 3058 1252 3287 1314; x_wconf 87' lang='lat' dir='ltr'>matres,</span> <span class='ocrx_word' id='word_1_270' title='bbox 3322 1246 3531 1301; x_wconf 87' lang='lat' dir='ltr'>sterilis</span> 
     </span>
    </p>
   </div>
   <div class='ocr_carea' id='block_1_41' title="bbox 1846 1332 3536 1406">
    <p class='ocr_par' dir='ltr' id='par_1_41' title="bbox 1846 1332 3536 1406">
     <span class='ocr_line' id='line_1_41' title="bbox 1846 1332 3536 1406; baseline 0.002 -20"><span class='ocrx_word' id='word_1_271' title='bbox 1846 1338 1903 1386; x_wconf 91' lang='lat' dir='ltr'>et</span> <span class='ocrx_word' id='word_1_272' title='bbox 1933 1332 2122 1402; x_wconf 79' lang='lat' dir='ltr'>virgo!</span> <span class='ocrx_word' id='word_1_273' title='bbox 2176 1334 2219 1387; x_wconf 93' lang='grc' dir='ltr'>Ο</span> <span class='ocrx_word' id='word_1_274' title='bbox 2275 1350 2449 1404; x_wconf 90' lang='lat' dir='ltr'>quam</span> <span class='ocrx_word' id='word_1_275' title='bbox 2500 1334 2707 1387; x_wconf 88' lang='lat' dir='ltr'>mirum</span> <span class='ocrx_word' id='word_1_276' title='bbox 2760 1336 3117 1405; x_wconf 81' lang='lat' dir='ltr'>mysterium,</span> <span class='ocrx_word' id='word_1_277' title='bbox 3163 1336 3258 1389; x_wconf 89' lang='lat' dir='ltr'>ubi</span> <span class='ocrx_word' id='word_1_278' title='bbox 3291 1340 3536 1406; x_wconf 89' lang='lat' dir='ltr'>utraque</span> 
     </span>
    </p>
   </div>
   <div class='ocr_carea' id='block_1_42' title="bbox 1846 1420 3539 1493">
    <p class='ocr_par' dir='ltr' id='par_1_42' title="bbox 1846 1420 3539 1493">
     <span class='ocr_line' id='line_1_42' title="bbox 1846 1420 3539 1493; baseline 0.002 -20"><span class='ocrx_word' id='word_1_279' title='bbox 1846 1420 2188 1475; x_wconf 84' lang='lat' dir='ltr'>horonatur!</span> <span class='ocrx_word' id='word_1_280' title='bbox 2226 1422 2265 1475; x_wconf 90' lang='lat' dir='ltr'>E</span> <span class='ocrx_word' id='word_1_281' title='bbox 2289 1423 2431 1477; x_wconf 71' lang='lat' dir='ltr'>ccelo</span> <span class='ocrx_word' id='word_1_282' title='bbox 2467 1440 2580 1475; x_wconf 89' lang='lat' dir='ltr'>una</span> <span class='ocrx_word' id='word_1_283' title='bbox 2609 1422 2764 1475; x_wconf 90' lang='lat' dir='ltr'>misit</span> <span class='ocrx_word' id='word_1_284' title='bbox 2810 1438 3158 1491; x_wconf 70' lang='lat' dir='ltr'>praeconem,</span> <span class='ocrx_word' id='word_1_285' title='bbox 3195 1423 3539 1493; x_wconf 88' lang='lat' dir='ltr'>alterajudi-</span> 
     </span>
    </p>
   </div>
   <div class='ocr_carea' id='block_1_43' title="bbox 1847 1509 3534 1583">
    <p class='ocr_par' dir='ltr' id='par_1_43' title="bbox 1847 1509 3534 1583">
     <span class='ocr_line' id='line_1_43' title="bbox 1847 1509 3534 1583; baseline 0.001 -20"><span class='ocrx_word' id='word_1_286' title='bbox 1847 1526 1966 1563; x_wconf 85' lang='lat' dir='ltr'>cem</span> <span class='ocrx_word' id='word_1_287' title='bbox 1998 1509 2281 1563; x_wconf 86' lang='lat' dir='ltr'>Elisabeth</span> <span class='ocrx_word' id='word_1_288' title='bbox 2329 1511 2530 1580; x_wconf 88' lang='lat' dir='ltr'>genuit</span> <span class='ocrx_word' id='word_1_289' title='bbox 2567 1526 3002 1580; x_wconf 46' lang='lat' dir='ltr'>praecursorem,</span> <span class='ocrx_word' id='word_1_290' title='bbox 3050 1515 3109 1565; x_wconf 91' lang='lat' dir='ltr'>et</span> <span class='ocrx_word' id='word_1_291' title='bbox 3152 1511 3324 1565; x_wconf 88' lang='lat' dir='ltr'>Maria</span> <span class='ocrx_word' id='word_1_292' title='bbox 3372 1512 3534 1583; x_wconf 87' lang='lat' dir='ltr'>virgo</span> 
     </span>
    </p>
   </div>
   <div class='ocr_carea' id='block_1_44' title="bbox 1848 1598 2933 1668">
    <p class='ocr_par' dir='ltr' id='par_1_44' title="bbox 1848 1598 2933 1668">
     <span class='ocr_line' id='line_1_44' title="bbox 1848 1598 2933 1668; baseline -0.001 -16"><span class='ocrx_word' id='word_1_293' title='bbox 1848 1598 2049 1668; x_wconf 87' lang='lat' dir='ltr'>genuit</span> <span class='ocrx_word' id='word_1_294' title='bbox 2080 1598 2447 1668; x_wconf 84' lang='lat' dir='ltr'>magniﬁcum</span> <span class='ocrx_word' id='word_1_295' title='bbox 2472 1599 2933 1668; x_wconf 76' lang='lat' dir='ltr'>Redemptorem.</span> 
     </span>
    </p>
   </div>
   <div class='ocr_carea' id='block_1_45' title="bbox 2128 1719 3261 1759">
    <p class='ocr_par' dir='ltr' id='par_1_45' title="bbox 2128 1719 3261 1759">
     <span class='ocr_line' id='line_1_45' title="bbox 2128 1719 3261 1759; baseline 0 -1"><span class='ocrx_word' id='word_1_296' title='bbox 2128 1720 2193 1758; x_wconf 85' lang='lat' dir='ltr'>1N</span> <span class='ocrx_word' id='word_1_297' title='bbox 2230 1720 2466 1759; x_wconf 75' lang='lat' dir='ltr'><strong>NATALI</strong></span> <span class='ocrx_word' id='word_1_298' title='bbox 2505 1719 2592 1757; x_wconf 88' lang='lat' dir='ltr'>SS.</span> <span class='ocrx_word' id='word_1_299' title='bbox 2624 1719 2899 1758; x_wconf 78' lang='lat' dir='ltr'>JOANNIS</span> <span class='ocrx_word' id='word_1_300' title='bbox 2940 1719 3009 1757; x_wconf 83' lang='lat' dir='ltr'>ET</span> <span class='ocrx_word' id='word_1_301' title='bbox 3046 1720 3261 1759; x_wconf 72' lang='lat' dir='ltr'>PAULI.</span> 
     </span>
    </p>
   </div>
   <div class='ocr_carea' id='block_1_46' title="bbox 1921 1792 3535 1847">
    <p class='ocr_par' dir='ltr' id='par_1_46' title="bbox 1921 1792 3535 1847">
     <span class='ocr_line' id='line_1_46' title="bbox 1921 1792 3535 1847; baseline -0.001 1"><span class='ocrx_word' id='word_1_302' title='bbox 1921 1795 2153 1847; x_wconf 59' lang='lat' dir='ltr'>zEterne</span> <span class='ocrx_word' id='word_1_303' title='bbox 2205 1794 2350 1846; x_wconf 89' lang='lat' dir='ltr'>Deus</span> <span class='ocrx_word' id='word_1_304' title='bbox 2407 1794 2513 1847; x_wconf 90' lang='lat' dir='ltr'>Per</span> <span class='ocrx_word' id='word_1_305' title='bbox 2562 1793 2846 1846; x_wconf 88' lang='lat' dir='ltr'>Christum</span> <span class='ocrx_word' id='word_1_306' title='bbox 2904 1792 3211 1846; x_wconf 91' lang='lat' dir='ltr'>Dominum</span> <span class='ocrx_word' id='word_1_307' title='bbox 3256 1797 3535 1847; x_wconf 87' lang='lat' dir='ltr'>nostrum.</span> 
     </span>
    </p>
   </div>
   <div class='ocr_carea' id='block_1_47' title="bbox 1854 1880 3544 1950">
    <p class='ocr_par' dir='ltr' id='par_1_47' title="bbox 1854 1880 3544 1950">
     <span class='ocr_line' id='line_1_47' title="bbox 1854 1880 3544 1950; baseline 0.001 -16"><span class='ocrx_word' id='word_1_308' title='bbox 1854 1882 1961 1934; x_wconf 87' lang='lat' dir='ltr'>Pro</span> <span class='ocrx_word' id='word_1_309' title='bbox 1995 1881 2154 1950; x_wconf 88' lang='lat' dir='ltr'>cujus</span> <span class='ocrx_word' id='word_1_310' title='bbox 2185 1897 2380 1934; x_wconf 89' lang='lat' dir='ltr'>amore</span> <span class='ocrx_word' id='word_1_311' title='bbox 2413 1880 2647 1950; x_wconf 88' lang='lat' dir='ltr'>gloriosi</span> <span class='ocrx_word' id='word_1_312' title='bbox 2684 1886 2963 1950; x_wconf 82' lang='lat' dir='ltr'>martyres</span> <span class='ocrx_word' id='word_1_313' title='bbox 3013 1881 3258 1934; x_wconf 85' lang='lat' dir='ltr'>Joannes</span> <span class='ocrx_word' id='word_1_314' title='bbox 3308 1886 3363 1935; x_wconf 91' lang='lat' dir='ltr'>et</span> <span class='ocrx_word' id='word_1_315' title='bbox 3396 1882 3544 1935; x_wconf 86' lang='lat' dir='ltr'>Pau-</span> 
     </span>
    </p>
   </div>
   <div class='ocr_carea' id='block_1_48' title="bbox 1854 1968 3548 2040">
    <p class='ocr_par' dir='ltr' id='par_1_48' title="bbox 1854 1968 3548 2040">
     <span class='ocr_line' id='line_1_48' title="bbox 1854 1968 3548 2040; baseline 0.001 -18"><span class='ocrx_word' id='word_1_316' title='bbox 1854 1970 1939 2024; x_wconf 88' lang='lat' dir='ltr'>lus</span> <span class='ocrx_word' id='word_1_317' title='bbox 1970 1969 2311 2038; x_wconf 89' lang='lat' dir='ltr'>martyrium</span> <span class='ocrx_word' id='word_1_318' title='bbox 2344 1986 2458 2021; x_wconf 91' lang='lat' dir='ltr'>non</span> <span class='ocrx_word' id='word_1_319' title='bbox 2492 1974 2626 2021; x_wconf 83' lang='lat' dir='ltr'>sunt</span> <span class='ocrx_word' id='word_1_320' title='bbox 2655 1968 2903 2022; x_wconf 86' lang='lat' dir='ltr'>cunctati</span> <span class='ocrx_word' id='word_1_321' title='bbox 2938 1969 3149 2032; x_wconf 89' lang='lat' dir='ltr'>subire,</span> <span class='ocrx_word' id='word_1_322' title='bbox 3184 1986 3330 2040; x_wconf 89' lang='lat' dir='ltr'>quos</span> <span class='ocrx_word' id='word_1_323' title='bbox 3360 1970 3421 2023; x_wconf 92' lang='lat' dir='ltr'>in</span> <span class='ocrx_word' id='word_1_324' title='bbox 3452 1986 3548 2023; x_wconf 90' lang='lat' dir='ltr'>na-</span> 
     </span>
    </p>
   </div>
   <div class='ocr_carea' id='block_1_49' title="bbox 1853 2057 3543 2127">
    <p class='ocr_par' dir='ltr' id='par_1_49' title="bbox 1853 2057 3543 2127">
     <span class='ocr_line' id='line_1_49' title="bbox 1853 2057 3543 2127; baseline 0 -16"><span class='ocrx_word' id='word_1_325' title='bbox 1853 2058 2047 2111; x_wconf 89' lang='lat' dir='ltr'>scendi</span> <span class='ocrx_word' id='word_1_326' title='bbox 2078 2059 2202 2127; x_wconf 89' lang='lat' dir='ltr'>lege</span> <span class='ocrx_word' id='word_1_327' title='bbox 2227 2057 2420 2127; x_wconf 78' lang='lat' dir='ltr'>junxit</span> <span class='ocrx_word' id='word_1_328' title='bbox 2443 2057 2809 2126; x_wconf 81' lang='lat' dir='ltr'>germanitas,</span> <span class='ocrx_word' id='word_1_329' title='bbox 2840 2057 2898 2110; x_wconf 94' lang='lat' dir='ltr'>in</span> <span class='ocrx_word' id='word_1_330' title='bbox 2930 2058 3150 2126; x_wconf 88' lang='lat' dir='ltr'>gremio</span> <span class='ocrx_word' id='word_1_331' title='bbox 3197 2058 3393 2111; x_wconf 82' lang='lat' dir='ltr'>matris</span> <span class='ocrx_word' id='word_1_332' title='bbox 3438 2060 3543 2112; x_wconf 87' lang='lat' dir='ltr'>Ec-</span> 
     </span>
    </p>
   </div>
   <div class='ocr_carea' id='block_1_50' title="bbox 1852 2145 3544 2215">
    <p class='ocr_par' dir='ltr' id='par_1_50' title="bbox 1852 2145 3544 2215">
     <span class='ocr_line' id='line_1_50' title="bbox 1852 2145 3544 2215; baseline 0.001 -16"><span class='ocrx_word' id='word_1_333' title='bbox 1852 2146 2038 2199; x_wconf 65' lang='lat' dir='ltr'>clesia:</span> <span class='ocrx_word' id='word_1_334' title='bbox 2086 2146 2219 2201; x_wconf 77' lang='lat' dir='ltr'>fidei</span> <span class='ocrx_word' id='word_1_335' title='bbox 2263 2146 2472 2208; x_wconf 83' lang='lat' dir='ltr'>unitas,</span> <span class='ocrx_word' id='word_1_336' title='bbox 2522 2146 2580 2198; x_wconf 90' lang='lat' dir='ltr'>in</span> <span class='ocrx_word' id='word_1_337' title='bbox 2622 2145 2899 2215; x_wconf 90' lang='lat' dir='ltr'>passionis</span> <span class='ocrx_word' id='word_1_338' title='bbox 2949 2146 3256 2200; x_wconf 88' lang='lat' dir='ltr'>acerbitate</span> <span class='ocrx_word' id='word_1_339' title='bbox 3308 2146 3544 2201; x_wconf 85' lang='lat' dir='ltr'>ferenda</span> 
     </span>
    </p>
   </div>
   <div class='ocr_carea' id='block_1_51' title="bbox 1853 2234 3544 2303">
    <p class='ocr_par' dir='ltr' id='par_1_51' title="bbox 1853 2234 3544 2303">
     <span class='ocr_line' id='line_1_51' title="bbox 1853 2234 3544 2303; baseline -0.001 -15"><span class='ocrx_word' id='word_1_340' title='bbox 1853 2235 2021 2288; x_wconf 89' lang='lat' dir='ltr'>unius</span> <span class='ocrx_word' id='word_1_341' title='bbox 2049 2234 2259 2287; x_wconf 90' lang='lat' dir='ltr'>amoris</span> <span class='ocrx_word' id='word_1_342' title='bbox 2291 2234 2543 2287; x_wconf 84' lang='lat' dir='ltr'>societas.</span> <span class='ocrx_word' id='word_1_343' title='bbox 2582 2236 2686 2287; x_wconf 90' lang='lat' dir='ltr'>Per</span> <span class='ocrx_word' id='word_1_344' title='bbox 2716 2249 2886 2303; x_wconf 90' lang='lat' dir='ltr'>quem</span> <span class='ocrx_word' id='word_1_345' title='bbox 2918 2250 3021 2287; x_wconf 90' lang='lat' dir='ltr'>nos</span> <span class='ocrx_word' id='word_1_346' title='bbox 3053 2234 3303 2303; x_wconf 90' lang='lat' dir='ltr'>petimus</span> <span class='ocrx_word' id='word_1_347' title='bbox 3341 2250 3544 2288; x_wconf 91' lang='lat' dir='ltr'>eorum</span> 
     </span>
    </p>
   </div>
   <div class='ocr_carea' id='block_1_52' title="bbox 1850 2322 3535 2393">
    <p class='ocr_par' dir='ltr' id='par_1_52' title="bbox 1850 2322 3535 2393">
     <span class='ocr_line' id='line_1_52' title="bbox 1850 2322 3535 2393; baseline 0.001 -17"><span class='ocrx_word' id='word_1_348' title='bbox 1850 2323 2110 2392; x_wconf 82' lang='lat' dir='ltr'>precibus</span> <span class='ocrx_word' id='word_1_349' title='bbox 2160 2322 2435 2393; x_wconf 85' lang='lat' dir='ltr'>adjuvari,</span> <span class='ocrx_word' id='word_1_350' title='bbox 2482 2338 2729 2392; x_wconf 90' lang='lat' dir='ltr'>quorum</span> <span class='ocrx_word' id='word_1_351' title='bbox 2761 2322 2903 2375; x_wconf 86' lang='lat' dir='ltr'>festa</span> <span class='ocrx_word' id='word_1_352' title='bbox 2934 2322 3226 2376; x_wconf 90' lang='lat' dir='ltr'>noscimur</span> <span class='ocrx_word' id='word_1_353' title='bbox 3257 2323 3535 2377; x_wconf 82' lang='lat' dir='ltr'>venerari.</span> 
     </span>
    </p>
   </div>
   <div class='ocr_carea' id='block_1_53' title="bbox 1851 2410 2624 2480">
    <p class='ocr_par' dir='ltr' id='par_1_53' title="bbox 1851 2410 2624 2480">
     <span class='ocr_line' id='line_1_53' title="bbox 1851 2410 2624 2480; baseline -0.003 -17"><span class='ocrx_word' id='word_1_354' title='bbox 1851 2411 1960 2464; x_wconf 90' lang='lat' dir='ltr'>Per</span> <span class='ocrx_word' id='word_1_355' title='bbox 1989 2426 2157 2480; x_wconf 90' lang='lat' dir='ltr'>quem</span> <span class='ocrx_word' id='word_1_356' title='bbox 2190 2410 2409 2479; x_wconf 89' lang='lat' dir='ltr'>majest.</span> <span class='ocrx_word' id='word_1_357' title='bbox 2447 2416 2624 2463; x_wconf 87' lang='lat' dir='ltr'>tuam.</span> 
     </span>
    </p>
   </div>
   <div class='ocr_carea' id='block_1_54' title="bbox 1965 2530 3435 2572">
    <p class='ocr_par' dir='ltr' id='par_1_54' title="bbox 1965 2530 3435 2572">
     <span class='ocr_line' id='line_1_54' title="bbox 1965 2530 3435 2572; baseline 0 -1"><span class='ocrx_word' id='word_1_358' title='bbox 1965 2532 2029 2571; x_wconf 74' lang='lat' dir='ltr'><strong>IN</strong></span> <span class='ocrx_word' id='word_1_359' title='bbox 2063 2531 2315 2571; x_wconf 74' lang='lat' dir='ltr'>VlGlLIA</span> <span class='ocrx_word' id='word_1_360' title='bbox 2364 2530 2824 2571; x_wconf 76' lang='lat' dir='ltr'>APOSTOLORUM</span> <span class='ocrx_word' id='word_1_361' title='bbox 2867 2531 3055 2571; x_wconf 82' lang='lat' dir='ltr'><strong>PETRI</strong></span> <span class='ocrx_word' id='word_1_362' title='bbox 3102 2532 3173 2571; x_wconf 87' lang='lat' dir='ltr'>ET</span> <span class='ocrx_word' id='word_1_363' title='bbox 3222 2532 3435 2572; x_wconf 80' lang='lat' dir='ltr'>PAULI.</span> 
     </span>
    </p>
   </div>
   <div class='ocr_carea' id='block_1_55' title="bbox 1923 2604 3547 2676">
    <p class='ocr_par' dir='ltr' id='par_1_55' title="bbox 1923 2604 3547 2676">
     <span class='ocr_line' id='line_1_55' title="bbox 1923 2604 3547 2676; baseline 0.001 -17"><span class='ocrx_word' id='word_1_364' title='bbox 1923 2607 2153 2659; x_wconf 64' lang='lat' dir='ltr'>Eterue</span> <span class='ocrx_word' id='word_1_365' title='bbox 2187 2606 2355 2671; x_wconf 90' lang='lat' dir='ltr'>Deus,</span> <span class='ocrx_word' id='word_1_366' title='bbox 2388 2605 2536 2675; x_wconf 86' lang='lat' dir='ltr'>apud</span> <span class='ocrx_word' id='word_1_367' title='bbox 2589 2621 2759 2674; x_wconf 92' lang='lat' dir='ltr'>quem</span> <span class='ocrx_word' id='word_1_368' title='bbox 2790 2621 2919 2658; x_wconf 91' lang='lat' dir='ltr'>cum</span> <span class='ocrx_word' id='word_1_369' title='bbox 2966 2604 3268 2659; x_wconf 87' lang='lat' dir='ltr'>beatorum</span> <span class='ocrx_word' id='word_1_370' title='bbox 3314 2610 3547 2676; x_wconf 90' lang='lat' dir='ltr'>aposto-</span> 
     </span>
    </p>
   </div>
   <div class='ocr_carea' id='block_1_56' title="bbox 1853 2693 3547 2764">
    <p class='ocr_par' dir='ltr' id='par_1_56' title="bbox 1853 2693 3547 2764">
     <span class='ocr_line' id='line_1_56' title="bbox 1853 2693 3547 2764; baseline -0.001 -15"><span class='ocrx_word' id='word_1_371' title='bbox 1853 2695 2041 2749; x_wconf 87' lang='lat' dir='ltr'>lorum</span> <span class='ocrx_word' id='word_1_372' title='bbox 2099 2694 2427 2747; x_wconf 88' lang='lat' dir='ltr'>continuala</span> <span class='ocrx_word' id='word_1_373' title='bbox 2489 2693 2778 2759; x_wconf 85' lang='lat' dir='ltr'>festivitas,</span> <span class='ocrx_word' id='word_1_374' title='bbox 2834 2693 3242 2764; x_wconf 82' lang='lat' dir='ltr'>triumphique,</span> <span class='ocrx_word' id='word_1_375' title='bbox 3303 2700 3407 2748; x_wconf 91' lang='lat' dir='ltr'>etc.</span> <span class='ocrx_word' id='word_1_376' title='bbox 3478 2696 3547 2750; x_wconf 82' lang='lat' dir='ltr'>Ut</span> 
     </span>
    </p>
   </div>
   <div class='ocr_carea' id='block_1_57' title="bbox 1853 2781 2658 2855">
    <p class='ocr_par' dir='ltr' id='par_1_57' title="bbox 1853 2781 2658 2855">
     <span class='ocr_line' id='line_1_57' title="bbox 1853 2781 2658 2855; baseline -0.004 -18"><span class='ocrx_word' id='word_1_377' title='bbox 1853 2799 2025 2855; x_wconf 87' lang='lat' dir='ltr'>supra</span> <span class='ocrx_word' id='word_1_378' title='bbox 2056 2784 2197 2835; x_wconf 79' lang='lat' dir='ltr'>inter</span> <span class='ocrx_word' id='word_1_379' title='bbox 2218 2784 2441 2850; x_wconf 73' lang='lat' dir='ltr'>prazfat.</span> <span class='ocrx_word' id='word_1_380' title='bbox 2474 2781 2658 2837; x_wconf 79' lang='lat' dir='ltr'>Ambr.</span> 
     </span>
    </p>
   </div>
   <div class='ocr_carea' id='block_1_58' title="bbox 1948 2901 3451 2944">
    <p class='ocr_par' dir='ltr' id='par_1_58' title="bbox 1948 2901 3451 2944">
     <span class='ocr_line' id='line_1_58' title="bbox 1948 2901 3451 2944; baseline 0 0"><span class='ocrx_word' id='word_1_381' title='bbox 1948 2905 2009 2944; x_wconf 83' lang='lat' dir='ltr'><strong>IN</strong></span> <span class='ocrx_word' id='word_1_382' title='bbox 2053 2904 2363 2944; x_wconf 80' lang='lat' dir='ltr'>PASSIONE</span> <span class='ocrx_word' id='word_1_383' title='bbox 2402 2901 2860 2943; x_wconf 78' lang='lat' dir='ltr'>APOSTOLORUM</span> <span class='ocrx_word' id='word_1_384' title='bbox 2901 2902 3088 2942; x_wconf 81' lang='lat' dir='ltr'><strong>PETRI</strong></span> <span class='ocrx_word' id='word_1_385' title='bbox 3128 2902 3198 2941; x_wconf 87' lang='lat' dir='ltr'>ET</span> <span class='ocrx_word' id='word_1_386' title='bbox 3238 2902 3451 2944; x_wconf 75' lang='lat' dir='ltr'>PAULI.</span> 
     </span>
    </p>
   </div>
   <div class='ocr_carea' id='block_1_59' title="bbox 1922 2976 3544 3048">
    <p class='ocr_par' dir='ltr' id='par_1_59' title="bbox 1922 2976 3544 3048">
     <span class='ocr_line' id='line_1_59' title="bbox 1922 2976 3544 3048; baseline -0.001 -16"><span class='ocrx_word' id='word_1_387' title='bbox 1922 2980 2168 3048; x_wconf 69' lang='lat' dir='ltr'>Aiquum</span> <span class='ocrx_word' id='word_1_388' title='bbox 2198 2982 2255 3030; x_wconf 92' lang='lat' dir='ltr'>et</span> <span class='ocrx_word' id='word_1_389' title='bbox 2275 2978 2541 3030; x_wconf 89' lang='lat' dir='ltr'>salutare.</span> <span class='ocrx_word' id='word_1_390' title='bbox 2566 2978 2662 3040; x_wconf 88' lang='lat' dir='ltr'>Te,</span> <span class='ocrx_word' id='word_1_391' title='bbox 2694 2976 2954 3042; x_wconf 90' lang='lat' dir='ltr'>Domine,</span> <span class='ocrx_word' id='word_1_392' title='bbox 2986 2976 3269 3046; x_wconf 88' lang='lat' dir='ltr'>supplices</span> <span class='ocrx_word' id='word_1_393' title='bbox 3285 2992 3544 3045; x_wconf 86' lang='lat' dir='ltr'>exorare,</span> 
     </span>
    </p>
   </div>
   <div class='ocr_carea' id='block_1_60' title="bbox 1855 3065 3550 3138">
    <p class='ocr_par' dir='ltr' id='par_1_60' title="bbox 1855 3065 3550 3138">
     <span class='ocr_line' id='line_1_60' title="bbox 1855 3065 3550 3138; baseline 0.001 -19"><span class='ocrx_word' id='word_1_394' title='bbox 1855 3072 1916 3121; x_wconf 94' lang='lat' dir='ltr'>ut</span> <span class='ocrx_word' id='word_1_395' title='bbox 1948 3083 2183 3138; x_wconf 87' lang='lat' dir='ltr'>gregem</span> <span class='ocrx_word' id='word_1_396' title='bbox 2214 3071 2398 3127; x_wconf 91' lang='lat' dir='ltr'>tuum,</span> <span class='ocrx_word' id='word_1_397' title='bbox 2431 3070 2623 3135; x_wconf 88' lang='lat' dir='ltr'>pastor</span> <span class='ocrx_word' id='word_1_398' title='bbox 2643 3069 2874 3129; x_wconf 65' lang='lat' dir='ltr'>aeterne,</span> <span class='ocrx_word' id='word_1_399' title='bbox 2900 3080 3018 3117; x_wconf 90' lang='lat' dir='ltr'>non</span> <span class='ocrx_word' id='word_1_400' title='bbox 3048 3065 3297 3132; x_wconf 89' lang='lat' dir='ltr'>deseras,</span> <span class='ocrx_word' id='word_1_401' title='bbox 3330 3067 3425 3121; x_wconf 88' lang='lat' dir='ltr'>sed</span> <span class='ocrx_word' id='word_1_402' title='bbox 3448 3083 3550 3137; x_wconf 89' lang='lat' dir='ltr'>per</span> 
     </span>
    </p>
   </div>
   <div class='ocr_carea' id='block_1_61' title="bbox 45 3131 3551 3224">
    <p class='ocr_par' dir='ltr' id='par_1_61' title="bbox 45 3131 3551 3224">
     <span class='ocr_line' id='line_1_61' title="bbox 45 3131 3551 3224; baseline 0.001 -19"><span class='ocrx_word' id='word_1_403' title='bbox 45 3156 151 3207; x_wconf 71' lang='lat' dir='ltr'>vita</span> <span class='ocrx_word' id='word_1_404' title='bbox 179 3159 541 3219; x_wconf 84' lang='lat' dir='ltr'>sanctorum,</span> <span class='ocrx_word' id='word_1_405' title='bbox 575 3170 821 3224; x_wconf 83' lang='lat' dir='ltr'>quorum</span> <span class='ocrx_word' id='word_1_406' title='bbox 854 3170 958 3207; x_wconf 93' lang='lat' dir='ltr'>nos</span> <span class='ocrx_word' id='word_1_407' title='bbox 996 3170 1149 3207; x_wconf 88' lang='lat' dir='ltr'>mors</span> <span class='ocrx_word' id='word_1_408' title='bbox 1200 3153 1450 3223; x_wconf 89' lang='lat' dir='ltr'>pretiosa</span> <span class='ocrx_word' id='word_1_409' title='bbox 1493 3153 1745 3206; x_wconf 62' lang='lat' dir='ltr'>laetiﬁcat</span> <span class='ocrx_word' id='word_1_410' title='bbox 1785 3131 1825 3187; x_wconf 66' lang='grc' dir='ltr'>Ο</span> <span class='ocrx_word' id='word_1_411' title='bbox 1856 3156 2052 3210; x_wconf 90' lang='lat' dir='ltr'>beatos</span> <span class='ocrx_word' id='word_1_412' title='bbox 2099 3156 2384 3224; x_wconf 86' lang='lat' dir='ltr'>apostolos</span> <span class='ocrx_word' id='word_1_413' title='bbox 2432 3160 2561 3208; x_wconf 87' lang='lat' dir='ltr'>tuos</span> <span class='ocrx_word' id='word_1_414' title='bbox 2604 3156 2837 3207; x_wconf 89' lang='lat' dir='ltr'>Petrum</span> <span class='ocrx_word' id='word_1_415' title='bbox 2885 3156 2942 3206; x_wconf 88' lang='lat' dir='ltr'>et</span> <span class='ocrx_word' id='word_1_416' title='bbox 2989 3154 3231 3207; x_wconf 89' lang='lat' dir='ltr'>Paulum</span> <span class='ocrx_word' id='word_1_417' title='bbox 3279 3154 3551 3209; x_wconf 87' lang='lat' dir='ltr'>continua</span> 
     </span>
    </p>
   </div>
   <div class='ocr_carea' id='block_1_62' title="bbox 46 3242 1747 3312">
    <p class='ocr_par' dir='ltr' id='par_1_62' title="bbox 46 3242 1747 3312">
     <span class='ocr_line' id='line_1_62' title="bbox 46 3242 1747 3312; baseline -0.001 -17"><span class='ocrx_word' id='word_1_418' title='bbox 46 3248 95 3295; x_wconf 80' lang='lat' dir='ltr'>et</span> <span class='ocrx_word' id='word_1_419' title='bbox 125 3247 346 3296; x_wconf 89' lang='lat' dir='ltr'>tuetur.</span> <span class='ocrx_word' id='word_1_420' title='bbox 382 3242 741 3312; x_wconf 82' lang='lat' dir='ltr'>Quapmpter</span> <span class='ocrx_word' id='word_1_421' title='bbox 784 3247 1103 3312; x_wconf 88' lang='lat' dir='ltr'>martyrum</span> <span class='ocrx_word' id='word_1_422' title='bbox 1152 3248 1386 3296; x_wconf 90' lang='lat' dir='ltr'>tuorum</span> <span class='ocrx_word' id='word_1_423' title='bbox 1436 3242 1747 3296; x_wconf 81' lang='lat' dir='ltr'>Marcellini</span> 
     </span>
    </p>
   </div>
   <div class='ocr_carea' id='block_1_63' title="bbox 44 3330 1747 3401">
    <p class='ocr_par' dir='ltr' id='par_1_63' title="bbox 44 3330 1747 3401">
     <span class='ocr_line' id='line_1_63' title="bbox 44 3330 1747 3401; baseline 0 -18"><span class='ocrx_word' id='word_1_424' title='bbox 44 3338 92 3384; x_wconf 85' lang='lat' dir='ltr'>et</span> <span class='ocrx_word' id='word_1_425' title='bbox 128 3332 287 3385; x_wconf 87' lang='lat' dir='ltr'>Petri</span> <span class='ocrx_word' id='word_1_426' title='bbox 338 3332 594 3401; x_wconf 89' lang='lat' dir='ltr'>gloriosa</span> <span class='ocrx_word' id='word_1_427' title='bbox 643 3337 1001 3385; x_wconf 81' lang='lat' dir='ltr'>recensentes</span> <span class='ocrx_word' id='word_1_428' title='bbox 1049 3330 1334 3396; x_wconf 88' lang='lat' dir='ltr'>natalitia,</span> <span class='ocrx_word' id='word_1_429' title='bbox 1394 3332 1590 3385; x_wconf 89' lang='lat' dir='ltr'>laudes</span> <span class='ocrx_word' id='word_1_430' title='bbox 1642 3330 1747 3384; x_wconf 92' lang='lat' dir='ltr'>tibi</span> 
     </span>
    </p>
   </div>
   <div class='ocr_carea' id='block_1_64' title="bbox 45 3420 1745 3490">
    <p class='ocr_par' dir='ltr' id='par_1_64' title="bbox 45 3420 1745 3490">
     <span class='ocr_line' id='line_1_64' title="bbox 45 3420 1745 3490; baseline 0 -18"><span class='ocrx_word' id='word_1_431' title='bbox 45 3420 374 3484; x_wconf 84' lang='lat' dir='ltr'>referimus,</span> <span class='ocrx_word' id='word_1_432' title='bbox 408 3425 464 3473; x_wconf 91' lang='lat' dir='ltr'>et</span> <span class='ocrx_word' id='word_1_433' title='bbox 494 3420 983 3490; x_wconf 88' lang='lat' dir='ltr'>magniﬁcentiam</span> <span class='ocrx_word' id='word_1_434' title='bbox 1014 3424 1191 3484; x_wconf 87' lang='lat' dir='ltr'>tuam,</span> <span class='ocrx_word' id='word_1_435' title='bbox 1236 3420 1520 3490; x_wconf 88' lang='lat' dir='ltr'>supplices</span> <span class='ocrx_word' id='word_1_436' title='bbox 1548 3435 1745 3473; x_wconf 83' lang='lat' dir='ltr'>exora-</span> 
     </span>
    </p>
   </div>
   <div class='ocr_carea' id='block_1_65' title="bbox 47 3507 1745 3579">
    <p class='ocr_par' dir='ltr' id='par_1_65' title="bbox 47 3507 1745 3579">
     <span class='ocr_line' id='line_1_65' title="bbox 47 3507 1745 3579; baseline -0.001 -18"><span class='ocrx_word' id='word_1_437' title='bbox 47 3525 192 3575; x_wconf 88' lang='lat' dir='ltr'>mus,</span> <span class='ocrx_word' id='word_1_438' title='bbox 220 3515 287 3562; x_wconf 89' lang='lat' dir='ltr'>nt</span> <span class='ocrx_word' id='word_1_439' title='bbox 318 3523 570 3579; x_wconf 89' lang='lat' dir='ltr'>quorum</span> <span class='ocrx_word' id='word_1_440' title='bbox 602 3525 799 3562; x_wconf 90' lang='lat' dir='ltr'>sumus</span> <span class='ocrx_word' id='word_1_441' title='bbox 845 3508 1117 3579; x_wconf 87' lang='lat' dir='ltr'>martyria</span> <span class='ocrx_word' id='word_1_442' title='bbox 1161 3513 1519 3575; x_wconf 79' lang='lat' dir='ltr'>venerantes,</span> <span class='ocrx_word' id='word_1_443' title='bbox 1568 3507 1745 3561; x_wconf 89' lang='lat' dir='ltr'>beati-</span> 
     </span>
    </p>
   </div>
   <div class='ocr_carea' id='block_1_66' title="bbox 46 3596 1581 3651">
    <p class='ocr_par' dir='ltr' id='par_1_66' title="bbox 46 3596 1581 3651">
     <span class='ocr_line' id='line_1_66' title="bbox 46 3596 1581 3651; baseline -0.001 -1"><span class='ocrx_word' id='word_1_444' title='bbox 46 3598 263 3651; x_wconf 84' lang='lat' dir='ltr'>tudinis</span> <span class='ocrx_word' id='word_1_445' title='bbox 294 3613 624 3651; x_wconf 90' lang='lat' dir='ltr'>mereamur</span> <span class='ocrx_word' id='word_1_446' title='bbox 654 3613 772 3651; x_wconf 90' lang='lat' dir='ltr'>esse</span> <span class='ocrx_word' id='word_1_447' title='bbox 802 3602 1110 3651; x_wconf 90' lang='lat' dir='ltr'>consortes.</span> <span class='ocrx_word' id='word_1_448' title='bbox 1139 3598 1243 3650; x_wconf 91' lang='lat' dir='ltr'>Per</span> <span class='ocrx_word' id='word_1_449' title='bbox 1275 3596 1581 3650; x_wconf 87' lang='lat' dir='ltr'>Christum.</span> 
     </span>
    </p>
   </div>
   <div class='ocr_carea' id='block_1_67' title="bbox 228 3718 1567 3759">
    <p class='ocr_par' dir='ltr' id='par_1_67' title="bbox 228 3718 1567 3759">
     <span class='ocr_line' id='line_1_67' title="bbox 228 3718 1567 3759; baseline -0.001 -1"><span class='ocrx_word' id='word_1_450' title='bbox 228 3719 295 3759; x_wconf 72' lang='lat' dir='ltr'>IN</span> <span class='ocrx_word' id='word_1_451' title='bbox 336 3719 578 3759; x_wconf 74' lang='lat' dir='ltr'><strong>NATALI</strong></span> <span class='ocrx_word' id='word_1_452' title='bbox 617 3719 703 3759; x_wconf 89' lang='lat' dir='ltr'>SS.</span> <span class='ocrx_word' id='word_1_453' title='bbox 744 3719 941 3759; x_wconf 80' lang='lat' dir='ltr'>MARCI</span> <span class='ocrx_word' id='word_1_454' title='bbox 990 3720 1060 3759; x_wconf 84' lang='lat' dir='ltr'>ET</span> <span class='ocrx_word' id='word_1_455' title='bbox 1102 3718 1567 3758; x_wconf 73' lang='lat' dir='ltr'>MARCELLIANI.</span> 
     </span>
    </p>
   </div>
   <div class='ocr_carea' id='block_1_68' title="bbox 112 3793 1749 3863">
    <p class='ocr_par' dir='ltr' id='par_1_68' title="bbox 112 3793 1749 3863">
     <span class='ocr_line' id='line_1_68' title="bbox 112 3793 1749 3863; baseline -0.002 -16"><span class='ocrx_word' id='word_1_456' title='bbox 112 3794 349 3847; x_wconf 60' lang='grc' dir='ltr'>κεῖθι-ηε</span> <span class='ocrx_word' id='word_1_457' title='bbox 401 3794 569 3846; x_wconf 92' lang='lat' dir='ltr'>Deus.</span> <span class='ocrx_word' id='word_1_458' title='bbox 622 3793 731 3857; x_wconf 87' lang='lat' dir='ltr'>Qui</span> <span class='ocrx_word' id='word_1_459' title='bbox 772 3797 1096 3847; x_wconf 90' lang='lat' dir='ltr'>sanctorum</span> <span class='ocrx_word' id='word_1_460' title='bbox 1147 3797 1466 3863; x_wconf 88' lang='lat' dir='ltr'>martyrum</span> <span class='ocrx_word' id='word_1_461' title='bbox 1515 3796 1749 3845; x_wconf 89' lang='lat' dir='ltr'>tuorum</span> 
     </span>
    </p>
   </div>
   <div class='ocr_carea' id='block_1_69' title="bbox 49 3879 1751 3952">
    <p class='ocr_par' dir='ltr' id='par_1_69' title="bbox 49 3879 1751 3952">
     <span class='ocr_line' id='line_1_69' title="bbox 49 3879 1751 3952; baseline -0.002 -17"><span class='ocrx_word' id='word_1_462' title='bbox 49 3882 217 3935; x_wconf 82' lang='lat' dir='ltr'>Marci</span> <span class='ocrx_word' id='word_1_463' title='bbox 245 3886 302 3935; x_wconf 92' lang='lat' dir='ltr'>et</span> <span class='ocrx_word' id='word_1_464' title='bbox 332 3881 681 3935; x_wconf 84' lang='lat' dir='ltr'>Marcelliani</span> <span class='ocrx_word' id='word_1_465' title='bbox 712 3881 806 3952; x_wconf 92' lang='lat' dir='ltr'>pia</span> <span class='ocrx_word' id='word_1_466' title='bbox 837 3881 1151 3935; x_wconf 88' lang='lat' dir='ltr'>certamina</span> <span class='ocrx_word' id='word_1_467' title='bbox 1180 3881 1250 3934; x_wconf 92' lang='lat' dir='ltr'>ad</span> <span class='ocrx_word' id='word_1_468' title='bbox 1282 3879 1573 3950; x_wconf 79' lang='lat' dir='ltr'>copiosam</span> <span class='ocrx_word' id='word_1_469' title='bbox 1615 3895 1751 3949; x_wconf 88' lang='lat' dir='ltr'>per-</span> 
     </span>
    </p>
   </div>
   <div class='ocr_carea' id='block_1_70' title="bbox 50 3968 1752 4041">
    <p class='ocr_par' dir='ltr' id='par_1_70' title="bbox 50 3968 1752 4041">
     <span class='ocr_line' id='line_1_70' title="bbox 50 3968 1752 4041; baseline -0.002 -18"><span class='ocrx_word' id='word_1_470' title='bbox 50 3972 208 4025; x_wconf 87' lang='lat' dir='ltr'>ducis</span> <span class='ocrx_word' id='word_1_471' title='bbox 242 3971 567 4035; x_wconf 81' lang='lat' dir='ltr'>victoriam,</span> <span class='ocrx_word' id='word_1_472' title='bbox 600 3976 773 4041; x_wconf 91' lang='lat' dir='ltr'>atque</span> <span class='ocrx_word' id='word_1_473' title='bbox 805 3975 1151 4040; x_wconf 88' lang='lat' dir='ltr'>perpetuum</span> <span class='ocrx_word' id='word_1_474' title='bbox 1185 3970 1267 4023; x_wconf 90' lang='lat' dir='ltr'>eis</span> <span class='ocrx_word' id='word_1_475' title='bbox 1295 3968 1523 4038; x_wconf 89' lang='lat' dir='ltr'>largiris</span> <span class='ocrx_word' id='word_1_476' title='bbox 1552 3968 1752 4021; x_wconf 89' lang='lat' dir='ltr'>trium-</span> 
     </span>
    </p>
   </div>
   <div class='ocr_carea' id='block_1_71' title="bbox 48 4058 1747 4130">
    <p class='ocr_par' dir='ltr' id='par_1_71' title="bbox 48 4058 1747 4130">
     <span class='ocr_line' id='line_1_71' title="bbox 48 4058 1747 4130; baseline -0.002 -16"><span class='ocrx_word' id='word_1_477' title='bbox 48 4062 255 4130; x_wconf 84' lang='lat' dir='ltr'>phum,</span> <span class='ocrx_word' id='word_1_478' title='bbox 296 4066 362 4115; x_wconf 89' lang='lat' dir='ltr'>ut</span> <span class='ocrx_word' id='word_1_479' title='bbox 400 4061 663 4114; x_wconf 59' lang='lat' dir='ltr'>Ecclesiae</span> <span class='ocrx_word' id='word_1_480' title='bbox 704 4066 818 4114; x_wconf 81' lang='lat' dir='ltr'>tuae</span> <span class='ocrx_word' id='word_1_481' title='bbox 853 4075 1080 4130; x_wconf 88' lang='lat' dir='ltr'>semper</span> <span class='ocrx_word' id='word_1_482' title='bbox 1130 4060 1244 4112; x_wconf 90' lang='lat' dir='ltr'>sint</span> <span class='ocrx_word' id='word_1_483' title='bbox 1279 4058 1359 4125; x_wconf 38' lang='lat' dir='ltr'>iiu</span> <span class='ocrx_word' id='word_1_484' title='bbox 1399 4058 1747 4127; x_wconf 82' lang='lat' dir='ltr'>exemplum.</span> 
     </span>
    </p>
   </div>
   <div class='ocr_carea' id='block_1_72' title="bbox 50 4143 1748 4219">
    <p class='ocr_par' dir='ltr' id='par_1_72' title="bbox 50 4143 1748 4219">
     <span class='ocr_line' id='line_1_72' title="bbox 50 4143 1748 4219; baseline -0.004 -17"><span class='ocrx_word' id='word_1_485' title='bbox 50 4150 264 4203; x_wconf 64' lang='lat' dir='ltr'>Praesta</span> <span class='ocrx_word' id='word_1_486' title='bbox 293 4149 483 4216; x_wconf 86' lang='lat' dir='ltr'>nobis,</span> <span class='ocrx_word' id='word_1_487' title='bbox 523 4164 878 4219; x_wconf 63' lang='lat' dir='ltr'>quaesumus,</span> <span class='ocrx_word' id='word_1_488' title='bbox 909 4153 972 4201; x_wconf 92' lang='lat' dir='ltr'>ut</span> <span class='ocrx_word' id='word_1_489' title='bbox 1003 4164 1105 4218; x_wconf 89' lang='lat' dir='ltr'>per</span> <span class='ocrx_word' id='word_1_490' title='bbox 1145 4163 1346 4201; x_wconf 90' lang='lat' dir='ltr'>eorum</span> <span class='ocrx_word' id='word_1_491' title='bbox 1388 4143 1748 4199; x_wconf 88' lang='lat' dir='ltr'>intercessio-</span> 
     </span>
    </p>
   </div>
   <div class='ocr_carea' id='block_1_73' title="bbox 53 4235 1751 4309">
    <p class='ocr_par' dir='ltr' id='par_1_73' title="bbox 53 4235 1751 4309">
     <span class='ocr_line' id='line_1_73' title="bbox 53 4235 1751 4309; baseline -0.004 -17"><span class='ocrx_word' id='word_1_492' title='bbox 53 4255 183 4292; x_wconf 87' lang='lat' dir='ltr'>uem</span> <span class='ocrx_word' id='word_1_493' title='bbox 217 4254 471 4309; x_wconf 90' lang='lat' dir='ltr'>quorum</span> <span class='ocrx_word' id='word_1_494' title='bbox 513 4239 658 4291; x_wconf 85' lang='lat' dir='ltr'>festa</span> <span class='ocrx_word' id='word_1_495' title='bbox 704 4237 1076 4302; x_wconf 88' lang='lat' dir='ltr'>celebramus,</span> <span class='ocrx_word' id='word_1_496' title='bbox 1115 4242 1229 4290; x_wconf 68' lang='lat' dir='ltr'>tuae</span> <span class='ocrx_word' id='word_1_497' title='bbox 1277 4235 1569 4306; x_wconf 88' lang='lat' dir='ltr'>capiamus</span> <span class='ocrx_word' id='word_1_498' title='bbox 1619 4249 1751 4286; x_wconf 92' lang='lat' dir='ltr'>mu-</span> 
     </span>
    </p>
   </div>
   <div class='ocr_carea' id='block_1_74' title="bbox 53 4326 947 4398">
    <p class='ocr_par' dir='ltr' id='par_1_74' title="bbox 53 4326 947 4398">
     <span class='ocr_line' id='line_1_74' title="bbox 53 4326 947 4398; baseline 0 -19"><span class='ocrx_word' id='word_1_499' title='bbox 53 4344 188 4381; x_wconf 84' lang='lat' dir='ltr'>nera</span> <span class='ocrx_word' id='word_1_500' title='bbox 214 4327 470 4398; x_wconf 83' lang='lat' dir='ltr'>pietatis.</span> <span class='ocrx_word' id='word_1_501' title='bbox 508 4328 615 4381; x_wconf 88' lang='lat' dir='ltr'>Per</span> <span class='ocrx_word' id='word_1_502' title='bbox 639 4326 947 4381; x_wconf 90' lang='lat' dir='ltr'>Christum.</span> 
     </span>
    </p>
   </div>
   <div class='ocr_carea' id='block_1_75' title="bbox 275 4444 1536 4488">
    <p class='ocr_par' dir='ltr' id='par_1_75' title="bbox 275 4444 1536 4488">
     <span class='ocr_line' id='line_1_75' title="bbox 275 4444 1536 4488; baseline -0.002 -1"><span class='ocrx_word' id='word_1_503' title='bbox 275 4448 340 4488; x_wconf 72' lang='lat' dir='ltr'>IN</span> <span class='ocrx_word' id='word_1_504' title='bbox 380 4447 619 4487; x_wconf 76' lang='lat' dir='ltr'><strong>NATALI</strong></span> <span class='ocrx_word' id='word_1_505' title='bbox 656 4447 742 4486; x_wconf 88' lang='lat' dir='ltr'>SS.</span> <span class='ocrx_word' id='word_1_506' title='bbox 770 4445 1067 4487; x_wconf 73' lang='lat' dir='ltr'>GERVASII</span> <span class='ocrx_word' id='word_1_507' title='bbox 1102 4445 1173 4485; x_wconf 88' lang='lat' dir='ltr'>ET</span> <span class='ocrx_word' id='word_1_508' title='bbox 1211 4444 1536 4485; x_wconf 73' lang='lat' dir='ltr'>PBOTASII.</span> 
     </span>
    </p>
   </div>
   <div class='ocr_carea' id='block_1_76' title="bbox 120 4519 1752 4576">
    <p class='ocr_par' dir='ltr' id='par_1_76' title="bbox 120 4519 1752 4576">
     <span class='ocr_line' id='line_1_76' title="bbox 120 4519 1752 4576; baseline -0.004 0"><span class='ocrx_word' id='word_1_509' title='bbox 120 4525 359 4576; x_wconf 71' lang='lat' dir='ltr'>:Eterne</span> <span class='ocrx_word' id='word_1_510' title='bbox 394 4523 560 4576; x_wconf 92' lang='lat' dir='ltr'>Deus.</span> <span class='ocrx_word' id='word_1_511' title='bbox 613 4523 720 4575; x_wconf 89' lang='lat' dir='ltr'>Per</span> <span class='ocrx_word' id='word_1_512' title='bbox 769 4519 1059 4575; x_wconf 88' lang='lat' dir='ltr'>Christum</span> <span class='ocrx_word' id='word_1_513' title='bbox 1114 4519 1425 4573; x_wconf 88' lang='lat' dir='ltr'>Dominum</span> <span class='ocrx_word' id='word_1_514' title='bbox 1473 4522 1752 4571; x_wconf 88' lang='lat' dir='ltr'>nostrum.</span> 
     </span>
    </p>
   </div>
   <div class='ocr_carea' id='block_1_77' title="bbox 53 4605 1760 4681">
    <p class='ocr_par' dir='ltr' id='par_1_77' title="bbox 53 4605 1760 4681">
     <span class='ocr_line' id='line_1_77' title="bbox 53 4605 1760 4681; baseline -0.004 -15"><span class='ocrx_word' id='word_1_515' title='bbox 53 4614 161 4666; x_wconf 89' lang='lat' dir='ltr'>Pro</span> <span class='ocrx_word' id='word_1_516' title='bbox 193 4612 360 4681; x_wconf 87' lang='lat' dir='ltr'>cujus</span> <span class='ocrx_word' id='word_1_517' title='bbox 392 4610 645 4664; x_wconf 83' lang='lat' dir='ltr'>nominis</span> <span class='ocrx_word' id='word_1_518' title='bbox 691 4609 1047 4663; x_wconf 87' lang='lat' dir='ltr'>confessione</span> <span class='ocrx_word' id='word_1_519' title='bbox 1094 4608 1247 4662; x_wconf 86' lang='lat' dir='ltr'>beati</span> <span class='ocrx_word' id='word_1_520' title='bbox 1295 4614 1573 4676; x_wconf 88' lang='lat' dir='ltr'>martyres</span> <span class='ocrx_word' id='word_1_521' title='bbox 1622 4605 1760 4660; x_wconf 89' lang='lat' dir='ltr'>Ger-</span> 
     </span>
    </p>
   </div>
   <div class='ocr_carea' id='block_1_78' title="bbox 56 4693 1760 4767">
    <p class='ocr_par' dir='ltr' id='par_1_78' title="bbox 56 4693 1760 4767">
     <span class='ocr_line' id='line_1_78' title="bbox 56 4693 1760 4767; baseline -0.002 -16"><span class='ocrx_word' id='word_1_522' title='bbox 56 4701 249 4753; x_wconf 68' lang='lat' dir='ltr'>rasius</span> <span class='ocrx_word' id='word_1_523' title='bbox 277 4706 336 4754; x_wconf 90' lang='lat' dir='ltr'>et</span> <span class='ocrx_word' id='word_1_524' title='bbox 371 4698 664 4753; x_wconf 88' lang='lat' dir='ltr'>Protasius</span> <span class='ocrx_word' id='word_1_525' title='bbox 690 4697 860 4767; x_wconf 89' lang='lat' dir='ltr'>passi,</span> <span class='ocrx_word' id='word_1_526' title='bbox 899 4698 954 4750; x_wconf 92' lang='lat' dir='ltr'>in</span> <span class='ocrx_word' id='word_1_527' title='bbox 987 4695 1202 4751; x_wconf 75' lang='lat' dir='ltr'>ccelesti</span> <span class='ocrx_word' id='word_1_528' title='bbox 1248 4696 1482 4765; x_wconf 89' lang='lat' dir='ltr'>regione</span> <span class='ocrx_word' id='word_1_529' title='bbox 1531 4693 1760 4748; x_wconf 63' lang='lat' dir='ltr'>aeternis</span> 
     </span>
    </p>
   </div>
   <div class='ocr_carea' id='block_1_79' title="bbox 57 4782 1759 4859">
    <p class='ocr_par' dir='ltr' id='par_1_79' title="bbox 57 4782 1759 4859">
     <span class='ocr_line' id='line_1_79' title="bbox 57 4782 1759 4859; baseline -0.005 -16"><span class='ocrx_word' id='word_1_530' title='bbox 57 4789 441 4859; x_wconf 84' lang='lat' dir='ltr'>perfruuntur</span> <span class='ocrx_word' id='word_1_531' title='bbox 470 4787 716 4857; x_wconf 87' lang='lat' dir='ltr'>gaudiis,</span> <span class='ocrx_word' id='word_1_532' title='bbox 749 4791 805 4839; x_wconf 89' lang='lat' dir='ltr'>et</span> <span class='ocrx_word' id='word_1_533' title='bbox 829 4801 933 4856; x_wconf 90' lang='lat' dir='ltr'>pro</span> <span class='ocrx_word' id='word_1_534' title='bbox 963 4801 1163 4838; x_wconf 90' lang='lat' dir='ltr'>eorum</span> <span class='ocrx_word' id='word_1_535' title='bbox 1207 4784 1450 4838; x_wconf 88' lang='lat' dir='ltr'>solemni</span> <span class='ocrx_word' id='word_1_536' title='bbox 1498 4782 1759 4837; x_wconf 87' lang='lat' dir='ltr'>recorda-</span> 
     </span>
    </p>
   </div>
   <div class='ocr_carea' id='block_1_80' title="bbox 55 4872 1687 4945">
    <p class='ocr_par' dir='ltr' id='par_1_80' title="bbox 55 4872 1687 4945">
     <span class='ocr_line' id='line_1_80' title="bbox 55 4872 1687 4945; baseline -0.004 -14"><span class='ocrx_word' id='word_1_537' title='bbox 55 4878 219 4931; x_wconf 87' lang='lat' dir='ltr'>tione</span> <span class='ocrx_word' id='word_1_538' title='bbox 240 4876 495 4931; x_wconf 87' lang='lat' dir='ltr'>Ecclesia</span> <span class='ocrx_word' id='word_1_539' title='bbox 522 4874 805 4945; x_wconf 85' lang='lat' dir='ltr'>religiosis</span> <span class='ocrx_word' id='word_1_540' title='bbox 827 4874 1074 4928; x_wconf 84' lang='lat' dir='ltr'>exsultat</span> <span class='ocrx_word' id='word_1_541' title='bbox 1102 4872 1325 4926; x_wconf 86' lang='lat' dir='ltr'>ofﬁciis.</span> <span class='ocrx_word' id='word_1_542' title='bbox 1366 4873 1473 4926; x_wconf 90' lang='lat' dir='ltr'>Per</span> <span class='ocrx_word' id='word_1_543' title='bbox 1496 4887 1687 4942; x_wconf 91' lang='lat' dir='ltr'>quem.</span> 
     </span>
    </p>
   </div>
   <div class='ocr_carea' id='block_1_81' title="bbox 352 4993 1476 5038">
    <p class='ocr_par' dir='ltr' id='par_1_81' title="bbox 352 4993 1476 5038">
     <span class='ocr_line' id='line_1_81' title="bbox 352 4993 1476 5038; baseline -0.004 -2"><span class='ocrx_word' id='word_1_544' title='bbox 352 4998 419 5038; x_wconf 74' lang='lat' dir='ltr'>IN</span> <span class='ocrx_word' id='word_1_545' title='bbox 459 4996 715 5037; x_wconf 70' lang='lat' dir='ltr'><strong>VIGILIA</strong></span> <span class='ocrx_word' id='word_1_546' title='bbox 738 4996 788 5036; x_wconf 87' lang='lat' dir='ltr'>S.</span> <span class='ocrx_word' id='word_1_547' title='bbox 826 4994 1100 5035; x_wconf 79' lang='lat' dir='ltr'>JOANNIS</span> <span class='ocrx_word' id='word_1_548' title='bbox 1124 4993 1476 5033; x_wconf 70' lang='lat' dir='ltr'>BAPTISTE.</span> 
     </span>
    </p>
   </div>
   <div class='ocr_carea' id='block_1_82' title="bbox 130 5064 1763 5141">
    <p class='ocr_par' dir='ltr' id='par_1_82' title="bbox 130 5064 1763 5141">
     <span class='ocr_line' id='line_1_82' title="bbox 130 5064 1763 5141; baseline -0.004 -17"><span class='ocrx_word' id='word_1_549' title='bbox 130 5072 247 5141; x_wconf 79' lang='grc' dir='ltr'>(Α.)</span> <span class='ocrx_word' id='word_1_550' title='bbox 276 5073 510 5126; x_wconf 68' lang='lat' dir='ltr'>Aiterue</span> <span class='ocrx_word' id='word_1_551' title='bbox 548 5071 717 5124; x_wconf 89' lang='lat' dir='ltr'>Deus.</span> <span class='ocrx_word' id='word_1_552' title='bbox 772 5067 1112 5123; x_wconf 83' lang='lat' dir='ltr'>Exhibentes</span> <span class='ocrx_word' id='word_1_553' title='bbox 1158 5068 1412 5121; x_wconf 89' lang='lat' dir='ltr'>solemne</span> <span class='ocrx_word' id='word_1_554' title='bbox 1449 5064 1763 5138; x_wconf 84' lang='lat' dir='ltr'>jejunium,</span> 
     </span>
    </p>
   </div>
   <div class='ocr_carea' id='block_1_83' title="bbox 62 5156 1265 5232">
    <p class='ocr_par' dir='ltr' id='par_1_83' title="bbox 62 5156 1265 5232">
     <span class='ocr_line' id='line_1_83' title="bbox 62 5156 1265 5232; baseline -0.002 -19"><span class='ocrx_word' id='word_1_555' title='bbox 62 5176 201 5232; x_wconf 85' lang='lat' dir='ltr'>quo,</span> <span class='ocrx_word' id='word_1_556' title='bbox 239 5165 370 5227; x_wconf 89' lang='lat' dir='ltr'>etc.,</span> <span class='ocrx_word' id='word_1_557' title='bbox 400 5164 464 5214; x_wconf 74' lang='lat' dir='ltr'>ut</span> <span class='ocrx_word' id='word_1_558' title='bbox 491 5174 663 5229; x_wconf 87' lang='lat' dir='ltr'>supra</span> <span class='ocrx_word' id='word_1_559' title='bbox 693 5160 836 5212; x_wconf 81' lang='lat' dir='ltr'>inter</span> <span class='ocrx_word' id='word_1_560' title='bbox 847 5158 1019 5226; x_wconf 54' lang='lat' dir='ltr'>pref.</span> <span class='ocrx_word' id='word_1_561' title='bbox 1057 5156 1265 5210; x_wconf 81' lang='lat' dir='ltr'>Ambr.</span> 
     </span>
    </p>
   </div>
   <div class='ocr_carea' id='block_1_84' title="bbox 409 5258 1429 5303">
    <p class='ocr_par' dir='ltr' id='par_1_84' title="bbox 409 5258 1429 5303">
     <span class='ocr_line' id='line_1_84' title="bbox 409 5258 1429 5303; baseline -0.007 0"><span class='ocrx_word' id='word_1_562' title='bbox 409 5263 475 5303; x_wconf 75' lang='lat' dir='ltr'>IN</span> <span class='ocrx_word' id='word_1_563' title='bbox 514 5261 912 5302; x_wconf 79' lang='lat' dir='ltr'><strong>NATIVITATE</strong></span> <span class='ocrx_word' id='word_1_564' title='bbox 952 5258 1429 5300; x_wconf 69' lang='lat' dir='ltr'>PRECURSORIS.</span> 
     </span>
    </p>
   </div>
   <div class='ocr_carea' id='block_1_85' title="bbox 132 5331 1769 5401">
    <p class='ocr_par' dir='ltr' id='par_1_85' title="bbox 132 5331 1769 5401">
     <span class='ocr_line' id='line_1_85' title="bbox 132 5331 1769 5401; baseline -0.005 -9"><span class='ocrx_word' id='word_1_565' title='bbox 132 5340 369 5392; x_wconf 64' lang='lat' dir='ltr'>:Eterue</span> <span class='ocrx_word' id='word_1_566' title='bbox 394 5339 565 5392; x_wconf 89' lang='lat' dir='ltr'>Deus.</span> <span class='ocrx_word' id='word_1_567' title='bbox 606 5336 671 5389; x_wconf 87' lang='lat' dir='ltr'>Et</span> <span class='ocrx_word' id='word_1_568' title='bbox 702 5335 762 5388; x_wconf 91' lang='lat' dir='ltr'>in</span> <span class='ocrx_word' id='word_1_569' title='bbox 792 5334 882 5388; x_wconf 91' lang='lat' dir='ltr'>die</span> <span class='ocrx_word' id='word_1_570' title='bbox 914 5333 1235 5387; x_wconf 86' lang='lat' dir='ltr'>festivitatis</span> <span class='ocrx_word' id='word_1_571' title='bbox 1284 5331 1602 5398; x_wconf 69' lang='lat' dir='ltr'>hodiernae,</span> <span class='ocrx_word' id='word_1_572' title='bbox 1656 5346 1769 5401; x_wconf 83' lang='lat' dir='ltr'>qua</span> 
     </span>
    </p>
   </div>
   <div class='ocr_carea' id='block_1_86' title="bbox 64 5420 1761 5490">
    <p class='ocr_par' dir='ltr' id='par_1_86' title="bbox 64 5420 1761 5490">
     <span class='ocr_line' id='line_1_86' title="bbox 64 5420 1761 5490; baseline -0.005 -10"><span class='ocrx_word' id='word_1_573' title='bbox 64 5426 271 5480; x_wconf 88' lang='lat' dir='ltr'>beatus</span> <span class='ocrx_word' id='word_1_574' title='bbox 293 5427 549 5479; x_wconf 83' lang='lat' dir='ltr'>Joannes</span> <span class='ocrx_word' id='word_1_575' title='bbox 578 5426 832 5490; x_wconf 80' lang='lat' dir='ltr'>exortus,</span> <span class='ocrx_word' id='word_1_576' title='bbox 864 5427 996 5488; x_wconf 90' lang='lat' dir='ltr'>etc.,</span> <span class='ocrx_word' id='word_1_577' title='bbox 1026 5426 1088 5476; x_wconf 86' lang='lat' dir='ltr'>ut</span> <span class='ocrx_word' id='word_1_578' title='bbox 1128 5436 1300 5490; x_wconf 85' lang='lat' dir='ltr'>supra</span> <span class='ocrx_word' id='word_1_579' title='bbox 1346 5423 1489 5474; x_wconf 81' lang='lat' dir='ltr'>inter</span> <span class='ocrx_word' id='word_1_580' title='bbox 1534 5420 1761 5488; x_wconf 66' lang='lat' dir='ltr'>praefat.</span> 
     </span>
    </p>
   </div>
   <div class='ocr_carea' id='block_1_87' title="bbox 63 5514 275 5569">
    <p class='ocr_par' dir='ltr' id='par_1_87' title="bbox 63 5514 275 5569">
     <span class='ocr_line' id='line_1_87' title="bbox 63 5514 275 5569; baseline 0.009 -2"><span class='ocrx_word' id='word_1_581' title='bbox 63 5514 275 5569; x_wconf 74' lang='lat' dir='ltr'>Ambr.</span> 
     </span>
    </p>
   </div>
   <div class='ocr_carea' id='block_1_88' title="bbox 856 5581 991 5635">
    <p class='ocr_par' dir='ltr' id='par_1_88' title="bbox 856 5581 991 5635">
     <span class='ocr_line' id='line_1_88' title="bbox 856 5581 991 5635; baseline -0.015 0"><span class='ocrx_word' id='word_1_582' title='bbox 856 5581 991 5635; x_wconf 78' lang='lat' dir='ltr'>Alia</span> 
     </span>
    </p>
   </div>
   <div class='ocr_carea' id='block_1_89' title="bbox 135 5663 1775 5737">
    <p class='ocr_par' dir='ltr' id='par_1_89' title="bbox 135 5663 1775 5737">
     <span class='ocr_line' id='line_1_89' title="bbox 135 5663 1775 5737; baseline -0.005 -10"><span class='ocrx_word' id='word_1_583' title='bbox 135 5675 367 5728; x_wconf 66' lang='grc' dir='ltr'>,κεῖθι-ηε</span> <span class='ocrx_word' id='word_1_584' title='bbox 402 5673 580 5727; x_wconf 87' lang='lat' dir='ltr'>Deus.</span> <span class='ocrx_word' id='word_1_585' title='bbox 612 5670 684 5723; x_wconf 92' lang='lat' dir='ltr'>Ut</span> <span class='ocrx_word' id='word_1_586' title='bbox 707 5669 857 5723; x_wconf 90' lang='lat' dir='ltr'>hunc</span> <span class='ocrx_word' id='word_1_587' title='bbox 903 5668 1079 5737; x_wconf 90' lang='lat' dir='ltr'>diem,</span> <span class='ocrx_word' id='word_1_588' title='bbox 1126 5666 1498 5737; x_wconf 73' lang='lat' dir='ltr'>praecursoris</span> <span class='ocrx_word' id='word_1_589' title='bbox 1543 5663 1775 5720; x_wconf 91' lang='lat' dir='ltr'>Domini</span> 
     </span>
    </p>
   </div>
   <div class='ocr_carea' id='block_1_90' title="bbox 1855 3241 3549 3314">
    <p class='ocr_par' dir='ltr' id='par_1_90' title="bbox 1855 3241 3549 3314">
     <span class='ocr_line' id='line_1_90' title="bbox 1855 3241 3549 3314; baseline 0.001 -18"><span class='ocrx_word' id='word_1_590' title='bbox 1855 3244 2212 3314; x_wconf 88' lang='lat' dir='ltr'>protectione</span> <span class='ocrx_word' id='word_1_591' title='bbox 2243 3244 2527 3296; x_wconf 89' lang='lat' dir='ltr'>custodias</span> <span class='ocrx_word' id='word_1_592' title='bbox 2560 3259 2571 3295; x_wconf 92' lang='lat'>:</span> <span class='ocrx_word' id='word_1_593' title='bbox 2609 3247 2674 3295; x_wconf 90' lang='lat' dir='ltr'>ut</span> <span class='ocrx_word' id='word_1_594' title='bbox 2717 3242 2931 3295; x_wconf 90' lang='lat' dir='ltr'>eisdem</span> <span class='ocrx_word' id='word_1_595' title='bbox 2975 3241 3293 3295; x_wconf 87' lang='lat' dir='ltr'>rectoribus</span> <span class='ocrx_word' id='word_1_596' title='bbox 3339 3244 3549 3313; x_wconf 87' lang='lat' dir='ltr'>guber-</span> 
     </span>
    </p>
   </div>
   <div class='ocr_carea' id='block_1_91' title="bbox 1856 3329 3550 3401">
    <p class='ocr_par' dir='ltr' id='par_1_91' title="bbox 1856 3329 3550 3401">
     <span class='ocr_line' id='line_1_91' title="bbox 1856 3329 3550 3401; baseline 0.001 -16"><span class='ocrx_word' id='word_1_597' title='bbox 1856 3337 2044 3398; x_wconf 89' lang='lat' dir='ltr'>netur,</span> <span class='ocrx_word' id='word_1_598' title='bbox 2078 3347 2220 3401; x_wconf 88' lang='lat' dir='ltr'>quos</span> <span class='ocrx_word' id='word_1_599' title='bbox 2251 3330 2440 3400; x_wconf 88' lang='lat' dir='ltr'>operis</span> <span class='ocrx_word' id='word_1_600' title='bbox 2469 3329 2555 3383; x_wconf 89' lang='lat' dir='ltr'>tui</span> <span class='ocrx_word' id='word_1_601' title='bbox 2584 3329 2822 3383; x_wconf 89' lang='lat' dir='ltr'>vicarios</span> <span class='ocrx_word' id='word_1_602' title='bbox 2852 3329 3035 3383; x_wconf 86' lang='lat' dir='ltr'>eidem</span> <span class='ocrx_word' id='word_1_603' title='bbox 3066 3329 3356 3384; x_wconf 88' lang='lat' dir='ltr'>contulisti</span> <span class='ocrx_word' id='word_1_604' title='bbox 3400 3347 3550 3401; x_wconf 71' lang='lat' dir='ltr'>pres-</span> 
     </span>
    </p>
   </div>
   <div class='ocr_carea' id='block_1_92' title="bbox 1857 3418 2563 3491">
    <p class='ocr_par' dir='ltr' id='par_1_92' title="bbox 1857 3418 2563 3491">
     <span class='ocr_line' id='line_1_92' title="bbox 1857 3418 2563 3491; baseline -0.004 -15"><span class='ocrx_word' id='word_1_605' title='bbox 1857 3438 1978 3476; x_wconf 90' lang='lat' dir='ltr'>esse</span> <span class='ocrx_word' id='word_1_606' title='bbox 2012 3425 2287 3491; x_wconf 87' lang='lat' dir='ltr'>pastores.</span> <span class='ocrx_word' id='word_1_607' title='bbox 2324 3420 2388 3473; x_wconf 84' lang='lat' dir='ltr'>Et</span> <span class='ocrx_word' id='word_1_608' title='bbox 2414 3418 2563 3473; x_wconf 92' lang='lat' dir='ltr'>ideo.</span> 
     </span>
    </p>
   </div>
   <div class='ocr_carea' id='block_1_93' title="bbox 2281 3524 3119 3579">
    <p class='ocr_par' dir='ltr' id='par_1_93' title="bbox 2281 3524 3119 3579">
     <span class='ocr_line' id='line_1_93' title="bbox 2281 3524 3119 3579; baseline -0.004 -1"><span class='ocrx_word' id='word_1_609' title='bbox 2281 3527 2341 3579; x_wconf 88' lang='lat' dir='ltr'>1n</span> <span class='ocrx_word' id='word_1_610' title='bbox 2381 3524 2724 3578; x_wconf 73' lang='lat' dir='ltr'>ordinatione</span> <span class='ocrx_word' id='word_1_611' title='bbox 2752 3526 2820 3579; x_wconf 94' lang='lat' dir='ltr'>S.</span> <span class='ocrx_word' id='word_1_612' title='bbox 2860 3524 3119 3577; x_wconf 70' lang='lat' dir='ltr'>Martini.</span> 
     </span>
    </p>
   </div>
   <div class='ocr_carea' id='block_1_94' title="bbox 1928 3610 3553 3681">
    <p class='ocr_par' dir='ltr' id='par_1_94' title="bbox 1928 3610 3553 3681">
     <span class='ocr_line' id='line_1_94' title="bbox 1928 3610 3553 3681; baseline -0.002 -11"><span class='ocrx_word' id='word_1_613' title='bbox 1928 3618 2152 3671; x_wconf 57' lang='lat' dir='ltr'>IEterne</span> <span class='ocrx_word' id='word_1_614' title='bbox 2188 3615 2353 3668; x_wconf 90' lang='lat' dir='ltr'>Deus.</span> <span class='ocrx_word' id='word_1_615' title='bbox 2398 3612 2504 3676; x_wconf 86' lang='lat' dir='ltr'>Qui</span> <span class='ocrx_word' id='word_1_616' title='bbox 2553 3612 2831 3665; x_wconf 88' lang='lat' dir='ltr'>mundum</span> <span class='ocrx_word' id='word_1_617' title='bbox 2872 3627 2977 3681; x_wconf 91' lang='lat' dir='ltr'>per</span> <span class='ocrx_word' id='word_1_618' title='bbox 3019 3614 3245 3664; x_wconf 88' lang='lat' dir='ltr'>sanctos</span> <span class='ocrx_word' id='word_1_619' title='bbox 3291 3610 3553 3666; x_wconf 91' lang='lat' dir='ltr'>doctores</span> 
     </span>
    </p>
   </div>
   <div class='ocr_carea' id='block_1_95' title="bbox 1859 3699 3553 3772">
    <p class='ocr_par' dir='ltr' id='par_1_95' title="bbox 1859 3699 3553 3772">
     <span class='ocr_line' id='line_1_95' title="bbox 1859 3699 3553 3772; baseline -0.003 -12"><span class='ocrx_word' id='word_1_620' title='bbox 1859 3705 1925 3760; x_wconf 89' lang='lat' dir='ltr'>ad</span> <span class='ocrx_word' id='word_1_621' title='bbox 1972 3720 2120 3759; x_wconf 70' lang='lat' dir='ltr'>verte</span> <span class='ocrx_word' id='word_1_622' title='bbox 2150 3701 2286 3757; x_wconf 87' lang='lat' dir='ltr'>ﬁdei</span> <span class='ocrx_word' id='word_1_623' title='bbox 2310 3701 2658 3772; x_wconf 88' lang='lat' dir='ltr'>agnitionem</span> <span class='ocrx_word' id='word_1_624' title='bbox 2689 3699 3025 3754; x_wconf 87' lang='lat' dir='ltr'>illuminasti</span> <span class='ocrx_word' id='word_1_625' title='bbox 3059 3714 3071 3753; x_wconf 91' lang='lat'><strong>:</strong></span> <span class='ocrx_word' id='word_1_626' title='bbox 3106 3699 3173 3753; x_wconf 92' lang='lat' dir='ltr'>de</span> <span class='ocrx_word' id='word_1_627' title='bbox 3193 3715 3438 3770; x_wconf 90' lang='lat' dir='ltr'>quorum</span> <span class='ocrx_word' id='word_1_628' title='bbox 3467 3718 3553 3755; x_wconf 92' lang='lat' dir='ltr'>so-</span> 
     </span>
    </p>
   </div>
   <div class='ocr_carea' id='block_1_96' title="bbox 1859 3787 3550 3849">
    <p class='ocr_par' dir='ltr' id='par_1_96' title="bbox 1859 3787 3550 3849">
     <span class='ocr_line' id='line_1_96' title="bbox 1859 3787 3550 3849; baseline -0.003 -2"><span class='ocrx_word' id='word_1_629' title='bbox 1859 3794 2061 3847; x_wconf 89' lang='lat' dir='ltr'>cietate</span> <span class='ocrx_word' id='word_1_630' title='bbox 2096 3792 2296 3845; x_wconf 87' lang='lat' dir='ltr'>beatus</span> <span class='ocrx_word' id='word_1_631' title='bbox 2328 3789 2601 3843; x_wconf 86' lang='lat' dir='ltr'>Martinus</span> <span class='ocrx_word' id='word_1_632' title='bbox 2627 3787 2995 3842; x_wconf 84' lang='lat' dir='ltr'>excellentius</span> <span class='ocrx_word' id='word_1_633' title='bbox 3015 3787 3238 3849; x_wconf 88' lang='lat' dir='ltr'>enituit,</span> <span class='ocrx_word' id='word_1_634' title='bbox 3273 3788 3550 3842; x_wconf 87' lang='lat' dir='ltr'>virtutum</span> 
     </span>
    </p>
   </div>
   <div class='ocr_carea' id='block_1_97' title="bbox 1860 3876 3553 3948">
    <p class='ocr_par' dir='ltr' id='par_1_97' title="bbox 1860 3876 3553 3948">
     <span class='ocr_line' id='line_1_97' title="bbox 1860 3876 3553 3948; baseline -0.003 -13"><span class='ocrx_word' id='word_1_635' title='bbox 1860 3880 2080 3935; x_wconf 91' lang='lat' dir='ltr'>meritis</span> <span class='ocrx_word' id='word_1_636' title='bbox 2122 3878 2409 3948; x_wconf 88' lang='lat' dir='ltr'>copiosius</span> <span class='ocrx_word' id='word_1_637' title='bbox 2466 3877 2696 3931; x_wconf 74' lang='lat' dir='ltr'>effulsit.</span> <span class='ocrx_word' id='word_1_638' title='bbox 2758 3876 3057 3945; x_wconf 89' lang='lat' dir='ltr'>signorum</span> <span class='ocrx_word' id='word_1_639' title='bbox 3114 3876 3294 3930; x_wconf 89' lang='lat' dir='ltr'>titulis</span> <span class='ocrx_word' id='word_1_640' title='bbox 3343 3877 3553 3931; x_wconf 89' lang='lat' dir='ltr'>clarius</span> 
     </span>
    </p>
   </div>
   <div class='ocr_carea' id='block_1_98' title="bbox 1862 3965 3551 4036">
    <p class='ocr_par' dir='ltr' id='par_1_98' title="bbox 1862 3965 3551 4036">
     <span class='ocr_line' id='line_1_98' title="bbox 1862 3965 3551 4036; baseline -0.002 -13"><span class='ocrx_word' id='word_1_641' title='bbox 1862 3970 2058 4035; x_wconf 88' lang='lat' dir='ltr'>eluxit,</span> <span class='ocrx_word' id='word_1_642' title='bbox 2089 3974 2145 4021; x_wconf 89' lang='lat' dir='ltr'>et</span> <span class='ocrx_word' id='word_1_643' title='bbox 2168 3966 2341 4020; x_wconf 88' lang='lat' dir='ltr'>totius</span> <span class='ocrx_word' id='word_1_644' title='bbox 2371 3966 2601 4035; x_wconf 90' lang='lat' dir='ltr'>pietatis</span> <span class='ocrx_word' id='word_1_645' title='bbox 2631 3965 2847 4036; x_wconf 91' lang='lat' dir='ltr'>populo</span> <span class='ocrx_word' id='word_1_646' title='bbox 2877 3970 2975 4019; x_wconf 90' lang='lat' dir='ltr'>tuo</span> <span class='ocrx_word' id='word_1_647' title='bbox 3012 3965 3285 4036; x_wconf 88' lang='lat' dir='ltr'>magister</span> <span class='ocrx_word' id='word_1_648' title='bbox 3314 3965 3551 4019; x_wconf 89' lang='lat' dir='ltr'>emicuit</span> 
     </span>
    </p>
   </div>
   <div class='ocr_carea' id='block_1_99' title="bbox 1860 4053 3552 4125">
    <p class='ocr_par' dir='ltr' id='par_1_99' title="bbox 1860 4053 3552 4125">
     <span class='ocr_line' id='line_1_99' title="bbox 1860 4053 3552 4125; baseline -0.003 -12"><span class='ocrx_word' id='word_1_649' title='bbox 1860 4058 2014 4114; x_wconf 88' lang='lat' dir='ltr'>Alios</span> <span class='ocrx_word' id='word_1_650' title='bbox 2044 4057 2284 4111; x_wconf 70' lang='lat' dir='ltr'>caelestis</span> <span class='ocrx_word' id='word_1_651' title='bbox 2312 4054 2586 4109; x_wconf 65' lang='lat' dir='ltr'>doctrinm</span> <span class='ocrx_word' id='word_1_652' title='bbox 2616 4054 2800 4107; x_wconf 88' lang='lat' dir='ltr'>verbis</span> <span class='ocrx_word' id='word_1_653' title='bbox 2834 4053 3102 4119; x_wconf 75' lang='lat' dir='ltr'>erudivit,</span> <span class='ocrx_word' id='word_1_654' title='bbox 3138 4054 3277 4108; x_wconf 86' lang='lat' dir='ltr'>alios</span> <span class='ocrx_word' id='word_1_655' title='bbox 3322 4054 3552 4125; x_wconf 91' lang='lat' dir='ltr'>religio-</span> 
     </span>
    </p>
   </div>
   <div class='ocr_carea' id='block_1_100' title="bbox 1863 4142 3553 4213">
    <p class='ocr_par' dir='ltr' id='par_1_100' title="bbox 1863 4142 3553 4213">
     <span class='ocr_line' id='line_1_100' title="bbox 1863 4142 3553 4213; baseline -0.002 -14"><span class='ocrx_word' id='word_1_656' title='bbox 1863 4162 1939 4199; x_wconf 54' lang='lat' dir='ltr'>sa!</span> <span class='ocrx_word' id='word_1_657' title='bbox 1969 4144 2098 4198; x_wconf 66' lang='lat' dir='ltr'>vitae</span> <span class='ocrx_word' id='word_1_658' title='bbox 2128 4143 2404 4213; x_wconf 83' lang='lat' dir='ltr'>exemplis</span> <span class='ocrx_word' id='word_1_659' title='bbox 2444 4142 2757 4207; x_wconf 83' lang='lat' dir='ltr'>roboravit,</span> <span class='ocrx_word' id='word_1_660' title='bbox 2805 4142 2874 4195; x_wconf 89' lang='lat' dir='ltr'>ab</span> <span class='ocrx_word' id='word_1_661' title='bbox 2916 4142 3073 4195; x_wconf 90' lang='lat' dir='ltr'>omni</span> <span class='ocrx_word' id='word_1_662' title='bbox 3123 4159 3353 4213; x_wconf 88' lang='lat' dir='ltr'>quoque</span> <span class='ocrx_word' id='word_1_663' title='bbox 3389 4142 3553 4196; x_wconf 88' lang='lat' dir='ltr'>inﬁr-</span> 
     </span>
    </p>
   </div>
   <div class='ocr_carea' id='block_1_101' title="bbox 1865 4231 3557 4301">
    <p class='ocr_par' dir='ltr' id='par_1_101' title="bbox 1865 4231 3557 4301">
     <span class='ocr_line' id='line_1_101' title="bbox 1865 4231 3557 4301; baseline -0.002 -14"><span class='ocrx_word' id='word_1_664' title='bbox 1865 4234 2124 4288; x_wconf 85' lang='lat' dir='ltr'>mitatum</span> <span class='ocrx_word' id='word_1_665' title='bbox 2177 4231 2437 4285; x_wconf 90' lang='lat' dir='ltr'>molestia</span> <span class='ocrx_word' id='word_1_666' title='bbox 2486 4232 2697 4284; x_wconf 90' lang='lat' dir='ltr'>multos</span> <span class='ocrx_word' id='word_1_667' title='bbox 2746 4232 2991 4297; x_wconf 87' lang='lat' dir='ltr'>sanavit;</span> <span class='ocrx_word' id='word_1_668' title='bbox 3030 4232 3307 4301; x_wconf 89' lang='lat' dir='ltr'>quosdam</span> <span class='ocrx_word' id='word_1_669' title='bbox 3349 4247 3484 4285; x_wconf 89' lang='lat' dir='ltr'>vero</span> <span class='ocrx_word' id='word_1_670' title='bbox 3523 4248 3557 4284; x_wconf 90' lang='lat' dir='ltr'>a</span> 
     </span>
    </p>
   </div>
   <div class='ocr_carea' id='block_1_102' title="bbox 1865 4319 3559 4391">
    <p class='ocr_par' dir='ltr' id='par_1_102' title="bbox 1865 4319 3559 4391">
     <span class='ocr_line' id='line_1_102' title="bbox 1865 4319 3559 4391; baseline -0.001 -15"><span class='ocrx_word' id='word_1_671' title='bbox 1865 4320 2229 4377; x_wconf 69' lang='lat' dir='ltr'>daamoniacis</span> <span class='ocrx_word' id='word_1_672' title='bbox 2261 4320 2558 4391; x_wconf 89' lang='lat' dir='ltr'>spiritibus</span> <span class='ocrx_word' id='word_1_673' title='bbox 2585 4319 2880 4387; x_wconf 83' lang='lat' dir='ltr'>liberavit;</span> <span class='ocrx_word' id='word_1_674' title='bbox 2916 4320 3056 4374; x_wconf 89' lang='lat' dir='ltr'>alios</span> <span class='ocrx_word' id='word_1_675' title='bbox 3096 4336 3324 4391; x_wconf 89' lang='lat' dir='ltr'>quoque</span> <span class='ocrx_word' id='word_1_676' title='bbox 3373 4324 3559 4374; x_wconf 90' lang='lat' dir='ltr'>morte</span> 
     </span>
    </p>
   </div>
   <div class='ocr_carea' id='block_1_103' title="bbox 1796 4405 3561 4483">
    <p class='ocr_par' dir='ltr' id='par_1_103' title="bbox 1796 4405 3561 4483">
     <span class='ocr_line' id='line_1_103' title="bbox 1796 4405 3561 4483; baseline -0.003 -19"><span class='ocrx_word' id='word_1_677' title='bbox 1796 4405 2172 4483; x_wconf 66' lang='lat' dir='ltr'>Dpraareptos</span> <span class='ocrx_word' id='word_1_678' title='bbox 2245 4408 2417 4462; x_wconf 89' lang='lat' dir='ltr'>sacris</span> <span class='ocrx_word' id='word_1_679' title='bbox 2495 4408 2849 4463; x_wconf 90' lang='lat' dir='ltr'>orationibus</span> <span class='ocrx_word' id='word_1_680' title='bbox 2916 4409 3286 4462; x_wconf 87' lang='lat' dir='ltr'>resuscitavit.</span> <span class='ocrx_word' id='word_1_681' title='bbox 3356 4407 3561 4463; x_wconf 90' lang='lat' dir='ltr'>Omni-</span> 
     </span>
    </p>
   </div>
   <div class='ocr_carea' id='block_1_104' title="bbox 1863 4495 3556 4562">
    <p class='ocr_par' dir='ltr' id='par_1_104' title="bbox 1863 4495 3556 4562">
     <span class='ocr_line' id='line_1_104' title="bbox 1863 4495 3556 4562; baseline -0.003 -9"><span class='ocrx_word' id='word_1_682' title='bbox 1863 4500 1970 4553; x_wconf 88' lang='lat' dir='ltr'>bus</span> <span class='ocrx_word' id='word_1_683' title='bbox 2004 4499 2144 4552; x_wconf 87' lang='lat' dir='ltr'>odor</span> <span class='ocrx_word' id='word_1_684' title='bbox 2173 4497 2302 4551; x_wconf 70' lang='lat' dir='ltr'>vitae</span> <span class='ocrx_word' id='word_1_685' title='bbox 2327 4496 2507 4550; x_wconf 87' lang='lat' dir='ltr'>factus</span> <span class='ocrx_word' id='word_1_686' title='bbox 2538 4497 2609 4550; x_wconf 88' lang='lat' dir='ltr'>ad</span> <span class='ocrx_word' id='word_1_687' title='bbox 2644 4497 2905 4562; x_wconf 88' lang='lat' dir='ltr'>salutem,</span> <span class='ocrx_word' id='word_1_688' title='bbox 2939 4500 3003 4549; x_wconf 91' lang='lat' dir='ltr'>ut</span> <span class='ocrx_word' id='word_1_689' title='bbox 3047 4512 3246 4549; x_wconf 89' lang='lat' dir='ltr'>omnes</span> <span class='ocrx_word' id='word_1_690' title='bbox 3277 4495 3344 4549; x_wconf 90' lang='lat' dir='ltr'>ad</span> <span class='ocrx_word' id='word_1_691' title='bbox 3389 4499 3556 4549; x_wconf 68' lang='lat' dir='ltr'>teter-</span> 
     </span>
    </p>
   </div>
   <div class='ocr_carea' id='block_1_105' title="bbox 1866 4583 3428 4655">
    <p class='ocr_par' dir='ltr' id='par_1_105' title="bbox 1866 4583 3428 4655">
     <span class='ocr_line' id='line_1_105' title="bbox 1866 4583 3428 4655; baseline -0.004 -14"><span class='ocrx_word' id='word_1_692' title='bbox 1866 4603 1998 4641; x_wconf 88' lang='lat' dir='ltr'>nam</span> <span class='ocrx_word' id='word_1_693' title='bbox 2030 4585 2443 4641; x_wconf 89' lang='lat' dir='ltr'>beatititudinis</span> <span class='ocrx_word' id='word_1_694' title='bbox 2473 4584 2713 4655; x_wconf 85' lang='lat' dir='ltr'>gloriam</span> <span class='ocrx_word' id='word_1_695' title='bbox 2746 4587 3054 4637; x_wconf 90' lang='lat' dir='ltr'>revocaret.</span> <span class='ocrx_word' id='word_1_696' title='bbox 3082 4584 3190 4636; x_wconf 92' lang='lat' dir='ltr'>Per</span> <span class='ocrx_word' id='word_1_697' title='bbox 3219 4583 3428 4637; x_wconf 88' lang='lat' dir='ltr'>Christ.</span> 
     </span>
    </p>
   </div>
   <div class='ocr_carea' id='block_1_106' title="bbox 2228 4702 3198 4747">
    <p class='ocr_par' dir='ltr' id='par_1_106' title="bbox 2228 4702 3198 4747">
     <span class='ocr_line' id='line_1_106' title="bbox 2228 4702 3198 4747; baseline -0.005 0"><span class='ocrx_word' id='word_1_698' title='bbox 2228 4709 2290 4747; x_wconf 81' lang='grc' dir='ltr'>ΙΝ</span> <span class='ocrx_word' id='word_1_699' title='bbox 2332 4707 2569 4747; x_wconf 71' lang='lat' dir='ltr'><strong>NATALI</strong></span> <span class='ocrx_word' id='word_1_700' title='bbox 2615 4705 2703 4745; x_wconf 88' lang='lat' dir='ltr'>SS.</span> <span class='ocrx_word' id='word_1_701' title='bbox 2740 4704 2835 4744; x_wconf 80' lang='lat' dir='ltr'><strong>VII</strong></span> <span class='ocrx_word' id='word_1_702' title='bbox 2869 4702 3198 4743; x_wconf 78' lang='lat' dir='ltr'>FRATRUM.</span> 
     </span>
    </p>
   </div>
   <div class='ocr_carea' id='block_1_107' title="bbox 1942 4774 3561 4851">
    <p class='ocr_par' dir='ltr' id='par_1_107' title="bbox 1942 4774 3561 4851">
     <span class='ocr_line' id='line_1_107' title="bbox 1942 4774 3561 4851; baseline -0.006 -14"><span class='ocrx_word' id='word_1_703' title='bbox 1942 4783 2051 4851; x_wconf 89' lang='lat' dir='ltr'>(G.)</span> <span class='ocrx_word' id='word_1_704' title='bbox 2114 4782 2341 4834; x_wconf 65' lang='lat' dir='ltr'>zEterne</span> <span class='ocrx_word' id='word_1_705' title='bbox 2392 4781 2556 4832; x_wconf 90' lang='lat' dir='ltr'>Deus.</span> <span class='ocrx_word' id='word_1_706' title='bbox 2618 4776 2827 4830; x_wconf 86' lang='lat' dir='ltr'>Donari</span> <span class='ocrx_word' id='word_1_707' title='bbox 2876 4775 3042 4829; x_wconf 91' lang='lat' dir='ltr'>nobis</span> <span class='ocrx_word' id='word_1_708' title='bbox 3092 4774 3426 4846; x_wconf 90' lang='lat' dir='ltr'>suppliciter</span> <span class='ocrx_word' id='word_1_709' title='bbox 3468 4790 3561 4828; x_wconf 85' lang='lat' dir='ltr'>ex-</span> 
     </span>
    </p>
   </div>
   <div class='ocr_carea' id='block_1_108' title="bbox 1870 4864 3559 4935">
    <p class='ocr_par' dir='ltr' id='par_1_108' title="bbox 1870 4864 3559 4935">
     <span class='ocr_line' id='line_1_108' title="bbox 1870 4864 3559 4935; baseline -0.005 -10"><span class='ocrx_word' id='word_1_710' title='bbox 1870 4876 2123 4935; x_wconf 89' lang='lat' dir='ltr'>orantes,</span> <span class='ocrx_word' id='word_1_711' title='bbox 2154 4875 2221 4923; x_wconf 93' lang='lat' dir='ltr'>ut</span> <span class='ocrx_word' id='word_1_712' title='bbox 2250 4869 2395 4921; x_wconf 87' lang='lat' dir='ltr'>sicut</span> <span class='ocrx_word' id='word_1_713' title='bbox 2427 4866 2607 4921; x_wconf 89' lang='lat' dir='ltr'>sancti</span> <span class='ocrx_word' id='word_1_714' title='bbox 2635 4865 2721 4919; x_wconf 91' lang='lat' dir='ltr'>tui</span> <span class='ocrx_word' id='word_1_715' title='bbox 2764 4864 3045 4918; x_wconf 90' lang='lat' dir='ltr'>mundum</span> <span class='ocrx_word' id='word_1_716' title='bbox 3100 4864 3162 4917; x_wconf 92' lang='lat' dir='ltr'>in</span> <span class='ocrx_word' id='word_1_717' title='bbox 3206 4870 3304 4918; x_wconf 89' lang='lat' dir='ltr'>tua</span> <span class='ocrx_word' id='word_1_718' title='bbox 3350 4864 3559 4917; x_wconf 90' lang='lat' dir='ltr'>virtute</span> 
     </span>
    </p>
   </div>
   <div class='ocr_carea' id='block_1_109' title="bbox 1869 4952 3563 5024">
    <p class='ocr_par' dir='ltr' id='par_1_109' title="bbox 1869 4952 3563 5024">
     <span class='ocr_line' id='line_1_109' title="bbox 1869 4952 3563 5024; baseline -0.005 -10"><span class='ocrx_word' id='word_1_719' title='bbox 1869 4959 2150 5024; x_wconf 86' lang='lat' dir='ltr'>vicerunt,</span> <span class='ocrx_word' id='word_1_720' title='bbox 2198 4958 2276 5011; x_wconf 83' lang='lat' dir='ltr'>ita</span> <span class='ocrx_word' id='word_1_721' title='bbox 2326 4972 2433 5009; x_wconf 91' lang='lat' dir='ltr'>nos</span> <span class='ocrx_word' id='word_1_722' title='bbox 2498 4971 2532 5008; x_wconf 87' lang='lat' dir='ltr'>a</span> <span class='ocrx_word' id='word_1_723' title='bbox 2580 4952 2887 5007; x_wconf 85' lang='lat' dir='ltr'>mundanis</span> <span class='ocrx_word' id='word_1_724' title='bbox 2937 4952 3226 5007; x_wconf 90' lang='lat' dir='ltr'>erroribus</span> <span class='ocrx_word' id='word_1_725' title='bbox 3272 4953 3563 5023; x_wconf 88' lang='lat' dir='ltr'>postulent</span> 
     </span>
    </p>
   </div>
   <div class='ocr_carea' id='block_1_110' title="bbox 1873 5043 2528 5119">
    <p class='ocr_par' dir='ltr' id='par_1_110' title="bbox 1873 5043 2528 5119">
     <span class='ocr_line' id='line_1_110' title="bbox 1873 5043 2528 5119; baseline -0.009 -17"><span class='ocrx_word' id='word_1_726' title='bbox 1873 5047 2150 5119; x_wconf 81' lang='lat' dir='ltr'>expediri.</span> <span class='ocrx_word' id='word_1_727' title='bbox 2188 5048 2293 5100; x_wconf 90' lang='lat' dir='ltr'>Per</span> <span class='ocrx_word' id='word_1_728' title='bbox 2323 5043 2528 5109; x_wconf 86' lang='lat' dir='ltr'>Christ.</span> 
     </span>
    </p>
   </div>
   <div class='ocr_carea' id='block_1_111' title="bbox 2170 5145 3270 5189">
    <p class='ocr_par' dir='ltr' id='par_1_111' title="bbox 2170 5145 3270 5189">
     <span class='ocr_line' id='line_1_111' title="bbox 2170 5145 3270 5189; baseline -0.004 0"><span class='ocrx_word' id='word_1_729' title='bbox 2170 5150 2235 5189; x_wconf 83' lang='lat' dir='ltr'><strong>IN</strong></span> <span class='ocrx_word' id='word_1_730' title='bbox 2273 5145 2765 5187; x_wconf 73' lang='lat' dir='ltr'>TRANSLATIONE</span> <span class='ocrx_word' id='word_1_731' title='bbox 2807 5145 2858 5185; x_wconf 86' lang='lat' dir='ltr'>S.</span> <span class='ocrx_word' id='word_1_732' title='bbox 2898 5145 3270 5186; x_wconf 73' lang='lat' dir='ltr'>BENEDICTI.</span> 
     </span>
    </p>
   </div>
   <div class='ocr_carea' id='block_1_112' title="bbox 1943 5216 3563 5289">
    <p class='ocr_par' dir='ltr' id='par_1_112' title="bbox 1943 5216 3563 5289">
     <span class='ocr_line' id='line_1_112' title="bbox 1943 5216 3563 5289; baseline -0.004 -12"><span class='ocrx_word' id='word_1_733' title='bbox 1943 5223 2172 5277; x_wconf 62' lang='lat' dir='ltr'>IEterne</span> <span class='ocrx_word' id='word_1_734' title='bbox 2206 5222 2374 5274; x_wconf 91' lang='lat' dir='ltr'>Deus.</span> <span class='ocrx_word' id='word_1_735' title='bbox 2412 5221 2475 5273; x_wconf 86' lang='lat' dir='ltr'>Et</span> <span class='ocrx_word' id='word_1_736' title='bbox 2504 5217 2744 5288; x_wconf 90' lang='lat' dir='ltr'>gloriam</span> <span class='ocrx_word' id='word_1_737' title='bbox 2798 5223 2956 5271; x_wconf 90' lang='lat' dir='ltr'>tuam</span> <span class='ocrx_word' id='word_1_738' title='bbox 3004 5218 3251 5289; x_wconf 88' lang='lat' dir='ltr'>profusis</span> <span class='ocrx_word' id='word_1_739' title='bbox 3293 5216 3563 5288; x_wconf 88' lang='lat' dir='ltr'>precibus</span> 
     </span>
    </p>
   </div>
   <div class='ocr_carea' id='block_1_113' title="bbox 1876 5305 3571 5377">
    <p class='ocr_par' dir='ltr' id='par_1_113' title="bbox 1876 5305 3571 5377">
     <span class='ocr_line' id='line_1_113' title="bbox 1876 5305 3571 5377; baseline -0.002 -14"><span class='ocrx_word' id='word_1_740' title='bbox 1876 5325 2129 5373; x_wconf 83' lang='lat' dir='ltr'>exorare,</span> <span class='ocrx_word' id='word_1_741' title='bbox 2164 5312 2227 5361; x_wconf 92' lang='lat' dir='ltr'>ut</span> <span class='ocrx_word' id='word_1_742' title='bbox 2254 5306 2352 5377; x_wconf 91' lang='lat' dir='ltr'>qui</span> <span class='ocrx_word' id='word_1_743' title='bbox 2378 5306 2534 5361; x_wconf 88' lang='lat' dir='ltr'>beati</span> <span class='ocrx_word' id='word_1_744' title='bbox 2578 5305 2869 5361; x_wconf 89' lang='lat' dir='ltr'>Benedicti</span> <span class='ocrx_word' id='word_1_745' title='bbox 2918 5306 3255 5360; x_wconf 85' lang='lat' dir='ltr'>confessoris</span> <span class='ocrx_word' id='word_1_746' title='bbox 3284 5306 3369 5359; x_wconf 90' lang='lat' dir='ltr'>tui</span> <span class='ocrx_word' id='word_1_747' title='bbox 3399 5321 3571 5359; x_wconf 85' lang='lat' dir='ltr'>vene-</span> 
     </span>
    </p>
   </div>
   <div class='ocr_carea' id='block_1_114' title="bbox 1878 5392 3570 5465">
    <p class='ocr_par' dir='ltr' id='par_1_114' title="bbox 1878 5392 3570 5465">
     <span class='ocr_line' id='line_1_114' title="bbox 1878 5392 3570 5465; baseline -0.003 -12"><span class='ocrx_word' id='word_1_748' title='bbox 1878 5413 2073 5453; x_wconf 88' lang='lat' dir='ltr'>ramur</span> <span class='ocrx_word' id='word_1_749' title='bbox 2102 5397 2263 5461; x_wconf 84' lang='lat' dir='ltr'>festa,</span> <span class='ocrx_word' id='word_1_750' title='bbox 2290 5401 2346 5448; x_wconf 89' lang='lat' dir='ltr'>te</span> <span class='ocrx_word' id='word_1_751' title='bbox 2377 5398 2651 5465; x_wconf 89' lang='lat' dir='ltr'>operante</span> <span class='ocrx_word' id='word_1_752' title='bbox 2692 5394 2815 5464; x_wconf 86' lang='lat' dir='ltr'>ejus</span> <span class='ocrx_word' id='word_1_753' title='bbox 2847 5394 3162 5449; x_wconf 88' lang='lat' dir='ltr'>sanctitatis</span> <span class='ocrx_word' id='word_1_754' title='bbox 3210 5392 3425 5448; x_wconf 91' lang='lat' dir='ltr'>imitari</span> <span class='ocrx_word' id='word_1_755' title='bbox 3475 5411 3570 5448; x_wconf 78' lang='lat' dir='ltr'>va-</span> 
     </span>
    </p>
   </div>
   <div class='ocr_carea' id='block_1_115' title="bbox 1879 5482 3571 5555">
    <p class='ocr_par' dir='ltr' id='par_1_115' title="bbox 1879 5482 3571 5555">
     <span class='ocr_line' id='line_1_115' title="bbox 1879 5482 3571 5555; baseline -0.003 -14"><span class='ocrx_word' id='word_1_756' title='bbox 1879 5489 2097 5542; x_wconf 86' lang='lat' dir='ltr'>leamus</span> <span class='ocrx_word' id='word_1_757' title='bbox 2118 5485 2399 5554; x_wconf 86' lang='lat' dir='ltr'>exempla,</span> <span class='ocrx_word' id='word_1_758' title='bbox 2432 5488 2485 5538; x_wconf 90' lang='lat' dir='ltr'>et</span> <span class='ocrx_word' id='word_1_759' title='bbox 2509 5482 2670 5552; x_wconf 89' lang='lat' dir='ltr'>cujus</span> <span class='ocrx_word' id='word_1_760' title='bbox 2700 5482 2921 5537; x_wconf 90' lang='lat' dir='ltr'>meritis</span> <span class='ocrx_word' id='word_1_761' title='bbox 2951 5499 3319 5555; x_wconf 89' lang='lat' dir='ltr'>nequaquam</span> <span class='ocrx_word' id='word_1_762' title='bbox 3368 5500 3571 5554; x_wconf 90' lang='lat' dir='ltr'>possu-</span> 
     </span>
    </p>
   </div>
   <div class='ocr_carea' id='block_1_116' title="bbox 1882 5569 3575 5643">
    <p class='ocr_par' dir='ltr' id='par_1_116' title="bbox 1882 5569 3575 5643">
     <span class='ocr_line' id='line_1_116' title="bbox 1882 5569 3575 5643; baseline -0.003 -15"><span class='ocrx_word' id='word_1_763' title='bbox 1882 5589 2009 5628; x_wconf 89' lang='lat' dir='ltr'>mus</span> <span class='ocrx_word' id='word_1_764' title='bbox 2040 5571 2323 5643; x_wconf 73' lang='lat' dir='ltr'>coaaquari</span> <span class='ocrx_word' id='word_1_765' title='bbox 2353 5571 2476 5643; x_wconf 87' lang='lat' dir='ltr'>ejus</span> <span class='ocrx_word' id='word_1_766' title='bbox 2507 5569 2771 5642; x_wconf 90' lang='lat' dir='ltr'>precibus</span> <span class='ocrx_word' id='word_1_767' title='bbox 2806 5572 3063 5643; x_wconf 87' lang='lat' dir='ltr'>adjuvari</span> <span class='ocrx_word' id='word_1_768' title='bbox 3091 5588 3435 5627; x_wconf 88' lang='lat' dir='ltr'>mereamur.</span> <span class='ocrx_word' id='word_1_769' title='bbox 3474 5574 3575 5625; x_wconf 87' lang='lat' dir='ltr'>Per</span> 
     </span>
    </p>
   </div>
   <div class='ocr_carea' id='block_1_117' title="bbox 1885 5663 2091 5717">
    <p class='ocr_par' dir='ltr' id='par_1_117' title="bbox 1885 5663 2091 5717">
     <span class='ocr_line' id='line_1_117' title="bbox 1885 5663 2091 5717; baseline -0.01 0"><span class='ocrx_word' id='word_1_770' title='bbox 1885 5663 2091 5717; x_wconf 89' lang='lat' dir='ltr'>Christ.</span> 
     </span>
    </p>
   </div>
  </div>
