3868 6228
345 373 440 426 911
1473 365 1811 420 GRIMALDI
1851 365 2358 421 SANGALLENSIS
2396 365 2692 420 ABBATIS
3741 369 3824 420 9F!

843 516 906 554 IN
941 515 1168 555 NA'I‘ALI
1201 515 1252 554 S.
1289 515 1532 554 JACOBI.

413 595 638 647 zEterne
689 592 853 644 Deus.
904 590 1048 652 Quia
1105 589 1239 642 licet
1296 589 1458 642 nobis
1514 589 1756 641 salutem
1811 604 2037 658 semper

344 681 612 744 operetur
667 675 846 730 divini
896 676 1203 730 celebratio
1266 675 1629 738 sacramenti,
1695 677 2035 745 propensius

341 767 532 816 tamen
589 765 932 818 confidimus
987 766 1150 818 nobis
1211 766 1532 834 profutura,
1591 766 1635 817 si
1693 766 1842 818 beati
1895 783 2034 834 apo-

343 853 468 904 stoli
539 855 620 906 tui
687 855 878 908 Jacobi
943 854 1442 907 intercessionibus
1510 855 1868 922 adjuvemur.
1931 855 2038 906 Per

342 942 549 996 Christ.

631 1044 692 1083 IN
733 1045 966 1084 NATALI
1008 1044 1094 1083 SS.
1131 1044 1334 1082 ABDON
1375 1043 1442 1082 ΕΤ
1479 1043 1742 1082 SENNES.

413 1138 638 1190 {literne
673 1137 836 1190 Deus.
884 1137 947 1189 Et
985 1141 1039 1188 te
1089 1135 1323 1188 laudare
1378 1135 1698 1188 mirabilem
1751 1136 1928 1188 Deum
1975 1136 2037 1188 in

343 1225 551 1277 sanctis
577 1224 687 1277 tuis
721 1239 865 1293 quos
900 1229 1028 1276 ante
1065 1222 1531 1275 constitutionem
1563 1221 1764 1276 mundi
1787 1223 1846 1275 in
1869 1229 2035 1276 zeter~

341 1328 476 1365 nam
507 1313 610 1365 tibi
642 1312 881 1381 gloriam
911 1310 1262 1381 praeparasti,
1294 1315 1355 1363 ut
1395 1327 1497 1380 per
1527 1327 1624 1362 eos
1659 1310 1790 1363 huic
1819 1311 2036 1364 munde

339 1400 590 1453 veritatis
623 1407 736 1452 tua)
768 1401 962 1452 lumen
1000 1400 1350 1456 ostenderes.
1385 1415 1530 1468 quos
1573 1399 1652 1451 ita
1692 1400 1895 1468 spiritu
1945 1415 2036 1452 ve-

339 1489 523 1541 ritatis
562 1487 815 1554 armasti,
863 1493 926 1540 ut
976 1487 1374 1540 fortitudinem
1421 1487 1625 1540 mortis
1655 1503 1758 1556 per
1792 1488 2036 1541 infirmi-

339 1581 510 1629 tatem
555 1577 739 1628 carnis
787 1575 1132 1628 evincerent.
1187 1576 1262 1628 De
1313 1591 1561 1645 quorum
1613 1575 1854 1645 collegio
1904 1579 2038 1628 sunt

343 1671 618 1733 martyres
653 1664 738 1716 tui
768 1665 970 1716 Abdon
1002 1670 1056 1716 et
1085 1664 1323 1728 Seunes,
1365 1665 1464 1733 qui
1511 1664 1568 1716 in
1615 1664 1878 1717 Ecclesiae
1921 1668 2036 1716 tua:

339 1759 498 1821 prato
529 1752 676 1804 sicut
718 1768 862 1804 rosa:
913 1757 964 1804 et
1013 1753 1132 1803 lilia
1161 1751 1500 1804 floruerunt.
1553 1752 1701 1814 Quos
1746 1753 2036 1822 Unigeniti

337 1840 422 1892 tui
449 1841 679 1908 sanguis
725 1839 782 1892 in
840 1842 1000 1908 prelo
1051 1840 1420 1893 confessionis
1463 1857 1626 1892 roseo
1677 1842 1864 1893 colore
1905 1857 2036 1910 pro-

339 1929 486 1982 fudit
542 1930 683 1994 lLeg.
763 1926 1059 1998 perfudit],
1121 1935 1176 1980 et
1230 1928 1300 1981 ob
1360 1929 1666 1998 praemium
1735 1929 2035 1998 passionis,

343 2017 508 2069 niveo
534 2017 784 2070 liliorum
817 2017 1118 2086 splendore
1149 2017 1390 2069 vestivit.
1427 2018 1530 2070 Per
1557 2033 1745 2086 quem.

681 2137 742 2176 IN
785 2137 1020 2176 NATALI
1059 2137 1145 2175 SS.
1182 2137 1696 2178 MACIIABJ'IOIIUM.

407 2229 636 2280 zEterne
693 2228 858 2281 Deus.
929 2227 1034 2290 Qui
1085 2227 1216 2280 licet
1269 2228 1328 2280 in
1390 2229 1650 2282 omnium
1701 2233 2036 2282 sanctorum

341 2319 574 2367 tuorum
610 2315 966 2384 protectione
1015 2315 1090 2368 sis
1117 2315 1416 2384 mirabilis,
1463 2317 1522 2368 in
1565 2317 1651 2369 his
1677 2322 1868 2370 tamen
1911 2334 2040 2387 spe-

339 2403 480 2454 ciale
533 2408 696 2456 tuum
755 2419 966 2455 munus
1009 2404 1396 2470 agnoscimus,
1431 2421 1576 2474 quos
1635 2405 1838 2458 fratres
1884 2411 2036 2459 sorte

343 2491 632 2554 nascendi,
666 2497 720 2542 et
769 2491 1074 2560 magnifica
1121 2492 1438 2560 praestitisti
1491 2494 1755 2562 passione
1805 2509 2032 2562 germa-

344 2595 478 2644 nos;
513 2584 572 2632 ut
603 2579 774 2633 simul
811 2585 964 2633 esset
1017 2585 1074 2632 et
1123 2581 1446 2634 veneranda
1489 2583 1672 2650 gloria
1701 2581 2034 2652 genitricis;

343 2672 398 2720 et
429 2667 832 2720 ﬂorentissima
867 2668 1054 2737 proles
1089 2669 1366 2722 Ecclesiae.
1403 2671 1466 2722 Et
1493 2669 1644 2723 ideo.

453 2789 514 2827 IN
565 2789 965 2828 INVENTIONE
1002 2790 1053 2828 S.
1089 2790 1412 2830 STEI'HANI
1457 2791 1526 2830 ΕΤ
1566 2791 1918 2832 SOCIOBUM.

415 2877 562 2946 (Με.)
613 2879 843 2932 Ᾰῦὶθῑιιιρ
883 2881 1045 2932 Deus.
1089 2865 1298 2932 Donari
1349 2881 1513 2934 nobis
1562 2881 1898 2950 suppliciter
1941 2895 2036 2934 ex-

345 2970 592 3030 orantes,
631 2971 689 3018 ut
719 2967 865 3020 sicut
894 2969 980 3020 SS.
1019 2968 1100 3020 tui
1131 2967 1474 3036 Stephanus,
1523 2969 1886 3032 Nicodemus,
1939 2969 2040 3022 Ga-

345 3053 530 3110 mahel
565 3057 622 3106 et
663 3053 908 3120 Abibon,
945 3056 1222 3109 mundum
1255 3056 1316 3108 in
1363 3061 1462 3110 tua
1507 3057 1713 3122 virtute
1763 3057 2036 3122 vicerunt,
2081 3064 2121 3118 ε
2222 3085 2448 3138 {meme
2497 3083 2664 3136 Deus.

346 3141 422 3194 ita
455 3158 556 3194 nos
602 3158 635 3194 a
703 3144 1008 3196 mundanis
1049 3144 1359 3208 erroribus,
1413 3146 1706 3214 postulent
1758 3144 2037 3214 expediri,

347 3234 410 3282 ut
439 3229 536 3298 qui
585 3245 781 3282 eorum
817 3231 1254 3284 sacratissimam
1303 3232 1692 3286 inventionem
1737 3238 1792 3286 et
1837 3233 2040 3286 merita

348 3333 706 3378 veneramur,
767 3319 1140 3372 beatitudinis
1191 3336 1516 3373 mereamur
1564 3337 1684 3374 esse
1725 3326 2036 3375 consortes.

763 3440 822 3478 IN
865 3440 1100 3478 NATALI
1139 3440 1190 3479 S.
1223 3439 1388 3480 SIXTI
1429 3441 1624 3480 MART.

421 3531 650 3583 {literne
688 3531 850 3584 Deus.
909 3531 974 3582 Et
1009 3531 1294 3600 prmcipue
1337 3531 1396 3584 in
1438 3531 1528 3586 die
1573 3531 1894 3586 festivitatis
1944 3534 2045 3610 ho;

349 3617 582 3684 diernae,
620 3635 734 3687 qua
763 3619 960 3671 beatus
1008 3619 1194 3672 Sixtus
1245 3619 1458 3688 pariter
1505 3621 1768 3674 sacerdos
1815 3625 1870 3674 et
1899 3637 2045 3674 mar-

351 3713 440 3776 tyr
468 3709 736 3760 devotum
773 3708 874 3761 tibi
908 3710 1246 3778 sanguinem
1298 3711 1649 3762 exsultanter
1679 3709 1896 3763 effudit.
1936 3710 2044 3772 Qui

353 3795 420 3848 ad
443 3795 702 3849 eamdem
727 3797 971 3865 gloriam
991 3798 1434 3867 promerendam
1460 3798 1728 3850 doctrina:
1753 3815 1868 3851 suae
1889 3797 2044 3851 filios

349 3881 634 3948 incitavit;
704 3889 759 3936 et
821 3900 964 3953 quos
1009 3886 1310 3939 erudiebat
1351 3885 1600 3952 hortatu,
1657 3886 2046 3956 przeveniebat

351 3973 631 4040 exemplo.
663 3972 768 4024 Per
799 3973 1001 4026 Christ.

765 4093 828 4129 IN
867 4093 1113 4132 VIGILIA
1154 4093 1204 4133 S.
1247 4095 1626 4135 LAURENTII.

426 4183 522 4246 (6.)
573 4184 801 4236 .‘Eterne
857 4184 1017 4235 Deus.
1093 4185 1156 4238 Et
1215 4185 1431 4238 devotis
1499 4187 1792 4240 mentibus
1856 4189 2042 4241 natale

353 4253 620 4321 martyris
663 4254 744 4303 tui
795 4253 1080 4306 Laurentii
1121 4257 1458 4324 praevenire,
1504 4259 1602 4326 qui
1655 4259 1825 4312 levita
1869 4260 2042 4312 simul

2070 501 2333 564 Acuere,
2397 503 2763 568 peccatorum
2830 502 3160 554 nostrorum
3217 498 3450 552 veniam
3513 499 3824 570 impetrare.

2147 591 2253 642 Per
2283 589 2492 642 Christ.

2565 692 2629 730 IN
2671 692 2904 730 NATALI
2947 692 2997 729 S.
3037 690 3418 730 IIII’POLYTI.

2216 786 2442 837 [literne
2475 783 2639 836 Deus.
2689 784 2752 836 Et
2781 788 2936 836 tuam
2971 782 3334 834 clementiam
3367 783 3517 834 votis
3565 781 3828 850 supplici-

2145 871 2248 924 bus
2280 872 2606 940 implorare,
2647 877 2707 923 ut
2739 871 2796 923 Β.
2835 871 3122 940 Hippolyti
3163 871 3564 940 sociorumque
3597 871 3726 936 ejus
3765 871 3830 919 in-

2145 961 2430 1026 tercessio,
2481 963 2842 1028 peccatorum
2905 961 3228 1010 nostrorum
3287 957 3546 1010 obtineat
3595 958 3826 1012 veniam.

2146 1049 2246 1119 qui
2311 1065 2411 1118 per
2473 1052 2759 1100 tormenta
2816 1047 3118 1116 passionis,
3143 1052 3422 1100 aeternam
3461 1047 3728 1116 pervenit
3763 1046 3818 1096 ad

2144 1137 2410 1208 gloriam.
2445 1137 2550 1190 Per
2577 1136 2786 1190 Christ.

2624 1257 2688 1296 IN
2723 1257 2954 1296 NATALI
2997 1257 3048 1296 S.
3087 1257 3368 1296 EUSIIBII.

2215 1349 2446 1403 x’Eterne
2487 1350 2644 1402 Deus.
2697 1349 2760 1402 Et
2811 1348 3176 1400 clementiam
3207 1352 3364 1400 tuam
3397 1346 3598 1416 pronis
3641 1347 3832 1399 menti-

2148 1438 2250 1490 bus
2281 1437 2613 1506 implorare,
2648 1441 2710 1489 ut
2739 1452 2839 1506 per
2885 1437 3038 1490 beati
3089 1436 3312 1489 Eusebii
3363 1435 3714 1489 confessoris
3755 1437 3828 1487 in-

2145 1525 2571 1590 tercessionem,
2607 1525 2960 1577 salutiferam
2995 1524 3054 1576 in
3087 1524 3296 1577 nostris
3327 1525 3620 1577 mentibus
3651 1524 3828 1577 firmes

2145 1613 2528 1676 devotionem,
2562 1613 2954 1682 concedasque
2985 1617 3044 1664 ut
3073 1613 3221 1664 sicut
3251 1619 3304 1664 te
3337 1613 3528 1664 solum
3555 1613 3824 1665 credimus

2145 1707 2459 1766 auctorem,
2524 1707 2580 1754 et
2641 1717 2984 1754 veneramur
3036 1702 3394 1766 salvatorem,
3469 1704 3550 1754 sic
3619 1701 3676 1754 in
3731 1717 3830 1770 per-

2077 1777 2117 1830 Β
2149 1795 2388 1860 petuum
2434 1791 2558 1858 ejus
2607 1790 2930 1844 interventu
2979 1789 3288 1842 habeamus
3333 1791 3682 1859 adjutorem.
3743 1793 3828 1842 Per

2150 1879 2353 1932 Christ.

2189 1999 2250 2038 IN
2291 1999 2542 2038 VIGILIA
2593 1997 3068 2038 ASSUMPTIONIS
3115 1999 3169 2038 B.
3211 1997 3434 2037 ΜΑῘΠᾸΞ
3485 1997 3796 2038 VIRGINIS.

2217 2091 2449 2146 rEterne
2478 2093 2639 2144 Deus.
2679 2091 2743 2144 Et
2771 2091 2830 2142 in
2862 2089 2950 2142 die
2997 2089 3315 2142 festivitatis
3363 2089 3686 2152 hodiernae,
3733 2105 3828 2158 qua

2149 2180 2328 2232 beatae
2397 2179 2583 2232 Mariae
2661 2179 2976 2231 solemnem
3039 2178 3462 2248 Assumptionis
3535 2179 3828 2232 recolentes

2149 2268 2320 2334 diem,
2358 2268 2547 2322 debita
2577 2267 2963 2338 praevenimus
2993 2266 3279 2320 servitute.
3316 2266 3492 2336 Cujus
3523 2267 3828 2320 veneranda

2147 2357 2468 2411 festitivitas
2501 2357 2662 2409 nobis
2690 2361 2848 2408 tanto
2869 2355 3118 2425 amplius
3143 2356 3266 2424 ejus
3293 2354 3702 2408 intercessione
3733 2355 3826 2406 erit

2147 2446 2463 2514 profutura,
2499 2445 2731 2514 quando
2767 2444 3043 2498 humilius
3071 2449 3262 2496 nostra
3311 2443 3486 2496 fuerit
3537 2443 3824 2496 devotione

2147 2534 2454 2588 celebrata.
2487 2535 2591 2587 Per
2618 2532 2825 2587 Christ.

2447 2655 2511 2694 IN
2563 2655 2664 2693 DIE
2699 2653 3171 2694 ASSUMPTIONIS
3205 2655 3258 2692 Β.
3299 2653 3534 2692 ΜᾹΒΙᾸΞ.

2217 2731 2445 2785 Ᾱὲῐρτηθ
2481 2729 2646 2781 Deus.
2683 2730 2751 2780 Et
2787 2733 2842 2781 te
2879 2728 2938 2780 in
2983 2727 3349 2780 veneratione
3397 2742 3686 2780 sacrarum
3725 2727 3826 2778 vir-

2148 2819 2348 2889 ginum
2397 2817 2810 2872 exsultantibus
2865 2818 3096 2882 animis,
3163 2823 3292 2878 etc.,
3355 2822 3416 2870 ut
3471 2833 3640 2886 supra
3703 2820 3826 2869 inter

2147 2907 2403 2961 Ambros.

2571 3009 2632 3047 ΙΝ
2675 3007 2920 3046 OCTAVA
2951 3007 3002 3047 S.
3043 3007 3422 3046 LAURENTII.

2717 3081 2874 3134 Beati
2923 3081 3214 3134 Laurentii
3261 3080 3519 3134 natalitia
3571 3085 3824 3151 repeten-

2153 3176 2253 3238 tes,
2287 3171 2376 3224 cui
2413 3171 2584 3224 fidem
2616 3171 3144 3240 confessionemque
3177 3170 3324 3238 ignis
3353 3169 3634 3239 passionis
3677 3169 3823 3236 inge-

2153 3265 2271 3312 stus
2303 3275 2418 3312 non
2445 3259 2698 3324 abstulit,
2733 3257 2831 3310 sed
2863 3273 2995 3310 eum
3047 3262 3110 3310 ut
3141 3257 3322 3326 magis
3363 3259 3599 3322 luceret,
3639 3272 3819 3308 accen-

2153 3349 2254 3402 dit.
2291 3347 2570 3410 Quoniam
2603 3346 2748 3399 sicut
2777 3362 2980 3398 aurum
3029 3345 3278 3398 flammis
3305 3361 3422 3398 non
3479 3345 3676 3408 uritur,
3727 3343 3810 3396 sed

2154 3436 2428 3506 probatur
2460 3451 2472 3488 :
2519 3435 2597 3487 sic
2647 3434 2847 3488 beatus
2890 3439 3106 3504 martyr
3139 3450 3254 3486 non
3294 3435 3672 3496 consumitur,
3703 3437 3814 3484 tor—

2155 3529 2482 3578 mentorum
2537 3523 2837 3590 incendiis,
2893 3522 2988 3575 sed
3037 3527 3267 3593 aptatur
3313 3523 3636 3576 coelestibus
3677 3535 3820 3572 orna-

2155 3613 2380 3667 mentis.
2409 3613 2512 3665 Per
2543 3611 2749 3666 Christ.

2467 3733 2530 3772 IN
2571 3733 2806 3772 NATALI
2843 3731 2892 3772 S.
2931 3732 3132 3770 MAGNI
3173 3731 3532 3771 HARTYRIS.

2223 3811 2454 3863 .‘Eterne
2485 3809 2654 3860 Deus.
2695 3805 2802 3869 Qui
2851 3807 3169 3859 humanum
3217 3823 3396 3876 genus
3443 3806 3512 3858 de
3565 3803 3818 3874 profundo

2155 3897 2353 3950 mortis
2385 3895 2672 3966 eripiens,
2703 3894 3090 3964 captivitatem
3136 3899 3416 3959 nostram,
3455 3893 3588 3946 Jesu
3637 3888 3820 3945 Christi

2157 3986 2282 4040 Filii
2308 3985 2393 4038 tui
2435 3984 2660 4038 Domini
2706 3983 2887 4035 nostri
2919 3982 3181 4052 passione
3229 3981 3463 4035 solvisti.
3517 3983 3621 4035 Per
3667 3993 3820 4050 quem

2153 4075 2231 4128 ita
2267 4073 2444 4126 virtus
2473 4071 2698 4142 antiqui
2731 4071 2906 4124 hostis
2935 4071 3070 4124 elisa
3109 4075 3216 4134 est,
3261 4076 3326 4122 nt
3357 4071 3479 4138 ejus
3531 4085 3694 4139 quem
3740 4083 3819 4118 su-

2154 4167 2474 4233 peraverat,
2503 4163 2674 4213 etiam
2707 4159 2938 4212 beatum
2987 4163 3300 4227 martyrem
3347 4163 3512 4210 tuum
3567 4170 3818 4225 magnum

2153 4253 2364 4306 faceret
2396 4265 2516 4302 esse
2547 4249 2842 4301 victorem.
2874 4247 3046 4316 Cujus
3077 4245 3438 4316 triumphum
3477 4245 3534 4298 in
3583 4246 3669 4298 die
3721 4259 3818 4312 quo

353 4346 686 4410 martyrque
731 4342 1090 4394 venerandus
1136 4349 1192 4396 et
1239 4346 1468 4413 proprio
1513 4346 1716 4399 claruit
1761 4348 2043 4416 gloriosus
2081 4361 2124 4415 ι)
2153 4339 2487 4409 sanguinem
2513 4352 2680 4390 suum
2711 4335 2878 4404 fudit,
2909 4337 3178 4400 colentes,
3214 4335 3274 4387 in
3327 4339 3426 4388 tua
3455 4333 3635 4403 gloria
3677 4331 3818 4385 eXSul

351 4429 561 4494 oflieio,
615 4433 672 4481 et
719 4429 1105 4482 memoranda:
1153 4431 1435 4500 passionis
1483 4435 1755 4504 martyrio
1809 4435 2039 4489 effulsit.

351 4519 456 4570 Per
488 4518 692 4571 Christ.

923 4603 984 4642 IN
1035 4604 1138 4643 DIIZ
1175 4603 1474 4645 EJUSDEM.

422 4693 536 4762 (G.)
569 4695 798 4748 {Elerne
833 4695 1000 4748 Deus.
1053 4697 1117 4748 Et
1167 4696 1452 4766 praecipue
1499 4697 1556 4749 in
1590 4699 1680 4750 die
1711 4699 2040 4753 solemnita-

347 4781 418 4834 tis
453 4781 766 4848 hodiernae,
805 4799 918 4852 qua
965 4783 1162 4837 beatus
1219 4787 1573 4852 I..aureutius,
1609 4787 1796 4840 hostia
1848 4795 2043 4841 saneta

347 4875 403 4922 et
433 4869 575 4934 viva,
607 4869 707 4922 tibi
739 4871 966 4940 placens
996 4877 1081 4925 est
1128 4873 1374 4926 oblatus.
1427 4875 1534 4936 Qui
1583 4874 1718 4944 igne
1766 4891 2036 4930 accensus

347 4957 430 5011 tui
461 4959 668 5012 amoris
707 4963 1035 5013 constanter
1082 4961 1274 5030 ignem
1323 4963 1592 5016 sustinuit
1631 4965 1932 5032 passionis.
1979 4967 2042 5020 Et

347 5061 450 5114 per
497 5046 916 5100 immanitatem
977 5053 1418 5116 tormentorum,
1471 5051 1543 5104 ad
1587 5051 1917 5106 societatem
1962 5055 2040 5108 ci-

345 5135 501 5188 vium
533 5151 912 5204 supernorum
945 5138 1217 5206 pervenit.
1243 5139 1348 5190 Per
1379 5139 1586 5192 Christ.

793 5257 854 5296 IN
897 5257 1130 5297 NATALI
1170 5259 1221 5298 S.
1267 5260 1588 5300 TIBUR'I‘II.

417 5327 543 5395 (6.).
573 5328 806 5382 J‘Eterne
835 5331 1002 5383 Deus.
1056 5331 1198 5394 Quia
1227 5331 1366 5385 dum
1415 5333 1566 5386 beati
1613 5334 1855 5388 Tiburtii
1887 5351 2035 5388 mar-

347 5413 486 5480 tyris
513 5415 718 5467 merita
748 5417 997 5485 gloriosa
1027 5435 1388 5486 veneramur,
1422 5422 1699 5474 auxilium
1733 5423 1901 5476 nobis
1927 5429 2040 5478 tuae

345 5500 770 5568 propitiationis
827 5505 1020 5558 adfore
1071 5506 1472 5576 deprecamur:
1533 5511 1808 5579 quoniam
1853 5513 2038 5566 credi-

346 5601 472 5640 mus
523 5603 625 5640 nos
679 5603 782 5656 per
828 5607 1032 5646 eorum
1075 5594 1565 5662 intercessionem,
1619 5599 1718 5668 qui
1767 5599 1870 5652 tibi
1915 5601 2040 5668 pla-

2155 4433 2362 4482 tamus.
2395 4427 2503 4478 Per
2533 4439 2723 4495 quem.

2406 4545 2470 4584 IN
2513 4544 2748 4584 NATALI
2785 4543 2836 4583 S.
2874 4543 3182 4582 ΤΙΜΟΤΗΕΙ
3239 4542 3592 4582 MARTYRIS.

2224 4624 2307 4686 (ϐ.
2343 4621 2470 4688 Ms.)
2503 4619 2727 4672 zEterne
2771 4616 2940 4668 Dens.
2969 4615 3094 4668 Tibi
3123 4613 3278 4666 enim
3333 4613 3472 4666 festa
3513 4611 3824 4666 solemnitas

2153 4709 2362 4778 agitur,
2427 4703 2530 4758 tibi
2587 4703 2708 4756 dies
2777 4706 2998 4754 sacrata
3059 4701 3411 4764 celebratur;
3461 4715 3632 4770 quam
3687 4699 3820 4752 beati

2151 4792 2438 4850 Timothei
2487 4790 2752 4860 martyris
2805 4789 2888 4843 tui
2937 4789 3170 4858 sanguis
3209 4788 3268 4841 in
3318 4787 3570 4842 veritatis
3609 4794 3716 4842 ture
3759 4791 3822 4838 te-

2153 4881 2496 4936 stificatione
2529 4882 2820 4949 profusus,
2853 4878 3157 4948 magnifico
3197 4877 3456 4931 nominia
3499 4877 3582 4931 tui
3631 4875 3820 4930 honori

2153 4970 2414 5042 signavit.

2521 5071 2583 5110 IN
2625 5070 2860 5110 NATALI
2901 5070 2953 5110 S.
2987 5069 3490 5108 BARTIIOLOMJEI.

2224 5145 2572 5214 (G)1Eterne
2605 5145 2772 5197 Deus.
2809 5144 2916 5207 Qui
2948 5141 3248 5196 Ecclesium
3281 5145 3442 5194 tuam
3493 5139 3814 5211 sempiterna

2151 5233 2360 5302 pietate
2393 5249 2508 5285 non
2550 5231 2786 5300 deseris,
2830 5231 2924 5284 sed
2979 5246 3083 5300 per
3129 5231 3422 5298 apostolot
3469 5233 3594 5282 tuos
3635 5227 3814 5298 jnjiter

2151 5321 2364 5386 erudis,
2395 5327 2449 5374 et
2482 5321 2600 5372 sine
2627 5321 2740 5372 fine
2771 5320 3046 5374 custodis.
3090 5320 3194 5372 Per
3226 5317 3538 5372 Christum.

2413 5441 2474 5480 IN
2513 5441 2749 5480 NA'I'ALI
2787 5441 2837 5478 S.
2877 5439 3228 5478 AUGUSTINI
3269 5439 3584 5478 EPISCOPI.

2219 5514 2446 5566 fEterne
2495 5515 2662 5566 Deus.
2725 5513 2832 5575 Qui
2899 5513 3130 5566 beatum
3195 5513 3580 5581 Augustinum
3621 5507 3812 5562 confes-

2150 5615 2336 5654 sorem
2403 5605 2566 5654 tuum
2631 5605 2686 5654 et
2731 5601 2982 5654 scientize
3047 5600 3412 5654 documentis
3473 5598 3712 5670 replesti,
3769 5597 3812 5646 et
