3868 6228
320 307 425 362 915

320 530 385 580 ut
406 527 553 579 hanc
582 532 813 597 possent
862 527 1119 581 obtinere
1149 526 1443 580 victoriam
1480 544 1491 581 :
1524 528 1600 579 ita
1655 543 1755 580 nos
1814 543 2014 580 eorum

325 615 595 685 exemplis
627 616 1030 682 informemur,
1078 620 1142 669 ut
1190 617 1257 669 ad
1305 616 1646 668 celebranda
1712 615 2017 685 praesentia

322 702 465 757 festa
496 704 687 757 idonei
732 704 1119 769 inveniamur,
1162 710 1218 757 et
1264 706 1332 758 ad
1376 710 1591 757 aeterna
1622 704 2013 773 percipienda,

323 806 520 844 eorum
550 791 898 859 interventu,
928 793 1089 863 digni
1113 793 1459 863 judicemur.
1499 794 1605 845 Per
1637 793 1943 845 Christum.

435 908 499 947 IN
544 908 647 947 DIE
684 908 773 948 SS.
809 909 1271 949 APOSTOLORUM
1306 908 1573 947 SIMONIS
1606 908 1673 945 ET
1709 908 1905 946 JUDB.

397 980 509 1049 (A.)
536 984 764 1035 £terne
800 984 964 1035 Deus.
997 983 1071 1036 Te
1098 982 1159 1035 in
1198 986 1428 1034 tuorum
1461 981 1855 1050 apostolorum
1888 981 2019 1050 glo-

326 1067 617 1123 riﬁcantes
644 1071 884 1138 honora,
918 1079 1048 1139 etc.,
1080 1076 1140 1125 ut
1168 1087 1338 1139 supra
1369 1074 1511 1124 inter
1554 1071 1802 1127 Ambros.

577 1176 623 1245 [α
662 1192 721 1231 IN
765 1192 1012 1231 VIGILIA
1049 1192 1309 1231 oumuu
1369 1191 1775 1232 sucronem.

400 1265 628 1318 zEterne
666 1266 829 1319 Deus.
874 1264 1226 1319 Reverentia).
1267 1270 1381 1318 tua;
1411 1264 1596 1318 dicato
1639 1264 1864 1335 jejunio
1897 1280 2021 1335 gra-

327 1351 619 1405 tulantes:
673 1353 807 1423 quia
854 1353 1179 1406 veneranda
1227 1353 1484 1406 omnium
1546 1358 1873 1407 sanctorum
1925 1370 2016 1405 so-

328 1440 542 1494 lemnia
575 1441 911 1495 desideratis
936 1442 1322 1511 praavenimus
1355 1441 1578 1511 ofﬁciis,
1619 1448 1680 1495 ut
1712 1443 1781 1496 ad
1820 1442 2020 1495 eadem

330 1529 670 1583 celebranda
703 1531 1035 1584 solemniter
1063 1547 1475 1600 praeparemur.
1512 1532 1617 1584 Per
1645 1530 1948 1585 Christum.

706 1652 769 1691 IN
814 1652 918 1691 DIE
953 1652 1213 1691 OMNIUM
1247 1652 1655 1692 SANCTORUM.

398 1725 622 1777 zEterne
658 1726 825 1778 Deus.
862 1726 1238 1779 Clementiam
1271 1731 1427 1779 tuam
1477 1724 1810 1796 suppliciter
1854 1724 2018 1778 obse-
2059 1732 2100 1786 Β

330 1818 579 1880 crantes,
616 1819 679 1866 ut
705 1830 835 1867 eum
868 1814 1283 1868 exsultantibus
1313 1814 1519 1867 sanctis
1547 1814 1657 1867 tuis
1679 1815 1739 1867 in
1778 1815 2021 1867 caelestis

332 1900 499 1969 regni
531 1900 813 1954 cubilibus
856 1902 1061 1971 gaudia
1117 1907 1312 1955 nostra
1364 1903 1683 1972 conjungas
1716 1920 1726 1955 :
1764 1906 1819 1955 et
1878 1918 2022 1972 quos

330 1988 558 2042 virtutis
599 1990 917 2043 imitatione
981 2007 1097 2043 non
1126 2007 1429 2060 possumus
1460 1991 1642 2061 sequi,
1696 1990 1897 2043 debitae
1929 2007 2021 2043 ve-

336 2078 654 2131 nerationis
684 2079 1081 2148 contingamus
1112 2080 1335 2133 effectu.
1382 2082 1488 2133 Per
1508 2079 1846 2149 Christum]

566 2200 628 2239 IN
665 2202 900 2240 NATALI
948 2201 1243 2249 QUATUOR
1290 2201 1791 2241 CORONA’I‘ORUM.

403 2272 514 2344 (Ο.)
545 2276 772 2328 ίΕιεΓιιθ
806 2276 969 2329 Deus.
1006 2276 1368 2330 Celebrantes
1399 2280 1724 2329 sanctorum
1756 2273 2027 2343 ,natalitia

336 2362 773 2430 Coronatorum,
810 2364 946 2434 quia
976 2365 1114 2418 dum
1142 2365 1224 2418 tui
1260 2364 1508 2418 nominis
1540 2381 1640 2434 per
1660 2381 1757 2417 eos
1785 2364 2025 2433 gloriam

332 2450 786 2520 frequentamus,
827 2452 888 2505 in
919 2458 1124 2506 nostrae
1165 2452 1299 2507 ﬁdei
1356 2459 1666 2523 augmento
1727 2451 2027 2505 succresci-

336 2555 485 2593 mus.
520 2541 626 2593 Per
655 2540 962 2595 Christum.

805 2662 867 2701 IN
898 2662 1132 2702 NATALI
1173 2663 1222 2702 S.
1264 2663 1563 2702 MARTINI.

406 2752 634 2805 Aﬂterne
678 2752 841 2805 Deus.
894 2753 1068 2822 Cujus
1102 2768 1340 2806 munere
1405 2754 1462 2805 Β.
1500 2753 1775 2807 Martinus
1806 2753 2028 2806 confes-

336 2855 429 2894 sor
487 2838 700 2909 pariter
743 2840 1025 2908 sacerdos,
1086 2844 1141 2893 et
1199 2841 1487 2894 bonorum
1547 2858 1787 2911 operum
1846 2843 2032 2895 incre-

337 2926 545 2979 mentis
576 2928 839 2993 excrevit,
884 2934 939 2982 et
984 2928 1156 2981 variis
1204 2930 1481 2983 virtutum
1528 2930 1690 2984 bonis
1750 2933 2029 2987 exubera-

338 3015 437 3077 vit,
472 3020 528 3067 et
557 3016 872 3068 coruscavit
902 3015 1213 3069 miraculis.
1243 3017 1349 3081 Qui
1383 3019 1535 3087 quod
1570 3020 1754 3073 verbis
1780 3021 2028 3090 edocuit,
2072 3027 2111 3081 C

339 3118 584 3172 operum
620 3103 974 3158 exhibitione
1023 3106 1351 3175 complevit,
1386 3111 1442 3159 et
1472 3107 1812 3161 documento
1864 3110 2034 3165 simul

341 3197 398 3244 et
431 3192 694 3260 exemplo
717 3192 958 3245 subditis
989 3193 1061 3247 ad
1087 3194 1336 3247 caelestia
1365 3210 1542 3264 regna
1585 3196 1854 3250 ducatum
1888 3214 2036 3267 pra:-

340 3279 483 3333 buit.
530 3280 688 3334 Unde
719 3284 877 3333 tuam
925 3282 1288 3335 clementiam
1339 3282 1613 3352 petimus,
1670 3289 1734 3338 ut
1785 3286 1907 3353 ejus
1937 3288 2037 3358 qui

340 3368 445 3422 tibi
472 3368 705 3437 placuit,
742 3370 1015 3440 exemplis
1042 3372 1108 3424 ad
1142 3371 1286 3424 bene
1317 3372 1605 3441 agendum
1632 3374 2034 3443 informemur,

342 3456 561 3510 meritis
592 3458 942 3525 muniamur,
973 3459 1478 3514 intercessionibus
1505 3462 1859 3531 adjuvemur,
1897 3481 2034 3535 qua-

341 3546 472 3600 liter
492 3547 562 3600 ad
595 3547 820 3600 caeleste
852 3563 1114 3617 regnum.
1151 3548 1249 3601 illo
1294 3548 1732 3617 interveniente,
1766 3557 1821 3605 te
1852 3554 2036 3623 opitu-

341 3634 519 3702 lante,
554 3635 855 3705 pervenire
889 3652 1233 3693 mereamur.
1270 3638 1377 3690 Per
1406 3637 1714 3693 Christum.

676 3757 740 3796 IN
782 3758 1018 3797 NATALI
1066 3759 1323 3798 ΞΑΝΟΤᾸΞ
1371 3760 1680 3800 CECILIﬁ.

418 3850 643 3903 Eterne
693 3849 860 3902 Deus.
894 3848 1002 3913 Qui
1032 3849 1092 3903 in
1121 3850 1457 3905 inﬁrmitate
1488 3851 1762 3907 virtutem
1791 3853 2036 3923 perﬁcis,

347 3940 402 3990 et
432 3937 671 3991 humani
689 3937 917 4007 generis
947 3937 1243 3992 inimicum
1272 3955 1390 3992 non
1422 3940 1606 3993 solum
1641 3956 1744 4010 per
1769 3941 1923 3995 viros
1943 3943 2037 3996 sed

344 4025 518 4079 etiam
550 4042 655 4095 per
682 4025 927 4079 feminas
957 4025 1159 4079 vincis.
1194 4027 1366 4097 Cujus
1396 4043 1635 4081 munere
1670 4029 1835 4082 beata
1867 4030 2035 4083 Caeci-

343 4114 421 4169 lia
438 4119 492 4167 et
523 4114 581 4166 in
612 4112 959 4182 virginitatis
988 4114 1306 4182 proposito,
1342 4120 1398 4168 et
1422 4115 1484 4168 in
1514 4116 1871 4171 confessione
1904 4118 2039 4171 ﬁdei

344 4202 669 4266 roboratur,
698 4204 759 4253 ut
785 4216 888 4253 nec
926 4201 1111 4254 astatis
1141 4202 1360 4256 lubrico
1388 4203 1459 4257 ab
1490 4203 1811 4259 intentione
1854 4211 2039 4259 mute-

344 4291 460 4353 tur,
492 4303 598 4341 nec
625 4287 1035 4341 blandimentis
1088 4290 1412 4343 carnalibus
1472 4292 1884 4359 demulceatur,
1933 4310 2038 4348 nec

346 4392 511 4430 sexus
542 4376 854 4445 fragilitate
900 4377 1274 4443 deterreatur,
1307 4395 1411 4433 nec
1460 4384 1879 4435 tormentorum
1920 4384 2039 4436 vin-

344 4470 505 4520 catur
533 4465 912 4533 immanitate,
964 4466 1061 4519 sed
1093 4467 1368 4520 servando
1423 4470 1677 4538 corporis
1730 4486 1792 4523 ac
1830 4472 2039 4525 mentis

346 4554 736 4625 integritatem
786 4569 914 4607 cum
980 4554 1331 4625 virginitatis
1397 4560 1450 4609 et
1510 4559 1771 4628 martyrii
1826 4562 2037 4629 palma,

346 4649 619 4699 aeternam
652 4642 1568 4713 meruitadipiscibeatitudinem.
1600 4649 1705 4700 Per
1725 4648 2035 4704 Christum.

752 4766 816 4806 IN
868 4766 1103 4806 NATALI
1151 4767 1201 4805 S.
1247 4768 1633 4809 CLEMENTIS.

412 4859 646 4914 IEterne
706 4858 873 4911 Deus.
909 4858 977 4910 Et
1024 4858 1084 4911 in
1133 4857 1238 4911 hac
1268 4860 1573 4929 gloriosius
1636 4860 1727 4915 die
1758 4878 1931 4932 quam
1979 4865 2036 4917 Β.

343 4947 647 5002 Clementis
684 4945 873 5017 passio
929 4948 1301 5013 consecravit,
1349 4955 1405 5002 et
1456 4949 1622 5003 nobis
1655 4952 2040 5005 venerabilem

342 5034 601 5090 exhibuit
633 5050 647 5087 :
681 5034 777 5106 qui
810 5036 1124 5106 apostolica
1174 5037 1580 5106 praedicatione
1630 5038 1903 5106 imbutus,
1948 5040 2042 5093 do-

341 5125 535 5179 ctrinis
592 5124 914 5179 coelestibus
958 5126 1251 5194 educatus,
1314 5127 1693 5182 successionis
1760 5128 2039 5197 dignitate

342 5214 707 5285 conspicuus,
792 5218 849 5268 et
890 5218 1109 5285 martyr
1193 5214 1457 5286 insignis,
1531 5222 1588 5271 et
1644 5217 1903 5272 sacerdos
1958 5232 2041 5271 re-

338 5300 497 5355 fulsit
527 5317 556 5353 e
573 5299 828 5371 gregius.

414 5483 439 5509 ι
468 5474 770 5555 Recentior
812 5479 896 5555 est
939 5478 1125 5555 etiam
1164 5479 1285 5534 haec
1341 5486 1399 5535 et
1451 5498 1696 5553 sequens
1752 5484 2036 5555 praefatio,

346 5549 402 5600 et
438 5547 723 5616 quotquot
746 5547 905 5601 uncis
935 5547 1171 5603 inclusaa
1202 5556 1353 5605 sunt.

1458 307 1798 362 GRIMALDI
1838 305 2358 364 SANGALLENSIS
2394 310 2686 365 ABBATIS
3711 319 3793 369 9l6

323 438 481 492 Unde
512 438 656 491 sicut
685 437 770 491 illi
815 438 1133 509 jejunando
1182 438 1592 509 operandoque
1627 441 2006 505 certaverunt,
2048 441 2094 491 A

2332 455 2396 494 IN
2447 456 2641 495 NATAI
2687 456 2738 496 S.
2803 456 3212 497 CHRYSOGONI
3262 456 3626 497 MABTYRIS.

2198 526 2309 598 (6.)
2361 531 2586 583 {Eterne
2642 532 2808 584 Deus.
2868 531 2976 595 Qui
3031 547 3148 584 non
3202 531 3443 584 assiduis
3503 536 3799 602 martyrum

2128 617 2486 686 passionibus
2534 620 2869 687 consolaris,
2905 624 2961 673 et
2991 635 3191 673 eorum
3224 620 3567 689 sanguinem
3628 622 3803 675 trium-

2128 705 2376 773 phalem,
2411 722 2581 776 quem
2617 723 2719 776 pro
2768 707 3122 761 confessione
3167 708 3419 761 nominis
3442 708 3526 761 tui
3566 708 3805 763 inﬁdeli-

2126 791 2233 845 bus
2266 794 2564 863 praebuere
2592 796 2981 865 funds-mlum,
3014 796 3086 849 ad
3112 801 3347 850 tuorum
3378 796 3514 850 facis
3544 797 3807 850 auxilium

2131 880 2369 934 transire
2401 882 2681 936 ﬁdelium.

2417 985 2479 1024 IN
2532 986 2768 1025 NA'I'ALI
2815 986 3070 1027 SANCTAS
3118 987 3535 1027 CATHARINE.

2202 1056 2350 1127 (M8,)
2404 1060 2430 1101 b
2482 1060 2589 1112 Per
2641 1058 2932 1114 Christum
2995 1061 3304 1115 Dominum
3357 1066 3644 1114 nostrum.
3722 1062 3809 1115 Per

2130 1161 2303 1215 quem
2358 1146 2767 1217 triumphatrix
2820 1148 3174 1201 nobilissima
3233 1153 3295 1200 et
3344 1148 3577 1218 egregia
3612 1154 3810 1217 martyr

2128 1232 2291 1299 virgo
2320 1234 2646 1300 Catharina,
2678 1236 3091 1306 prophetarum
3127 1242 3183 1290 et
3215 1242 3614 1306 apostolorum
3656 1242 3809 1307 atque

2130 1322 2610 1392 philosophorum
2672 1324 2946 1378 doctrinis
3006 1325 3247 1391 imbuta,
3308 1324 3579 1378 omnibus
3610 1324 3809 1392 linguis

2130 1410 2470 1465 charismate
2558 1412 2738 1465 sancti
2795 1412 3036 1484 Spiritus
3091 1414 3333 1480 erudita,
3415 1414 3810 1482 imperatorem

2132 1514 2259 1551 cum
2310 1499 2655 1565 rhetoribus,
2711 1501 2993 1554 mundum
3023 1518 3152 1555 cum
3177 1502 3329 1554 vitiis
3360 1501 3635 1554 omnibus
3664 1500 3811 1551 mira-

2130 1587 2232 1640 bili
2286 1588 2565 1658 sapientia
2624 1590 2947 1658 superavit;
3022 1590 3449 1658 imperatricem
3515 1592 3810 1657 Augustam

2132 1692 2263 1729 cum
2328 1677 2579 1746 praefatis
2634 1677 2980 1743 rhetoribus,
3040 1677 3427 1747 Porphyrium
3471 1693 3607 1730 cum
3666 1676 3812 1728 sociis

2133 1764 2420 1831 omnibus,
2471 1765 2589 1818 suis
2646 1766 2924 1835 exemplis
2954 1772 3011 1819 et
3040 1766 3311 1819 doctrinis
3344 1764 3671 1835 magniﬁcis
3700 1780 3814 1816 con-

2132 1854 2301 1907 vertit
2355 1855 2424 1907 ad
2484 1854 2789 1923 Christum,
2851 1870 3196 1924 omnesque,
3260 1859 3490 1923 accepta
3536 1854 3651 1906 ﬁde
3699 1868 3810 1904 cum

2133 1941 2320 2011 signo,
2352 1942 2559 1996 Christi
2595 1942 2867 2011 martyrio
2891 1948 3192 1995 coronatos
3222 1942 3503 2011 prasmisit
3556 1941 3624 1993 ad
3652 1956 3814 2009 regna

2132 2030 2417 2099 polorum.
2456 2030 2587 2083 Haec
2621 2030 2730 2084 fuit
2761 2031 2859 2083 illa
2879 2030 3160 2100 sapientia
3190 2031 3493 2093 illustrata,
3530 2044 3663 2098 qua:
3695 2028 3810 2079 vicit

2135 2118 2442 2185 malitiam;
2478 2119 2708 2187 attingit
2739 2136 2771 2171 a
2804 2120 2917 2172 ﬁne
2954 2136 3131 2189 usque
3165 2120 3237 2173 ad
3267 2120 3446 2172 ﬁnem
3494 2117 3739 2180 fortiter,
3768 2120 3815 2167 et

2134 2207 2388 2276 disponit
2417 2208 2610 2260 omnia
2652 2208 2920 2260 suaviter.
2972 2208 3100 2260 Haac
3154 2212 3237 2259 est
3268 2208 3365 2260 illa
3396 2204 3809 2277 gloriosissima,

2136 2312 2264 2365 quas
2295 2312 2424 2348 cum
2456 2296 2707 2348 centenis
2736 2296 3015 2349 fructibus
3039 2295 3284 2365 seipsam
3303 2294 3564 2359 libando,
3590 2309 3810 2362 magno-

2136 2397 2247 2449 que
2288 2387 2607 2450 purpurata
2635 2382 2908 2451 martyrio
2940 2382 3373 2451 reprmsentavit
3410 2382 3542 2434 Jesu
3585 2379 3811 2434 Christo.

2136 2470 2384 2539 Ideoque
2414 2470 2627 2523 famine
2660 2469 2865 2524 Christi
2897 2474 2951 2523 et
2980 2471 3319 2539 angelorum
3352 2469 3676 2521 visitatione
3704 2482 3815 2519 cou-

2137 2559 2383 2623 ﬁrmata,
2433 2558 2639 2624 clavos,
2686 2563 2744 2610 et
2791 2563 2942 2611 rotas
3003 2558 3381 2623 acutissimas,
3446 2556 3679 2627 tyranni
3711 2556 3815 2625 gla-

2140 2646 2301 2700 dium
2373 2651 2547 2717 atque
2601 2646 2787 2699 minas
2847 2646 3097 2699 mirabili
3141 2646 3468 2699 constantia
3521 2642 3812 2714 superavit.

2145 2738 2272 2789 Haec
2303 2735 2477 2789 etiam
2534 2735 2811 2788 decollata
2852 2751 2955 2804 pro
3019 2734 3227 2788 Christi
3273 2734 3507 2788 nomine
3550 2734 3639 2787 lac
3687 2730 3815 2785 fudit

2139 2840 2243 2894 pro
2280 2823 2580 2893 sanguine,
2622 2828 2688 2875 ut
2739 2839 2840 2875 sua
2888 2821 3147 2875 doctrina
3179 2827 3235 2875 et
3263 2822 3453 2891 passio
3502 2821 3669 2873 nobis
3701 2834 3810 2872 eam

2139 2927 2284 2981 pura
2314 2916 2504 2964 mente
2537 2910 2961 2977 venerantibus,
2990 2915 3135 2963 esset
3184 2915 3351 2979 potus
3401 2908 3735 2979 Spiritualis,
3763 2922 3813 2958 ac

2140 3001 2317 3060 cibus,
2347 3008 2515 3070 atque
2536 3006 2895 3070 peccatorum
2926 2999 3206 3053 remissio.

2598 3102 2662 3142 IN
2692 3102 2943 3141 VIGILIA
2988 3102 3038 3141 S.
3086 3101 3385 3140 ANDREE.

2212 3179 2440 3231 Eterne
2476 3178 2640 3230 Deus.
2676 3177 2740 3229 Et
2774 3176 3130 3243 majestatem
3155 3180 3314 3228 tuam
3349 3173 3682 3244 suppliciter
3734 3187 3811 3225 ex-

2144 3281 2325 3331 orare,
2373 3270 2437 3319 ut
2468 3265 2567 3333 qui
2595 3266 2652 3318 Β.
2693 3264 2934 3318 Andreas
2958 3264 3200 3333 apostoli
3230 3264 3441 3317 festum
3474 3261 3809 3316 solemnibus

2140 3354 2377 3425 jejuniis
2418 3359 2475 3406 et
2528 3354 2748 3406 devotis
2778 3353 3161 3423 praevenimus
3207 3352 3431 3419 ofﬁciis,
3465 3352 3625 3405 illius
3679 3348 3810 3418 apud

2145 3442 2502 3511 majestatem
2562 3444 2720 3493 tuam
2772 3445 2829 3493 et
2860 3439 3198 3509 adjuvemur
3231 3439 3467 3507 meritis,
3502 3444 3558 3493 et
3587 3438 3811 3492 instrua-

2143 3545 2273 3583 mur
2303 3527 2601 3598 exemplis.
2630 3530 2735 3581 Per
2765 3528 3082 3582 Christum.

2755 3621 2818 3673 In
2848 3618 2934 3672 die
2962 3617 3221 3687 ejusdem.

2216 3708 2337 3777 (Α.)
2370 3708 2595 3761 Aiterne
2626 3709 2792 3761 Deus.
2826 3706 3107 3771 Quoniam
3162 3705 3320 3759 adest
3352 3704 3518 3759 nobis
3546 3704 3667 3759 dies
3704 3718 3810 3756 ma-

2146 3796 2343 3867 gniﬁci
2374 3796 2581 3863 votiva,
2614 3800 2744 3864 etc.,
2774 3802 2835 3850 ut
2865 3812 3035 3865 supra
3058 3798 3198 3850 inter
3219 3794 3415 3848 Ambr.

2538 3900 2601 3939 IN
2644 3900 2880 3939 NA'I‘ALI
2927 3899 3183 3939 SANCTE
3234 3897 3463 3938 LUCI/E.

2218 3972 2364 4044 (Με.)
2403 3974 2629 4027 Ᾱέῐθιιηθ
2682 3974 2845 4027 Deus.
2907 3975 3014 4026 Per
3054 3972 3342 4027 Christum
3392 3970 3699 4026 Dominum
3726 3984 3813 4021 no-

2147 4067 2349 4117 strum.
2382 4063 2563 4126 Quem
2608 4063 2775 4116 beata
2798 4062 2960 4132 virgo
3014 4061 3345 4132 pariterque
3386 4066 3604 4130 martyr
3647 4058 3813 4122 Lucia,

2146 4158 2201 4206 et
2224 4151 2516 4222 diligendo
2547 4151 2759 4215 timuit,
2789 4157 2846 4205 et
2884 4150 3139 4204 timendo
3172 4150 3401 4217 dilexit;
3438 4150 3641 4219 illique
3696 4162 3817 4200 con-

2141 4240 2341 4310 juncta
2366 4245 2451 4293 est
2497 4240 2819 4307 moriendo,
2857 4239 2948 4292 cui
2989 4255 3045 4293 se
3076 4243 3507 4292 consecraverat
3561 4242 3708 4290 caste
3748 4235 3817 4285 vi-

2078 4323 2121 4376 D
2149 4329 2348 4382 vendo.
2388 4331 2452 4383 Et
2480 4344 2584 4398 pro
2618 4344 2685 4382 eo
2732 4330 3103 4399 temporalem
3147 4327 3369 4381 studuit
3406 4327 3689 4379 sustinere
3718 4339 3818 4393 pce-

2147 4433 2282 4471 nam
2309 4422 2371 4471 ut
2397 4418 2466 4470 ab
2495 4433 2561 4470 eo
2588 4416 2909 4487 perciperet
2938 4416 3180 4486 gloriam
3216 4415 3630 4485 sempiternam
3661 4431 3673 4468 :
3710 4428 3816 4483 quae

2149 4504 2284 4559 dum
2315 4505 2601 4575 duplicem
2630 4505 2748 4557 vult
2797 4521 3021 4557 sumere
3055 4504 3306 4574 palmam
3350 4504 3409 4556 in
3468 4504 3615 4556 sacri
3654 4506 3819 4554 certa-

2148 4594 2320 4648 minis
2347 4610 2552 4664 agone,
2585 4598 2641 4647 et
2692 4594 2759 4646 de
2793 4593 3127 4663 corporibus
3171 4592 3523 4663 integritate,
3580 4597 3635 4645 et
3683 4590 3745 4643 dc
3773 4589 3820 4641 li-

2148 4683 2239 4737 dei
2272 4682 2541 4752 puritate,
2595 4681 2898 4751 gloriosius
2946 4682 3126 4750 duxit,
3177 4682 3351 4751 longa
3390 4680 3619 4751 antiqui
3664 4678 3821 4732 hostis

2148 4771 2427 4824 sustinere
2466 4774 2845 4837 tentamenta,
2887 4786 3059 4840 quam
3113 4770 3289 4823 vitam
3333 4774 3680 4839 praesentem
3725 4766 3819 4819 cito

2149 4876 2251 4930 per
2289 4865 2577 4914 tormenta
2639 4859 2918 4912 amittere.
2975 4858 3255 4921 Quoniam
3297 4875 3425 4911 cum
3478 4858 3539 4911 in
3571 4855 3820 4925 martyrio

2148 4963 2214 5000 ea
2235 4952 2631 5018 proponantur
2660 4963 2789 5017 quas
2818 4952 3085 5012 terreant,
3123 4948 3181 5000 in
3212 4947 3398 5000 carnis
3428 4963 3569 4999 vero
3601 4946 3818 5000 delecta-

2148 5036 2355 5090 mentis
2388 5052 2453 5089 ea
2484 5052 2613 5106 quae
2646 5036 2949 5089 mulceant.
2981 5035 3264 5089 Molestius
3294 5034 3619 5087 sustinetur
3664 5028 3819 5087 hostis

2149 5125 2425 5192 occultus,
2456 5141 2629 5195 quam
2662 5124 3234 5195 superaturinfestus.
3270 5123 3413 5177 Cum
3449 5139 3590 5193 ergo
3612 5123 3666 5175 in
3688 5125 3819 5173 utro-

2149 5230 2261 5284 que
2290 5213 2374 5268 tui
2406 5213 2479 5267 sit
2506 5212 2763 5267 muneris
2792 5213 2944 5282 quod
2972 5212 3124 5278 vicit,
3160 5212 3298 5282 quia
3349 5210 3495 5264 nihil
3534 5211 3685 5265 valet
3722 5209 3816 5261 hu-

2147 5318 2320 5357 mana
2356 5302 2637 5372 fragilitas
2658 5344 2670 5366 ,
2728 5301 2842 5355 nisi
2890 5305 2989 5355 tua
3041 5300 3188 5354 hanc
3218 5300 3450 5370 adjuvet
3478 5299 3661 5370 pietas
3692 5314 3705 5352 :
3732 5309 3818 5366 pro

2222 5482 2247 5522 ι»
2274 5479 2410 5544 Quae
2443 5478 2617 5532 etiam
2648 5493 2681 5532 a
2703 5476 3049 5549 quibusdam
3087 5478 3150 5532 D.
3184 5475 3487 5531 Ambrosio
3546 5476 3816 5532 tribuitur.
