3868 6228
70 292 160 344 917

1020 291 1230 345 LIBER
1270 291 1903 346 SACRAMENTORUM.
1942 322 1999 330 —-
2029 294 2339 347 PRIEFAT.
2381 295 2603 357 ANTIO.

3456 296 3562 349 9l8

68 426 233 487 nobis,
290 441 655 496 quaesumus,
692 430 850 480 tuam
891 426 1163 496 pietatem
1209 432 1417 493 exoret,
1462 443 1589 497 quae
1628 443 1661 480 a
1697 432 1754 480 te
1794 430 1837 479 Α
1871 428 2119 494 laudare,
2170 430 2377 500 quibus
2422 447 2524 500 pro
2568 430 2784 483 meritis
2831 432 2947 483 suis
2995 429 3367 483 beatitudinis
3411 397 3559 499 pree-

67 514 269 583 accepit
296 519 364 567 ut
392 515 662 568 vinceret.
702 516 765 568 Et
794 532 919 585 quae
952 516 1243 584 Unigeniti
1280 516 1363 568 tui
1391 516 1601 569 intrare
1633 531 1756 569 me-

67 603 169 655 ruit
211 602 558 671 thalamum,
590 604 995 657 intercessione
1028 622 1128 657 sua
1170 605 1317 657 inter
1350 604 1550 658 mundi
1586 604 1758 674 hujus

71 692 285 743 adversa
319 691 490 744 nobis
523 697 758 762 praestet
787 692 1086 746 auxilium.
1122 694 1225 746 Per
1258 710 1449 763 quem.

342 812 409 851 IN
460 814 697 853 NA'I'ALI
746 814 796 854 S.
843 814 1077 853 ΤΗΟΜᾸΞ
1136 814 1466 853 APOSTOLI.

132 887 246 951 (Α.)
280 888 515 939 ,Ειει-ηθ
556 888 723 940 Deus.
756 887 859 950 Qui
896 889 1202 941 Ecclesiam
1242 894 1395 941 tuam
1443 889 1501 941 in
1534 890 1757 957 aposto-

72 975 176 1028 licis
243 974 506 1027 tribuisti
564 975 872 1029 consistere
926 976 1333 1040 fundamentis,
1392 977 1460 1029 de
1509 991 1756 1045 quorum

71 1060 291 1129 collegio
348 1062 412 1113 Β.
465 1062 699 1115 Thomas
750 1062 1029 1114 solemnia
1072 1063 1444 1128 celebrantes,
1492 1068 1610 1129 tua,
1647 1063 1754 1116 Do-

72 1150 225 1213 mine,
266 1150 560 1218 praeconia
597 1166 707 1202 non
740 1154 1009 1203 tacemus.
1048 1152 1112 1203 Et
1141 1151 1289 1204 ideo.

401 1269 467 1307 IN
516 1269 763 1308 VIGILIA
810 1269 1001 1308 UNIUS
1050 1270 1407 1309 MARTYRIS.

128 1346 347 1397 .Eterne
385 1345 553 1396 Deus.
596 1344 661 1395 Et
690 1343 926 1412 gloriosi
962 1344 1226 1413 martyris
1258 1345 1322 1396 N.
1357 1343 1450 1412 pia
1486 1343 1771 1396 certami-—

72 1448 132 1485 na
174 1430 505 1485 venerando
551 1432 889 1500 prazvenire.
944 1432 1116 1500 Cujus
1165 1431 1518 1485 honorabilis
1561 1448 1755 1485 annua

71 1520 378 1572 recursione
414 1519 745 1572 solemnitas
780 1524 833 1571 et
864 1524 1140 1588 perpetua
1172 1536 1399 1590 semper
1431 1525 1534 1585 est,
1570 1526 1627 1573 et
1658 1536 1754 1575 no-

72 1624 139 1659 va.
187 1606 329 1671 Quia
379 1614 440 1659 et
478 1608 539 1659 in
587 1613 890 1676 Conspectu
940 1612 1053 1661 tua:
1096 1608 1409 1677 majestatis
1454 1612 1754 1677 permanet

74 1713 199 1748 mors
228 1702 469 1748 tuorum
506 1695 755 1764 pretiosa
788 1697 1099 1765 justorum,
1148 1701 1204 1749 et
1234 1700 1628 1750 restaurantur
1656 1696 1749 1749 in-

70 1787 339 1837 crementa
380 1784 617 1848 laetitiae,
653 1800 779 1836 cum
820 1784 1105 1838 felicitatis
1147 1790 1379 1839 aeternae
1419 1785 1754 1839 recoluntur

74 1873 296 1926 exordia.
336 1874 450 1925 Per
483 1874 789 1926 Christum.

432 1996 842 2050 ΡΗᾸΞΡΛΤΙΟΝ
855 1997 931 2050 ES
973 1996 1261 2051 COMMUN
1272 1996 1364 2050 ES.

391 2117 460 2155 IN
509 2118 743 2156 NA'I'ALI
792 2117 987 2157 UNIUS
1035 2116 1393 2157 MARTYRIS.

128 2192 344 2243 .Eterne
409 2191 581 2242 Deus.
653 2191 715 2242 Et
762 2189 820 2242 in
880 2190 1151 2260 praesenti
1210 2190 1512 2244 festivitate
1567 2192 1748 2245 sancti

74 2278 309 2346 martyris
341 2278 429 2330 tui
467 2279 528 2331 Ν.
565 2278 664 2330 tibi
703 2278 1031 2331 conﬁtendo
1070 2279 1253 2332 laudis
1291 2279 1503 2332 hostias
1536 2280 1746 2334 immo-

74 2367 185 2427 lare,
216 2371 497 2436 tuamque
552 2367 894 2419 immensam
947 2368 1218 2436 pietatem
1278 2366 1587 2437 implorare
1630 2385 1641 2421 :
1684 2374 1748 2422 ut

75 2456 189 2505 sicut
222 2455 300 2506 illi
324 2454 536 2507 dedisti
563 2456 799 2507 coalestis
821 2457 1069 2523 palmam
1094 2456 1373 2525 triumphi
1398 2457 1491 2524 sic,
1528 2472 1594 2510 eo
1628 2459 1744 2511 suf-

72 2542 320 2610 fragante,
373 2542 542 2594 nobis
580 2543 1071 2606 emundationem,
1111 2548 1166 2596 et
1207 2545 1431 2597 veniam
1472 2546 1746 2598 concedas

74 2632 280 2699 peccati,
315 2636 379 2683 ut
424 2631 483 2683 in
524 2637 579 2683 te
624 2632 971 2685 exsulteinus
1003 2632 1064 2685 in
1094 2633 1517 2703 misericordia,
1541 2634 1601 2687 in
1631 2651 1744 2705 quo

72 2718 149 2771 illa
176 2720 404 2773 lretatur
441 2719 499 2773 in
530 2719 731 2789 gloria.
762 2722 888 2773 Per.

672 2828 807 2880 Alia
847 2826 921 2879 ad
958 2826 1119 2881 idem.

128 2916 239 2984 {A.)
288 2918 521 2971 κεῖθι-ηε
573 2918 739 2969 Deus.
796 2918 860 2969 Et
903 2921 957 2970 te
1007 2916 1065 2969 in
1116 2917 1376 2971 omnium
1424 2922 1740 2985 martyrum

73 3008 273 3056 tuorum
317 3004 631 3074 triumphis
679 3004 933 3073 laudare,
985 3004 1260 3075 quoniam
1295 3007 1407 3058 tuis
1445 3006 1612 3059 donis
1661 3011 1738 3061 at-
1780 3028 1821 3083 ρ

72 3108 161 3159 que
201 3093 538 3145 muneribus
588 3094 647 3146 Β.
699 3093 966 3164 martyris
1012 3092 1115 3145 tui.
1173 3094 1235 3146 N.
1284 3093 1609 3163 passionem
1644 3096 1741 3149 ho-

72 3179 242 3232 dierna
286 3181 650 3233 solemnitate
691 3197 1051 3247 veneramur,
1098 3180 1195 3251 qui
1238 3197 1342 3250 pro
1387 3182 1740 3236 confessione

69 3268 175 3320 Iesu
206 3268 413 3323 Christi
447 3270 575 3322 Filii
610 3270 690 3322 tui
722 3270 948 3323 Domini
992 3270 1171 3322 nostri
1205 3269 1425 3323 diversa
1461 3271 1741 3341 supplicia

70 3357 334 3423 sustinuit,
370 3363 427 3411 et
463 3374 529 3411 ea
560 3358 865 3412 devincens
895 3374 1162 3412 coronam
1189 3359 1583 3428 perpetuitatis
1615 3377 1739 3431 pro-

73 3446 272 3500 meruit.
306 3448 418 3500 Per
443 3463 632 3517 quem.

256 3568 319 3606 IN
371 3568 607 3607 NATALI
656 3565 1086 3606 Ριυηιωοιὶυδί
1134 3567 1521 3607 MARTYRUM.

124 3642 334 3693 .Eterne
377 3642 547 3693 Deus.
598 3640 707 3703 Qui
760 3645 1083 3693 sanctorum
1142 3644 1457 3709 martyrum
1505 3645 1737 3695 tuorum

68 3726 142 3788 pia
170 3729 478 3781 certamina
510 3728 580 3781 ad
612 3728 899 3798 copiosam
933 3728 1196 3797 perducis
1226 3729 1541 3795 victoriam,
1566 3734 1736 3800 atque

68 3822 379 3885 perpetuum
424 3818 508 3869 eis
549 3816 775 3886 largiris
806 3817 1188 3886 triumphum,
1222 3821 1284 3869 ut
1322 3818 1580 3870 Ecclesia:
1625 3824 1738 3873 tuae

70 3917 265 3972 semper
293 3906 409 3957 sint
440 3905 499 3957 in
547 3905 893 3974 exemplum,
928 3910 1134 3974 prmsta
1166 3904 1352 3973 nobis,
1384 3922 1732 3974 quaesumus,

70 3996 115 4041 ut
148 4007 241 4060 per
283 4008 486 4045 eorum
528 3991 993 4045 intercessionem
1036 4008 1283 4062 quorum
1316 3993 1456 4046 festa
1486 3994 1735 4047 celebra-

70 4090 186 4143 mus,
217 4079 444 4149 pietatis
477 4083 591 4131 tua)
642 4094 883 4132 munera
926 4079 1237 4149 capiamus.
1275 4080 1381 4132 Per
1421 4080 1731 4134 Christum.

340 4201 401 4239 IN
454 4200 708 4239 VIGILIA
754 4200 946 4239 UNIUS
992 4200 1446 4240 CONFBSSOBIS.

124 4272 258 4337 (318.)
290 4275 517 4326 .Eterne
571 4275 734 4327 Deus.
774 4274 833 4326 Et
868 4274 1224 4343 majestatem
1264 4278 1421 4327 tuam
1464 4274 1732 4345 supplici-

71 4362 138 4410 ter
167 4376 410 4425 exorare,
447 4367 511 4415 ut
552 4362 651 4431 qui
686 4364 745 4415 Β.
791 4363 852 4416 Ν.
888 4363 1227 4416 confessoris
1268 4363 1351 4416 tui
1385 4369 1555 4434 atque
1586 4380 1730 4433 pon-

71 4447 211 4501 tiﬁcis
241 4451 507 4503 natalitia
541 4451 682 4503 festa
721 4451 939 4504 devotis
973 4452 1357 4521 prawenimus
1397 4452 1617 4519 ofﬁciis,
1664 4454 1733 4506 il-

72 4535 160 4588 lius
186 4547 235 4590 et
271 4540 418 4608 apud
462 4540 819 4609 majestatem
855 4546 1013 4594 tuam
1041 4545 1097 4594 et
1125 4542 1464 4611 adjuvemur
1493 4543 1730 4609 meritis,

72 4629 114 4676 et
139 4624 481 4682 instruamur
512 4630 807 4698 exemplis.

336 4750 400 4789 IN
454 4750 690 4789 NATALI
740 4750 933 4790 UNIUS
980 4752 1431 4792 CONFESSORIS.

125 4822 328 4875 .IIterne
358 4824 528 4877 Deus.
562 4824 626 4876 Et
656 4824 713 4876 in
748 4824 852 4877 hac
881 4825 1167 4895 prmeipue
1195 4826 1306 4891 die,
1341 4842 1513 4896 quam
1548 4831 1731 4879 trans-

74 4904 137 4958 itu
162 4925 305 4963 sacro
346 4912 404 4964 Β.
450 4912 515 4964 Ν.
555 4913 895 4965 confessoris
935 4913 1018 4966 tui
1066 4918 1236 4984 atque
1280 4915 1563 4983 pontificis
1607 4930 1735 4967 con-

74 4999 284 5051 secrasti.
326 5000 671 5062 Quaesumus
717 5016 853 5069 ergo
896 5002 1258 5055 clementiam
1305 5006 1483 5061 tuam.
1526 5009 1587 5056 ut
1633 5004 1733 5057 des

74 5083 209 5137 nobis
234 5086 385 5140 illam
419 5088 585 5158 sequi
626 5088 968 5154 doctrinam,
1003 5106 1176 5160 quam
1209 5091 1305 5144 ille
1336 5096 1391 5143 et
1423 5092 1592 5144 verbo
1625 5092 1733 5145 do—

76 5171 181 5236 cuit,
234 5180 285 5227 et
343 5192 518 5246 opere
577 5177 905 5246 complevit,
967 5186 1252 5248 quatenus
1310 5196 1415 5233 nos
1475 5180 1733 5250 adjuvari

77 5261 200 5327 apud
243 5264 696 5318 misericordiam
748 5270 905 5319 tuam
946 5271 1003 5321 et
1045 5268 1318 5338 exemplis
1362 5268 1481 5338 ejus
1526 5269 1734 5323 sentia-

78 5362 179 5400 mus
204 5356 252 5404 et
278 5354 517 5407 meritis.
553 5354 662 5407 Per
692 5354 1001 5410 Christum.

808 5462 957 5517 Alia.

134 5544 331 5600 £terne
384 5524 566 5601 D’eus.
631 5547 696 5602 Et
748 5552 804 5604 te
853 5551 1182 5604 sanctorum
1237 5554 1470 5605 tuorum
1526 5549 1732 5605 virtute

1868 516 1985 569 mia
2014 518 2307 570 contulisti
2342 533 2353 569 :
2390 517 2658 587 quoniam
2692 535 2917 588 semper
2955 518 3012 571 in
3055 534 3230 572 manu
3274 523 3371 571 tua
3402 523 3556 583 sunt,

1869 610 1920 656 et
1962 621 2073 658 non
2109 609 2305 674 tanget
2346 606 2472 658 illos
2518 611 2869 659 tormentum
2910 607 3129 673 mortis,
3172 623 3314 677 quos
3358 612 3412 660 te
3460 622 3558 659 cu-

1867 691 2168 757 stodiente,
2210 692 2583 745 beatitudinis
2614 694 2771 745 sinus
2814 694 3142 747 intercludit
3172 711 3185 747 :
3221 693 3319 747 ubi
3352 710 3556 764 perpe-

1868 784 1964 833 tua
2003 797 2229 849 semper
2259 780 2639 833 exsultatione
2672 783 2934 834 laetantur
2969 799 2981 834 :
3020 782 3115 834 ubi
3153 782 3322 835 etiam
3356 782 3557 834 beatus

1867 884 2127 922 summus
2176 870 2464 922 confessor
2519 874 2649 922 tuus
2700 870 2763 922 N.
2812 870 3055 922 sociatus
3106 871 3365 923 exsultat.
3415 870 3557 923 Peti-

1869 972 1995 1009 mus
2045 973 2181 1026 ergo
2231 962 2293 1010 ut
2330 972 2550 1010 memor
2588 957 2661 1010 sit
2700 956 3063 1009 miseriarum
3111 962 3456 1023 nostrarum,
3500 962 3555 1010 et

1866 1044 1934 1098 de
1966 1049 2063 1098 tua
2109 1045 2494 1099 misericordia
2532 1045 2696 1099 nobis
2728 1046 2994 1115 impetret
3030 1044 3401 1099 beatitudinis
3438 1061 3556 1099 suae

1863 1135 2233 1187 consortium.
2270 1137 2376 1188 Per
2406 1134 2714 1188 Christum.

2032 1256 2097 1293 IN
2145 1255 2380 1294 NA'I'ALI
2429 1254 2859 1295 PLURIMORUM
2905 1254 3388 1294 CONFESSORUM.

1933 1328 2043 1397 (6.)
2090 1331 2315 1381 rEterne
2370 1329 2533 1381 Deus.
2595 1330 2659 1381 Et
2706 1329 3061 1397 majestatem
3106 1332 3265 1381 tuam
3313 1325 3557 1397 supplici

1864 1416 2163 1469 devotione
2195 1432 2448 1481 exorare,
2486 1421 2547 1469 ut
2575 1417 2874 1469 beatorum
2902 1417 3295 1469 confessorum
3322 1420 3553 1468 tuorum

1866 1505 1928 1557 N.
1966 1521 2210 1574 quorum
2247 1504 2418 1557 hodie
2452 1505 2591 1557 festa
2621 1505 2996 1568 celebramus,
3030 1504 3290 1568 obtentu,
3334 1519 3553 1557 merea-

1862 1608 1994 1645 mur
2023 1598 2185 1646 tuum
2218 1592 2475 1645 obtinere
2518 1592 2815 1645 auxilium.
2854 1593 2959 1645 Per
2990 1592 3301 1644 Christum.

2044 1715 2106 1753 IN
2155 1714 2390 1753 NA'I‘ALI
2442 1714 2633 1753 UNIUS
2678 1712 2976 1751 VIRGINIS
3023 1710 3378 1751 MARTYRIS.

1933 1788 2161 1839 [literne
2210 1788 2377 1840 Deus.
2422 1788 2528 1840 Per
2584 1786 2869 1840 Christum
2916 1786 3221 1839 Dominum
3271 1787 3549 1836 nostrum.

1862 1872 2042 1937 Quem
2079 1875 2244 1928 beata
2274 1860 2431 1945 virgo
2460 1874 2676 1945 pariter
2706 1878 2763 1927 et
2802 1880 3019 1943 martyr
3055 1875 3118 1927 N.
3153 1872 3444 1943 diligendo
3476 1870 3551 1924 ti-

1860 1962 2027 2027 muit,
2073 1966 2129 2016 et
2158 1963 2412 2017 timendo
2452 1964 2651 2017 dilexit
2684 1980 2696 2016 :
2736 1962 2934 2032 illique
2967 1962 3273 2031 conjuncta
3310 1964 3394 2013 est
3431 1975 3553 2012 mo-

1861 2050 2083 2116 riendo,
2128 2052 2220 2105 cui
2259 2068 2315 2105 se
2355 2055 2785 2105 consecraverat
2823 2057 2971 2104 caste
3014 2050 3257 2103 vivendo
3302 2066 3315 2103 :
3357 2052 3411 2101 et
3448 2063 3553 2117 pro

1859 2155 1926 2193 eo
1968 2140 2188 2193 studuit
2227 2140 2606 2210 temporalem
2648 2140 2930 2193 sustinere
2964 2154 3214 2209 pmnam,
3261 2142 3323 2191 ut
3352 2135 3439 2189 .ab
3485 2151 3551 2189 eo

1856 2230 2175 2300 perciperet
2209 2230 2450 2299 gloriam
2484 2229 2915 2299 sempiternam.
2950 2229 3059 2281 Per
3088 2242 3281 2297 quem.

2622 2319 2775 2371 Alia.

1926 2408 2154 2460 zEterne
2188 2407 2349 2459 Deus.
2400 2408 2465 2459 Et
2496 2410 2549 2459 te
2581 2406 2758 2459 beatae
2801 2406 2865 2458 Ν.
2912 2402 3169 2457 natalitia
3207 2401 3549 2454 recensendo

1858 2495 2109 2559 laudare,
2140 2494 2469 2564 praedicare,
2507 2498 2561 2548 et
2590 2493 2926 2547 benedicere
2957 2510 2969 2545 :
3006 2507 3181 2562 quam
3218 2494 3374 2542 tanto
3423 2505 3549 2541 mu-

1858 2599 1991 2636 nere
2024 2583 2365 2647 sublimasti,
2400 2588 2463 2637 ut
2505 2584 2557 2637 ei
2587 2584 2873 2636 conferres
2904 2587 2961 2635 et
3005 2578 3347 2649 virginitatis
3387 2594 3545 2631 coro-

1855 2686 1987 2724 nam
2021 2677 2075 2724 et
2104 2672 2355 2741 palmam
2388 2672 2670 2741 martyrii,
2703 2671 2894 2739 sicque
2939 2670 3144 2721 virtute
3188 2666 3320 2720 ﬁdei
3356 2670 3411 2718 et
3440 2664 3546 2717 de-

1853 2775 1981 2812 core
2012 2760 2298 2830 pudicitias
2328 2759 2588 2829 polleret,
2623 2765 2685 2811 ut
2716 2758 2963 2811 coelestia
2996 2772 3170 2826 regna
3199 2755 3359 2824 virgo
3391 2752 3544 2822 pari-

1851 2851 1939 2901 ter
1969 2851 2024 2901 et
2050 2854 2266 2917 martyr
2298 2848 2558 2901 intraret.
2594 2849 2701 2902 Per
2732 2847 2938 2901 Christ.

1936 2968 2005 3007 1M
2056 2968 2291 3007 NATALI
2340 2969 2534 3008 UNIUS
2578 2968 2876 3007 VIRGINIS
2921 2967 3041 3006 NON
3095 2963 3449 3004 MARTYRIS.

1920 3041 2034 3111 (G.)
2082 3044 2308 3095 z‘Eterne
2358 3044 2522 3096 Deus.
2582 3044 2689 3095 Per
2748 3040 3035 3096 Christum
3088 3038 3395 3091 Dominum
3443 3052 3545 3088 no-

1848 3133 2049 3183 strum.
2084 3132 2191 3184 Pro
2223 3130 2386 3200 cujus
2426 3130 2719 3183 charitatis
2759 3130 2963 3182 ardore
2996 3127 3107 3179 ista
3130 3126 3295 3194 virgo
3328 3128 3384 3177 et
3413 3139 3541 3175 om-

1849 3234 1950 3272 nes
1983 3225 2192 3273 sanctas
2231 3220 2502 3289 virgines,
2540 3237 2571 3273 a
2600 3219 2765 3272 beata
2790 3218 2961 3271 Maria
3001 3216 3327 3285 exemplum
3367 3212 3543 3281 virgi-

1850 3308 2043 3360 nitatis
2076 3308 2439 3377 accipientes,
2459 3308 2757 3377 praesentis
2790 3306 2980 3360 saeculi
3011 3305 3329 3373 voluptates
3361 3317 3424 3354 ac
3455 3300 3539 3352 di-

1846 3395 2011 3449 vitias
2051 3400 2541 3467 contempserunt.
2585 3396 2865 3460 Quoniam
2904 3400 3002 3448 tuo
3043 3394 3195 3447 dono
3238 3396 3427 3444 actum
3459 3393 3543 3441 est

1845 3489 1911 3537 ut
1938 3488 2243 3554 postquam
2284 3485 2443 3553 virgo
2482 3485 2551 3538 de
2582 3484 2804 3552 virgine
2843 3482 3075 3551 prodiit,
3114 3496 3282 3533 sexus
3320 3475 3539 3546 fragilis

1846 3578 1993 3627 esset
2054 3573 2254 3635 fortis;
2328 3578 2383 3625 et
2434 3589 2548 3642 quo
2602 3572 2709 3625 fuit
2763 3570 3035 3640 peccandi
3095 3569 3332 3622 facultas
3393 3568 3541 3618 esset

1844 3662 2109 3715 vincendi
2154 3661 2413 3715 felicitas.
2454 3660 2832 3731 Antiquisque
2876 3658 3054 3712 hostis
3099 3657 3199 3726 qui
3239 3670 3340 3725 per
3388 3652 3535 3705 anti-

1844 3767 2018 3822 quam
2048 3750 2327 3819 virginem
2359 3766 2540 3819 genus
2574 3750 2888 3801 humanum
2931 3762 2990 3799 se
3021 3745 3219 3798 vicisse
3250 3742 3534 3812 gloriaba-

1848 3844 1940 3893 tur
1968 3856 2071 3909 per
2100 3844 2318 3892 sanctas
2352 3854 2500 3891 nunc
2532 3838 2781 3907 virgines
2813 3851 3081 3906 sequaces
3125 3832 3315 3904 potius
3346 3830 3535 3885 Marias

1845 3944 2019 3999 quam
2070 3930 2212 3993 Eva),
2257 3927 2534 3981 vincatur.
2596 3928 2661 3979 Et
2706 3926 2766 3978 in
2814 3941 2880 3977 eo
2940 3924 3123 3992 major
3175 3921 3227 3974 ei
3279 3917 3535 3973 confusio

1844 4020 2077 4079 crescat,
2114 4030 2286 4084 quam
2322 4013 2391 4067 de
2422 4029 2489 4067 eo
2531 4013 2702 4065 etiam
2743 4027 2907 4065 sexus
2939 4010 3158 4079 fragilis
3182 4010 3303 4078 jam
3330 4006 3531 4059 trium-

1845 4104 2001 4173 phat.
2034 4104 2389 4173 Quapropter
2438 4102 2780 4156 immensam
2828 4101 3100 4171 pietatem
3149 4104 3304 4153 tuam
3336 4096 3529 4150 humi-

1844 4192 1973 4245 liter
2019 4192 2381 4261 exposcimus
2421 4198 2484 4245 ut
2534 4207 2637 4260 per
2684 4192 2808 4259 ejus
2846 4188 3335 4253 intercessionem,
3375 4185 3535 4252 cujus

1844 4280 1987 4334 festa
2016 4280 2257 4333 colimus
2295 4279 2446 4349 (quae
2488 4284 2546 4333 et
2584 4294 2781 4332 sexum
2816 4278 2951 4332 vicit
2990 4284 3046 4330 ct
3084 4276 3375 4341 saeculum,
3410 4272 3536 4325 tibi-

1843 4386 1955 4439 que
1980 4369 2193 4439 placuit
2222 4373 2278 4421 et
2305 4368 2649 4438 virginitatis
2680 4368 2880 4421 decore
2922 4373 2978 4420 et
3010 4366 3204 4435 vigore
3233 4361 3533 4435 passionis)

1840 4472 1946 4509 nos
1996 4472 2324 4510 mereamur
2376 4462 2434 4510 et
2482 4456 2826 4510 invisibilem
2875 4457 3098 4509 hostem
3148 4467 3436 4523 superare,
3481 4455 3536 4503 et

1842 4543 2149 4615 Unigenito
2190 4551 2289 4599 tuo
2341 4547 2583 4600 Domino
2630 4547 2761 4600 Jesu
2804 4544 3026 4599 Christo
3071 4543 3384 4597 adhaerere.
3431 4541 3536 4592 Per

1841 4649 2032 4704 quem.

1935 4755 1995 4793 IN
2046 4754 2280 4793 NA'I‘ALI
2331 4755 2524 4793 UNIUS
2570 4750 2865 4792 VIRGINIS
2912 4751 3033 4790 NON
3086 4746 3433 4788 MARTYBIS.

1913 4828 2031 4895 (ϐ.)
2064 4830 2287 4881 zEterne
2335 4829 2499 4880 Deus.
2538 4828 2601 4879 Et
2636 4826 2697 4879 in
2738 4826 2841 4878 hac
2880 4822 3241 4876 solemnitate
3274 4821 3377 4874 tibi
3408 4821 3531 4873 lau-

1840 4916 1925 4969 dis
1978 4916 2192 4968 hostias
2241 4915 2558 4979 immolare,
2611 4930 2726 4983 qua
2774 4913 2956 4965 beatas
3002 4911 3239 4980 virginis
3280 4911 3345 4963 N.
3391 4910 3534 4962 festa

1841 5005 2164 5058 venerando
2206 5004 2470 5069 colimus,
2523 5007 2577 5055 et
2615 5003 2697 5055 tui
2741 5000 2990 5054 nominis
3037 5000 3279 5070 gloriam
3326 4997 3532 5053 debitis

1840 5092 2144 5164 prteconiis
2174 5091 2625 5160 magnilicamus.
2659 5092 2763 5143 Per
2790 5088 2996 5142 Christ.

2056 5198 2141 5267 [IN
2188 5212 2412 5253 manu
2454 5210 2864 5251 PLURIMORUM
2918 5209 3304 5250 murreum.

1911 5289 2137 5340 xEterne
2198 5289 2363 5341 Deus.
2425 5287 2490 5339 Et
2546 5285 2869 5339 venientem
2927 5283 3172 5337 natalem
3227 5282 3529 5335 beatorum

1841 5379 2155 5443 martyrum
2215 5380 2446 5428 tuorum
2505 5374 2565 5427 N.
2618 5372 2809 5427 debita
2860 5372 3130 5426 servitute
3190 5370 3528 5442 praavenire,

1840 5459 2175 5530 suppliciter
2215 5462 2597 5527 obsecrantes,
2632 5466 2694 5515 ut
2718 5460 2867 5530 ipsos
2908 5477 3011 5513 nos
3052 5459 3205 5529 apud
3234 5465 3393 5514 tuam
3429 5459 3537 5512 cle-

1838 5547 2113 5603 mentiam
2147 5549 2465 5603 sentiamus
2502 5550 2711 5604 habere
2750 5554 3044 5619 patronos,
3086 5565 3251 5619 quos,
3290 5553 3387 5603 tua
3414 5548 3535 5619 glo-
