3868 6228
329 318 438 370 919

330 444 414 499 ria
446 443 747 513 largiente,
777 442 1094 496 meruimus
1125 446 1355 496 aeterna:
1386 442 1582 495 salutis
1613 430 1897 513 suscipere
1926 440 2026 494 mi-
2065 442 2107 494 A

332 532 560 587 nistros.
593 533 699 585 Per
730 531 952 599 Christ.]

712 652 774 691 IN
830 651 1259 691 DEDICATIONE
1307 651 1643 690 ECCLESIB.

403 728 631 779 Eterne
674 726 839 778 Deus.
887 726 952 778 Et
990 741 1094 794 pro
1132 741 1325 778 annua
1360 724 1713 777 dedicatione
1758 724 2028 777 taberna-

335 814 447 867 culi
477 814 649 883 hujus
680 814 957 867 honorem
991 813 1092 867 tibi
1124 813 1448 884 gratiasque
1480 814 1709 879 referre,
1743 813 1903 883 cujus
1931 811 2031 864 vir-

332 907 424 954 tus
464 918 691 971 magna,
736 900 916 970 pietas
959 901 1205 971 copiosa.
1266 901 1520 969 Respice,
1559 916 1911 969 quaesumus,
1960 899 2030 952 de

335 992 499 1058 cmlo,
543 998 600 1043 et
636 990 783 1057 vide,
830 995 887 1043 et
918 990 1081 1043 visita
1126 990 1359 1042 domum
1400 990 1590 1055 istam,
1627 994 1688 1041 ut
1725 988 1772 1041 si
1804 987 1932 1058 quis
1972 988 2030 1040 in

337 1096 403 1132 ea
453 1078 678 1131 nomini
726 1084 823 1131 tuo
875 1077 1295 1147 supplicaverit,
1340 1078 1585 1129 libenter
1635 1077 1923 1139 exaudias,
1976 1083 2032 1129 et

337 1166 813 1220 satisfacientibus
871 1168 1180 1219 clementer
1240 1165 1519 1235 ignoscas.
1573 1167 1677 1218 Per
1740 1165 2030 1218 Christum

340 1255 650 1310 Dominum
679 1260 956 1308 nostrum.
985 1255 1084 1308 Hic
1109 1254 1213 1307 tibi
1234 1254 1551 1307 sacerdotes
1578 1253 1660 1306 tui
1689 1253 2028 1306 sacrificium

338 1344 525 1398 laudis
558 1343 817 1408 offerant,
865 1344 957 1396 hic
1000 1344 1183 1395 fidelis
1226 1344 1470 1412 populus
1514 1348 1641 1395 vota
1682 1343 2028 1411 persolvant.

339 1432 432 1486 hic
470 1438 831 1502 peccatorum
873 1448 1047 1484 onera
1088 1432 1481 1501 deponantur;
1520 1432 1610 1485 hic
1651 1432 1790 1485 fides
1838 1436 2033 1484 sancta

338 1520 685 1587 stabiliatur,
722 1520 813 1573 hic
852 1521 972 1589 ipse
1004 1520 1153 1573 inter
1186 1521 1424 1587 bonum,
1463 1521 1794 1591 malumque
1821 1520 2029 1572 discer-

341 1625 459 1675 nas,
494 1625 624 1662 cum
654 1624 884 1661 causam
918 1608 1310 1677 interpellator
1339 1609 1691 1675 indicaverit,
1717 1625 1890 1679 quam
1917 1623 2033 1661 non

337 1697 600 1767 ignoras;
638 1696 729 1749 hic
775 1696 955 1765 pietas
994 1696 1254 1749 absoluta
1308 1698 1524 1762 redeat,
1574 1697 1707 1749 hinc
1763 1696 2033 1767 iniquitas
2070 1735 2116 1785 Λ

341 1787 645 1840 emendata
672 1786 943 1838 discedat.
976 1786 1231 1838 Inveniat
1265 1785 1414 1854 apud
1448 1790 1521 1851 te,
1555 1784 1812 1850 Domine,
1845 1785 2032 1838 locum

341 1874 545 1939 veniae,
588 1874 938 1943 quicumque
984 1873 1137 1926 hunc
1182 1873 1529 1926 satisfaciens
1587 1873 1927 1943 confugerit,
1981 1878 2037 1926 et

344 1963 574 2015 conscio
618 1962 810 2015 dolore
856 1962 1052 2027 victus,
1090 1962 1291 2014 altaria
1323 1968 1421 2014 tua
1456 1962 1587 2014 rivis
1618 1977 1850 2015 suarum
1885 1964 2034 2015 lave-

343 2050 420 2104 rit
468 2052 868 2120 lacrymarum.
902 2050 1000 2104 Hic
1042 2050 1087 2102 si
1136 2050 1365 2120 quando
1395 2051 1644 2119 populus
1686 2055 1818 2104 tuus
1858 2051 2036 2104 tristis

345 2143 693 2209 maestusque
732 2138 1081 2203 convenerit,
1125 2138 1417 2209 acquiesce
1452 2141 1665 2208 rogari,
1710 2144 1765 2193 et
1802 2144 2035 2210 rogatus

342 2226 597 2297 indulge.
631 2228 736 2280 Per
766 2242 959 2296 quem.

700 2347 765 2385 1N
810 2346 1335 2387 CONSECRATIONK
1382 2348 1678 2387 ALTARIS.

412 2440 638 2492 Eterne
653 2438 818 2492 Deus.
858 2441 964 2493 Per
988 2438 1277 2492 Christum
1296 2439 1599 2493 Dominum
1616 2443 1894 2493 nostrum.
1931 2442 2037 2494 Per

343 2542 516 2597 quem
547 2532 601 2579 te
628 2526 962 2597 suppliciter
990 2528 1365 2598 deprecamur
1398 2532 1456 2581 ut
1487 2529 1662 2582 altare
1689 2530 1797 2582 hoc
1826 2530 2035 2583 sanctis

345 2615 541 2669 usibus
589 2622 997 2686 praeparatum,
1044 2617 1255 2670 caelesti
1304 2617 1752 2671 sanctiﬁcatione
1795 2619 2037 2673 sanctiti-

343 2720 435 2756 ces
460 2721 473 2758 :
498 2709 562 2757 ut
583 2705 727 2758 sicut
748 2706 1153 2759 Melchisedech
1176 2706 1485 2759 sacerdotis
1504 2707 1780 2777 praecipui
1806 2708 2037 2761 oblatio-

345 2808 475 2846 nem
505 2794 840 2864 dignatione
874 2794 1124 2848 mirabili
1147 2796 1467 2865 suscepisti,
1492 2796 1567 2848 ita
1604 2796 1871 2865 imposita
1892 2814 2036 2850 novo

345 2882 477 2935 huic
503 2883 672 2936 altari
703 2899 945 2937 munera
975 2900 1204 2953 semper
1225 2890 1449 2955 accepta
1484 2886 1632 2937 ferre
1664 2885 1941 2956 digneris,
1976 2890 2041 2939 ut

342 2971 592 3039 populus
625 2971 721 3039 qui
748 2971 808 3024 in
835 2971 980 3024 hanc
1013 2972 1269 3025 Ecclesia:
1294 2973 1525 3026 domum
1555 2978 1805 3027 sanctam
1833 2990 2036 3027 conve-

343 3058 451 3123 nit,
499 3074 602 3126 per
639 3058 761 3111 haec
809 3059 1085 3112 libamina
1131 3061 1345 3113 ccelesti
1384 3062 1828 3114 sanctiﬁcatione
1860 3063 2038 3116 salva-

343 3149 454 3212 tus,
499 3145 823 3198 auimarum
876 3162 1106 3216 quoque
1147 3164 1377 3200 suarum
1420 3149 1661 3201 salutem
1701 3155 2036 3219 perpetuam

346 3237 752 3302 consequatur.
781 3233 925 3287 Cum
956 3233 1175 3304 angelis
1202 3239 1256 3287 et
1286 3234 1663 3303 archangelis.

800 3358 1299 3412 PRIEFATIONES
1339 3359 1583 3412 VARIAE.

346 3462 435 3532 [IN
484 3476 939 3518 VENBRATIONB
978 3478 1235 3518 SANCTE
1278 3480 1658 3520 TRINI'I‘ATIS
1704 3482 1906 3529 ATQUE
1949 3483 2041 3522 IN-

862 3567 1147 3606 DIVIDUJE
1196 3568 1515 3607 UNI'I‘ATIS.

415 3658 641 3710 IEterue
673 3656 839 3709 Deus.
884 3656 1057 3727 Cujus
1097 3662 1180 3711 est
1209 3674 1323 3711 una
1363 3658 1645 3722 divinitas,
1691 3664 1905 3713 aeterna
1936 3676 2038 3729 po-

345 3750 539 3811 testas,
618 3749 822 3797 natura
887 3745 1307 3816 inseparabilis,
1381 3748 1646 3817 majestas
1721 3748 2034 3801 individua.

344 3832 522 3896 Quem
556 3849 735 3886 unum
769 3834 1221 3889 substantialiter
1266 3838 1627 3902 conﬁtemur,
1659 3837 1873 3890 trinum
1902 3854 2037 3906 per-

345 3922 619 3975 sonaliter
638 3938 1061 3993 nuucupamus,
1084 3926 1332 3993 Patrem,
1355 3930 1411 3978 et
1435 3926 1659 3993 Filium,
1686 3931 1741 3979 et
1760 3925 2037 3995 Spiritum

345 4015 623 4063 sanctum.
675 4010 783 4073 Qui
830 4011 891 4064 in
942 4029 1054 4066 uno
1097 4014 1279 4067 trinus
1327 4030 1589 4083 appares,
1642 4020 1698 4067 et
1746 4014 1805 4066 in
1855 4014 2039 4067 tribus

348 4113 497 4150 unus
545 4098 892 4168 agnosceris.
946 4101 1104 4153 Unde
1145 4118 1247 4170 pro
1287 4107 1462 4155 tanta:
1504 4102 1866 4155 revelationis
1916 4119 2037 4172 my-

347 4185 519 4238 sterio
549 4186 609 4239 in
639 4188 990 4255 praeconium
1023 4190 1274 4243 nominis
1302 4191 1387 4243 tui
1412 4190 1516 4244 tibi
1546 4207 1674 4243 cum
1707 4190 1914 4243 sanctis
1945 4207 2040 4243 an-

346 4273 489 4344 gelis
522 4275 617 4343 pia
659 4274 957 4329 devotione
1001 4277 1379 4348 conciuimus,
1412 4278 1653 4349 supplici
1684 4278 2038 4332 confessione

345 4358 598 4412 dicentes
631 4375 643 4411 :
676 4364 916 4426 sanctus,
949 4360 1076 4433 etc.]

786 4466 886 4536 [De
931 4482 1175 4522 suam
1220 4483 1589 4523 summu.

417 4553 641 4606 Eterne
680 4552 847 4606 Deus.
891 4552 999 4617 Qui
1035 4554 1118 4607 tui
1152 4555 1405 4608 nominis
1436 4555 1806 4625 agnitionem,
1842 4562 1897 4610 et
1926 4562 2037 4611 tuae

348 4639 619 4710 potentize
649 4639 893 4710 gloriam
922 4641 1085 4695 nobis
1117 4642 1176 4696 in
1206 4649 1492 4697 coaeterna
1520 4644 1623 4697 tibi
1653 4644 1931 4713 sapientia
1953 4660 2038 4697 re-

347 4730 537 4781 velare
576 4728 804 4782 voluisti
847 4749 859 4783 :
908 4736 973 4784 ut
1002 4735 1158 4785 tuam
1200 4732 1537 4785 conﬁtentes
1573 4732 1947 4802 majestatem,
1982 4737 2038 4787 et

344 4817 457 4871 tuis
506 4817 854 4871 inhaerentes
903 4820 1204 4888 mandatis,
1262 4826 1450 4874 tecum
1503 4821 1676 4875 vitam
1731 4821 2038 4876 habeamus

345 4909 641 4959 aeternam.
680 4906 784 4958 Per
813 4906 1044 4977 Christ.]

382 5010 490 5083 [AD
535 5025 1003 5067 POSTULANDAM
1051 5029 1352 5071 SPIRITUS
1397 5031 1625 5071 SANC’I'I
1670 5032 1985 5071 GRATIAM.

412 5118 638 5170 Eterne
692 5118 858 5173 Deus.
904 5118 1012 5183 Qui
1054 5120 1287 5192 inspicis
1334 5123 1751 5193 cogitationum
1800 5127 2034 5189 secreta,

344 5207 400 5256 et
442 5204 632 5258 omnis
679 5211 887 5261 nostra:
932 5210 1139 5264 mentis
1184 5212 1446 5279 intentio,
1496 5212 1873 5283 providentiae
1923 5216 2035 5265 tuae

343 5292 583 5360 patescit
620 5292 855 5361 intuitu,
891 5297 1109 5367 respice
1155 5299 1433 5369 propitius
1476 5316 1679 5354 arcana
1718 5300 1906 5354 cordis
1941 5316 2038 5354 no-

346 5378 448 5429 stri
492 5379 721 5447 cubilia,
765 5387 822 5436 et
868 5385 1048 5438 sancti
1088 5386 1333 5456 Spiritus
1382 5403 1506 5441 rore
1538 5393 1760 5443 nostras
1799 5388 2037 5459 puriﬁca

346 5463 743 5534 cogitationes,
798 5475 860 5523 ut
904 5474 1017 5525 tua:
1070 5474 1357 5543 majestati
1402 5476 1575 5545 digna
1624 5476 1943 5547 cogitemus
1982 5481 2038 5531 et

344 5566 600 5621 agamus.
634 5553 742 5607 Per
770 5556 998 5626 Christ.]

1474 311 1810 367 GBIMALDI
1847 306 2354 365 SANGALLENSIS
2393 305 2687 361 ABBATIS
3768 304 3829 354 9%

2668 453 2741 491 DE
2786 452 3032 493 SANCTA
3077 452 3299 492 CRUCE.

2209 526 2327 597 (Ο.)
2377 529 2601 581 ιλΕῐθιῚιθ
2652 527 2820 580 Deus.
2868 526 2975 590 Qui
3021 527 3263 580 salutem
3321 525 3570 580 humani
3624 525 3829 594 generi

2138 614 2197 667 in
2236 615 2389 684 ligno
2429 614 2609 667 crucis
2649 613 3013 681 constituisti,
3052 620 3112 668 ut
3152 613 3302 667 unde
3345 630 3505 667 mors
3554 613 3829 665 oricbatu

2138 703 2270 757 inde
2305 703 2417 756 vita
2449 708 2791 772 resurgeret.
2846 704 2911 757 Et
2941 704 3039 773 qui
3071 703 3130 756 in
3161 703 3323 773 ligno
3357 702 3663 765 vincebat,
3702 701 3761 753 in
3796 703 3831 753 Iit

2139 808 2251 861 guo
2282 808 2511 863 quoque
2543 792 2882 844 vinceretur.
2920 793 3025 845 Per
3056 792 3262 846 Christ.

2403 913 2463 951 IN
2514 913 2969 952 VENERATIONH
3015 913 3273 953 SANCTE
3327 913 3581 952 ΜΛΒΙΒ.

2212 1004 2316 1071 (G.)
2348 1006 2574 1057 [literne
2607 1004 2775 1058 Deus.
2814 1004 2881 1057 Et
2920 1009 2972 1056 te
3014 1004 3072 1056 in
3107 1004 3476 1057 veneratione
3513 1008 3832 1056 sanctarum

2139 1092 2425 1161 virginum
2474 1091 2889 1144 exsultantibus
2937 1091 3146 1144 animis
3198 1092 3451 1157 laudare,
3506 1090 3832 1144 benedicen

2140 1185 2197 1233 ct
2241 1180 2570 1249 praedicare.
2635 1180 2783 1232 Inter
2835 1197 2975 1250 quas
3034 1180 3375 1233 intemerata
3438 1180 3541 1232 Dei
3601 1180 3831 1249 genitu}

2140 1269 2299 1338 virgo
2351 1269 2540 1334 Maria,
2595 1269 2756 1338 cujus
2806 1270 3007 1323 devote
3060 1270 3687 1322 commemorationem
3743 1270 3831 1337 agit

2139 1374 2289 1422 mus,
2320 1357 2505 1427 gloria
2544 1358 2772 1411 effulsit.
2807 1357 2943 1421 Quae
2976 1363 3031 1410 et
3063 1358 3428 1427 unigenitum
3480 1358 3677 1410 sancti
3732 1357 3832 1425 Spi<

2140 1446 2283 1499 ritus
2328 1445 2771 1498 obumbratione
2810 1446 3091 1515 concepit,
3143 1451 3217 1511 et,
3271 1445 3621 1513 virginitatis
3671 1446 3831 1513 glori;

2141 1540 2519 1603 permanente
2569 1533 2704 1586 huic
2768 1533 2981 1585 mundo
3047 1535 3239 1585 lumen
3291 1538 3574 1586 mternum
3625 1534 3831 1587 etIudit

2142 1623 2333 1675 Jesum
2368 1621 2653 1675 Christum
2691 1621 2998 1674 Dominum
3029 1625 3307 1674 nostrum.

2314 1727 2414 1799 [AD
2460 1742 2877 1783 POSTULANDA
2925 1742 3238 1781 ANGELICA
3282 1741 3680 1781 SUFFRAGIA.

2214 1836 2440 1888 jEterne
2483 1835 2651 1887 Deus.
2695 1832 2887 1887 Sancti
2930 1832 3216 1887 Michaelis
3263 1832 3597 1901 archangeli
3642 1832 3831 1885 merita

2144 1924 2536 1993 praadicantes.
2586 1923 2856 1987 Quamvis
2887 1922 3041 1976 enim
3078 1922 3232 1975 illius
3264 1921 3525 1974 sublimis
3565 1922 3833 1991 angelica

2145 2012 2477 2066 substantia).
2508 2012 2579 2065 sit
2616 2011 2892 2065 habitatio
2930 2027 3156 2080 semper
3183 2012 3240 2063 in
3280 2010 3454 2075 caelis,
3488 2014 3733 2063 tuorum
3770 2018 3834 2061 ta.

2146 2116 2276 2153 men
2310 2100 2564 2153 ﬁdelium
2611 2100 2907 2172 praesumit
2946 2100 3204 2161 aifectus,
3237 2113 3341 2166 pro
3382 2103 3493 2150 tum
3526 2100 3834 2151 reverentia

2146 2189 2459 2260 potestatis,
2501 2205 2605 2258 per
2635 2190 2756 2242 baac
2797 2188 2907 2258 piae
2942 2187 3259 2241 devotionis
3298 2185 3507 2250 oflicia,
3552 2187 3834 2257 quoddam

2146 2279 2392 2333 retinere
2446 2278 2655 2349 pignus
2699 2278 2758 2331 in
2815 2277 3002 2341 terris,
3066 2276 3377 2330 astantium
3428 2274 3487 2327 in
3535 2277 3833 2341 conspectu

2146 2372 2243 2420 tuo
2262 2367 2481 2437 jugiter
2506 2366 2925 2419 ministrorum.
2963 2366 3068 2418 Per
3093 2365 3324 2435 Christ.]

2537 2473 2624 2543 [IN
2656 2486 3115 2526 venenum”
3147 2485 3449 2525 S.PETR1.

2216 2581 2443 2633 Eterne
2504 2578 2669 2632 Deus.
2725 2578 3075 2647 Majestatem
3136 2582 3294 2630 tuam
3353 2574 3695 2645 suppliciter
3750 2589 3833 2624 ex-

2147 2672 2393 2732 orautes,
2426 2672 2491 2719 ut
2531 2666 2706 2719 sancti
2753 2666 2907 2719 Petri
2955 2665 3198 2734 apostoli
3243 2664 3326 2718 tui
3366 2664 3535 2716 nobis
3574 2664 3828 2716 interces-

2147 2758 2309 2810 sione
2342 2756 2555 2809 donare
2586 2754 2859 2825 digneris,
2896 2758 2957 2806 ut
2987 2761 3041 2807 te
3072 2759 3192 2806 toto
3222 2752 3389 2806 corde
3425 2752 3753 2822 diligamus,
3786 2756 3831 2800 et

2145 2844 2387 2899 cmlestis
2421 2842 2793 2897 beatitudinis
2826 2842 3131 2912 participes
3166 2857 3296 2895 cum
3327 2840 3539 2894 sanctis
3574 2839 3685 2903 tuis
3721 2852 3825 2889 esse

2148 2948 2396 2988 meream
2407 2948 2492 2985 ur.
2526 2932 2631 2984 Per
2663 2930 2865 2984 Christ.

2274 3054 2337 3093 IN
2388 3052 2625 3091 NATALI
2672 3052 2723 3091 S.
2770 3050 3091 3090 STEPHANI
3139 3047 3709 3089 PROTOMARTYRIS.

2218 3130 2445 3181 Eterue
2506 3126 2668 3178 Deus.
2728 3124 2835 3187 Qui
2900 3124 3064 3176 beato
3114 3122 3405 3191 Stephano
3465 3122 3523 3175 in
3582 3118 3825 3190 passione

2148 3213 2527 3269 constantiam
2567 3212 2793 3276 dedisti,
2844 3216 2900 3264 et
2946 3216 3078 3265 ante
3117 3227 3315 3264 omnes
3353 3216 3482 3280 post
3520 3209 3823 3279 passionem

2149 3303 2278 3357 Filii
2322 3302 2407 3355 tui
2444 3300 2725 3370 triumphi
2764 3299 3009 3369 gratiam
3058 3298 3371 3351 contulisti.
3419 3298 3693 3363 Concede,
3737 3310 3825 3346 nos

2149 3390 2404 3460 ejusdem
2450 3388 2884 3460 protomartyris
2933 3387 3017 3440 tui
3056 3387 3393 3457 quotidiana
3432 3385 3825 3439 intercessione

2148 3495 2180 3531 a
2210 3482 2566 3549 peccatorum
2599 3481 2931 3529 nostrorum
2975 3474 3218 3529 nexibus
3250 3474 3491 3540 absolvi,
3531 3479 3589 3527 et
3616 3479 3823 3525 aeterna:

2146 3566 2513 3621 beatitudinis
2546 3565 2787 3635 gloriam
2820 3564 3118 3633 consequi.
3152 3565 3259 3617 Per
3290 3562 3493 3616 Christ.
3527 3558 3710 3631 Dom.]

2411 3670 2498 3743 [IN
2545 3684 3149 3725 COMMRMORATIONE
3194 3684 3246 3722 S.
3294 3683 3577 3722 NICOLAI.

2218 3762 2459 3830 :Equum
2494 3764 2549 3811 et
2574 3761 2843 3811 salutare.
2876 3757 2990 3812 Nos
3023 3762 3076 3810 te
3106 3757 3342 3809 laudare
3375 3756 3633 3809 mirabile
3660 3755 3818 3807 Deum

2147 3848 2205 3901 in
2238 3848 2447 3901 sanctis
2490 3848 2602 3900 tuis
2648 3846 2707 3899 in
2734 3846 2942 3915 quibus
2974 3846 3325 3915 gloriﬁcatus
3357 3862 3415 3898 es
3454 3845 3813 3897 vehementer.

2147 3938 2299 3990 Inter
2347 3953 2489 4006 quos
2530 3936 2819 4005 prmclaras
2860 3934 3243 3988 attestatiouis
3284 3934 3603 3994 Nicolaum,
3640 3937 3691 3985 et
3718 3930 3815 3983 vir-

2146 4030 2332 4078 tutum
2366 4024 2668 4094 praeconiis
2700 4024 3131 4088 celebrandum,
3174 4023 3433 4076 Ecclesiae
3472 4027 3584 4075 tuae
3622 4020 3811 4074 confes-

2146 4113 2324 4165 sionis
2375 4112 2581 4165 merito
2631 4112 2861 4164 voluisti
2912 4127 3157 4180 praeesse
3200 4116 3509 4180 pastorem.
3558 4110 3728 4173 Quam
3770 4110 3813 4157 et

2146 4200 2457 4273 praeteritis
2504 4200 2779 4253 virtutum
2822 4200 2944 4268 ejus
2985 4200 3260 4268 exemplis
3301 4199 3579 4263 imbuere,
3613 4204 3665 4251 et
3690 4209 3809 4264 prte-

2150 4290 2401 4343 sentibus
2458 4305 2572 4342 non
2628 4288 2841 4342 desinis
2899 4287 3188 4341 miraculis
3244 4288 3492 4340 erudire.
3550 4288 3611 4340 Et
3667 4282 3807 4349 ideo;

2331 4410 2395 4450 IN
2442 4409 2898 4449 VENERATIONE
2942 4409 3199 4447 OMNIUM
3252 4407 3657 4447 SANCTORUI.

2218 4487 2442 4539 Alterne
2484 4485 2652 4537 Deus.
2692 4484 2757 4536 Et
2800 4483 3046 4553 gloriam
3092 4488 3249 4535 tuam
3291 4481 3541 4551 profusis
3579 4478 3808 4550 precibus

2148 4573 2482 4643 suppliciter
2527 4573 2843 4637 obsecrare,
2898 4576 2960 4625 ut
3006 4587 3134 4624 cum
3177 4571 3596 4624 exsultantibus
3634 4568 3806 4621 sanctis

2148 4662 2260 4715 tuis
2299 4662 2358 4714 in
2408 4661 2619 4715 caelesti
2672 4662 2834 4730 regni
2872 4660 3155 4713 cubilibus
3203 4659 3415 4725 gaudia
3472 4664 3661 4711 nostra
3704 4670 3806 4709 con-

2144 4751 2373 4821 jungas,
2409 4756 2465 4803 et
2494 4766 2635 4820 quos
2667 4748 2889 4801 virtutis
2919 4748 3240 4802 imitatione
3274 4764 3391 4800 non
3424 4764 3714 4818 possumus
3739 4759 3806 4795 se-

2148 4840 2269 4909 qui,
2319 4839 2524 4893 debitm
2572 4836 2954 4891 venerationis
3000 4837 3402 4906 contiugamus
3460 4836 3674 4890 effectu.
3724 4835 3803 4886 Per

2147 4928 2457 4982 Christum.

2399 5047 2461 5087 IN
2510 5046 2957 5087 ORDINATIONE
3006 5045 3587 5085 PRESBYTERORUM.

2216 5124 2461 5192 Equum
2508 5125 2565 5174 et
2606 5120 2873 5174 salutare.
2908 5118 3014 5183 Qui
3049 5118 3423 5173 dissimulatis
3456 5116 3689 5188 peccatis
3720 5116 3796 5167 hu-

2146 5225 2331 5263 manae
2354 5208 2677 5279 fragilitatis
2706 5207 2866 5261 nobis
2898 5206 3154 5277 indignis
3174 5206 3585 5260 sacerdotalem
3615 5203 3794 5259 confers

2146 5298 2509 5368 dignitatem,
2543 5297 2616 5351 da
2649 5296 2838 5360 nobis,
2882 5311 3234 5365 quaesumus,
3267 5300 3331 5347 ut
3368 5294 3439 5347 ad
3484 5294 3793 5347 sacrosancta

2145 5386 2416 5457 mysteria
2458 5385 2813 5438 immolanda
2853 5400 2983 5438 cum
3027 5382 3396 5454 beueplacitis
3429 5382 3702 5436 mentibus
3738 5378 3790 5431 fa-

2145 5475 2258 5529 cias
2300 5473 2535 5527 introire
2570 5490 2581 5526 :
2627 5474 2761 5543 quia
2804 5478 2867 5526 tu
2909 5473 3066 5526 solus
3099 5472 3221 5525 sine
3260 5472 3531 5541 operibus
3562 5470 3691 5541 aptis
3722 5470 3787 5536 ju-

2146 5561 2354 5616 stiﬁcas
2390 5565 2745 5632 peccatores;
2788 5564 2851 5614 tu
2879 5560 3124 5631 gratiam
3156 5565 3396 5631 praistas
3439 5560 3702 5629 benignus
3724 5556 3786 5608 iu-
