3868 6228
24 304 114 352 32
139 308 168 356 ι
1027 303 1223 356 LIBER
1270 302 1900 357 SACRAMENTORUM.
1926 332 1996 342 —
2023 302 2337 358 PRIEFAT.
2381 300 2608 364 ANTIO.
3467 297 3571 347 922

23 436 267 503 gratis.
303 438 385 490 Tn
417 453 484 491 ea
530 451 666 508 quae
717 441 869 491 retro
910 441 1064 501 sunt,
1095 437 1329 490 oblivsci
1389 437 1670 502 concedis,
1706 441 1762 490 et
1801 440 1838 492 A
1876 437 2016 506 [eno
2043 449 3075 493 CONGREGATIONERELIGIOSORUM
3103 448 3568 488 MONACUORUM.

23 523 127 575 ad
177 525 366 596 priora
399 526 683 596 promissa
719 525 989 595 mysteria
1013 525 1456 579 clementissima
1487 527 1770 596 guberna-

1953 547 2183 598 Aitcrne
2217 546 2380 598 Deus.
2428 543 2708 607 Quoniam
2740 541 3100 595 clementiam
3143 545 3300 592 tuam
3351 537 3570 610 precari

23 611 229 666 tione
255 613 538 682 perducis.
565 614 632 667 Et
659 613 808 667 ideo.

1883 633 2006 686 sine
2058 634 2378 685 cessatione
2430 632 2719 696 debemus,
2779 637 2838 683 ut
2892 645 3123 699 gregem
3158 634 3342 693 tuum,
3379 634 3572 699 pastor

1883 722 2051 788 bone,
2086 737 2198 774 non
2225 720 2469 784 deseras,
2514 721 2610 772 sed
2661 737 2764 788 per
2800 721 2858 771 Β.
2906 717 3247 771 confessoris
3277 717 3360 770 tui
3395 719 3569 770 Bene-

1883 811 2019 864 dicti
2053 827 2247 879 preces
2281 809 2551 862 Continua
2585 807 2937 877 protectione
2984 806 3287 871 custodias,
3325 811 3386 857 ut
3420 806 3569 856 viam

1882 899 1986 954 tibi
2017 900 2277 969 placitam
2314 897 2659 960 obedientia,
2696 895 2832 964 quia
2867 895 3013 947 idem
3050 896 3207 947 Pater
3240 893 3449 946 illaesus
3475 909 3573 945 an-

1884 987 2196 1052 tecedebat,
2224 1004 2323 1040 nos
2352 986 2643 1055 praeclaris
2676 986 2800 1053 ejus
2849 982 3067 1036 meritis
3110 982 3309 1050 adjuti,
3342 981 3462 1035 sine
3491 998 3574 1034 er-

1886 1093 2014 1129 rore
2043 1075 2478 1146 subsequamur.
2512 1076 2618 1126 Per
2654 1071 2988 1140 Christum.]

691 739 852 803 Infra
883 740 1160 791 actionem.

143 844 306 898 Hanc
335 843 514 912 igitur
542 843 893 897 oblationem
929 844 1049 914 spei
1076 848 1306 908 nostrae,
1341 861 1513 914 quam
1545 842 1649 897 tibi
1680 843 1764 896 of-

35 929 318 983 ferimus
349 931 406 983 in
435 931 525 983 die
556 930 848 984 hodiernae
880 931 1279 996 solemnitatis,
1315 948 1429 1002 quo
1477 931 1642 984 nobis
1683 931 1768 984 in-

37 1017 269 1087 dignis
327 1019 741 1072 sacerdotalem
798 1018 1038 1072 infulam
1088 1019 1356 1084 tribuisti,
1419 1036 1768 1089 qumsumus,

45 1107 345 1173 Domine,
377 1112 441 1160 ut
480 1108 736 1176 placatus
766 1107 1030 1177 accipias,
1066 1112 1121 1160 et
1152 1108 1211 1160 in
1251 1113 1352 1161 tua
1397 1110 1608 1178 pietate
1641 1124 1775 1161 con-

51 1211 246 1248 serva
273 1195 428 1265 quod
461 1212 517 1249 es
561 1200 827 1266 operatus
851 1195 913 1248 in
942 1196 1128 1250 nobis.
2387 1197 2444 1233 ιΝ
2488 1195 2675 1233 ΜιδδΑ
2709 1193 2826 1231 ΡΜ)
2867 1191 3085 1230 “HC”-

1955 1270 2185 1324 zEterne
2219 1270 2386 1322 Deus.
2425 1267 2800 1336 Implorantes
2830 1271 2942 1318 tuae
2989 1261 3300 1332 majestatis
3353 1261 3574 1314 miseri-

1887 1359 2158 1424 cordiam,
2186 1363 2247 1410 ut
2277 1359 2490 1410 famulo
2525 1360 2617 1409 tuo
2639 1358 2730 1423 N.,
2763 1355 2989 1408 veniam
3017 1368 3251 1405 suorum
3283 1350 3476 1420 largiri
3500 1350 3578 1403 di-

1887 1448 2078 1517 gneris
2128 1453 2519 1515 peccatorum;
2566 1450 2624 1498 ut
2658 1445 2727 1496 ab
2760 1443 3030 1496 omnibus
3062 1440 3281 1493 inimici
3339 1437 3576 1491 vinculis

1889 1536 2180 1600 libi-ratus,
2213 1535 2324 1587 tuis
2368 1539 2488 1586 toto
2530 1534 2695 1586 corde
2738 1532 3017 1586 mandatis
3049 1531 3366 1593 inhaereat;
3405 1534 3468 1580 ut
3524 1531 3576 1578 te

399 1333 464 1373 ΙΝ
509 1333 697 1373 MISSA
726 1334 1119 1374 SACERDOTIS
1157 1334 1458 1374 PROPRIA.

149 1427 379 1479 iﬁterne
425 1425 593 1478 Deus.
633 1425 740 1488 Qui
784 1425 1156 1479 dissimulatis
1193 1426 1462 1479 humanm
1494 1425 1773 1493 fragilita-

59 1513 156 1564 tis
187 1512 450 1583 peccatis,
484 1513 789 1567 sacerdotii
819 1513 1157 1581 dignitatem
1213 1514 1478 1566 concedis
1504 1511 1772 1581 indignis,

57 1612 130 1654 et
175 1619 284 1655 non
333 1602 517 1655 solum
567 1609 793 1672 pecvata
844 1602 1105 1669 dimittis,
1165 1619 1362 1657 verum
1396 1603 1567 1656 etiam
1622 1604 1776 1672 ipsos

1890 1628 2070 1676 solum
2106 1639 2331 1693 semper
2361 1628 2480 1676 tota
2504 1622 2708 1673 virtute
2745 1621 2963 1690 diligat,
2993 1625 3048 1672 et
3079 1619 3147 1672 ad
3173 1625 3286 1670 tuas
3319 1615 3574 1686 quando-

59 1697 411 1783 Ρεθεδίοτθὲ
451 1691 770 1783 ἀυεῐξθοδτθ
822 1691 1109 1783 dignaris:
1167 1692 1341 1761 cuius
1383 1698 1470 1745 θεῖ
1525 1693 1776 1783 “itineris
1819 1709 1858 1761 Β
1891 1729 2001 1783 que
2032 1691 2405 1765 beatitudinis
2436 1711 2708 1763 visionem
2768 1709 3067 1780 pervenire
3123 1711 3427 1760 mereatur.
3467 1705 3576 1757 Per

61 1786 146 1832 ut
181 1795 295 1833 non
327 1780 627 1832 existentia
659 1786 890 1834 sumant
920 1781 1170 1848 exordia,
1210 1786 1409 1834 exorta
1449 1780 1777 1833 nutrimen-

63 1873 234 1935 tum,
265 1869 480 1922 nutrita
519 1868 790 1932 fructum,
841 1869 1127 1923 fructuosa
1185 1870 1587 1938 perseverandi
1618 1869 1777 1922 auxi-

62 1955 250 2009 lium.
284 1955 389 2019 Qui
422 1972 512 2009 me
544 1972 661 2009 non
706 1957 1043 2010 existentem
1077 1957 1308 2022 creasti;
1342 1961 1594 2010 creatum
1645 1957 1779 2010 ﬁdei

67 2043 357 2096 ﬁrmitate
378 2043 608 2112 ditasti;
644 2045 890 2110 ﬁdelem,
924 2045 1185 2116 quamvis
1217 2045 1459 2115 peccatis
1513 2046 1779 2116 squalen-

71 2136 231 2199 tem,
263 2132 565 2186 sacerdotii
596 2133 880 2203 dignitate
909 2134 1154 2187 donasti.
1178 2135 1355 2187 Tuam
1387 2134 1563 2204 igitur
1589 2134 1778 2217 empi—

75 2221 404 2291 potentiam
442 2222 678 2292 supplex
703 2238 945 2291 exposco
1005 2228 1070 2276 ut
1123 2238 1216 2275 me
1245 2240 1274 2275 a
1320 2222 1623 2292 praeteritis
1649 2238 1780 2292 pec-

77 2310 231 2362 catis
258 2310 562 2377 emacules,
600 2310 660 2363 in
698 2310 901 2363 mundi
960 2311 1132 2380 hujus
1167 2327 1336 2364 cursu
1392 2311 1453 2364 in
1513 2310 1782 2381 operibus

77 2398 444 2466 corrobores,
472 2403 530 2451 et
556 2398 617 2452 in
646 2397 1088 2466 perseverantiae
1138 2399 1422 2452 soliditate
1453 2399 1776 2452 conﬁrmes.

81 2486 297 2556 Sicque
330 2503 419 2539 me
446 2486 559 2540 tuis
589 2487 861 2540 altaribus
895 2486 1068 2540 facias
1112 2486 1417 2551 deservire,
1467 2493 1527 2540 ut
1575 2488 1645 2540 ad
1687 2503 1780 2540 eo-

82 2591 222 2628 rum
242 2576 339 2645 qui
369 2575 475 2628 tibi
497 2575 858 2644 placuerunt,
901 2575 1263 2628 sacerdotum
1299 2575 1652 2628 consortium
1687 2592 1780 2628 va-

85 2664 243 2717 leam
266 2664 589 2732 pervenire.
615 2664 681 2716 Et
701 2679 805 2734 per
827 2679 959 2716 eum
982 2663 1086 2716 tibi
1117 2663 1193 2716 sit
1223 2663 1569 2732 acceptabile
1592 2669 1782 2717 votum

89 2767 307 2816 meum,
340 2752 441 2821 qui
471 2768 531 2805 se
557 2752 661 2806 tibi
690 2752 900 2805 obtulit
929 2752 991 2805 in
1022 2751 1393 2816 sacriﬁcium,
1428 2753 1526 2822 qui
1553 2758 1636 2804 est
1661 2768 1784 2804 om-

95 2842 256 2893 nium
285 2841 494 2910 opifex,
551 2846 608 2894 et
659 2842 812 2894 solus
841 2841 961 2893 sine
1018 2841 1243 2894 macula
1296 2840 1573 2910 pontifex,
1623 2841 1783 2894 Jesus

97 2929 352 2982 Christus
378 2929 658 2982 Dominus
688 2935 904 2982 noster.
935 2931 1040 2982 Per
1071 2945 1264 2999 quem.

858 3037 1010 3089 Alia.

166 3143 394 3196 [literne
436 3143 606 3194 Deus.
643 3143 750 3195 Per
795 3141 1081 3196 Christum
1139 3141 1449 3195 Dominum
1499 3149 1780 3198 nostrum.

94 3231 198 3292 Qui
233 3247 338 3301 pro
371 3246 568 3283 amore
593 3230 897 3284 hominum
924 3230 1105 3283 factus
1127 3231 1186 3282 in
1209 3230 1650 3285 similitudinem
1671 3248 1798 3285 car-.

99 3318 184 3371 nis
209 3319 451 3389 peccati,
486 3318 734 3371 formam
779 3317 929 3370 servi
963 3319 1242 3371 Dominus
1276 3320 1604 3388 assumpsit,
1640 3326 1695 3372 et
1726 3320 1784 3373 in

97 3408 280 3477 specie
313 3407 601 3461 vulnerati
631 3407 888 3461 medicus
919 3406 1254 3460 ambulavit.
1292 3406 1388 3460 Hic
1408 3408 1568 3460 nobis
1606 3409 1788 3461 Domi-

98 3512 199 3549 nus
222 3501 279 3549 et
329 3496 604 3566 magister
634 3495 852 3561 salutis,
896 3495 1199 3548 advocatus
1246 3500 1303 3548 et
1346 3496 1546 3565 judex,
1580 3496 1788 3550 sacriﬁ-

99 3584 286 3636 ticium
320 3569 380 3637 et
395 3585 674 3636 sacerdos.
719 3585 823 3636 Per
865 3583 1016 3636 hunc
1061 3589 1137 3649 te,
1173 3583 1412 3637 Domine
1444 3592 1654 3650 sancte,
1689 3587 1788 3638 Pa-

100 3683 178 3726 ter
207 3673 594 3742 omnipotens,
628 3672 962 3742 suppliciter
1007 3688 1203 3739 exoro,
1261 3677 1325 3726 ut
1375 3672 1512 3726 dum
1564 3680 1786 3727 reatum

101 3762 457 3816 conscientiae
484 3777 628 3815 mea),
657 3777 1028 3830 recognosco,
1082 3778 1195 3832 quo
1247 3761 1305 3814 in
1345 3763 1644 3832 prmceptis
1675 3764 1788 3816 tuis

104 3851 500 3920 praevaricator
543 3849 752 3912 exstiti,
790 3856 845 3902 et
877 3866 978 3920 per
1006 3849 1346 3904 delictorum
1388 3850 1611 3904 facinus
1669 3868 1790 3904 cor-

103 3941 184 3992 rui
212 3940 273 3992 in
306 3939 556 3993 ruinam.
590 3940 692 4004 'l‘u,
724 3940 985 4005 Domine,
1037 3939 1192 4009 erige
1226 3955 1398 4008 quem
1432 3940 1624 4009 lapsus
1657 3957 1786 4010 pec-

107 4028 204 4080 cati
235 4030 570 4098 prostravit;
628 4027 852 4080 illustra
904 4043 999 4081 cor
1030 4027 1183 4096 quod
1213 4032 1374 4080 tetraa
1423 4034 1787 4096 peccatorum

108 4118 367 4187 caligines
418 4117 892 4182 obscuraverunt;
959 4117 1112 4169 solve
1165 4117 1553 4186 compeditum
1614 4134 1786 4188 quem

109 4204 322 4259 vincula
354 4210 720 4275 peccatorum
751 4203 1185 4273 constringunt;
1237 4211 1442 4274 praesta
1475 4221 1578 4274 per
1624 4223 1788 4258 enm-

108 4293 227 4347 dem
258 4300 520 4347 sanctum
555 4300 612 4346 et.
632 4293 949 4360 gloriosum
981 4298 1038 4345 et
1066 4292 1424 4345 adorandum
1476 4295 1782 4348 Dominum

110 4387 354 4436 nostrum
372 4383 563 4435 Jesum
591 4381 876 4434 Christum
909 4380 1112 4433 Filium
1137 4385 1320 4447 tuum,
1352 4397 1523 4451 quem
1550 4383 1788 4437 laudant

110 4472 309 4540 angeli,
343 4469 536 4524 throni
567 4474 623 4522 ct
654 4469 1095 4523 dominationes.
1129 4469 1272 4523 Cum
1306 4471 1537 4539 quibus,
1572 4477 1678 4524 etc.

697 4578 867 4640 Infra
900 4578 1180 4629 actionem.

175 4685 324 4738 Hanc
379 4683 558 4752 igitur
589 4681 958 4746 oblationem,
997 4696 1171 4750 quam
1221 4680 1342 4745 tibi,
1411 4682 1668 4748 Domine,
1712 4683 1790 4736 of-

115 4769 244 4836 fero,
293 4788 396 4841 pro
456 4768 702 4840 peccatis
737 4769 880 4822 meis
926 4768 1118 4821 nimiis
1150 4775 1323 4839 atque
1354 4769 1786 4836 offensionibus,

113 4861 456 4928 majestatem
491 4865 648 4911 tuam
683 4858 817 4911 totis
849 4857 1083 4923 viribus,
1111 4858 1258 4910 Deus
1285 4858 1562 4927 piissime,
1584 4859 1789 4913 humili

109 4962 260 5014 prece
301 4948 550 5018 deposco
601 4947 908 5016 dignanter
957 4945 1252 5016 suscipias,
1309 4962 1552 4999 exorans
1582 4953 1643 5001 ut
1697 4964 1791 5001 re-

113 5035 287 5088 mittas
323 5035 572 5089 crimina
623 5050 752 5105 quae
796 5033 983 5086 carnis
1040 5034 1347 5103 fragilitate
1397 5039 1569 5104 atque
1603 5042 1790 5088 tenta-

113 5123 253 5178 tione
279 5124 618 5194 iniquorum
652 5123 960 5194 spirituum
1021 5122 1288 5192 nequiter
1327 5123 1556 5190 admisi,
1616 5124 1788 5178 etiam

115 5212 249 5265 ultra
277 5214 345 5266 ad
381 5229 476 5266 eas
510 5228 626 5265 non
687 5212 838 5264 sinas
871 5212 1102 5277 reverti,
1137 5211 1232 5265 sed
1265 5212 1539 5265 conﬁrma
1581 5229 1670 5265 me
1729 5212 1788 5265 in

109 5300 601 5367 justiﬁcationibus
625 5299 757 5364 tuis,
801 5305 857 5352 et
905 5301 1392 5370 perseverantiam
1431 5301 1574 5354 mihi
1605 5301 1789 5354 tribue

117 5387 166 5441 in
201 5389 325 5454 illis,
387 5395 444 5443 et
503 5389 590 5442 fac
646 5404 735 5442 me
775 5388 1015 5458 dignum
1074 5394 1204 5442 ante
1233 5395 1600 5458 conspectum
1623 5395 1789 5443 tuum

117 5482 305 5546 astare,
349 5477 813 5547 sacriﬁciumque
861 5477 965 5530 tibi
1008 5477 1252 5530 Domino
1283 5483 1433 5530 casto
1465 5494 1701 5545 corpore
1736 5483 1792 5533 et

119 5567 313 5621 mundo
345 5567 520 5621 corde
553 5566 725 5636 digne
755 5565 977 5620 offerre.
1013 5567 1122 5620 Per
1147 5565 1456 5620 Christum.

1889 1802 2198 1856 Christum.

2494 1872 2652 1935 Infra
2673 1871 2954 1922 actionem.

1963 1963 2116 2014 llanc
2145 1959 2320 2031 igitur
2361 1959 2732 2022 oblationem,
2765 1972 2934 2026 quam
2981 1955 3085 2009 tibi
3142 1952 3434 2007 offerimus
3478 1965 3580 2021 pro

1889 2050 2104 2103 famulo
2152 2054 2250 2102 tuo
2285 2049 2372 2115 N.,
2414 2053 2476 2100 ut
2521 2062 2751 2100 omnem
2805 2050 3166 2115 peccatorum
3214 2056 3450 2094 suorum
3481 2055 3580 2092 ve-

1890 2139 2044 2192 niam
2077 2137 2350 2207 consequi
2395 2140 2701 2200 mereatur,
2760 2148 3108 2203 quaesumus,
3141 2131 3400 2194 Domine,
3451 2128 3580 2197 pla-

1890 2234 2048 2281 catus
2096 2227 2356 2296 accipias,
2391 2231 2446 2278 et
2487 2222 2855 2278 miseratione
2911 2225 3026 2273 tuae
3058 2217 3339 2288 largitatis
3387 2231 3582 2268 conce-

1890 2316 2008 2383 das,
2065 2322 2126 2369 ut
2154 2317 2252 2369 ﬁat
2309 2315 2360 2368 ei
2409 2314 2477 2368 ad
2535 2312 2760 2365 veniam
2821 2310 3182 2375 delictorum,
3234 2311 3292 2360 et
3351 2310 3577 2358 actuum

1891 2403 2390 2463 emendationem;
2443 2408 2506 2455 ut
2556 2407 2613 2454 et
2669 2401 2761 2454 hic
2793 2400 2975 2452 valeat
3003 2397 3148 2451 bene
3179 2396 3388 2460 vivere,
3422 2397 3478 2447 et
3509 2392 3580 2446 ad

1891 2499 2166 2548 aeternam
2205 2491 2618 2546 beatitudinem
2651 2489 2891 2542 feliciter
2922 2485 3240 2557 pervenire.

2413 2610 2530 2649 PRO
2568 2606 3061 2648 FAMILIARIBUS.

1961 2688 2195 2742 Aiterne
2239 2687 2402 2738 Deus.
2457 2681 2828 2737 Clementiam
2862 2686 3020 2734 tuam
3060 2677 3259 2748 pronis
3291 2674 3581 2729 mentibus

1892 2776 2274 2838 obsecrantes,
2310 2777 2371 2826 ut
2401 2772 2645 2825 famulos
2678 2776 2804 2823 tuos
2847 2774 2897 2822 et
2926 2767 3190 2827 famulas,
3244 2780 3386 2835 quos
3445 2779 3580 2815 san-

1893 2873 1995 2917 ctae
2025 2861 2344 2916 dilectionis
2403 2859 2788 2913 familiaritate
2848 2857 3016 2909 nobis
3056 2852 3422 2924 conjunxisti,
3476 2850 3581 2904 tibi

1892 2951 2066 3006 facias
2113 2956 2232 3004 toto
2262 2949 2432 3003 corde
2467 2948 2778 3016 subjectos;
2824 2951 2886 2998 ut
2916 2951 3025 2997 tua?
3059 2942 3352 2996 cliaritatis
3380 2939 3578 3010 spiritu

1822 3037 1861 3091 C
1895 3041 2116 3110 repleti,
2151 3057 2183 3092 a
2211 3038 2449 3091 terrenis
2489 3036 2838 3090 mundentur
2879 3032 3311 3104 cupiditatibus,
3365 3035 3421 3083 et
3469 3045 3580 3082 coe-

1891 3129 2020 3182 lesti
2051 3128 2424 3192 beatitudine,
2483 3131 2535 3179 te
2592 3125 2841 3178 donante
2889 3123 3048 3192 digni
3097 3119 3434 3175 efﬁciantur.
3476 3119 3584 3171 Per

1894 3217 2202 3272 Christum.

2516 3286 2672 3350 Infra
2703 3286 2982 3337 actionem.

1924 3379 1937 3388 '
1967 3378 2124 3431 Hanc
2153 3377 2330 3446 igitur
2362 3375 2708 3428 oblationem
2743 3371 3091 3426 famulorum
3123 3369 3583 3435 famularumque

1897 3470 2122 3519 tuarum
2159 3480 2331 3534 quam
2364 3462 2466 3516 tibi
2507 3461 2822 3524 oﬁ‘erimus,
2864 3460 2935 3512 ob
2965 3459 3325 3512 devotionem
3377 3451 3585 3506 mentis

1895 3569 2116 3616 eorum,
2147 3553 2274 3622 pius
2330 3567 2391 3603 ac
2446 3549 2725 3618 propitius
2776 3546 3043 3600 clementi
3103 3545 3258 3597 vultu
3311 3541 3581 3610 accipias;

1893 3642 1996 3696 tibi
2045 3641 2432 3710 supplicantes
2461 3639 2644 3690 libens
2688 3641 2946 3705 protege,
2990 3634 3295 3702 dignanter
3352 3628 3581 3694 exaudi,

1893 3737 1950 3784 et
1978 3735 2190 3783 interna
2222 3745 2318 3782 eos
2346 3725 2695 3797 protectione
2721 3739 3016 3786 conserva,
3052 3727 3112 3774 ut
3137 3735 3366 3789 semper
3397 3719 3455 3770 in
3484 3723 3587 3770 tua

1895 3819 2172 3886 religione
2224 3818 2502 3878 laetantes,
2562 3815 2840 3866 instanter
2888 3812 2946 3864 in
3030 3815 3241 3863 sancta:
3295 3805 3586 3861 Trinitatis

1897 3907 2250 3962 confessione
2281 3914 2336 3958 et.
2356 3904 2466 3957 ﬁde
2505 3903 2778 3956 catholica
2811 3903 3192 3970 perseverent.

2661 4007 2815 4061 Alia.

1967 4102 2196 4156 :Eterne
2238 4099 2402 4152 Deus.
2438 4097 2613 4165 Cujus
2643 4093 3060 4163 omnipotentia
3091 4089 3452 4160 deprecanda
3481 4092 3585 4155 est,

1897 4187 2287 4242 misericordia
2333 4186 2643 4250 exoranda,
2695 4184 2878 4254 pietas
2936 4179 3351 4252 amplectenda.
3418 4177 3591 4248 Cujus

1900 4276 2254 4346 majestatem
2304 4276 2510 4328 humili
2544 4289 2708 4344 prece
2754 4271 3139 4343 deposcimus,
3174 4274 3238 4322 ut
3267 4267 3494 4321 famulis
3528 4270 3583 4319 et

1899 4365 2221 4420 famulabus
2252 4364 2647 4417 remissionem
2681 4367 3044 4431 peccatorum
3074 4359 3310 4423 tribuas,
3361 4371 3589 4409 eorum-

1899 4471 2011 4525 que
2045 4454 2161 4506 vias
2206 4454 2266 4506 in
2324 4458 2422 4506 tua
2453 4453 2743 4505 volunt-ate
2783 4450 3015 4517 dirigas,
3067 4463 3276 4516 eosque
3307 4463 3341 4498 a
3374 4443 3592 4498 cunctis

1901 4543 2067 4596 malis
2088 4542 2319 4610 eripias,
2364 4547 2648 4612 quatenus
2700 4539 2770 4592 ab
2830 4537 3097 4590 omnibus
3148 4531 3591 4586 adversitatibus

1900 4627 2068 4694 eruti,
2105 4631 2218 4685 tuis
2247 4631 2412 4684 donis
2443 4628 2767 4690 confortati,
2816 4631 2872 4677 et
2913 4626 2984 4677 ad
3024 4625 3300 4675 bonorum
3360 4620 3590 4672 deside-

1899 4721 2120 4773 riorum
2156 4727 2285 4773 vota
2332 4719 2694 4788 perveniant,
2745 4719 2800 4766 et
2831 4729 2958 4783 qua:
3009 4712 3161 4781 juste
3216 4709 3506 4778 postulant
3535 4713 3588 4761 te

1899 4809 2180 4880 largiente
2210 4807 2543 4879 percipiant.
2579 4807 2682 4858 Per
2712 4803 3018 4858 Christum.

2189 4929 2306 4968 PRO
2363 4925 2745 4974 QUACUNQUE
2788 4920 3294 4962 TRIBULATIONE.

1972 5002 2204 5056 [Eterne
2239 5002 2401 5053 Deus.
2433 4998 2539 5061 Qui
2568 4997 2935 5066 fragilitatem
2972 5007 3226 5047 nostram
3252 5008 3366 5045 non
3401 4991 3588 5044 solum

1901 5089 2354 5144 misericorditer
2375 5087 2540 5142 donis
2575 5085 2986 5154 temporalibus
3027 5081 3360 5147 consolaris,
3393 5086 3455 5134 ut
3485 5095 3590 5134 nos

1900 5178 1969 5231 ad
1997 5183 2208 5230 aeterna
2266 5175 2570 5245 provehas,
2623 5174 2722 5226 sed
2753 5174 2926 5226 etiam
2982 5171 3120 5241 ipsis
3155 5169 3590 5224 adversitatibus

1903 5265 2097 5318 saeculi
2131 5263 2417 5334 benignus
2449 5262 2663 5330 erudis,
2699 5267 2759 5316 ut
2783 5261 2855 5315 ad
2886 5259 3136 5314 caelestia
3167 5274 3342 5328 regna
3373 5258 3587 5328 perdu-

1900 5369 2010 5406 cas.
2047 5353 2154 5405 Per
2183 5352 2490 5406 Christum.

2365 5471 2484 5511 PRO
2521 5471 2715 5511 AMICO
2741 5467 3124 5508 TRIBULATO.

1971 5565 2204 5621 IEterne
2239 5565 2404 5619 Deus.
2455 5560 2562 5626 Qui
2595 5577 2655 5615 es
2703 5561 2990 5632 justorum
3040 5557 3224 5630 gloria
3271 5558 3328 5608 et
3376 5555 3598 5610 miseri-
