3868 6228
289 235 390 288 923

1015 233 1350 288 GRIMALDI
1391 233 1723 287 SANGALL.
1765 234 1919 286 ABB.
1966 233 2098 287 LIB.
2142 234 2776 290 SACRAM.—PB/EF.
2818 236 3045 300 ANTIQ.
3705 237 3786 289 itii

290 365 481 420 cordia
527 369 910 436 peccatorum,
944 365 1217 436 pietatem
1248 369 1404 419 tuam
1437 367 1643 420 humili
1685 383 1849 437 prece
1879 367 1971 420 de-
2010 370 2053 421 A
2085 384 2435 437 quaesumus,
2470 368 2728 437 placatus
2754 368 2986 423 intende
3017 387 3028 423 :
3058 386 3161 441 pro
3204 387 3319 441 quo
3353 368 3660 439 majestati
3690 374 3783 422 tua

290 454 579 525 poscimus
607 460 689 520 ut,
722 454 1111 508 intercedente
1152 455 1319 508 beata
1352 455 1449 510 Dei
1479 456 1750 525 genitrice
1784 457 1972 519 Maria,

288 544 672 614 omnibusque
703 545 909 597 sanctis
958 544 1091 611 tuis,
1153 544 1435 597 famulum
1486 551 1648 598 tuum
1695 545 1978 615 benignus

290 632 581 701 respicias,
617 636 668 685 et
699 632 926 700 pietatis
949 639 1062 685 tua:
1094 633 1413 685 custodiam
1446 634 1497 685 ei
1537 634 1855 704 impendas,
1892 640 1977 688 at-

288 736 399 790 que
429 721 499 774 ab
528 722 685 774 omni
714 721 1084 775 tribulatione
1118 726 1172 775 et
1202 723 1467 791 angustia
1510 723 1738 792 eripias,
1774 728 1978 792 quate-

288 826 396 863 nus
428 826 493 863 ex
528 816 648 863 toto
690 812 861 864 corde
915 816 970 863 et
1013 827 1081 864 ex
1138 815 1257 863 tota
1305 817 1497 863 mente
1546 811 1649 864 tibi
1681 812 1979 865 deserviat“

289 902 346 951 et
375 899 479 952 sub
520 903 618 951 tua
651 916 878 969 semper
923 900 1276 969 protectione
1315 900 1608 966 consistat,
1652 904 1713 952 ut
1750 900 1979 970 quando

290 986 344 1039 ei
382 992 641 1040 extrema
672 988 791 1040 dies
838 988 1075 1053 venerit,
1117 988 1448 1040 societatem
1482 992 1807 1040 sanctorum
1847 1004 1975 1057 per-

290 1075 482 1145 cipiat,
514 1078 571 1129 et
619 1077 906 1146 possideat
936 1093 1065 1130 cum
1115 1077 1196 1130 eis
1228 1076 1347 1131 sine
1396 1076 1509 1130 ﬁne
1538 1076 1977 1130 inenarrabilem

290 1164 553 1234 gloriam.
588 1167 694 1219 Per
724 1165 1028 1219 Christum.

893 1273 1057 1338 Infra
1097 1274 1377 1326 actionem.

363 1359 519 1413 Hanc
563 1359 742 1430 igitur
793 1360 1148 1414 oblationem
1175 1376 1347 1430 quam
1387 1360 1490 1414 tibi
1524 1360 1835 1427 offerimus,
1872 1362 1979 1415 Do-

290 1447 465 1514 mine,
507 1465 609 1519 pro
664 1448 996 1503 liberatione
1036 1453 1090 1502 et
1142 1449 1531 1502 consolatione
1563 1450 1763 1503 famuli
1799 1451 1879 1503 tui
1912 1450 1977 1503 N.

289 1552 489 1589 sereno
517 1538 673 1591 vultu
700 1543 945 1607 accepta,
981 1542 1043 1591 ut
1080 1554 1192 1591 non
1224 1554 1354 1591 eum
1382 1538 1534 1590 fraus
1574 1540 1826 1591 humana
1884 1539 1980 1591 de-

284 1624 469 1692 jiciat;
502 1642 615 1679 non
649 1631 746 1680 tua
790 1626 1057 1680 divinitas
1107 1643 1175 1680 ex
1199 1627 1412 1697 judicio
1444 1627 1674 1696 puniat;
1740 1644 1854 1680 non
1888 1644 1978 1680 ca-

288 1714 558 1783 stigatum
584 1715 807 1783 justitia
838 1732 1252 1785 usquequaque
1282 1715 1603 1785 demerget;
1641 1732 1753 1770 non
1776 1717 1976 1787 iniqui-

288 1806 371 1855 tas
399 1803 655 1872 propria,
690 1820 804 1856 non
840 1804 1151 1857 adversitas
1190 1810 1457 1874 aggravet
1488 1804 1691 1857 aliena.
1750 1805 1805 1858 Si
1838 1806 1975 1875 quid

287 1889 394 1944 tibi
428 1890 691 1960 deliquit,
726 1891 985 1960 ignosce!
1025 1891 1069 1942 si
1118 1891 1255 1960 quid
1299 1891 1537 1944 offendit
1570 1892 1586 1911 ’
1622 1892 1973 1957 hominibus,

284 1982 342 2031 tu
378 1978 630 2044 dimitte;
666 1978 939 2031 submove
981 1978 1050 2031 ab
1110 1995 1176 2031 eo
1209 1978 1490 2032 cruciatus
1540 1980 1746 2033 mentis
1803 1980 1975 2033 simul

285 2071 339 2119 et
372 2065 648 2135 corporis,
685 2070 748 2118 ut
796 2070 849 2119 te
883 2072 1259 2135 compunctus
1313 2068 1587 2138 requirat,
1620 2085 1650 2121 a
1694 2074 1745 2122 te
1796 2073 1975 2121 tactus

285 2153 591 2224 diligenter
622 2153 897 2225 exquirat.

888 2274 1365 2315 PROINFIRMIS.

352 2349 585 2402 JEterne
619 2350 785 2402 Deus.
820 2349 929 2414 Qui
958 2350 1203 2403 famulos
1251 2356 1375 2402 tuos
1418 2350 1545 2403 ideo
1597 2350 1973 2419 corporaliter

284 2437 550 2489 verberas
584 2442 645 2491 ut
677 2443 864 2491 mente
896 2438 1218 2507 proﬁciant,
1252 2442 1306 2490 et
1360 2439 1644 2507 patienter
1693 2440 1969 2508 ostendis,

284 2526 436 2595 quod
470 2526 543 2579 sit
570 2526 796 2596 pietatis
818 2531 930 2581 tuae
965 2528 1233 2596 praeclara
1266 2527 1522 2591 salvatio,
1559 2526 1696 2580 dum
1730 2533 1967 2597 praestas

284 2620 349 2667 ut
377 2620 644 2684 operetur
673 2615 840 2669 nobis
871 2616 1044 2670 etiam
1094 2616 1219 2686 ipsa
1274 2616 1573 2669 inﬁrmitas
1625 2617 1971 2671 medicinam

285 2704 659 2757 Clementiam
704 2705 880 2775 igitur
928 2711 1086 2758 tuam
1125 2705 1321 2774 pronis
1375 2705 1661 2758 mentibus
1719 2706 1973 2759 obsecra-

282 2808 430 2856 mus,
466 2798 528 2847 ut
558 2794 771 2847 famulo
802 2798 901 2847 tuo
932 2795 995 2847 N.
1052 2795 1295 2847 salutem
1347 2795 1557 2847 mentis
1605 2799 1659 2847 et
1689 2794 1970 2863 corporis,

284 2885 338 2934 et
366 2882 655 2935 continuae
687 2882 1081 2953 prosperitatis
1115 2890 1425 2952 augmenta
1458 2883 1653 2953 largiri
1692 2882 1966 2953 digneris.

282 2970 389 3024 Per
410 2970 717 3024 Christum.

876 3072 994 3113 PRO
1034 3072 1381 3113 DEFUNCTO.

351 3147 586 3201 JEterne
629 3147 798 3200 Deus.
854 3149 960 3200 Per
990 3147 1277 3201 Christum
1329 3147 1635 3200 Dominum
1690 3150 1975 3218 nostrum,

281 3250 385 3304 per
416 3250 588 3305 quem
612 3234 763 3287 salus
795 3234 1015 3287 mundi.
1050 3235 1158 3287 Per
1189 3249 1361 3302 quem
1408 3234 1520 3287 vita
1555 3234 1835 3302 omnium,
1870 3251 1976 3305 per

283 3340 455 3395 quem
474 3340 711 3391 resurr.,
750 3329 878 3387 etc.,
909 3328 974 3377 ut
991 3324 1145 3377 inter
1171 3324 1367 3377 Ambr.

884 3431 1044 3496 Infra
1076 3433 1360 3484 actionem.

354 3518 506 3571 Hanc
527 3517 706 3588 igitur
735 3518 1108 3583 oblationem,
1144 3519 1404 3586 Domine,
1441 3534 1614 3589 quam
1647 3519 1751 3573 tibi
1783 3519 1972 3573 offeri-

282 3620 409 3659 mus
437 3622 542 3677 pro
565 3606 757 3660 anima
783 3608 985 3661 famuli
1013 3608 1097 3661 tui
1128 3609 1190 3661 Ν.
1228 3608 1390 3678 cujus
1407 3608 1785 3676 depositionis
1820 3608 1971 3662 diem

280 3694 651 3759 celebramus,
686 3713 799 3766 quo
832 3697 1093 3767 deposito
1139 3713 1379 3767 corpore
1424 3699 1619 3751 anima
1660 3697 1763 3750 tibi
1801 3697 1967 3750 Crea-

279 3784 391 3837 tori
416 3784 686 3852 reddidit,
717 3802 891 3855 quam
914 3786 1143 3850 dedisti,
1205 3802 1558 3854 quaesumus,
1615 3791 1679 3840 ut
1712 3786 1972 3856 placatus

279 3872 566 3938 intendas,
593 3890 695 3943 pro
719 3890 831 3943 quo
856 3875 1102 3944 petimus
1126 3874 1377 3927 divinam
1400 3876 1767 3928 clementiam
1791 3880 1969 3942 tuam,

279 3966 343 4014 ut
373 3962 570 4016 mortis
600 3962 840 4015 vinculis
880 3962 1195 4027 absolutus,
1230 3964 1540 4017 transitum
1572 3968 1865 4017 mereatur
1903 3964 1971 4018 ad

279 4049 476 4103 vitam.
510 4051 618 4103 Per
641 4050 951 4105 Christum.

740 4170 856 4210 PRO
896 4171 1139 4210 ABBATE
1178 4172 1528 4212 DEFUNCTO.

353 4243 584 4297 Eterne
638 4244 805 4296 Deus.
840 4245 1118 4307 Quoniam
1155 4246 1414 4314 quamvis
1470 4248 1723 4299 humano
1776 4246 1973 4314 generi

282 4331 488 4387 mortis
519 4331 678 4385 illata
725 4334 974 4386 conditio
1038 4340 1269 4403 pectora
1302 4338 1496 4387 nostra
1527 4334 1847 4399 contristet,
1884 4341 1975 4388 ta-

280 4436 415 4475 men
464 4420 788 4474 clementize
845 4421 1018 4487 dono,
1081 4438 1178 4490 spe
1233 4422 1441 4475 futurae
1524 4422 1971 4476 immortalitatis

281 4510 581 4580 erigimur,
614 4526 677 4563 ac
719 4526 1002 4563 memores
1047 4510 1243 4563 salutis
1274 4515 1521 4577 aeternae,
1555 4528 1673 4565 non
1704 4513 1975 4565 timemus

280 4595 424 4649 lucis
482 4595 655 4664 hujus
701 4595 980 4649 sustinere
1031 4596 1334 4666 jacturam.
1370 4596 1645 4659 Quoniam
1698 4596 1975 4651 beneﬁcio

282 4685 481 4754 gratiae
536 4690 650 4738 tuae
690 4684 951 4738 ﬁdelibus
983 4686 1096 4738 vita
1146 4702 1257 4738 non
1295 4686 1536 4752 tollitur,
1570 4685 1668 4738 sed
1700 4690 1975 4752 mutatur,

281 4778 450 4843 atque
490 4773 701 4826 animae
754 4789 1031 4842 corporeo
1077 4775 1363 4843 ergastulo
1418 4774 1677 4827 liberatae
1735 4774 1975 4827 horrent

283 4861 565 4928 mortalia,
600 4862 735 4915 dum
762 4862 1115 4916 immortalia
1142 4868 1589 4932 consequuntur.
1636 4862 1796 4918 Unde
1829 4879 1979 4932 quae-

284 4966 482 5004 sumus
515 4955 576 5003 ut
597 4951 845 5004 famulus
875 4957 1024 5004 tuus.
1056 4952 1120 5004 N.
1160 4951 1219 5003 in
1248 4951 1629 5005 tabernaculis
1680 4952 1977 5005 beatorum

284 5038 648 5104 constitutus,
730 5040 968 5092 evasisse
1030 5041 1285 5094 carnales
1363 5056 1422 5093 se
1467 5040 1747 5109 glorietur
1803 5055 1980 5109 angu-

285 5127 442 5193 stias,
474 5127 744 5198 diemque
777 5128 980 5197 judicii
1011 5145 1139 5181 cum
1184 5128 1394 5183 ﬁducia
1426 5135 1557 5183 voto
1601 5129 1970 5200 glorificatio-

285 5214 376 5268 nis
402 5220 705 5284 exspectet.
743 5218 848 5269 Per
879 5217 1189 5271 Christum.

893 5326 1056 5387 Infra
1093 5326 1370 5377 actionem.

361 5408 515 5460 Hanc
560 5406 737 5474 igitur
768 5410 1141 5472 oblationem,
1208 5411 1462 5479 Domine,
1497 5427 1669 5480 quam
1731 5410 1837 5463 tibi
1869 5427 1974 5480 pro

290 5492 647 5562 depositione
680 5495 879 5550 famuli
928 5505 982 5550 et
1030 5498 1339 5551 sacerdotis
1389 5498 1473 5551 tui
1524 5500 1583 5552 N.
1644 5498 1977 5567 deferimus,

2088 456 2373 526 supplices
2412 457 2709 510 fundimus
2757 474 2973 527 preces,
3018 463 3081 512 ut
3123 475 3256 512 eum
3306 460 3369 512 in
3403 474 3671 512 numero
3703 458 3787 511 tibi

2088 544 2417 613 placentum
2438 542 2677 611 cens'eri,
2709 546 2882 599 facias
2904 546 3282 600 sacerdotum.

2429 668 2493 706 IN
2534 668 2729 708 UNIUS
2762 669 3434 710 EPISCOPITTRANSITU.

2158 759 2384 810 KEterne
2426 758 2592 811 Deus.
2649 759 2917 812 Devotam
2970 759 3335 813 clementiam
3395 765 3563 812 tuam
3636 758 3793 810 obse-

2088 851 2334 911 crantes,
2368 852 2433 899 ut
2462 847 2715 900 animam
2770 848 2970 902 famuli
3006 849 3083 901 tui
3116 853 3171 902 et
3202 849 3456 919 episcopi
3490 848 3585 900 tui
3646 848 3710 900 Ν.
3745 848 3794 899 in

2089 935 2401 988 electorum
2433 935 2658 989 tibimet
2689 936 3029 1006 pontiﬁcum
3061 953 3303 990 numero
3332 938 3543 1007 jubeas
3606 937 3795 987 consi~

2090 1028 2238 1076 stere
2269 1024 2611 1093 gaudenter;
2649 1029 2709 1077 ut
2736 1025 2835 1095 qui
2866 1025 2958 1079 hic
3008 1032 3107 1079 tuo
3141 1042 3247 1095 pro
3295 1026 3376 1078 eis
3407 1025 3668 1095 supplex
3704 1025 3793 1076 de-

2089 1112 2371 1165 serviebat
2397 1112 2579 1179 altari,
2638 1113 2888 1184 gloriosa
2918 1114 3035 1167 illic
3064 1131 3196 1167 cum
3226 1114 3307 1167 eis
3340 1119 3437 1167 tua
3492 1120 3796 1167 mereatur

2088 1199 2260 1253 laude
2291 1200 2725 1255 communicari.
2752 1203 2857 1254 Per
2889 1202 3196 1256 Christum.

2702 1309 2862 1372 Infra
2892 1310 3171 1361 actionem.

2163 1394 2317 1447 Hanc
2356 1393 2534 1463 igitur
2580 1394 2954 1460 oblationem,
2989 1411 3159 1465 quam
3196 1394 3303 1449 tibi
3329 1394 3640 1448 offerimus
3698 1410 3797 1463 pro

2090 1483 2636 1536 commemoratione
2685 1483 3059 1553 depositionis
3094 1485 3300 1537 animae
3334 1484 3536 1537 famuli
3576 1488 3638 1536 et
3671 1483 3795 1551 epi—

2090 1571 2244 1641 scopi
2276 1571 2356 1623 tui
2400 1573 2485 1638 N.,
2521 1588 2867 1642 quaesumus,
2937 1573 3198 1639 Domine,
3253 1578 3315 1627 ut
3342 1574 3608 1643 placatus
3642 1572 3795 1623 acci-

2020 1668 2059 1721 B
2090 1660 2229 1729 pias,
2273 1664 2330 1712 et
2355 1676 2525 1730 quem
2566 1662 2624 1714 in
2655 1678 2890 1731 corpore
2938 1661 3313 1716 constitutum
3363 1662 3525 1715 sedes
3556 1666 3792 1731 aposto-

2084 1748 2207 1801 licm
2230 1749 2619 1817 gubernaculo
2653 1766 2897 1820 praeesse
2924 1750 3173 1817 voluisti,
3209 1751 3268 1803 in
3297 1751 3625 1804 electorum
3663 1754 3791 1801 tuo-

2085 1853 2213 1890 rum
2243 1854 2484 1891 numero
2516 1840 2815 1893 constitue.

2420 1959 2482 1998 1R
2530 1960 2849 2000 TRANSITU
2894 1961 3087 2000 UNIUS
3130 1961 3447 2000 MONACHI.

2154 2051 2384 2105 fEterne
2430 2052 2599 2105 Deus.
2636 2052 2743 2115 Qui
2792 2052 2956 2106 nobis
2982 2053 3039 2105 in
3074 2053 3293 2108 Christo
3330 2053 3469 2105 Filio
3499 2057 3603 2105 tuo
3662 2050 3783 2103 uni-

2082 2137 2278 2205 genito
2341 2140 2582 2192 Domino
2635 2146 2853 2207 nostro,
2916 2157 3077 2210 spcm
3124 2141 3303 2194 beata:
3339 2140 3786 2193 resurrectionis

2084 2228 2433 2294 concessisti,
2477 2235 2704 2299 praesta,
2744 2246 3090 2299 quaesumus,
3125 2234 3187 2281 ut
3229 2228 3422 2281 anima
3462 2228 3673 2281 famuli
3704 2228 3783 2279 tui

2084 2313 2172 2380 N.,
2208 2331 2310 2384 pro
2342 2333 2454 2386 qua
2481 2318 2587 2370 hoc
2619 2317 2959 2373 sacriﬁcium
2985 2318 3397 2387 redemptionis
3432 2322 3645 2369 nostrze
3674 2322 3782 2367 tuze

2084 2402 2343 2456 offrimus
2382 2405 2684 2474 majestati,
2738 2406 2809 2458 ab
2850 2406 3008 2459 omni
3048 2406 3261 2458 munda
3315 2404 3486 2457 sorde
3534 2402 3774 2472 peccati,

2084 2490 2150 2541 ad
2187 2490 2365 2544 beatm
2410 2494 2839 2546 resurrectionis
2871 2492 3150 2563 requiem,
3183 2498 3235 2545 te
3267 2493 3599 2557 miserante,
3655 2506 3776 2542 cum

2081 2579 2258 2631 servis
2291 2578 2403 2631 tuis
2435 2579 2733 2649 pervenire
2763 2586 3067 2633 mereatur.
3104 2581 3208 2632 Per
3239 2579 3527 2632 eumdem.

2692 2689 2847 2749 Infra
2873 2690 3152 2740 actionem.

2153 2774 2307 2827 Hanc
2355 2773 2533 2843 igitur
2563 2775 2931 2842 oblationem,
2978 2791 3152 2845 quam
3182 2774 3283 2827 tibi
3313 2790 3416 2844 pro
3452 2772 3649 2827 anima
3688 2772 3769 2825 fa-

2081 2860 2225 2913 muli
2246 2860 2329 2913 tui
2365 2863 2426 2914 N.
2460 2862 2726 2915 monachi
2753 2862 3065 2929 offerimus,
3100 2878 3272 2932 quem
3301 2862 3371 2915 de
3402 2861 3621 2914 carnali
3648 2875 3772 2912 cor—

2013 2964 2052 3018 C
2080 2949 2348 3017 ruptione
2384 2949 2656 3016 liberasti,
2714 2966 3060 3019 quwsumus,
3099 2950 3362 3009 Domine,
3401 2954 3462 3002 ut
3515 2951 3767 3018 placatus

2087 3036 2365 3106 accipias;
2393 3042 2449 3089 et
2470 3037 2749 3107 quidquid
2771 3038 3039 3090 humanm
3058 3037 3400 3090 conditionis
3433 3036 3767 3106 obreptione

2087 3125 2366 3178 contraxit
2396 3124 2519 3178 vitii
2560 3125 2774 3191 deleas;
2836 3130 2896 3177 ut
2947 3124 3059 3177 tuis
3124 3123 3426 3193 puriﬁcata
3487 3122 3765 3183 remediis,

2087 3213 2156 3267 ad
2188 3214 2460 3283 gaudium
2493 3213 2788 3283 perveniat
2815 3213 3252 3282 sempiternum.

2481 3339 2598 3378 PRO
2636 3339 2958 3378 PLURIBUS
3008 3340 3383 3378 DEFUNCTIS.

2154 3431 2386 3485 Eteme
2416 3429 2583 3483 Deus.
2616 3428 2723 3492 Qui
2755 3428 2921 3482 nobis
2949 3428 3008 3482 in
3042 3428 3268 3485 Christo
3295 3427 3591 3498 unigenito
3636 3427 3766 3480 Filio

2083 3522 2181 3573 tuo
2216 3517 2456 3571 Domino
2483 3524 2676 3571 nostro
2707 3534 2868 3587 spem
2892 3517 3073 3571 beatae
3108 3516 3538 3570 resurrectionis
3576 3529 3767 3569 conce-

2082 3607 2236 3677 pisti,
2274 3611 2496 3676 praesta,
2533 3622 2885 3677 quaesumus,
2930 3611 2990 3659 ut
3021 3606 3250 3671 animae,
3296 3622 3401 3675 pro
3436 3604 3643 3675 quibus
3670 3603 3765 3655 hoc

2083 3694 2424 3751 sacrificium
2475 3695 2884 3764 redemptionis
2908 3699 3117 3747 nostrae
3172 3699 3286 3747 tua:
3327 3694 3620 3749 offerimus
3656 3706 3766 3745 ma-

2079 3783 2294 3854 jestati,
2341 3783 2413 3836 ad
2455 3783 2638 3837 beata:
2693 3783 3125 3837 resurrectionis
3186 3774 3470 3853 requiem,
3507 3787 3560 3835 te
3606 3781 3763 3835 mise-

2080 3877 2263 3937 rante,
2309 3887 2438 3925 cum
2485 3872 2696 3926 sanctis
2750 3872 2863 3926 tuis
2918 3872 3218 3942 pervenire
3262 3877 3610 3925 mereantur.
3668 3870 3763 3922 Per

2085 3961 2391 4016 Christum.

2688 4051 2847 4116 Infra
2878 4052 3164 4103 actionem.

2151 4140 2305 4192 Hanc
2328 4138 2503 4208 igitur
2541 4138 2913 4205 oblationem,
2949 4137 3210 4204 Domine,
3247 4152 3601 4207 quaesumus,
3644 4135 3760 4205 pla-

2015 4263 2058 4317 Β
2084 4232 2243 4281 catus
2270 4227 2525 4294 intende,
2562 4243 2733 4297 quam
2769 4244 2872 4297 pro
2905 4227 3203 4279 animabus
3234 4226 3494 4279 omnium
3518 4225 3761 4279 ﬁdelium

2084 4316 2483 4370 defunctorum
2516 4322 2628 4369 tute
2658 4315 2943 4385 supplices
2970 4315 3304 4369 exhibemus
3338 4315 3558 4385 pietati,
3585 4320 3646 4366 ut
3674 4327 3762 4382 per

2086 4404 2207 4457 haec
2240 4410 2431 4457 sancta
2472 4405 2738 4474 mysteria
2781 4405 2850 4457 ab
2908 4403 3175 4456 omnibus
3233 4403 3507 4456 absolutae
3538 4400 3761 4473 peccatis

2084 4497 2313 4545 aeternae
2338 4491 2709 4545 beatitudinis
2742 4490 3046 4561 participes
3070 4490 3408 4544 efﬁciamur.

2688 4612 2802 4651 PRO
2847 4612 3186 4651 PLURIBUS.

2157 4706 2385 4759 Aiterne
2440 4706 2607 4757 Deus.
2643 4706 2748 4758 Per
2800 4704 3089 4758 Christum
3140 4702 3451 4755 Dominum
3496 4706 3758 4765 nostrum,

2087 4793 2186 4863 qui
2218 4794 2467 4863 seipsum
2519 4809 2622 4862 pro
2669 4793 2831 4845 nobis
2882 4792 3092 4845 obtulit
3146 4791 3569 4844 immolandum
3618 4790 3761 4859 cujus

2088 4886 2274 4934 morte
2308 4881 2421 4933 vita
2467 4880 2633 4933 nobis
2664 4881 2868 4934 collata
2894 4886 2977 4933 est
3002 4879 3376 4949 sempiterna,
3412 4879 3514 4949 qui
3560 4884 3761 4932 sancta-

2087 4986 2216 5023 rum
2269 4970 2526 5024 ﬁdelium
2587 4986 2716 5036 spes
2764 4969 3111 5033 animarum,
3174 4968 3634 5037 meritorumque
3669 4967 3757 5020 bo—

2088 5074 2295 5111 norum
2327 5058 2479 5111 idem
2511 5062 2912 5111 remunerator
2968 5057 3065 5127 qui
3095 5062 3151 5109 et
3211 5056 3563 5109 dominator.
3602 5054 3758 5118 Unde,

2088 5161 2443 5216 quaesumus,
2479 5146 2689 5199 animm
2726 5147 3077 5199 famulorum
3123 5145 3594 5214 famularumque
3650 5150 3757 5197 tua-

2085 5250 2235 5297 rum,
2294 5235 2556 5287 omnium
2606 5234 2871 5289 fidelium
2934 5233 3335 5288 defunctorum
3419 5227 3754 5286 remunerari

2086 5323 2267 5396 gloria
2306 5328 2639 5377 mereantur
2672 5329 2903 5391 aeterna,
2956 5338 3085 5376 cum
3136 5321 3288 5374 idem
3348 5320 3473 5390 ipse
3506 5321 3752 5375 Dominus

2088 5412 2461 5465 nosterJesus
2493 5410 2751 5465 Christus
2798 5411 2857 5464 in
2907 5409 3089 5481 gloria
3122 5424 3223 5462 sua
3253 5407 3479 5461 venerit
3516 5424 3643 5461 cum
3679 5420 3751 5458 an-

2087 5498 2230 5568 gelis
2260 5499 2399 5552 suis.
2432 5500 2537 5552 Per
2568 5514 2761 5568 quem.
