3868 6228
39 305 141 356 925

685 491 849 557 Infra
877 494 1155 547 actionem.

108 619 235 689 (A.)
282 622 449 676 Hanc
475 623 663 693 igitur
691 625 1061 691 oblationem,
1103 642 1279 697 quam
1313 626 1416 680 tibi
1466 643 1566 696 pro
1607 644 1770 681 com-

41 712 477 765 memoratione
519 714 849 768 animarum
880 716 936 768 in
984 732 1122 785 pace
1178 716 1585 770 dormientium
1636 735 1770 788 sup-

910 310 1077 366 MILO
1114 310 1484 368 MONACHUS
1522 311 1575 366 S.
1619 313 1885 368 AMAND.
1928 342 1993 352 —
2035 313 2315 369 NOTITIA
2354 312 2753 369 HISTORICA.

3467 317 3570 368 926

1806 449 2104 519 Apliciter
2185 450 2570 515 immolemus,
2647 467 2998 522 quaesumus,
3075 450 3340 518 Domine,
3412 450 3573 505 beni-

1881 554 2027 608 gnus
2074 540 2336 608 accipias,
2389 546 2443 593 et
2482 548 2577 593 tua
2619 541 2824 610 pietate
2873 541 3148 595 concedas
3197 546 3260 593 ut
3301 544 3355 594 et
3408 540 3572 593 nobis

1881 627 2139 697 proﬁciat
2165 628 2335 697 hujus
2362 628 2587 698 pietatis
2619 630 2870 695 affectus,
2913 636 2967 683 et
2992 630 3103 683 illis
3142 630 3410 699 impetret
3445 629 3573 683 bea-

1884 718 2190 771 titudinem
2233 719 2659 787 sempiternam.

832 945 1622 1049 GRIMALDI
1736 950 1926 1051 ET
2044 948 2824 1053 TATTONIS

1488 1121 1580 1172 AD
1635 1120 2147 1186 REGINBERTUM,

1102 1240 1461 1319 Magistrum
1491 1240 1727 1301 Scholae
1757 1242 2109 1302 monasterii
2130 1242 2322 1303 sancti
2355 1241 2547 1303 Galli.

1598 1378 2064 1451 EPISTOLA

1228 1535 1395 1598 (Apud
1428 1536 1621 1594 Baluz.,
1654 1536 1876 1599 Capitul.
1904 1540 2029 1584 tom.
2061 1537 2122 1597 lI,
2157 1536 2255 1585 col.
2292 1537 2450 1599 1382).

125 1760 622 1814 Prtestantissimo
672 1765 726 1814 et
767 1760 1044 1814 ineffabili
1076 1761 1377 1815 dilectione
1409 1761 1760 1815 nominando
1802 1762 1841 1814 Β
1876 1765 2051 1814 tatem
2090 1761 2411 1814 animarum
2439 1762 2675 1815 curavit.
2713 1762 2817 1816 Illa
2845 1776 2981 1829 ergo
3011 1761 3181 1814 verba
3213 1778 3341 1831 quae
3372 1776 3572 1830 supra-

65 1849 432 1903 Rnomnnaro
492 1850 833 1920 praeceptori
893 1851 1203 1905 GRIMALDUS
1265 1852 1513 1911 Tarrooe
1577 1866 1771 1919 supre-

67 1938 137 1989 mi
169 1938 518 1991 auditorum
550 1943 868 1992 vestrorum
897 1939 1158 2009 discipuli
1194 1940 1555 2009 sempiternae
1592 1940 1768 1992 felici-

69 2026 195 2079 tatis
223 2026 503 2080 salutem.

136 2116 420 2169 Memoria
469 2114 795 2169 dilectionis
825 2120 1029 2169 vestrae
1083 2116 1289 2169 animis
1339 2118 1545 2170 nostris
1576 2117 1771 2170 sedulo

69 2204 364 2257 inhaerens
399 2205 767 2257 immemores
797 2205 1143 2274 petitionum
1175 2211 1492 2259 vestrarum
1528 2206 1768 2277 promis-

76 2294 422 2363 sionumque
452 2298 784 2347 nostrarum
817 2310 936 2346 esse
967 2310 1080 2347 non
1111 2295 1411 2364 permittit.
1450 2297 1509 2347 Et
1550 2296 1771 2348 utinam

73 2384 178 2432 tam
245 2380 623 2450 proﬁcienter
665 2397 835 2451 quam
867 2388 1177 2451 spontanee
1209 2384 1365 2452 piam
1414 2385 1769 2438 voluntatem

78 2476 325 2521 vestram
371 2470 612 2538 implere
656 2469 1049 2523 valuissemus.
1100 2471 1237 2524 Ecce
1282 2472 1438 2525 vobis
1492 2474 1769 2542 Regulam

76 2556 216 2609 beati
236 2557 532 2611 Benedicti
566 2557 783 2628 egregii
814 2558 1077 2624 doctoris,
1112 2575 1284 2629 quam
1316 2560 1622 2613 benevolus
1654 2561 1771 2613 ani-

82 2660 196 2697 mus
226 2650 418 2699 vester
454 2662 684 2699 summo
731 2662 959 2716 semper
1004 2653 1295 2715 optaverat
1338 2648 1638 2714 desiderio,
1684 2648 1769 2702 di-

82 2733 346 2797 reximus,
405 2735 669 2788 sensibus
716 2741 772 2789 et
813 2735 1064 2804 syllabis,
1102 2752 1326 2790 necnon
1357 2737 1530 2790 etiam
1562 2737 1769 2791 litteris

86 2836 113 2871 a
154 2823 481 2890 supradicto
542 2818 728 2889 Patre,
777 2825 833 2877 ni
877 2825 1150 2890 fallimur,
1203 2825 1480 2879 ordinatis
1531 2826 1768 2879 minime

86 2915 396 2976 carentem;
446 2927 579 2981 quas
628 2913 695 2965 de
761 2913 858 2965 illo
908 2914 1253 2983 transcripta
1308 2920 1394 2967 est
1442 2916 1769 2983 exemplare

88 2999 227 3066 quod
256 3016 320 3053 ex
350 2999 479 3069 ipso
514 3003 903 3070 exemplatum
950 3007 1035 3055 est
1087 3003 1299 3064 codice,
1346 3019 1517 3072 quem
1568 3004 1767 3057 beatus

87 3087 237 3141 Pater
266 3089 442 3143 sacris
476 3090 743 3144 manibus
775 3091 890 3145 suis
906 3107 1152 3145 exarare
1184 3092 1254 3146 ob
1285 3094 1597 3146 multorum
1623 3092 1769 3145 sani-

1883 1849 2068 1902 dictus
2098 1851 2263 1902 Pater
2306 1850 2616 1903 secundum
2659 1854 2862 1913 artem,
2914 1852 3058 1902 sicut
3108 1850 3369 1902 nonnulli
3411 1854 3572 1902 autu-

1885 1944 2060 2003 mant,
2104 1938 2161 1990 in
2212 1942 2481 1990 contextu
2536 1939 2767 2007 Regulm
2807 1938 2976 2007 hujus
3025 1954 3140 1990 non
3188 1937 3447 2003 inseruit,
3507 1937 3575 1991 de

1883 2027 2007 2080 aliis
2039 2027 2322 2097 Regulisa
2364 2027 2652 2081 modernis
2703 2027 2972 2080 correctis
3021 2027 3307 2095 magistris
3355 2026 3578 2079 collexi-

1884 2131 2031 2180 mus,
2068 2122 2119 2168 et
2156 2116 2213 2168 in
2246 2132 2446 2185 campo
2496 2116 2785 2186 paginulas
2818 2132 2846 2168 e
2891 2116 3124 2186 regione
3174 2131 3302 2167 cum
3350 2114 3575 2168 duobus

1880 2203 2104 2272 punctis
2143 2205 2393 2257 inserere
2428 2205 2768 2257 curavimus.
2803 2204 2929 2258 Alia
2962 2204 3133 2257 etiam
3166 2220 3294 2273 quas
3327 2221 3358 2256 a
3396 2205 3573 2257 Bene-

1881 2293 2028 2347 dicto
2072 2293 2279 2346 dictata
2329 2300 2481 2357 sunt,
2528 2297 2581 2345 et
2624 2292 2680 2345 in
2717 2292 3018 2345 neotericis
3051 2292 3287 2344 minime
3321 2292 3571 2357 inventa,

1881 2383 2047 2435 obelo
2090 2388 2143 2434 et
2178 2382 2404 2450 punctis
2434 2382 2657 2434 duobus
2687 2380 3167 2449 consignavimus.
3208 2382 3322 2435 Hoc
3352 2381 3574 2449 egimus

1881 2472 2268 2526 desiderantes
2296 2488 2392 2522 vos
2424 2476 2732 2540 utrumque
2770 2475 2825 2522 et
2863 2470 3171 2522 secundum
3208 2468 3573 2521 traditionem

1878 2562 1960 2631 pii
2022 2560 2221 2625 Patris,
2274 2560 2444 2612 etiam
2497 2560 2834 2613 modernam
2884 2559 3113 2611 habere.
3163 2558 3366 2627 Eligite
3416 2557 3575 2609 vobis

1879 2649 2032 2721 quod
2065 2649 2427 2702 desiderabili
2456 2648 2733 2717 placuerit
2753 2647 2966 2700 animo.
2994 2647 3182 2699 Valete
3217 2646 3274 2698 in
3308 2644 3570 2699 Domino.

1951 2738 2107 2791 Salve
2144 2738 2244 2789 llos
2272 2736 2568 2801 juvenum,
2601 2737 2783 2789 forma
2816 2737 3103 2804 speciosus
3135 2750 3381 2799 amoena,

1879 2809 2143 2877 Optatam
2176 2807 2478 2859 retinendo
2504 2808 2648 2859 viam
2693 2808 2979 2875 vitamque
3011 2806 3319 2857 salubrem.

1883 2882 2014 2933 Ecce
2046 2879 2127 2931 tui
2160 2878 2405 2930 humiles
2431 2878 2629 2929 famuli
2663 2877 2765 2930 tibi
2799 2892 3040 2930 munera
3074 2877 3328 2939 mittunt,

1878 2951 2014 3014 Quas
2048 2950 2274 3001 animus
2305 2948 2522 3002 dudum
2555 2954 2740 3001 vester
2774 2947 2991 3016 optavit
3018 2947 3247 3000 habere.

1880 3021 2255 3090 Omnipotens
2296 3020 2541 3088 genitor,
2590 3015 2855 3071 cunctum
2906 3018 3004 3087 qui
3043 3019 3298 3070 continet
3352 3015 3568 3083 orbem,

1874 3093 1948 3145 Te
1979 3096 2140 3161 regat
2167 3098 2222 3144 et
2250 3096 2436 3143 servet
2466 3105 2691 3160 semper
2716 3090 2932 3159 ubique
2964 3104 3194 3141 sanum.

1404 3322 1574 3366 ANNO
1624 3322 1851 3365 DOMINI
1897 3320 2252 3364 DCCCLXXII.

1548 3460 2110 3630 MILO

780 3728 1575 3837 MONACHUS
1670 3728 2181 3836 SANCTI
2271 3725 2864 3833 AMANDI.

1087 4000 1679 4105 NOTITIA
1756 3999 2549 4104 HISTORICA.

935 4166 1105 4230 (Apud
1142 4166 1457 4225 Fabricium,
1494 4166 1814 4215 Bibliotheca
1849 4165 2035 4215 mediae
2069 4170 2121 4215 et
2152 4165 2348 4214 inﬁmae
2383 4163 2721 4226 Latinitatis.)

157 4358 293 4423 Milo,
324 4360 634 4413 Monachus
668 4360 722 4413 S.
755 4360 1022 4424 Amandi,
1055 4360 1169 4413 sive
1191 4360 1764 4430 Amandopolitanus,
1807 4360 1847 4414 C.
1941 4360 2092 4408 Festa
2116 4361 2544 4424 propinquabant
2576 4361 2741 4410 nostri
2768 4360 3063 4410 veneranda
3096 4359 3325 4407 Patroni.

104 4445 160 4499 ad
195 4448 431 4502 [luvium
481 4450 752 4503 Elnonem
802 4450 862 4503 in
912 4450 1124 4519 Belgio,
1176 4450 1235 4502 in
1286 4450 1513 4504 dimcesi
1555 4450 1773 4502 Torna-

103 4536 247 4603 censi,
278 4538 404 4591 ord.
446 4538 679 4604 Bened.,
714 4538 949 4591 scientia
995 4538 1317 4592 litterarum
1368 4540 1582 4591 clarum
1623 4538 1773 4592 circa

104 4627 299 4680 an.840
332 4631 390 4679 et
427 4626 693 4697 deinceps
739 4643 919 4697 usque
950 4628 1019 4680 ad
1065 4630 1187 4693 871,
1240 4644 1352 4697 quo
1404 4627 1556 4680 diem
1608 4627 1765 4680 obiit.

105 4710 313 4784 Scripsit
337 4714 527 4768 adhuc
553 4714 777 4783 juvenis
815 4717 992 4770 Vitam
1042 4718 1103 4771 S.
1156 4716 1418 4781 Amandi,
1453 4716 1772 4785 Trajecten-

107 4798 163 4850 sis
193 4803 461 4873 episcopi,
502 4803 757 4857 defuncti
784 4807 847 4858 Α.
884 4806 939 4858 C.
971 4805 1091 4870 684,
1130 4804 1390 4858 versibus
1428 4804 1771 4858 hexametris

107 4890 147 4953 (ε
170 4889 280 4945 Vita
306 4906 483 4961 quam
516 4891 770 4961 prosario
803 4908 1067 4945 sermone
1118 4892 1559 4947 Baudemundus
1609 4909 1767 4946 com-

106 4979 365 5049 posuerat)
425 4979 494 5032 ad
559 4979 910 5045 Haiminum,
965 4982 1310 5035 monachum
1378 4982 1768 5048 Vedastinum,

106 5061 235 5121 libris
255 5073 527 5139 quatuor.
569 5068 760 5122 Edidit
792 5068 1180 5123 Henschenius
1212 5070 1268 5122 in
1302 5069 1451 5124 Actis
1489 5070 1768 5136 Sanctor.,

107 5152 212 5208 tom.
245 5157 264 5211 Ι
300 5156 461 5221 Feb.,
493 5172 625 5225 pag.
659 5159 890 5212 873-888
915 5174 1043 5211 cum
1087 5159 1268 5223 notis;
1305 5163 1362 5210 et
1408 5157 1770 5213 Mabillonius

107 5254 205 5297 sazc.
239 5260 284 5298 ιι
319 5248 443 5298 Act.
487 5245 742 5299 Sanctor.
797 5246 1005 5300 Bened.
1060 5263 1190 5317 pag.
1244 5248 1348 5302 719
1397 5264 1515 5319 seq.
1563 5247 1770 5317 Incipit

105 5332 370 5393 immissa
403 5331 590 5401 elegia
619 5348 634 5385 :

159 5470 222 5546 (ᾳ)
253 5475 327 5527 De
363 5489 479 5546 quo
507 5472 600 5526 hic
627 5473 819 5546 agitur
846 5491 1052 5542 sermo,
1087 5492 1185 5530 seu
1216 5476 1407 5546 potius
1438 5475 1766 5530 encomium

107 5535 283 5609 legitur
303 5535 410 5597 sub
427 5535 918 5602 nominevSidonii
955 5535 1301 5618 Apollinaris
1327 5547 1479 5603 inter
1500 5548 1767 5618 epistolas

1884 4476 2050 4529 Liber
2084 4491 2127 4530 ι.

1942 4599 2148 4649 Arbiter
2176 4601 2513 4663 omnipotens
2540 4600 2817 4648 hominum
2844 4609 3123 4659 rerumque
3153 4600 3371 4643 creator.

1952 4719 2255 4773 Sermonem
2288 4718 2353 4771 de
2384 4717 2738 4770 translatione
2763 4714 3001 4781 corporis
3030 4713 3087 4767 S.
3123 4710 3385 4776 Amandi,
3435 4707 3575 4777 ejus-

1880 4822 1981 4875 que
2008 4806 2348 4859 ordinatione
2372 4809 2421 4856 et
2448 4804 2782 4855 dedicatione
2805 4801 2991 4867 templi
3019 4799 3075 4852 in
3110 4798 3260 4851 Actis
3291 4798 3569 4861 Sanctor.,

1880 4900 1921 4947 t.
1970 4895 1991 4948 Ι
2040 4894 2222 4959 Febr.,
2280 4908 2410 4961 pag.
2463 4892 2724 4956 889-89l,
2777 4894 2830 4941 et
2878 4888 3123 4941 alterum
3173 4887 3237 4939 de
3282 4887 3574 4939 elevatione

1880 4983 2116 5049 corporis
2147 4979 2205 5033 S.
2241 4980 2507 5043 Amandi,
2536 4994 2590 5047 p.
2626 4978 2884 5040 89l-893,
2920 4981 2975 5028 et
3008 4976 3068 5028 in
3116 4973 3393 5044 Operibus
3434 4972 3569 5026 Phi-

1878 5069 2022 5140 lippi
2050 5069 2367 5137 Havdengi,
2400 5067 2575 5121 Paris.
2611 5070 2668 5119 et
2700 5066 2874 5119 Duaci
2907 5067 3029 5119 l62l
3066 5065 3167 5118 fol.

1946 5158 2253 5210 Sermonem
2283 5157 2348 5208 de
2378 5157 2432 5210 S.
2469 5157 2767 5222 Principio,
2810 5153 2985 5205 fratre
3020 5154 3077 5205 Β,
3114 5150 3359 5221 Remigii
3412 5150 3569 5204 Rhe-

1876 5245 2107 5309 mensis,
2149 5246 2414 5314 episcopo
2447 5259 2537 5295 an.
2576 5245 2675 5296 506
2707 5242 2973 5295 defuncto
3004 5239 3421 5306 Suessionensi,
3454 5240 3570 5294 edi-

1875 5339 2000 5387 tum
2031 5349 2063 5387 a
2095 5331 2261 5386 Surio
2292 5335 2355 5385 27
2392 5330 2742 5401 Septembris
2775 5329 2872 5401 (α).

1877 5474 2154 5602 Eiusdem.
2224 5473 2361 5529 Vide
2423 5471 2761 5546 Patrologiae
2819 5476 2961 5527 tom.
3026 5473 3207 5542 LVIII,
3276 5473 3384 5528 col.
3442 5475 3563 5529 612.

1924 5559 2027 5600 on.

1924 5559 2027 5600 DIT.
