3868 6228
302 302 400 352 9'27
1527 304 1811 360 MILONIS
1851 307 2160 361 MONACHI
2201 309 2256 362 S.
2301 307 2572 360 AMANDI
3711 312 3786 360 Elii

371 435 567 488 Libros
631 453 666 488 ιι
713 435 779 488 de
825 435 986 489 laude
1022 436 1304 503 pudicitiae
1333 442 1382 490 et
1426 439 1753 506 Sobrietatis,
1781 457 1987 495 manu—
2027 445 2073 496 A
2105 458 2166 494 ac
2198 442 2530 511 discipulus,
2566 442 2825 496 versibus
2865 459 3006 513 quos
3055 445 3234 498 edidit
3287 446 3630 499 Edmundus
3681 447 3790 498 hlar-

302 525 542 594 scriptos
568 524 626 576 in
671 523 804 578 bibl.
858 525 1316 594 Cantabrigiensi
1362 527 1460 597 qui
1511 528 1672 581 initio
1708 530 1894 582 manci
1941 531 1997 582 in

300 614 438 667 bibl.
485 612 762 665 Leidensi.
823 613 1078 666 Meminit
1132 614 1480 684 Sigebertus,
1539 631 1588 668 c.
1648 619 1763 670 105.
1817 618 1992 687 lncip.

301 702 546 755 Glorioso
575 703 694 770 regi
727 702 926 755 Carolo
968 703 1180 772 (Calvo)
1203 705 1332 757 Milo
1358 705 1612 773 supplew.

362 841 695 903 Principibus
727 843 912 905 priscis
937 847 1117 891 vatum
1140 843 1396 906 placuisse
1415 845 1681 893 Camenas.

371 976 679 1045 Prologum
731 976 980 1045 vulgavit
1027 977 1258 1046 Magnus
1305 977 1533 1030 Crusius
1573 979 1630 1030 in
1681 979 1822 1031 Diss.
1869 981 1995 1050 Epi-

301 1063 516 1125 stolica,
549 1081 602 1133 p.
633 1066 701 1117 4'2
731 1081 848 1134 seq.

370 1153 684 1218 Con/licium
715 1157 856 1206 veris
873 1158 920 1206 et
959 1154 1177 1208 hiemis.
1213 1153 1387 1222 lncip.

363 1293 697 1343 Conveniunt
730 1294 901 1344 subito
925 1295 1098 1343 cuncti
1129 1295 1191 1343 de
1223 1295 1495 1344 montibus
1522 1296 1659 1345 altis.

299 1423 490 1476 Edidit
530 1425 788 1478 Oudinus
813 1431 946 1479 tom.
985 1427 1053 1493 ll,
1087 1442 1143 1495 p.
1176 1427 1424 1480 326-328.

367 1515 439 1564 De
470 1513 714 1568 S.Cruce
745 1530 975 1566 carmen
1023 1514 1422 1568 hexametrum
1481 1517 1710 1586 duplex,
1769 1519 1828 1570 in
1881 1535 1995 1572 mo-

295 1599 431 1653 dum
491 1603 730 1671 sphaerae
778 1603 1240 1671 ingeniosissime
1271 1605 1677 1672 compositum,
1733 1623 1986 1660 manusc.

296 1690 510 1743 Elnone
563 1691 632 1744 ad
677 1691 729 1744 S.
785 1691 1113 1744 Amandum
1152 1697 1298 1746 reste
1347 1694 1533 1746 Miraeo
1586 1695 1652 1747 ad
1705 1694 1986 1765 Sigeberti
2027 1713 2064 1766 Β

295 1792 324 1828 c
359 1780 478 1830 l05.

367 1875 634 1928 Carmina
666 1876 731 1928 de
761 1877 922 1940 laude
944 1881 1257 1946 parcitatis,
1296 1879 1484 1932 eidem
1513 1881 1680 1934 Calvo
1713 1882 1832 1951 regi
1859 1888 1988 1952 post

295 1963 518 2018 Milonis
567 1965 784 2018 obitum
825 1965 1031 2019 obtulit
1075 1968 1412 2036 Hucbaldus,
1465 1969 1824 2040 prepinquus
1864 1972 1987 2040 ejus

2109 535 2238 584 tene
2269 537 2310 584 t.
2343 533 2382 584 Ι.
2418 531 2782 598 Anecdotor.,
2821 549 2875 602 p.
2913 535 3001 586 46.

2169 619 2293 667 Milo
2317 625 2467 680 poeta
2493 623 2636 676 tuus,
2663 625 2842 668 noster
2872 621 3173 670 didascalus
3203 623 3362 670 idem.

2233 681 2691 746 Ingeniumcujus
2714 682 2814 746 hoc
2843 684 2976 746 bene
2999 685 3172 745 prodit
3192 699 3345 746 Opus.

2173 743 2426 808 Carmine
2440 744 2534 808 qui
2557 745 2825 808 quondam
2854 743 3022 808 Vitam
3047 743 3324 808 descripsit
3345 747 3593 804 Amandi,

2237 805 2478 852 l’rzesulis
2505 805 2702 864 eximii,
2731 806 2920 870 (tetulit
2943 813 3098 870 atque
3123 805 3231 863 tibi;

2170 868 2321 914 Hunc
2355 881 2564 929 quoque
2595 869 2951 930 conscriptum
2981 868 3152 918 vestro
3191 873 3290 919 sub
3321 873 3523 921 honore
3571 872 3790 921 libellum

2233 931 2364 976 Dum
2395 935 2609 990 cuperet
2631 935 2812 978 votum
2843 931 3214 980 concelebrare
3245 949 3418 988 suum,

2169 991 2390 1050 Occidit,
2417 991 2664 1039 humanae
2695 992 2998 1053 persolvens
3029 993 3203 1042 debita
3226 997 3365 1053 vitae,
3392 1001 3472 1044 etc

2106 1075 2178 1125 De
2219 1076 2338 1125 orte
2381 1075 2602 1125 metrica
2661 1072 2870 1124 librum
2925 1080 3204 1128 memorat
3251 1076 3506 1129 Valesius
3552 1075 3792 1128 Andreas

2107 1161 2247 1214 Bibl.
2285 1161 2439 1230 Belg.
2471 1177 2530 1230 p.
2569 1164 2690 1215 676.

2173 1251 2449 1317 Epistolas
2490 1249 2558 1303 ad
2607 1250 2860 1302 diversos
2901 1251 3250 1304 Trithemius
3299 1269 3422 1322 cap.
3475 1255 3580 1306 283
3626 1253 3695 1305 de
3739 1253 3786 1306 S.

2105 1337 2187 1399 E.,
2218 1342 2275 1390 et
2304 1338 2372 1390 de
2403 1337 2719 1390 illustribus
2753 1337 3138 1391 Benedictinis
3176 1339 3243 1404 Il,
3439 1340 3788 1409 Epitaphium

2106 1424 2330 1478 Milonis
2381 1425 2438 1477 in
2487 1425 2636 1478 Actis
2688 1427 2968 1490 Sanctor.,
3012 1431 3151 1478 tom.
3188 1428 3255 1480 ΙΙΙ
3295 1429 3427 1480 .Iun.
3469 1431 3550 1492 i6,
3604 1445 3657 1498 p.
3715 1431 3786 1484 lﬁ.

2105 1513 2174 1566 ab
2211 1514 2518 1579 Hucbaldo,
2553 1517 2610 1565 ut
2641 1513 2898 1582 suspicor
2928 1513 2980 1566 ei
3013 1514 3264 1582 positum
3295 1531 3307 1567 :

2165 1600 2286 1648 Milo
2315 1605 2483 1660 poeta,
2512 1601 2728 1659 sephus,
2765 1602 2922 1648 cubat
2957 1601 3054 1648 hoc
3077 1603 3174 1649 sub
3211 1616 3470 1650 marmore
3497 1603 3730 1658 clausus,

2167 1662 2408 1710 Carmine
2439 1663 2793 1724 dulciloquus,
2822 1663 2912 1724 cpiti
2944 1663 3137 1710 librum
3165 1663 3477 1712 Sobrietatis

2157 1725 2348 1778 Edidit,
2381 1729 2432 1772 et
2453 1723 2696 1772 sanctum
2725 1723 2940 1787 pulchre
2971 1725 3211 1787 depinxit
3241 1726 3560 1776 Amandum.

2159 1787 2396 1834 Floribus
2415 1801 2697 1840 exornans,
2736 1791 2900 1834 i‘netro
2931 1801 3189 1848 prosaque
3224 1792 3530 1842 ventust—aus,

2155 1849 2306 1896 Tanti
2336 1849 2599 1911 pontiﬁcis
2623 1849 2870 1911 palmam,
2905 1855 3062 1911 caput
3081 1849 3161 1912 (α)
3192 1855 3348 1912 atilue
3375 1850 3648 1898 Coronam.

2167 1972 2242 2042 (α)
2278 1973 2390 2026 Val.
2427 1973 2676 2027 Andreas
2710 1979 2766 2026 et
2794 1973 3076 2039 Oudinus,
3111 1975 3276 2042 capit.

893 2262 1404 2372 SANCTI
1494 2265 2062 2374 AMANDI
2151 2268 2486 2375 VITA
2575 2270 3202 2378 itI’lETRICA

1594 2461 2044 2535 AUCTORE
2113 2464 2505 2537 MILONE.

1303 2619 1394 2680 (Ex
1423 2619 1564 2668 Actis
1597 2623 1899 2668 sanctorum
1931 2619 2193 2678 Bolland.,
2227 2621 2493 2670 Februarii
2519 2625 2662 2672 tomo
2699 2623 2808 2685 IV.)

505 2873 530 2898 ⁸
564 2865 894 2920 EPISTOLA
925 2867 1205 2922 MILONIS
1245 2869 1334 2921 AD
1373 2871 1398 2910 ι)
1433 2869 1776 2923 HAIMINUM

366 2971 845 3024 Reverentissimo
871 2972 1023 3025 Patri
1058 2974 1337 3027 Hammo
1373 2974 1552 3038 Μι·.ο,
1585 2975 1990 3027 devotissimus

293 3057 565 3121 ﬁliorum,
593 3058 954 3112 indelebilem
979 3065 1208 3113 aeternas
1245 3061 1523 3114 felicitatis
1543 3061 1985 3130 jucunditatem.

363 3145 678 3199 Perfruitus
726 3147 1022 3217 quondam
1072 3155 1270 3202 vestrae
1335 3150 1789 3202 mansuetudinis
1828 3151 1986 3203 beni-

294 3233 573 3302 gnissimo
602 3233 796 3300 affatu,
840 3251 905 3287 eo
951 3235 1164 3288 scilicet
1205 3241 1487 3304 tempore,
1536 3253 1648 3306 quo
1697 3243 1989 3306 susceptus

297 3337 327 3374 a
375 3320 552 3388 vobis,
599 3327 782 3374 vestra
827 3323 1147 3376 immeritus
1196 3325 1378 3376 merui
1413 3325 1724 3393 jucundari
1777 3326 1988 3379 allocu-

294 3408 473 3476 tione,
508 3425 570 3462 ac
621 3411 895 3463 mellitlua
943 3411 1249 3480 perfoveris
1303 3413 1624 3478 dulcedine,
1673 3415 1987 3482 gratiarum

294 3497 572 3551 actionem
608 3501 882 3568 persolvo.
920 3500 1216 3569 Siquidem
1245 3517 1378 3570 erga
1401 3503 1766 3571 exiguitatem
1804 3519 1988 3556 meam

294 3591 453 3640 tanta
483 3592 676 3640 vestrae
710 3588 1056 3641 exeiallentiaa
1097 3589 1422 3656 benignitas
1467 3589 1669 3659 viguit,
1721 3595 1783 3643 ut
1826 3592 1986 3644 dein-

294 3691 423 3746 ceps
454 3691 568 3730 non
599 3682 862 3737 cessaret,
897 3677 1050 3748 quod
1093 3677 1514 3732 inﬂammatum
1560 3684 1681 3732 erat
1729 3681 1786 3732 in
1817 3681 1988 3734 corde

293 3779 420 3817 meo
446 3765 618 3817 vestri
651 3766 861 3818 amoris
891 3766 1092 3818 ardere
1125 3767 1473 3820 incendium.
1519 3767 1581 3820 Et
1621 3784 1735 3820 non
1777 3769 1988 3822 imme—

293 3853 449 3907 rito:
520 3854 732 3923 quippe
799 3855 964 3907 melle
1014 3855 1168 3923 pleni
1214 3855 1610 3908 sincerissian
1664 3855 1987 3909 dilectionis

292 3942 476 3994 cordis
525 3957 586 3994 ac
629 3943 881 4011 corporis
937 3948 1097 4010 gesta
1146 3947 1488 4007 eructantes,
1542 3959 1670 4012 qua}
1713 3944 1987 3997 interiora

291 4029 462 4082 vestri
493 4031 734 4099 pectoris
765 4031 1054 4084 habebant
1082 4031 1310 4096 cubilia,
1335 4032 1496 4084 facile
1533 4033 1878 4098 Obtinuistis,
1914 4049 1986 4086 ne

296 4123 365 4176 de
415 4123 574 4176 libris
621 4127 760 4176 meis
809 4125 924 4177 ullo
975 4141 1232 4194 unquam
1285 4131 1482 4178 tenore
1532 4133 1714 4180 vestra
1761 4127 1989 4180 labatur

296 4211 556 4264 amabilis
607 4213 856 4278 mentio;
903 4214 1002 4265 sed
1047 4214 1396 4266 zelernaliter
1445 4215 1710 4267 innovate
1759 4231 1986 4269 conser-
2027 4235 2070 4287 ι)

295 4305 460 4352 vetur
501 4305 552 4352 et
603 4301 874 4369 perduret
924 4301 1060 4354 flore
1111 4301 1583 4355 immarcescibili.
1635 4303 1754 4367 Qua
1817 4305 1886 4357 de
1931 4321 1990 4356 re

295 4388 480 4441 ﬁdens
510 4387 570 4441 in
605 4393 716 4440 tam
751 4389 1022 4441 laudabili
1053 4389 1397 4458 paternitate
1443 4397 1645 4454 vestra,
1695 4409 1798 4445 ceu
1841 4393 1991 4446 ﬁlius

295 4475 476 4530 indidi
523 4476 790 4530 manibus
837 4477 1036 4529 vestris
1103 4478 1326 4546 ineptas
1393 4495 1534 4531 meae
1585 4480 1991 4548 imprudentiae

295 4564 530 4631 umnias,
561 4565 1044 4634 prmexercitatem
1081 4565 1198 4634 (sic)
1229 4566 1440 4618 scilicet
1473 4567 1752 4635 ingenioli
1782 4570 1894 4621 mei
1931 4571 1990 4622 in

293 4653 407 4705 vita
437 4653 750 4706 beatissimi
771 4653 1050 4719 Amandi;
1082 4654 1753 4723 suppliciterobsecrans,
1775 4663 1836 4709 ut
1867 4657 1990 4710 siin

292 4741 383 4794 his
410 4742 623 4811 aliquid
657 4743 790 4796 lidei
827 4742 1134 4797 Catholica:
1166 4743 1351 4795 minus
1392 4760 1734 4808 consonans,
1775 4745 1852 4796 vel
1901 4745 1990 4797 in-

292 4845 610 4900 congruum
637 4831 752 4901 legi
779 4831 1026 4884 metricae
1059 4831 1415 4897 inveneritis,
1441 4833 1506 4885 ad
1527 4836 1696 4885 certa:
1729 4849 1990 4886 normam

292 4919 505 4988 regulae
532 4919 992 4988 misericorditer,
1033 4936 1190 4973 more
1230 4926 1470 4990 paterno
1523 4923 1827 4988 reducatis,
1887 4938 1992 4976 nec

294 5023 384 5060 me
429 5024 556 5061 meo
601 5009 902 5062 dimittatis
951 5010 1164 5074 errori;
1209 5015 1499 5062 contestor
1539 5015 1594 5062 et
1627 5010 1859 5064 obsecro
1889 5027 1992 5080 per

293 5098 634 5166 sanguinem
678 5097 903 5162 Christi,
947 5098 1046 5168 qui
1091 5099 1247 5150 fusus
1294 5103 1376 5152 est
1417 5115 1519 5168 pro
1571 5099 1750 5152 salute
1792 5100 1992 5170 populi

295 5184 620 5239 Christiani.
657 5185 812 5249 Quod
845 5187 910 5254 si,
945 5187 1335 5240 misericordia
1366 5204 1628 5258 supernae
1673 5189 1989 5258 majestatis

365 5349 389 5374 ι
417 5341 501 5394 Ita
526 5341 703 5396 codex
747 5350 940 5396 noster
972 5345 1066 5398 Ms.
1105 5347 1309 5413 Incipit
1343 5347 1596 5415 Epistola
1626 5349 1842 5402 Milonis
1893 5349 1989 5402 Le-

293 5413 438 5486 gite},
483 5417 634 5486 pete)
664 5419 724 5486 at
777 5415 947 5467 codex
992 5413 1410 5486 iAmandinusE
1469 5420 1674 5486 Incipit
1725 5419 1990 5486 Epistola

295 5479 528 5603 Milonist
571 5483 882 5552 Philosophi
931 5485 1006 5538 ad
1051 5487 1407 5540 venerabilem
1467 5479 1682 5542 Patr-om
1750 5479 1988 5542 Hui-mi-

295 5565 445 5603 num.
479 5565 506 5603 e
533 5565 577 5603 c.

431 5590 445 5616 ,
479 5589 577 5603 νυνι

2029 2851 2068 2905 C
2099 2860 2416 2923 praeeunte,
2450 2871 2641 2924 inquas
2673 2860 2857 2909 textus
2879 2857 3148 2910 carminis
3183 2857 3293 2909 mei
3335 2857 3644 2910 obtinuerit
3679 2871 3772 2924 par

2103 2947 2214 3008 tes;
2253 2947 2387 2995 tunc
2425 2959 2534 2995 una
2589 2960 2814 2996 mecum
2867 2945 3036 3012 hujus
3094 2945 3226 2998 doni
3261 2945 3538 3014 largitori,
3595 2949 3768 2996 sancto

2103 3030 2315 3082 scilicet
2345 3031 2598 3100 Spiritui,
2622 3033 2934 3102 gratiarum
2969 3034 3167 3086 laudes
3199 3034 3390 3086 debita
3420 3033 3768 3086 exsultatione

2103 3120 2426 3189 persolvite,
2464 3121 2626 3190 cujus
2669 3138 2905 3174 munere
2957 3127 3178 3174 tantum
3211 3139 3354 3190 opus
3386 3123 3539 3190 quivi
3585 3127 3768 3173 utcun-

2102 3224 2212 3277 que
2244 3209 2632 3278 compingere.
2669 3209 2988 3263 Rusticitati
3020 3215 3211 3263 autem
3239 3226 3382 3262 mere
3418 3211 3630 3263 veniam
3653 3209 3766 3262 dare

2100 3311 2328 3347 necesse
2361 3300 2464 3360 est,
2498 3296 2632 3364 quia
2682 3295 2990 3361 rusticatio,
3028 3301 3088 3348 ut
3119 3295 3354 3365 quidam
3388 3297 3487 3360 ait,
3523 3296 3590 3348 ab
3615 3295 3764 3346 Altis-

2101 3382 2246 3435 simo
2278 3387 2464 3436 creata
2506 3389 2607 3436 est.
2645 3385 2711 3436 Et.
2740 3387 2998 3452 quamvis
3031 3383 3454 3436 difﬁcilioribus
3485 3383 3564 3434 uti
3597 3387 3765 3452 potuc-

2101 3469 2208 3522 rim
2237 3471 2522 3540 aliquibus
2575 3471 2632 3523 in
2689 3471 2825 3523 locis
2855 3471 3160 3523 verborum
3216 3470 3570 3539 ambagibus,
3604 3485 3666 3521 ne
3719 3469 3762 3520 id

2099 3557 2344 3611 facerem
2378 3575 2504 3611 sum
2549 3559 2890 3628 prohibitus,
2927 3559 3024 3628 qui
3061 3559 3234 3612 etiam
3283 3559 3500 3612 credidi
3535 3559 3762 3610 futurum

2100 3661 2243 3714 opus
2275 3647 2419 3700 istud
2451 3647 2686 3716 gratius,
2723 3649 2768 3700 si
2795 3649 3056 3700 omnium
3093 3648 3353 3700 Fratrum
3377 3651 3594 3716 pateret
3621 3645 3761 3698 audi-

2099 3735 2271 3788 tibus.
2309 3737 2510 3788 Faveat
2545 3751 2680 3805 ergo
2730 3735 3066 3788 excellentia
3093 3741 3280 3788 vestra
3323 3751 3438 3787 non
3471 3735 3615 3788 vitiis
3645 3735 3762 3785 meis

2098 3824 2193 3876 sed
2251 3825 2570 3888 laboribus;
2643 3829 2707 3878 ut
2763 3825 2903 3878 illud
2962 3823 3290 3894 percipiatis
3345 3823 3402 3876 iu
3475 3821 3762 3876 cmlestibus

2099 3911 2250 3981 quod
2285 3911 2536 3964 mortalis
2577 3928 2690 3965 non
2723 3911 2862 3965 vidit
2893 3913 3107 3965 oculus.
3161 3912 3356 3964 Valere
3389 3927 3486 3963 vos
3527 3917 3761 3980 optamus

2101 4000 2167 4054 ad
2203 4000 2462 4054 omnium
2494 3999 2751 4054 fidelium
2784 3999 3104 4069 profectum
3128 3998 3499 4052 aeternaliter.

2329 4106 2766 4160 RESCRIPTUM
2807 4105 3083 4159 HAIMINI
3124 4105 3217 4157 AD
3259 4105 3567 4158 EUMDEM.

2166 4213 2432 4266 Inlirmus
2461 4228 2657 4264 servus
2697 4212 2903 4266 Christi
2937 4211 3236 4265 Haiminus
3263 4211 3460 4264 Miloni
3493 4227 3594 4264 suo
3633 4208 3758 4261 salu-

2101 4308 2216 4354 tem
2227 4343 2240 4353 .

2171 4392 2412 4444 Carmen
2448 4390 2598 4460 quod
2634 4390 2793 4455 mihi,
2843 4390 3036 4443 Frater
3081 4388 3498 4450 amantissime,
3543 4385 3760 4455 porrexi-

2101 4481 2189 4546 sti,
2226 4481 2388 4534 avida
2424 4487 2610 4534 mente
2639 4481 2889 4550 perlegi;
2946 4481 3036 4533 sed
3080 4480 3216 4550 quia
3256 4495 3370 4530 non
3405 4477 3539 4530 satis
3585 4481 3662 4530 est
3697 4477 3756 4526 le-

2099 4569 2247 4638 gisse
2289 4570 2486 4635 semel,
2531 4570 2682 4639 juvit
2729 4584 2908 4638 usque
2966 4568 3181 4621 videre.
3243 4565 3402 4620 Unde
3461 4569 3760 4633 repetensa

2099 4657 2381 4726 principio
2411 4673 2524 4710 non
2557 4657 2678 4709 sine
2702 4655 2961 4725 judiciali
2993 4671 3250 4716 censura,
3293 4652 3446 4722 quod
3479 4657 3603 4704 ante
3631 4665 3758 4702 sum-

2099 4749 2364 4796 motenus
2394 4744 2577 4814 tetigi,
2613 4747 2794 4795 totum
2814 4761 2876 4796 ex
2907 4744 3129 4812 integro
3161 4742 3357 4809 legens
3389 4747 3445 4792 et
3482 4739 3756 4792 inculcatis.

2099 4847 2296 4884 omnes
2355 4833 2411 4885 in
2465 4848 2530 4884 eo
2591 4831 2926 4883 intentionis
2979 4847 3118 4882 mea:
3149 4829 3297 4880 vires
3327 4827 3600 4897 impendi.
3645 4826 3758 4878 Nam

2097 4920 2286 4987 primo
2315 4920 2508 4988 putavi
2543 4935 2651 4984 me,
2685 4919 2886 4982 fateor,
2912 4919 2967 4970 in
2994 4917 3229 4986 planum
3269 4915 3522 4984 posuisse
3559 4913 3756 4984 pedem;

2099 5007 2196 5060 sed
2228 5015 2285 5060 ut
2317 5007 2568 5076 comperi
2619 5022 2804 5058 meam
2839 5005 3208 5075 exiguitatem
3245 5019 3356 5055 non
3393 5003 3554 5056 modo
3587 5000 3758 5071 poculo

2097 5093 2270 5147 fontis
2301 5095 2549 5164 irrigari,
2592 5095 2688 5146 sed
2721 5091 2987 5146 lluctibus
3027 5091 3378 5160 equuentiae
3411 5090 3660 5142 obrutum
3683 5085 3752 5148 iri,

2101 5199 2212 5235 non
2241 5183 2358 5235 sine
2391 5183 2608 5235 cautela
2640 5183 2907 5251 deinceps
2942 5185 3122 5233 totum
3155 5179 3210 5232 in
3241 5181 3460 5232 ﬂumen
3485 5176 3750 5238 Fratribus,

2170 5346 2194 5385 b
2226 5345 2302 5396 De
2337 5343 2600 5398 Haimino
2629 5343 2921 5395 sacerdote
2947 5347 3002 5395 et
3035 5341 3312 5395 monacho
3347 5337 3634 5393 Vedastino
3661 5332 3749 5401 egi-

2099 5429 2226 5467 mus
2254 5415 2320 5467 ad
2355 5415 2538 5467 Vitam
2569 5415 2630 5468 S.
2675 5414 2914 5467 Vedasti.
