3868 6228
59 281 166 330 ρρςι
1275 277 1359 330 DE
1402 278 1561 332 VITA
1601 279 1609 329 ε

1919 280 1995 334 )I.
2033 311 2100 320 ——
2133 281 2343 336 LIBER
2385 284 2422 336 Ι.
3303 275 3305 277 ’
3490 288 3593 339 930

61 412 167 483 qui
207 429 453 468 mecum
496 414 974 484 suntrquomodo
1015 413 1087 466 sit
1117 411 1507 481 navigandum
1549 414 1787 466 ostendi.
1831 417 1872 468 A
1906 416 2040 467 Pars
2071 414 2266 484 aliqua
2295 415 2523 484 aptabat
2555 415 2864 470 redolentia
2895 415 3111 470 lumina
3145 417 3310 484 ceris,

63 503 148 560 Et,
203 504 363 571 quia
396 505 453 555 in
488 519 555 554 eo
592 518 698 554 nec
737 503 1034 570 scepulum
1069 501 1168 570 qui
1199 500 1329 553 fidei
1364 502 1569 564 obstet,
1615 502 1794 554 oﬂ'en-
1977 503 2391 570 Formabatque
2420 504 2622 555 chorus
2653 505 2871 557 cantica
2899 505 3226 558 melliﬂuus.

64 591 142 648 di.
176 607 320 655 nec,
357 591 512 660 quod
545 592 662 660 legi
694 591 944 643 metricae
980 590 1316 657 rell-agetur,
1355 589 1564 655 inveni,
1600 590 1795 642 hortor
1907 592 2040 644 Pars
2067 595 2122 643 et
2152 591 2425 643 oliviferis
2459 593 2784 661 appendcns
2814 610 2942 645 vasa
2970 595 3210 658 coronis,

68 679 319 732 Fratres
351 684 600 745 nostros,
637 679 737 748 qui
776 696 808 731 a
839 679 1047 731 talibus
1081 678 1280 730 studiis
1315 694 1426 730 non
1464 677 1793 744 abhorrent,
1979 679 2273 732 Fundebat
2305 681 2488 732 lucem
2520 682 2706 746 corde,
2739 698 2908 734 manu
2939 683 3190 735 rutilam.

69 783 300 820 munus
341 768 446 820 hoc
481 767 726 821 libenter
757 768 1070 836 suscipere,
1123 773 1176 819 et
1225 767 1460 819 obsecro
1513 770 1572 818 ut
1621 767 1796 818 satius
1906 769 2062 820 Tunc
2089 783 2179 819 me
2211 767 2538 832 sollicitum,
2568 784 2638 820 ne
2667 769 2725 820 in
2752 769 2923 820 tantis
2952 785 3185 823 munere
3211 772 3416 824 turmis

70 857 258 908 velint
314 857 387 908 ad
435 855 624 907 simile
676 856 927 908 studium
979 855 1294 924 provocari,
1344 869 1516 923 quam
1566 854 1796 907 invidiae
1977 856 2239 908 Parerem
2269 872 2498 922 vacuus,
2538 857 2688 909 istud
2718 872 2861 926 opus
2891 858 3100 926 rapuit,

71 943 308 996 facibus
343 944 718 996 concremari.
757 944 1025 996 Novimns
1055 943 1341 1012 siquidem
1388 958 1615 1011 semper
1648 943 1796 995 cives
1908 944 2189 997 Laudibus
2221 950 2352 1014 apta
2379 945 2506 1013 piis,
2541 944 2805 997 florentia
2835 951 2993 1015 gesta
3019 947 3243 999 venusti

75 1030 310 1083 civibus
368 1031 646 1094 invidere,
707 1036 763 1083 et
818 1030 1132 1084 secundum
1203 1031 1510 1084 Salvatoris
1577 1031 1794 1084 dictum
1976 1034 2237 1086 Prassulis
2269 1038 2538 1086 utmetro
2565 1033 2864 1086 dulcisono
2899 1051 3181 1087 canerem.

73 1120 390 1172 neminem
436 1118 803 1188 Prophetam,
838 1119 976 1185 sive,
1016 1124 1077 1171 ut
1121 1124 1180 1170 tu
1231 1117 1429 1170 solitus
1479 1133 1537 1170 es
1585 1119 1792 1181 dicere,
1906 1123 2076 1175 Dulce
2109 1122 2298 1187 decus,
2334 1122 2564 1191 pietatis
2595 1139 2757 1192 opus,
2792 1122 3161 1192 compingere
3195 1138 3358 1175 versu

77 1207 319 1260 nullum
360 1209 591 1260 Poetam
625 1212 920 1275 acceptum
954 1222 1073 1259 esse
1105 1206 1160 1259 in
1195 1206 1379 1274 patria
1414 1221 1515 1256 sua
1550 1207 1699 1273 (Luc.
1736 1219 1794 1267 ιι,
1975 1210 2262 1264 Pontiﬁcis
2289 1212 2456 1262 vitam
2493 1211 2672 1263 suasit
2697 1227 2857 1263 amor
2890 1210 3043 1263 ﬁdei.

81 1296 195 1360 34).
244 1295 365 1349 Sed
405 1296 542 1366 quia
584 1295 886 1365 parvulum
931 1295 1136 1348 occidit
1169 1293 1399 1357 invidia,
1444 1291 1632 1345 minor
1676 1306 1795 1343 esse
1905 1299 2292 1363 Quorumdam
2329 1300 2558 1352 monitis
2590 1300 2848 1352 Fratrum
2881 1300 3232 1368 compulsus,
3267 1315 3499 1353 enorme

82 1385 468 1453 cognoscitur
525 1383 625 1453 qui
684 1383 897 1436 invidet
949 1398 1124 1452 quam
1186 1381 1282 1434 ille
1335 1382 1428 1433 cui
1485 1379 1790 1433 invidetur.
1977 1387 2209 1457 suscepi
2239 1388 2461 1457 pondus
2487 1388 2698 1440 viribus
2725 1387 2963 1457 exiguis,

86 1472 292 1542 Papae!
333 1473 513 1525 miror
543 1472 849 1541 opiparum
881 1471 1122 1524 valuisse
1159 1469 1429 1522 divitibus
1470 1483 1794 1538 prmparare
1907 1477 2205 1546 Ληιίῳιυε,
2243 1476 2411 1544 proh!
2449 1492 2560 1528 non
2597 1477 2801 1542 puduit
2835 1476 3067 1528 reticere
3095 1481 3312 1545 poetas,

83 1562 447 1627 convivium,
482 1578 653 1631 quem
683 1562 958 1629 putabam
993 1559 1080 1612 vix
1119 1575 1284 1628 posse
1316 1559 1666 1628 pauperibus
1698 1573 1796 1610 ex-
1979 1566 2114 1628 Quis
2141 1565 2401 1617 doctrina
2430 1565 2614 1617 inerat
2642 1582 2804 1632 vana,
2834 1564 3062 1630 caduca,
3099 1564 3255 1617 levis.

85 1651 288 1703 bibere
323 1651 410 1703 vel
453 1659 706 1719 gustum.
755 1649 922 1702 Plane
972 1649 1351 1702 amantissimi
1402 1648 1640 1702 Amandi
1689 1662 1793 1716 ego
1837 1697 1875 1748 Β
1909 1653 2160 1707 Fallcndi
2193 1653 2442 1705 studium
2479 1669 2624 1722 quos
2650 1658 2917 1705 cunctum
2951 1653 3085 1705 lusit
3111 1652 3168 1705 in
3203 1668 3409 1718 aevum,

86 1739 335 1809 quidem
372 1739 427 1792 id
463 1739 681 1813 meritis
725 1738 970 1806 imputo,
1019 1737 1085 1790 de
1136 1737 1294 1807 cujus
1345 1737 1648 1805 praiconiis
1699 1751 1794 1788 ex-
1838 1737 1875 1748 "
1980 1741 2231 1809 Totaque
2267 1740 2379 1792 vita
2405 1739 2511 1792 fuit
2538 1739 2722 1793 dedita
2749 1739 3104 1793 criminibus.

89 1829 313 1880 sultare
369 1844 428 1879 ac
473 1827 763 1881 Christum
815 1826 1046 1879 laudare
1094 1841 1208 1878 non
1258 1842 1435 1878 cesso.
1488 1826 1578 1877 Est
1625 1824 1800 1892 igitur
1911 1829 2174 1883 Carmine
2201 1828 2463 1882 distincto
2492 1829 2795 1881 verborum
2833 1828 2975 1881 ferre
3008 1828 3308 1892 cothurno,

90 1919 397 1987 eloquium
429 1932 600 1969 suave
629 1922 687 1969 et
715 1932 941 1968 carmen
975 1915 1186 1967 salibus
1233 1914 1419 1978 dulce,
1474 1913 1585 1965 leni
1635 1914 1799 1982 lapsu
1982 1921 2056 1970 Ac
2086 1933 2298 1970 nomen
2331 1918 2510 1970 laudis
2537 1934 2793 1986 quaerere
2825 1933 2926 1985 per
2957 1917 3192 1969 facinus.

95 2012 146 2058 et
197 2007 379 2075 plano
430 2021 694 2058 sermone
747 2004 997 2057 decurrit
1045 2003 1250 2056 oratio.
1308 2003 1450 2066 Quid
1512 2001 1799 2070 annilius?
1912 2007 2172 2073 Dumque
2209 2020 2309 2072 per
2335 2020 2555 2057 errores
2587 2005 2750 2056 variis
2783 2004 3128 2057 anfractibus
3158 2004 3325 2071 irent,

99 2097 304 2148 Dicant
338 2100 392 2146 et
426 2094 688 2163 judicent
719 2093 938 2145 sodales
972 2098 1035 2144 ut
1077 2091 1282 2155 velint;
1327 2107 1431 2159 ego
1477 2096 1668 2143 autem
1710 2105 1798 2141 ar-
1980 2094 2268 2146 Perfeccre
2301 2093 2454 2145 aliud
2485 2093 2585 2156 nil,
2620 2092 2729 2145 nisi
2762 2092 2959 2145 mortis
2995 2109 3157 2160 opus.

99 2201 308 2237 cauum
360 2184 548 2236 cordis
597 2183 710 2236 mei
768 2183 1072 2250 pervulgo;
1128 2181 1261 2250 quia
1315 2179 1599 2249 praeconia
1657 2178 1799 2231 tanti
1910 2184 1951 2235 A
1986 2198 2095 2250 qua
2127 2181 2371 2250 decepti,
2405 2180 2630 2232 inferno
2664 2180 3014 2249 tumulisque
3047 2179 3281 2248 reposti,

103 2273 302 2335 Patris,
340 2271 416 2324 mi
445 2272 670 2336 dilecte,
705 2270 840 2322 satis
871 2269 1215 2337 abundeque
1257 2273 1352 2319 tuo
1384 2267 1636 2319 carmine
1667 2268 1800 2320 illu-
1983 2271 2231 2323 Fletibus
2263 2269 2503 2321 assiduis
2534 2269 2668 2320 talia
2698 2268 2844 2320 facta
2874 2269 3060 2321 luunt.

106 2360 326 2413 strasti.‘
368 2360 495 2412 Noli
546 2363 759 2426 tamen,
809 2357 1061 2422 obsecro,
1115 2356 1183 2409 ah
1233 2357 1458 2424 incepto
1507 2355 1796 2422 desistere,
1917 2361 2064 2413 Muta
2096 2357 2240 2411 mihi
2270 2363 2325 2409 et
2355 2358 2501 2409 sicco
2535 2356 2824 2426 languebit
2855 2357 3053 2426 lingua
3083 2357 3292 2426 palato,

107 2449 222 2501 noli
267 2447 504 2502 desidiae
547 2453 647 2500 aut
679 2446 848 2500 inerti
882 2448 997 2499 otio
1050 2445 1448 2510 succumbere;
1507 2445 1624 2497 noli
1673 2460 1800 2513 gra-
1985 2448 2259 2516 Falsaque
2292 2445 2391 2515 qui
2421 2445 2653 2510 damno,
2681 2461 2813 2499 vera
2843 2451 3027 2498 tacere
3061 2460 3232 2514 queo.

108 2537 269 2604 tiam,
312 2554 438 2607 quae
480 2535 583 2589 tibi
627 2536 864 2603 adiacet,
903 2535 1224 2604 negligere;
1273 2534 1390 2598 sed,
1439 2533 1575 2586 dum
1621 2538 1798 2601 vacat,
1914 2537 2051 2589 Nam
2083 2535 2318 2587 meliore
2351 2534 2439 2585 via
2471 2533 2680 2587 Christi
2710 2533 2996 2586 celebrare
3025 2540 3237 2603 tropaea

112 2641 336 2694 semper
381 2631 434 2678 te
483 2624 653 2678 bonis
695 2623 894 2676 studiis
926 2639 1122 2676 exerce
1159 2639 1171 2676 ε
1206 2629 1263 2676 et
1293 2623 1411 2675 noli
1444 2623 1592 2692 quod
1628 2622 1803 2692 gratis
1989 2624 2230 2678 Muneris
2263 2623 2475 2675 intuitu
2505 2639 2632 2692 spes
2667 2621 2809 2675 bene
2836 2622 2944 2674 tida
2974 2629 3186 2674 monet.

111 2715 368 2784 accepisti
426 2714 557 2767 aliis
618 2714 934 2782 denegare;
991 2711 1108 2764 noli
1169 2712 1319 2764 solus
1381 2711 1594 2764 bonum
1649 2726 1801 2762 com-
1918 2715 2060 2767 Laus
2087 2717 2146 2764 ut
2176 2727 2401 2763 summa
2437 2712 2574 2774 Deo,
2608 2709 2896 2764 veneratio
2923 2710 3114 2763 debita
3147 2710 3371 2773 Sancto,

114 2818 282 2855 mune
313 2802 608 2873 possidere
642 2802 802 2854 velle.
839 2801 969 2855 Hmc
995 2801 1112 2853 sola
1143 2799 1386 2870 pecunia
1417 2805 1518 2864 est,
1554 2816 1682 2869 quae
1711 2816 1806 2851 no-
1986 2802 2319 2871 Exemplum
2352 2799 2577 2869 populis
2611 2800 2680 2851 sit
2714 2815 2942 2869 quoque
2971 2798 3340 2852 Christicolis.

114 2892 187 2942 vit
232 2891 578 2961 expensione
630 2889 860 2960 augeri;
910 2890 1032 2942 haec
1080 2889 1201 2941 sola
1257 2894 1361 2955 est,
1425 2904 1552 2957 quae
1611 2903 1806 2956 sparsa
1918 2891 1981 2943 Et
2014 2888 2154 2942 mihi
2187 2893 2498 2941 succrescat
2527 2889 2818 2940 cumulato
2853 2888 3066 2941 foenore
3099 2902 3334 2949 merces,

119 2981 326 3047 crescit,
354 2986 410 3032 et
441 2983 677 3048 erogata
708 2978 1098 3031 emolumenta
1127 2977 1304 3046 capit;
1343 2977 1460 3029 haec
1490 2981 1577 3030 est
1605 2976 1800 3041 etiam,
1845 2969 1884 3022 C
1985 2977 2309 3030 'l‘ransferat
2333 2979 2390 3029 et
2415 2976 2557 3030 Justi
2590 2975 2760 3044 hujus
2789 2976 2859 3028 ad
2892 2981 3042 3028 astra
3073 2991 3260 3045 prece.

119 3084 241 3137 quae
288 3069 690 3121 absconsorem
741 3083 904 3118 suum
961 3066 1144 3136 pcenis
1200 3065 1429 3131 addicit,
1483 3071 1538 3118 et
1590 3065 1804 3117 bonum
1915 3068 2198 3120 lntentata
2229 3070 2420 3118 tamen
2449 3064 2607 3134 prius
2639 3063 2748 3117 isto
2779 3064 3067 3117 schemate
3099 3080 3189 3117 res
3219 3067 3324 3127 est,

121 3157 564 3226 dispensatorem
592 3155 792 3208 aeterni
819 3155 1072 3208 muneris
1105 3154 1284 3224 gloria
1319 3153 1576 3223 insignit.
1989 3156 2051 3207 Et
2081 3171 2207 3224 quae
2238 3170 2351 3207 non
2386 3153 2580 3220 didici,
2610 3169 2788 3206 conor
2817 3152 3061 3206 amando
3097 3152 3275 3222 loqui.

184 3245 349 3298 Macte
385 3261 532 3297 nova
563 3244 788 3309 virtute,
823 3243 944 3296 vale
977 3242 1106 3296 Milo
1141 3243 1358 3312 optime
1393 3248 1563 3308 vates,
1917 3246 2061 3313 Ergo
2095 3243 2193 3296 Dei
2224 3243 2409 3296 lidens
2437 3242 2692 3296 bonitate
2723 3248 2779 3296 et
2813 3257 3050 3295 munere
3080 3241 3257 3294 sancti

258 3332 621 3402 llaiminique
649 3330 751 3395 tui,
785 3331 896 3399 dic,
932 3330 1200 3383 miserere
1228 3331 1396 3382 Deus.
1988 3332 2258 3386 Flaminis
2290 3331 2594 3401 aggredior
2620 3331 2832 3384 inscius
2860 3330 3011 3384 istud
3047 3331 3172 3383 iter.

361 3475 384 3500 ,
425 3463 826 3518 ΡΗΟΟΕΜιυΜ
866 3461 1112 3517 OpEms
1155 3461 1551 3525 SEQUENTIS.
1915 3423 2182 3525 Quisquis
2211 3423 2340 3525 erit,
2372 3422 2769 3525 nostrum‘qui
2799 3437 3024 3525 carmpn
3064 3421 3266 3473 rodere
3297 3419 3535 3483 mavult,

1987 3513 2188 3565 Verme
2216 3511 2336 3565 fero
2363 3511 2533 3580 justas
2564 3511 2786 3563 roditur
2816 3509 3062 3573 invidia),

1919 3603 1984 3654 Et
2014 3601 2112 3671 qui
2143 3605 2258 3654 tam
2289 3601 2439 3670 justo
2471 3599 2631 3668 cupit
2661 3598 2985 3667 aggaudere
3017 3595 3220 3660 labori,

1991 3693 2153 3743 Patre
2187 3690 2302 3742 Deo
2331 3687 2573 3757 genitus,
2603 3687 2781 3756 patris
2813 3691 3035 3739 amator
3064 3685 3153 3738 hic
3185 3688 3288 3736 est.

1921 3781 2062 3848 Ergo
2091 3777 2481 3847 evangelicum
2514 3776 2700 3846 primo
2733 3790 3067 3844 percurrere
3099 3777 3336 3832 textum.

1991 3867 2145 3919 lllius
2172 3870 2228 3918 et
2253 3871 2469 3934 septem
2506 3880 2663 3918 sacra
2690 3863 2874 3933 sigilla
2897 3864 3074 3932 juvat.

1919 3957 2074 4009 Tunc
2107 3955 2313 4007 melius
2339 3953 2525 4008 Sancti
2561 3959 2760 4022 potero
2792 3967 3099 4022 properare
3129 3965 3233 4019 per
3262 3953 3439 4015 actus,

1994 4042 2344 4113 Principium
2372 4043 2484 4096 tale
2517 4043 2561 4094 si
2594 4042 2688 4112 pia
2719 4041 2976 4095 membra
3002 4040 3250 4092 habeant
3278 4046 3315 4091 ο.

127 3571 273 3623 Festa
294 3570 768 3641 propinquabant
795 3569 971 3623 nostri
1005 3568 1327 3622 veneranda
1357 3568 1609 3634 Patroni,

189 3661 547 3727 Instabatque
578 3659 701 3712 dies
726 3658 1026 3728 terrigenis
1051 3656 1310 3712 celebris.

128 3747 151 3786 ὶν
177 3747 414 3800 Ornabat
446 3747 614 3800 nitidi
648 3747 917 3817 prmcelsa
944 3746 1269 3799 habitacula
1298 3745 1497 3814 templi

192 3837 447 3907 Pervigili
479 3853 618 3888 cura
651 3841 841 3889 sancta
869 3841 1092 3889 caterva
1123 3834 1333 3905 gregis.

132 3924 430 3977 Candentes
463 3925 686 3977 tunicas
711 3929 881 3994 atque
912 3929 1248 3976 ornamenta
1280 3939 1383 3992 per
1411 3938 1537 3975 aras

194 4013 481 4068 Ponebant
513 4017 663 4066 texta
697 4013 940 4066 stamine
971 4028 1285 4082 purpureo.

136 4101 265 4154 More
288 4102 649 4172 parabantur
681 4102 846 4154 solito
879 4101 1208 4170 pavimenta
1239 4101 1508 4153 decenter

194 4189 462 4243 Marmore
494 4189 818 4242 commixtis
854 4189 1150 4243 ordinibus
1176 4189 1364 4244 variis.

195 4359 215 4383 ³
244 4353 363 4406 Haec
393 4349 888 4422 praeponebautur
931 4366 944 4403 :
997 4354 1055 4405 In
1100 4355 1311 4404 nomine
1359 4353 1570 4405 Domini
1616 4353 1810 4420 incipit
1989 4354 2014 4393 ιδ
2067 4353 2141 4404 En
2187 4356 2425 4405 ornatus
2472 4353 2538 4405 ad
2591 4352 2931 4405 celebranda
2983 4357 3308 4405 sanctorum
3358 4353 3499 4406 festa
3541 4353 3612 4406 ab

143 4421 248 4474 Vita
276 4425 329 4477 S.
362 4421 614 4476 Amandi
643 4423 973 4488 Confessoris
1005 4424 1224 4490 Christi,
1261 4423 1326 4474 de
1357 4438 1521 4490 prosa
1569 4425 1811 4476 oratione
1921 4422 2084 4475 annis
2116 4423 2456 4491 octingentis
2483 4429 2537 4474 et
2562 4424 2806 4490 amplius
2837 4423 3094 4475 adhiberi
3125 4423 3345 4475 solitus.

137 4494 184 4562 in
229 4495 494 4547 heroicum
543 4509 759 4545 carnem
810 4496 1024 4545 metrico
1071 4495 1208 4560 stylo
1259 4496 1561 4558 transfusa,
1610 4493 1809 4547 habens
1991 4501 2011 4526 θ
2041 4495 2168 4546 Haec
2205 4496 2390 4562 capita
2425 4495 2671 4560 margini
2702 4494 3094 4557 adscribimus,
3131 4510 3192 4544 ac
3228 4508 3385 4546 more
3417 4497 3612 4546 nostro

139 4561 313 4618 libellus
345 4581 418 4629 1v,
457 4564 613 4617 edita
638 4579 672 4614 ιι
699 4564 893 4616 Milone
919 4567 1174 4616 monacho
1205 4566 1425 4617 σαεηοὺἱί
1453 4568 1646 4632 ipsius.
1923 4561 2332 4634 distinguimus
2368 4581 2379 4617 :
2416 4565 2510 4616 illa
2539 4565 2628 4616 hic
2655 4565 2929 4617 indicasse
2956 4563 3182 4615 suflicit.

1529 4729 1607 4736 .——_..

1455 4840 1773 4912 LIBER
1857 4840 2266 4912 PRIMUS

1328 5106 1583 5175 Capitula
1612 5106 1742 5160 libri
1771 5122 1787 5159 Ι
1820 5107 1889 5160 ab
1919 5110 2133 5159 auctore
2161 5107 2412 5174 pmﬁma.

147 5226 180 5272 l.
208 5229 440 5276 Humana
473 5227 672 5276 Christi
703 5227 967 5287 nativitas,
998 5231 1049 5276 et
1072 5228 1212 5290 quod
1242 5229 1386 5277 hunc
1416 5230 1593 5277 omnia
1622 5230 1882 5277 elementa
1913 5227 2195 5275 Dominum
2225 5228 2334 5276 fore
2366 5224 2710 5290 cognoverint
2741 5224 3042 5290 exponitur.
3074 5251 3134 5290 —_-
3164 5228 3209 5274 2.
3229 5225 3615 5290 Apostolorum

191 5291 380 5345 electio,
423 5290 602 5353 passio
635 5302 711 5353 ac
734 5292 1044 5338 resurrectio
1080 5287 1132 5338 et
1169 5291 1235 5338 ad
1271 5292 1432 5340 cmlos
1473 5291 1659 5339 Christi
1701 5291 1955 5353 ascensio.
1997 5290 2218 5350 Spiritus
2257 5287 2464 5353 quoque
2503 5288 2669 5353 sancti
2709 5287 2920 5335 emissio
2963 5288 3192 5353 breviter
3227 5287 3506 5353 indicatur.
3559 5316 3619 5325 —

191 5353 228 5399 3.
248 5349 447 5409 Quibus
465 5354 520 5399 in
542 5352 674 5415 locis
691 5352 922 5415 Apostoli
944 5352 1275 5412 evangelium
1299 5353 1716 5415 prmdicaverint.
1736 5379 1794 5387 —
1811 5356 1856 5400 4.
1877 5349 2308 5415 commemoratis
2333 5349 2698 5415 Apostolorum
2720 5350 3108 5415 sturiteisoribus
3130 5351 3183 5398 Β.
3207 5351 3476 5398 Amandus
3497 5353 3622 5400 sub-

193 5417 423 5462 nectitur.
461 5441 520 5448 —
560 5417 605 5461 5.
638 5412 826 5479 Editor
844 5415 1016 5479 operis
1031 5412 1313 5479 confitens—
1336 5416 1690 5479 inscientiam,
1723 5415 1890 5462 sancti
1921 5413 2145 5479 Spiritus
2175 5413 2404 5479 postulat
2436 5412 2676 5479 gratiam.
2710 5413 2844 5479 ——_6.
2880 5412 3050 5479 Patria
3087 5418 3434 5476 parentesque
3476 5415 3620 5479 Beati

192 5480 682 5524 commemorantur.
721 5500 782 5538 -τ-
810 5477 857 5522 7.
885 5474 992 5538 ’Ubi
1026 5475 1250 5538 Sanctus
1290 5482 1542 5538 cognatos
1582 5474 1903 5538 relinquens.
1936 5474 2117 5536 Ogiam
2154 5474 2318 5538 petiit.
2356 5499 2427 5538 —_
2451 5474 2543 5538 Ubi
2577 5477 2871 5534 serpentem
2905 5474 3141 5538 validum
3175 5489 3328 5538 prece
3351 5474 3406 5524 Vel
3448 5477 3621 5524 crucis

192 5539 368 5586 vexillo
400 5538 623 5600 fugavit.
654 5561 716 5571 —
741 5537 1028 5598 Responsio
1056 5537 1120 5585 ad
1153 5535 1382 5599 patrem:
1404 5566 1462 5572 —
1495 5539 1567 5587 10.
1599 5535 1749 5594 Quod
1771 5538 1837 5586 ad
1863 5535 2170 5600 sepulcrum
2197 5536 2250 5585 S.
2285 5535 2491 5585 Martini
2518 5549 2676 5584 orans
2706 5539 2863 5597 caput
2891 5537 2990 5585 sibi
3020 5535 3268 5585 totondit.
3310 5563 3358 5572 —-
3383 5538 3458 5585 11.
3489 5539 3626 5595 Qua-
