3868 6228
3790 236 3793 329 l

287 342 378 394 93:
1428 342 1435 345 '
1507 337 1779 395 MILONIS
1820 337 2128 394 MONACHI
2167 337 2230 393 s.
2276 337 2550 392 AMANDI
3675 340 3749 391 932
3784 350 3795 413 φ

349 475 469 524 liter
499 475 753 523 Bituricas
778 472 924 530 adiit,
951 476 1003 521 et
1032 471 1105 535 de,
1125 472 1443 521 abstinentia
1472 478 1523 521 et
1552 473 1952 521 conversatione
1983 473 2164 535 ipsius.
2198 498 2258 508 —-
2290 473 2364 521 l2.
2391 472 2489 521 Ubi
2522 474 2747 535 Romam,
2772 470 2891 521 fidei
2911 472 3097 521 ardore
3117 470 3571 535 proficiscitur-.7—
3588 471 3657 535 t3.
3680 472 3753 520 tibi
3796 464 3797 511 1

349 551 379 584 a
408 538 622 585 custode
643 536 718 599 de
752 535 975 599 ecclesia
1010 534 1239 599 pellitur.
1277 560 1335 599 _—
1374 538 1447 583 14.
1480 536 1776 599 Apparente
1820 536 1969 584 Petro
2004 533 2319 584 admonetur
2349 536 2413 583 ad
2446 535 2635 583 Gallias
2668 534 2853 583 redire.
2884 560 2944 570 -—
2978 538 3050 583 15.
3083 533 3298 583 Reditus
3329 534 3510 583 Sancti
3543 533 3755 593 refertur,

350 580 1445 661 assis];iiseiias‘saa‘sieaéauaui:*
1480 580 1773 599 """m'
1820 580 1837 583 ’
2007 580 2309 584 ”“’“””
2354 580 2413 583 ﬂ
3330 580 3509 583 "ww
3543 580 3591 582 ﬂ
3798 580 3799 607 ‘

853 791 1077 846 CAPUT
1115 790 1404 844 PRIMUM.
2013 795 2053 844 Α
2089 789 2326 843 Partitas
2357 790 2465 843 sibi
2495 796 2780 844 terrarum
2806 794 2998 860 partes
3028 790 3316 857 adierunt,

438 917 770 972 lntroductio
800 918 1027 985 poetica,
1062 932 1096 967 a
1126 916 1336 970 Christo
1366 920 1413 967 et
1447 917 1491 967 Α
1501 915 1723 981 postolis
1751 914 1825 967 ad
2086 882 2661 985 ,ίξῗῗῖᾞθέξῗῗξδκξξφ
2678 879 2993 985 ,ξιξίξίῖωίξδ
3024 878 3466 985 Tm“???

800 967 1150 1040 Ἄίήάᾖάωηξ
1178 987 1354 1053 Hujus
1384 967 1549 1037 οντυξς,
2084 967 2346 1019 Prmcelsi
2380 968 2646 1019 Proceres
2675 968 2893 1033 Petrus,
2930 968 3253 1037 Paulusque
3282 967 3503 1037 priores

2082 1055 2275 1108 Ardua
2306 1055 2599 1109 Romulea:
2626 1061 2939 1125 properant
2970 1056 3037 1109 ad
3070 1055 3284 1110 muenia
3314 1056 3532 1120 Romae,

2086 1143 2487 1213 Romanosque
2520 1144 2709 1219 lavant
2740 1144 2943 1197 melius
2974 1160 3145 1213 quam
3179 1145 3409 1213 gurgite
3441 1142 3629 1195 Tibris

2085 1235 2269 1301 Atque
2302 1233 2380 1285 ibi
2410 1232 2765 1286 constituunt
2794 1232 2966 1302 primi
2998 1232 3311 1285 fundamen
3343 1231 3608 1285 honoris.

2085 1319 2226 1373 Hinc
2257 1320 2400 1389 petit
2425 1320 2678 1375 Andreas
2710 1322 3071 1392 properando
3105 1321 3284 1374 virilis
3314 1320 3590 1375 Achaiam

2084 1409 2161 1461 Ac
2190 1424 2399 1462 nomen
2430 1410 2731 1479 proprium
2763 1409 3039 1479 patrando
3071 1409 3313 1462 viriliter
3338 1408 3563 1479 implet.

2088 1497 2227 1550 Hinc
2257 1498 2447 1551 Jacobi
2479 1498 2722 1567 geminis
2754 1499 3007 1551 Judazam
3043 1498 3265 1567 legibus
3296 1503 3525 1551 ornant.

2088 1587 2277 1638 Prisca
2309 1587 2513 1639 docent
2545 1586 2719 1639 simili
2752 1602 3017 1640 resonare
3053 1591 3247 1640 tenore
3280 1586 3541 1640 novellis.

2088 1674 2223 1727 Inde
2255 1674 2386 1727 Asia
2414 1674 2628 1727 accedit
2658 1675 2889 1728 monitis
2918 1691 3188 1728 conversa
3217 1674 3473 1743 Joannis,

2088 1763 2269 1825 Quam
2304 1763 2659 1831 paradisiaco
2692 1764 2982 1817 sitientem
3013 1764 3250 1817 ﬂumine
3278 1768 3443 1833 potat

2092 1851 2392 1919 Lampadis
2419 1856 2473 1904 et
2499 1851 2739 1921 Scythiae
2772 1853 3127 1922 resplenduit
3157 1868 3253 1905 ore
3282 1852 3605 1922 Philippus,

2087 1942 2270 2010 Atque
2304 1940 2381 1993 ibi
2413 1940 2720 2009 complevit
2749 1941 2983 2011 proprio
3016 1940 3169 2011 quod
3197 1944 3223 1983 Ι)
3250 1940 3485 1995 nomine
3513 1940 3716 2011 signat.

2092 2029 2385 2081 Matthacus
2415 2029 2714 2099 {Ethiopas
2750 2032 3003 2083 torrente
3038 2030 3237 2083 ardore
3267 2035 3549 2083 crematos

2093 2118 2161 2169 Ut
2186 2126 2205 2150 ο
2236 2118 2389 2170 Geon
2420 2117 2663 2171 eximius
2696 2124 2913 2171 sacrato
2950 2119 3119 2172 diluit
3150 2134 3339 2184 amne,

2092 2205 2155 2256 Et
2178 2204 2311 2257 facit
2340 2204 2401 2257 in
2433 2205 2678 2275 speciem
2712 2206 2856 2259 lotos
2886 2207 3126 2259 candere
3158 2206 3425 2260 nivalem.

2090 2292 2363 2345 Indorum
2396 2293 2659 2346 tenebras
2684 2293 2946 2347 discussit
2976 2294 3446 2361 Bartholomaaus,

2091 2380 2244 2433 Fecit
2272 2387 2327 2434 et
2357 2381 2586 2451 egregia
2612 2383 2930 2451 splendoris
2961 2383 3085 2437 luce
3116 2398 3394 2437 coruscos.

2091 2468 2327 2521 Parthos
2359 2469 2633 2522 sollicitus
2663 2476 2908 2539 cognato
2943 2487 3103 2523 more
3134 2470 3313 2525 beatis

2089 2555 2357 2624 Explorat
2384 2558 2629 2610 Thomas
2657 2557 2870 2628 digitis,
2904 2564 2961 2611 et
2988 2560 3222 2612 vulnera
3254 2563 3451 2612 narrat

2089 2642 2224 2705 Quaa
2259 2645 2483 2698 Domini
2512 2646 2653 2699 \idit
2682 2652 2811 2716 post
2840 2652 3082 2700 mortem
3116 2648 3173 2701 in
3198 2664 3438 2718 corpore
3464 2648 3594 2702 vivi.
3686 2694 3697 2699 -

2089 2731 2287 2786 Simon
2314 2734 2605 2787 Persidem
2637 2735 2789 2788 dulci
2816 2735 3115 2790 comitatus
3146 2736 3305 2802 Iuda,

2091 2821 2301 2876 Bellica
2328 2839 2456 2892 quae
2487 2823 2691 2889 fuerat,
2724 2824 2880 2877 verbi
2914 2840 3183 2878 mucrone
3215 2826 3463 2894 subegit.

2088 2910 2389 2980 Egyptum
2424 2916 2656 2977 terram,
2692 2912 2893 2965 melius
2924 2929 3095 2979 quam
3131 2914 3289 2966 Nilus
3318 2913 3628 2979 inundans,

2090 2999 2273 3068 Fruge
2311 3000 2601 3069 Evangelii
2630 3002 2881 3070 complet
2906 3019 3133 3072 quoque
3164 3003 3377 3056 Marcus
3408 3004 3620 3072 Opima,

2088 3086 2317 3140 Semina
2347 3082 2543 3142 sancta
2572 3090 2779 3143 ferens.
2809 3091 3046 3144 Sanctus
3077 3108 3335 3145 sermone
3368 3108 3616 3161 superno

2090 3178 2319 3230 Vivilico
2353 3180 2591 3231 mundat
2618 3182 2862 3248 populos
2891 3180 3233 3249 baptismate
3266 3182 3464 3247 Lucas,

2092 3266 2198 3317 Hos
2224 3282 2452 3337 quoque
2484 3273 2616 3337 post
2646 3268 2803 3320 missi
2838 3269 3099 3321 doctores
3131 3269 3235 3321 rite
3262 3274 3590 3340 sequentes,

2019 3366 2059 3419 ρ
2090 3354 2196 3406 Per
2228 3355 2505 3409 mundum
2539 3356 2721 3425 sparsi
2755 3363 3085 3424 sparserunt
3112 3359 3282 3411 verba
3308 3359 3536 3427 salutis;

2087 3445 2257 3496 Actus
2288 3442 2546 3512 prosaico
2577 3459 2824 3512 quorum
2860 3460 3120 3497 sermone
3153 3445 3351 3507 notati,

2090 3532 2153 3584 Et
2180 3547 2331 3583 nunc
2365 3547 2543 3600 usque
2575 3536 2832 3595 manent,
2867 3537 2921 3584 et
2951 3532 3010 3584 in
3042 3532 3236 3585 omnia
3261 3533 3425 3585 saecla
3446 3533 3764 3595 manebunt,

2090 3619 2353 3673 Carmine
2386 3618 2701 3688 quinetiam
2737 3620 3119 3689 quorumdam
3152 3620 3294 3673 facta
3326 3627 3640 3688 canuntur;

353 3711 405 3762 2.
443 3708 552 3763 Sed
586 3708 719 3778 quia
751 3707 1048 3777 terrigenze
1082 3707 1293 3775 Regem
1328 3722 1499 3775 super
1521 3706 1713 3759 omnia
1735 3707 1976 3760 necdum
2086 3706 2354 3759 Versibus
2382 3712 2438 3759 et
2468 3706 2739 3760 brevibus
2765 3723 3063 3778 nunquam
3089 3708 3402 3762 brevianda
3429 3710 3697 3780 ligantur.

284 3798 443 3850 Hunc
474 3798 591 3850 fore
623 3797 948 3861 credebant,
978 3795 1281 3848 simulacra
1313 3796 1559 3848 nefanda
1591 3800 1876 3864 putantes,

285 3887 391 3939 Pro
421 3886 609 3940 dolori
642 3902 762 3938 esse
794 3887 966 3950 Deos;
997 3901 1107 3937 non
1140 3884 1389 3953 amplius
1419 3884 1527 3937 ista
1555 3900 1787 3938 manere

283 3976 509 4042 Passus,
544 3980 599 4027 et
630 3974 883 4045 antiquae
915 3990 1016 4026 nec
1048 3974 1257 4025 damna
1287 3972 1478 4025 videre
1506 3972 1709 4040 ruinae,

283 4063 467 4131 Elegit
498 4063 798 4133 quosdam,
833 4078 974 4131 quos
1006 4061 1185 4130 gratia
1213 4062 1329 4113 sola
1362 4060 1573 4125 beavit,

282 4150 388 4202 Per
420 4166 562 4219 quos
593 4148 913 4219 quadrifida
945 4147 1141 4200 mundi
1174 4147 1277 4199 sub
1307 4147 1537 4200 cardine
1567 4151 1765 4216 gentes

283 4238 561 4304 Salvaret;
597 4236 806 4307 quibus
838 4236 1089 4288 ostendit
1120 4235 1396 4288 miracula
1426 4251 1657 4305 magna,

285 4324 574 4379 Defunctis
612 4324 780 4376 vitam
811 4323 1087 4389 tribmzns,
1124 4323 1263 4376 dans
1296 4322 1513 4376 lumina
1546 4323 1727 4376 caecis.

283 4414 527 4467 Venerat
553 4418 608 4466 et
639 4412 913 4483 quoniam
939 4427 1110 4482 supra
1142 4411 1210 4463 de
1242 4411 1373 4464 sede
1405 4412 1772 4482 Redemptor,

284 4504 354 4557 Ut
384 4502 622 4573 proprio
648 4506 835 4555 totum
860 4501 1101 4554 salvaret
1132 4499 1408 4569 sanguine
1439 4501 1742 4567 mundum,

282 4592 509 4658 lllusus,
545 4607 743 4656 caasus,
776 4591 1098 4656 damnatus,
1127 4588 1484 4657 dispoliatus,

280 4680 498 4735 Judicio
531 4681 743 4751 injusto
773 4680 949 4733 Judex
976 4678 1351 4749 justissimus,
1385 4678 1556 4731 index

280 4769 546 4837 Justitiae,
581 4774 832 4822 extremo
864 4767 1186 4835 cruciﬁxus,
1224 4772 1279 4819 et
1310 4767 1441 4819 inde
1473 4767 1749 4837 sepultus,

282 4857 677 4911 Multimodum
712 4872 947 4927 superas
976 4856 1223 4927 spolium
1253 4855 1523 4908 relevavit
1553 4854 1621 4907 ad
1654 4870 1841 4908 auras.

284 4945 420 4999 Inde
452 4947 648 5016 polum
680 4952 1005 5015 penetrans,
1034 4946 1156 5015 jam
1187 4944 1351 4996 dictis
1380 4944 1531 4997 dona
1564 4943 1785 4998 remisit

284 5034 586 5105 Discipulis
612 5034 892 5105 promissa
920 5033 1055 5099 suis,
1088 5032 1215 5101 quis
1244 5033 1491 5101 Spiritus
1521 5033 1672 5103 ignis

282 5123 459 5176 Atfuit
488 5124 546 5177 in
576 5122 762 5193 specie
793 5126 1042 5188 sanctus,
1079 5122 1219 5174 dans
1248 5121 1446 5175 munia
1471 5121 1708 5192 linguas,

286 5208 409 5272 Qua
433 5215 667 5280 possent
696 5208 912 5269 mundo
945 5207 1233 5278 magnalia
1260 5208 1375 5261 visa
1402 5208 1636 5262 referre.

360 1116 409 1166 1.
443 1111 671 1165 Arbiter
703 1111 1089 1179 omnipotens,
1121 1109 1421 1162 hominum
1455 1123 1766 1178 rerumque
1800 1109 1975 1162 Crea—

288 1202 557 1255 Errorum
588 1200 838 1253 tenebris
866 1199 1079 1251 mundo
1110 1201 1402 1266 pereunte,
1439 1196 1722 1263 misertus,
1839 1197 1972 1269 [tor,

286 1288 535 1358 Virginis
560 1288 793 1341 intravit
818 1288 1155 1345 thalamum,
1188 1286 1583 1355 intactumque
1615 1286 1836 1354 paravit

289 1377 605 1447 Hospitium
634 1376 883 1436 sibimet,
910 1376 1113 1427 clausa).
1144 1390 1257 1443 quo
1286 1373 1518 1426 nomine
1546 1378 1728 1443 portas

252 1458 259 1465 ’
288 1466 581 1519 llezechiel
614 1465 797 1533 signat
826 1480 997 1533 quam
1035 1463 1223 1515 nullus
1255 1462 1519 1514 Conditus
1554 1463 1727 1515 intrat
1756 1472 1796 1529 ³,

291 1554 355 1605 Ni
386 1554 559 1617 solus,
594 1553 683 1605 cui
715 1553 901 1604 clausa
933 1555 1132 1620 patent
1162 1550 1508 1614 habitacula,
1543 1550 1817 1616 Christus,

288 1642 468 1711 thue
500 1641 680 1709 magis
708 1645 934 1708 stupeas
970 1639 1236 1709 quodque
1266 1644 1351 1691 est
1382 1638 1641 1690 mirabile
1675 1639 1850 1704 dictu,

287 1730 536 1784 leestis
566 1730 814 1782 clausam
846 1728 1163 1797 penetravit
1191 1728 1369 1795 janua
1399 1732 1655 1795 portam;

289 1817 447 1870 Unde
482 1816 651 1870 Maria
682 1816 768 1867 sui
800 1814 1041 1883 genitrix
1074 1814 1271 1866 effecta
1303 1812 1576 1882 parentis,

288 1904 535 1974 Virginis
567 1904 816 1972 antiquae
852 1902 1121 1955 delictum
1156 1901 1334 1953 deluit
1368 1901 1514 1965 Evaz,

288 1993 531 2047 Protulit
562 1997 613 2044 et
646 1990 864 2044 mundo
898 2005 1098 2041 verum
1131 1989 1249 2041 sine
1286 1989 1501 2041 semine
1535 1989 1797 2042 fructum.

290 2083 435 2151 Ergo
466 2080 562 2133 ubi
594 2079 899 2149 conspicuo
926 2078 1200 2147 processit
1232 2078 1449 2130 honore
1482 2078 1849 2147 Redemptor.
2020 2070 2059 2122 Β

289 2172 354 2223 Et
386 2170 597 2223 mundo
632 2167 842 2221 etfulsit
876 2166 1084 2219 Phoebo
1116 2166 1447 2218 rutilantior
1478 2166 1633 2234 ipso;

289 2262 543 2313 Pastores
574 2273 844 2328 pecorum
878 2255 1072 2325 primi,
1107 2256 1400 2325 pressique
1430 2271 1657 2323 pavore,

289 2347 627 2417 Conspicuos
657 2346 802 2398 cives
833 2361 1062 2397 carmen
1094 2344 1318 2396 cmleste
1346 2348 1615 2396 canentes

288 2435 567 2489 Audivere
592 2433 756 2487 astris
783 2432 1015 2485 arrectis
1048 2430 1279 2483 auribus
1312 2446 1323 2483 :
1360 2433 1574 2483 Auctor

288 2524 371 2577 Ad
401 2528 581 2576 terras
614 2537 807 2575 rerum
839 2521 989 2591 quod
1023 2519 1244 2573 venerit
1271 2525 1325 2572 et
1358 2520 1693 2588 Reparator,

289 2611 463 2681 Cujus
495 2611 552 2663 in
586 2616 782 2663 exortu
813 2609 1026 2663 ccelesti
1060 2608 1243 2678 gloria
1270 2623 1446 2677 regno

290 2701 353 2754 1n
379 2699 659 2762 terrisque
690 2699 835 2751 foret
868 2698 1086 2750 homini
1119 2713 1227 2766 pax
1258 2700 1449 2748 sancta
1479 2694 1707 2748 volenti.

285 2790 448 2842 Astra
477 2788 595 2858 poli
627 2803 853 2840 censere
886 2802 1020 2839 suus
1049 2785 1199 2854 quod
1232 2785 1495 2837 conditor
1526 2788 1692 2851 esset,

285 2876 371 2929 Ad
402 2877 563 2945 cujus
593 2892 767 2929 cunas
798 2876 1019 2927 stellam
1050 2874 1257 2927 misere
1288 2889 1601 2939 coruscam,

289 2966 563 3034 Huncque
595 2981 762 3017 suum
799 2966 1105 3017 Dominum
1139 2964 1375 3032 pelagus
1406 2966 1751 3031 cognoverat
1781 2979 1922 3029 esse,

286 3052 355 3106 Se
387 3053 595 3122 plantis
622 3054 781 3122 cujus
812 3052 1079 3103 calcabile
1109 3052 1371 3120 pra3buit.
1410 3052 1604 3103 Almus

286 3140 377 3195 Sol
410 3158 636 3211 quoque
664 3140 975 3205 condoluit,
1013 3156 1141 3191 cum
1175 3142 1349 3191 tixum
1383 3139 1575 3207 stipite
1608 3139 1749 3192 vidit

288 3231 449 3282 Flens
480 3230 728 3281 famulus
758 3228 1058 3280 Dominum
1089 3230 1250 3280 furvo
1283 3227 1498 3279 velatus
1531 3226 1762 3280 amictu.

286 3319 573 3387 Terraque
604 3316 888 3385 cognovit,
924 3316 1151 3385 quando
1188 3322 1269 3369 est
1293 3331 1565 3368 concussa
1594 3319 1843 3369 tremore

289 3406 555 3461 Horribili
588 3406 777 3459 fractis
809 3405 1144 3458 Sanctorum
1178 3404 1281 3457 rite
1316 3404 1613 3473 sepulcris.

284 3496 659 3565 Infernusque
692 3509 905 3563 pavens
935 3495 1183 3557 tremuit,
1218 3509 1346 3545 cum
1376 3494 1621 3546 claustra
1653 3493 1873 3547 revulsa

284 3584 457 3649 Vidit,
487 3583 798 3653 conspicuo
825 3581 1126 3635 contractis
1160 3580 1372 3633 lumine
1398 3581 1591 3634 valvis.

2156 3822 2210 3873 4.
2250 3823 2327 3874 De
2360 3838 2606 3891 quorum
2640 3838 2881 3875 numero
2913 3823 3209 3877 Confessor
3234 3824 3392 3877 fulsit
3417 3826 3721 3889 Amandus,

2086 3909 2171 3961 Ad
2200 3910 2362 3978 cujus
2394 3910 2566 3963 modo
2600 3916 2758 3979 gesta
2790 3928 3024 3964 manum
3055 3912 3458 3983 calamumque
3492 3914 3767 3967 novellum

2087 3997 2380 4061 Mittimus,
2413 4005 2470 4051 et
2496 3999 2625 4052 nisu
2653 4000 3019 4069 praegrandia
3052 4001 3341 4071 tangimus
3372 4007 3550 4067 arcto,

2088 4086 2409 4155 Inspirante
2442 4088 2586 4155 Deo;
2622 4088 2757 4158 quia
2790 4104 2995 4157 magna
3022 4093 3108 4142 est
3138 4090 3320 4159 portio
3355 4090 3561 4149 laudis,

2088 4174 2243 4227 Illius
2274 4172 2492 4228 calamo
2527 4175 2708 4229 varios
2736 4177 3011 4246 replicare
3043 4178 3283 4231 labores.

2087 4265 2165 4317 Ac
2195 4280 2375 4333 genus
2406 4268 2461 4316 et
2489 4265 2736 4333 patriam
2764 4282 2864 4318 seu
2898 4265 3067 4319 fortia
3092 4266 3341 4320 scribere
3368 4273 3527 4337 gesta

2088 4352 2169 4406 Ad
2203 4352 2428 4406 laudem
2460 4353 2707 4419 Domini,
2736 4352 2859 4407 haec
2886 4355 3047 4424 cujus
3072 4355 3281 4409 virtute
3312 4357 3555 4427 peregit,

2090 4441 2379 4511 Quidquid
2415 4442 2569 4495 enim
2600 4442 2859 4495 canimus
2891 4459 3183 4497 servorum
3206 4444 3264 4496 in
3291 4444 3457 4497 laude
3479 4445 3765 4511 honorum,

2087 4529 2336 4600 Respicit
2371 4530 2439 4583 ad
2476 4530 2811 4597 Dominum;
2845 4531 3005 4601 cujus
3036 4532 3144 4585 hoc
3174 4546 3415 4584 munere
3445 4536 3681 4586 sumunt

2014 4659 2059 4713 Β
2088 4618 2229 4672 Cum
2262 4618 2408 4671 bene
2443 4618 2543 4713 qui
2573 4618 2822 4687 produnt
2846 4619 3065 4713 justum
3096 4623 3151 4672 et
3179 4618 3467 4673 laudabile
3500 4619 3678 4673 sancti

2086 4706 2269 4759 Mente
2296 4721 2466 4758 manu
2506 4705 2724 4775 lingua,
2763 4705 3108 4767 meditando,
3131 4706 3444 4776 operando,
3474 4706 3767 4777 loquendo,

2087 4794 2208 4857 Quo
2243 4794 2363 4847 sine
2396 4794 2581 4864 pulvis
2603 4795 2776 4847 homo
2799 4799 2910 4863 est;
2937 4810 3050 4865 quo
3073 4810 3203 4847 cum
3226 4793 3308 4846 nil
3330 4794 3559 4848 charius
3581 4800 3765 4849 exstat.

2161 4894 2209 4945 5.
2246 4892 2386 4945 Nam
2418 4896 2665 4961 quantus
2695 4892 2888 4956 fuerit,
2925 4892 3087 4962 cujus
3118 4892 3461 4946 describitur
3491 4897 3678 4957 actus;

2087 4980 2283 5043 Qualis
2313 4980 2373 5032 in
2404 4980 2510 5033 hoc
2533 4979 2738 5046 virtus,
2774 4980 2975 5050 pietas,
3006 4980 3233 5034 devotio
3263 4980 3473 5050 qualis,

2089 5067 2353 5122 Centenis
2380 5069 2573 5121 nullus
2600 5068 2811 5138 poterit
2838 5068 3176 5138 depromere
3208 5068 3445 5139 linguis,

2089 5157 2325 5211 Gutture
2358 5156 2659 5210 millesono
2685 5156 2934 5210 tonitrus
2961 5157 3007 5210 si
3038 5172 3195 5211 more
3226 5157 3413 5210 boarit
3440 5172 3453 5210 :

2090 5245 2239 5309 Quin
2262 5246 2453 5299 minus
2484 5246 2605 5299 haec
2635 5246 2835 5316 gracili
2861 5262 3125 5300 sermone
3148 5246 3360 5299 referre
3392 5245 3620 5313 valebo,

356 5336 406 5387 3.
444 5333 511 5387 Hi
538 5348 768 5403 quoque
800 5332 1066 5403 pervigili
1090 5333 1443 5402 complentes
1466 5332 1625 5403 jussa
1654 5332 1868 5399 labore,
2087 5333 2196 5397 Qui
2228 5334 2387 5388 rudis
2418 5333 2683 5399 existens,
2716 5334 2943 5405 apicum
2972 5333 3291 5404 primordia
3322 5332 3413 5386 vix
3444 5349 3602 5387 nunc

355 5500 380 5565 ξι
406 5492 599 5565 Εξεοὴ.
633 5508 775 5565 xmv,
804 5494 881 5565 2.;
1809 5562 1821 5565 _
2160 5503 2180 5529 °
2209 5495 2407 5557 Gehon,
2439 5494 2750 5549 secundam
2781 5494 2933 5550 inter
2958 5498 3226 5565 quatuor,
3248 5493 3495 5547 ﬂumina
3518 5493 3771 5555 Paradisi,

354 5560 658 5621 Βφιλίππος
699 5561 981 5630 signiﬁcat
1011 5566 1319 5635 amantem,
1342 5578 1651 5635 equorum,
1704 5579 1768 5617 ac
1808 5562 1979 5618 belli-
2088 5566 2289 5620 Genes.
2348 5582 2406 5632 ιι,
2466 5568 2551 5633 13,
2610 5568 2860 5621 circumit
2925 5560 3130 5620 omnem
3193 5570 3395 5619 terram
3464 5566 3769 5635 (Ethiopiz.

286 5648 504 5698 cosum,
536 5649 599 5686 ac
629 5647 974 5702 generosum
1006 5632 1275 5699 intelligit
1306 5634 1461 5685 Milo.
