3868 6228
32 337 151 389 933

35 467 341 533 Addidici,
377 470 646 523 doctrina
677 475 731 524 et
768 469 925 525 verbi
955 469 1193 525 ﬂumine
1223 472 1422 539 siccus,
1481 502 1491 506 -

37 555 205 618 Quid
239 557 442 610 faciam
463 557 491 610 ?
527 559 731 628 loquar
759 575 831 612 an
863 565 1079 612 taceam
1110 560 1203 629 pia
1235 565 1392 629 gesta
1424 561 1694 615 Patroni?

42 646 187 698 Haec
222 646 357 716 quia
388 662 509 700 non
536 663 767 716 possum
800 648 1169 718 compingere
1208 648 1459 702 carmine
1493 649 1691 720 digno,

41 733 165 786 Sed
203 734 499 803 trepidum
533 751 664 805 spes
695 735 790 788 illa
816 734 997 803 juvat,
1032 736 1238 789 fiducia
1265 735 1477 803 firmat,

40 821 222 884 Quod
253 828 481 876 sanctus
516 823 785 877 mihimet
817 825 1027 892 poterit
1058 825 1312 893 praebere
1345 824 1620 894 loquendi

42 912 239 973 Vires,
269 913 369 981 qui
400 912 583 965 valuit
614 912 785 965 mutis
814 914 1070 965 conferre
1098 912 1407 981 loquelam.

45 997 310 1052 Sacratis
344 1000 628 1069 precibus,
664 1016 793 1054 cum
827 1017 953 1070 spes
987 1000 1131 1053 hanc
1164 1001 1328 1053 tirma
1359 1003 1611 1069 rogaret,

47 1087 233 1156 Cujus
264 1094 321 1141 et
350 1089 411 1141 in
446 1089 713 1142 manibus
744 1089 1015 1158 speciosis
1048 1097 1072 1122 ⁸
1100 1089 1289 1158 regius
1317 1088 1505 1141 infans

44 1175 400 1230 Sermonem
431 1177 649 1241 didicit,
685 1193 857 1246 quem
889 1192 1191 1247 nunquam
1221 1178 1477 1245 corporis
1506 1192 1614 1230 usu

50 1264 397 1334 Respondit,
432 1266 838 1334 modicumque
868 1264 975 1317 fuit
1002 1264 1256 1333 proferre
1292 1265 1467 1317 latina

54 1354 263 1418 Verba,
295 1354 391 1407 sed
423 1354 721 1407 Hebraicaa
751 1354 1109 1422 deprompsit
1140 1353 1351 1405 famine
1384 1353 1597 1421 linguae

50 1445 246 1495 Amen
280 1442 467 1507 dulce,
498 1442 604 1495 viri
635 1442 930 1511 complens
963 1442 1057 1511 pia
1086 1446 1213 1495 vota
1245 1441 1547 1510 peccantis.

52 1531 234 1598 Ergo,
265 1537 330 1583 ut
360 1531 466 1583 rite
498 1547 708 1600 queam
742 1530 936 1582 laudes
971 1545 1034 1582 ac
1065 1534 1223 1597 gesta
1249 1535 1446 1582 notare

50 1618 350 1671 Pontiﬁcis
378 1620 597 1688 magni,
632 1617 811 1671 divini
839 1620 1067 1687 postulo
1104 1618 1339 1686 supplex

55 1706 335 1759 Flaminis
378 1706 674 1772 auxilium,
722 1706 873 1774 quod
919 1706 1176 1759 continet
1216 1705 1428 1772 omnia,
1472 1706 1765 1775 complens

50 1798 243 1860 Astra,
279 1795 495 1863 polum,
527 1796 788 1864 pelagus,
824 1801 1043 1859 terras;
1076 1811 1189 1864 quo
1220 1801 1422 1847 cuncta
1450 1801 1763 1864 reguntur;

56 1884 209 1936 Cum
254 1899 366 1953 quo
404 1884 607 1953 lingua
647 1884 821 1948 valet;
857 1884 975 1936 sine
1025 1900 1139 1952 qua
1182 1882 1447 1937 facundia
1474 1888 1631 1937 muta
1659 1888 1761 1938 est.

54 1970 110 2023 Si
143 1976 248 2023 tua
275 1975 408 2023 sunt
440 1987 568 2041 quae
602 1987 796 2036 narro,
835 1972 998 2037 Deus,
1035 1987 1184 2023 nunc
1218 1986 1317 2023 oro
1353 1972 1607 2038 precanti

60 2059 295 2128 Elingui
327 2060 594 2113 mihimet
625 2060 694 2113 da
727 2061 941 2129 linguae
974 2075 1184 2113 munus
1217 2061 1496 2114 honestae.

135 2186 190 2236 6.
226 2182 329 2236 Sed
377 2182 537 2253 prius
578 2199 705 2236 arce
746 2198 928 2252 genus
972 2183 1144 2236 rutila
1176 2183 1516 2237 celebrabile
1548 2189 1765 2239 cretum

68 2274 91 2313 ει
121 2272 376 2341 Pangere
404 2272 573 2341 gestit
599 2288 783 2338 amor,
818 2272 1146 2341 cursimque
1179 2278 1376 2326 notare
1410 2272 1634 2327 beatam

66 2360 405 2428 Progeniem
443 2360 612 2427 Justi,
644 2359 950 2429 primoque
984 2360 1191 2413 referre
1233 2361 1444 2430 priora,

70 2447 356 2511 Quatenus
387 2448 621 2501 inﬁxam
657 2449 905 2501 radicem
938 2448 1149 2518 pagina
1181 2464 1413 2501 servans

70 2537 298 2590 Arboris
328 2536 574 2601 eximiae,
610 2537 845 2590 demum
875 2537 1147 2606 praecelsa
1178 2554 1436 2607 propago

70 2625 377 2679 Remorum
410 2630 465 2678 et
498 2626 714 2678 celsum
746 2627 977 2678 tollatur
1008 2626 1076 2679 ad
1108 2631 1258 2678 astra
1289 2641 1585 2679 cacumen.

73 2714 163 2764 Est
195 2713 349 2781 regio
382 2713 639 2783 antiquis
669 2713 975 2783 Aquitania
1007 2714 1153 2767 dicta
1185 2713 1423 2780 colonis,

76 2802 433 2870 Bellipotens,
468 2807 527 2855 et
556 2802 890 2871 frugiferax,
922 2803 1322 2872 populosaque
1357 2803 1544 2867 tellus,

76 2890 323 2943 Fertilior
355 2895 552 2943 tamen
584 2897 641 2944 et
669 2891 914 2943 multum
952 2890 1251 2944 fecundior
1282 2892 1415 2943 hinc
1446 2896 1548 2956 est,

77 2978 222 3041 Quod
253 2980 426 3032 talem
462 2980 713 3032 fructum
745 2980 1070 3033 venerando
1102 2981 1340 3049 protulit
1368 2960 1522 3033 ortu.

79 3068 194 3119 HEBC
220 3067 343 3128 tibi,
378 3067 486 3119 rite
515 3066 653 3119 colis
682 3083 853 3137 quem
881 3067 1076 3130 Gallia,
1116 3067 1269 3120 misit
1297 3067 1643 3134 Amandum,

78 3154 273 3208 Nobilis
301 3156 440 3207 huic
474 3155 705 3223 genitor
736 3155 940 3222 fuerat,
976 3156 1073 3225 qui
1099 3156 1229 3225 jure
1257 3157 1501 3209 Serenus

80 3242 162 3295 Est
186 3244 386 3309 dictus,
424 3244 701 3313 quoniam
734 3244 947 3297 meruit
975 3260 1253 3314 generare
1287 3260 1578 3298 serenum.

80 3332 299 3402 Egregia
325 3338 385 3385 et
417 3332 662 3401 genitrix
691 3337 776 3384 est
807 3333 969 3402 cujus
1000 3333 1265 3386 Amantia
1298 3334 1467 3386 dicta.

80 3419 200 3473 Rem
234 3420 502 3490 stupidus
531 3420 709 3472 miror
740 3420 933 3473 divino
970 3437 1207 3474 munere
1242 3427 1481 3488 gestam,

82 3507 224 3569 Quod
256 3509 369 3562 sibi
399 3508 748 3562 conveniunt
776 3510 1024 3578 genitor,
1057 3509 1318 3579 genitrix,
1354 3509 1694 3580 genitusque

80 3597 404 3650 Nominibus
434 3597 624 3666 dignis
654 3598 940 3651 donorum
974 3614 1215 3651 munera
1243 3598 1441 3652 fantes.

84 3685 319 3756 Namque
352 3686 606 3740 Serenus
639 3701 836 3754 ovans,
869 3687 1117 3756 genitrix
1143 3691 1198 3740 et
1229 3687 1493 3741 Amantia
1522 3687 1762 3756 pollens,

84 3774 189 3827 Non
221 3775 437 3828 mirum
466 3780 547 3827 est
582 3780 859 3843 generant
887 3775 933 3827 si
962 3776 1133 3828 talem
1162 3775 1290 3845 jure
1318 3776 1598 3845 puellum,

86 3862 306 3917 Nomine
337 3864 439 3934 qui
472 3863 651 3916 sancti
688 3869 1044 3917 memoratur
1073 3864 1283 3917 amoris
1313 3864 1626 3919 Amandus.

85 3950 120 4004 Ο
147 3952 265 4005 felix
301 3953 481 4021 regio,
529 3968 658 4021 quae
690 3952 862 4005 talem
898 3953 1268 4022 promeruisti

87 4040 332 4111 Cernere,
364 4041 517 4094 ferre
548 4041 761 4109 virum,
792 4041 1043 4095 nutrice!
1078 4040 1231 4093 hunc
1269 4040 1315 4093 si
1345 4040 1623 4094 tenuisses

87 4127 190 4181 Non
218 4132 395 4183 tantae
426 4133 731 4199 quaterent
760 4133 814 4183 te
846 4145 995 4182 nunc
1028 4129 1159 4182 hinc
1188 4129 1318 4183 inde
1349 4130 1636 4199 procellae.

89 4216 213 4287 Ergo
245 4218 458 4272 Serene
490 4224 655 4287 pater
683 4217 782 4270 tali
815 4234 919 4286 pro
952 4218 1194 4287 pignore
1227 4219 1405 4283 salve;

90 4303 279 4376 Inclyta
300 4310 491 4360 mater
516 4322 633 4370 ave,
673 4322 802 4376 qum
833 4306 984 4359 claro
1019 4306 1279 4376 germine
1309 4305 1501 4360 ﬂores.

745 4448 971 4502 CAPUT
1011 4448 1077 4501 II.

95 4580 200 4634 Vita
234 4580 307 4635 S.
350 4578 604 4633 Amandi
647 4582 951 4633 monastica
996 4583 1056 4633 in
1094 4581 1277 4633 insula
1316 4582 1489 4647 Ogia.
1533 4582 1762 4651 Serpens

327 4653 582 4718 fugatus.
626 4651 908 4704 Promissa
940 4653 1122 4720 patris
1162 4657 1483 4720 contempta.

144 4784 189 4834 7.
220 4781 326 4846 Qui
359 4797 505 4852 puer
532 4797 565 4834 a
594 4783 756 4835 cunis
788 4781 1105 4855 primordia
1129 4782 1276 4838 forte
1308 4784 1535 4839 minora

90 4866 298 4923 Sumere
332 4870 676 4932 detrectans,
712 4871 943 4939 signum
972 4872 1127 4925 dedit
1157 4872 1558 4942 imperfectum

89 4955 143 5007 Se
168 4958 242 5011 nil
272 4959 416 5012 velle
447 4958 644 5029 sequi;
676 4975 963 5013 summam
994 4961 1255 5015 subvexit
1280 4962 1351 5016 ad
1380 4978 1569 5017 arcem

90 5043 301 5099 Iustitiae
328 5061 615 5115 gressum,
643 5062 903 5100 crescens
932 5050 1095 5100 astate
1131 5047 1354 5101 Beatus.

94 5130 376 5187 lmmodico
408 5134 637 5188 fervens
665 5150 797 5188 cum
832 5134 1035 5189 Christi
1065 5136 1293 5189 arderet
1317 5151 1536 5206 amore,

95 5219 322 5277 Deseruit
346 5223 615 5293 patriam,
648 5224 792 5278 sicut
822 5224 1165 5279 venerabilis
1197 5226 1429 5291 Abram,

150 5378 638 5452 fS._Sigebertus,
686 5385 745 5434 ut
788 5398 960 5452 supra
1001 5385 1058 5437 et
1100 5386 1147 5437 l.
1182 5382 1477 5437 Februarii
1512 5383 1757 5438 dictum.

150 5451 172 5491 ι)
191 5450 369 5505 Aliud
384 5468 494 5505 ms.
531 5454 793 5518 Tangere.

150 5545 168 5593 ς
193 5523 355 5589 Angit
388 5524 735 5576 neutraliter
759 5522 1013 5593 positum
1044 5539 1150 5593 pro
1178 5525 1425 5591 angitur.

151 5590 385 5646 dMarsis
427 5593 607 5647 Italia:
652 5590 883 5663 populis
933 5590 1095 5664 (quos
1135 5610 1168 5649 a
1215 5590 1401 5649 Circes
1439 5594 1556 5648 lilio
1613 5597 1770 5647 ortos

1274 342 1361 393 DE
1403 342 1559 395 VITA
1596 341 1652 395 S.
1694 340 1982 396 AMANDI.
2018 371 2077 380 —
2106 342 2234 395 LIB.
2281 345 2324 397 I.

3459 348 3563 399 934

1799 476 1845 527 Α
1876 472 2273 543 Cognatosque
2306 490 2436 526 suos
2469 473 2730 543 linquens
2758 474 3060 544 peregrina
3090 474 3311 546 petivit.

1875 562 1968 614 Est
2005 562 2159 614 locus
2190 562 2396 615 Oceani
2430 562 2643 615 distans
2675 580 2705 615 a
2735 564 2924 616 littore
2961 566 3174 631 magni,

1846 694 1847 697 η
1874 650 2089 718 Nempe
2121 654 2322 719 quater
2354 650 2537 716 denis,
2577 656 2635 702 ut
2668 652 2865 717 fertur,
2903 653 3155 706 millibus
3187 670 3380 724 aeque;

1874 739 2062 791 Insula
2095 754 2207 807 quo
2250 738 2468 807 praebet
2499 739 2859 792 venientibus
2888 740 3027 809 Ogia
3057 746 3309 809 portum,

1874 826 1994 889 Quo
2025 826 2256 879 veniens
2286 841 2469 895 agnus
2501 826 2643 879 lanis
2677 828 3048 881 candentibus
3079 828 3261 894 albus,

1878 917 2165 985 Excipitur
2198 916 2362 968 niveo
2392 916 2565 985 grege
2590 916 2981 985 congaudente
3012 917 3297 986 benigne;

1874 1004 2233 1073 Emicuitque
2261 1004 2417 1057 brevi
2452 1004 2669 1057 meritis
2704 1005 2763 1057 in
2794 1008 3055 1073 tempore
3089 1005 3348 1057 summis.

1874 1095 1940 1145 Et
1972 1093 2103 1162 quia
2130 1093 2440 1161 scripturas
2466 1092 2685 1145 curavit
2714 1094 2928 1146 discere
2962 1109 3166 1159 sacras,

1875 1179 2010 1242 Quis
2037 1179 2199 1231 labor
2231 1185 2309 1232 est
2340 1180 2547 1248 primo,
2581 1180 2676 1231 sed
2711 1184 2837 1249 post
2868 1180 3116 1249 pretiosa
3146 1180 3356 1234 laboris

1874 1268 2136 1332 Prmmia,
2170 1268 2470 1337 multiplici
2498 1269 2775 1321 virtutum
2804 1269 2967 1339 fruge
2995 1269 3297 1338 replenda;

1875 1356 2125 1426 Quaeque
2156 1357 2346 1409 cibant
2375 1358 2596 1409 animas
2627 1359 2853 1410 mortali
2875 1374 3044 1410 carne
3071 1363 3353 1427 gravatas,

1874 1444 2258 1510 Sanctificant,
2293 1452 2513 1509 curant,
2548 1446 2784 1505 salvant,
2813 1451 3193 1516 vegetantque
3226 1448 3564 1516 perornant;

1877 1533 1999 1586 Non
2033 1538 2222 1585 sancto
2255 1533 2537 1586 desiderio
2566 1534 2844 1603 proiectio
2880 1534 3085 1588 Christi

1878 1621 2097 1685 Defuit;
2131 1622 2200 1675 ad
2231 1637 2518 1675 summum
2553 1623 2648 1675 sed
2684 1622 2828 1675 vexit
2857 1624 3083 1675 culmen
3112 1623 3399 1675 honorum

1875 1710 2029 1763 Talia
2061 1716 2436 1779 quaerentem,
2470 1711 2775 1775 sitientem,
2811 1716 2865 1763 et
2896 1717 3182 1764 amantem
3221 1712 3565 1765 Amandum.

1946 1800 1998 1851 8.
2032 1799 2173 1851 Hinc
2220 1798 2438 1868 majora
2483 1815 2727 1868 sequens
2767 1815 3007 1868 operum
3039 1799 3333 1866 miracula,
3383 1799 3568 1853 dicam

1873 1885 2071 1948 Qualia
2100 1886 2382 1956 principio
2418 1886 2648 1947 Domini
2679 1887 2916 1939 devotus
2947 1892 3171 1939 amator

1873 1974 2075 2028 Przelia
2107 1974 2440 2043 praetulerit,
2473 1979 2527 2027 et
2559 1979 2801 2044 quantos
2833 1975 2963 2028 inde
2991 1974 3319 2043 triumphos

1874 2063 2137 2133 Corporis
2169 2079 2231 2115 ac
2262 2064 2469 2115 mentis
2503 2069 2769 2131 superato
2802 2064 3032 2116 sustulit
3062 2063 3244 2116 hoste.

1875 2152 2039 2204 Forte
2072 2151 2193 2203 dies
2225 2150 2421 2203 aderat
2450 2150 2733 2219 quazdam,
2768 2166 2881 2219 qua
2910 2150 3157 2203 instabat
3186 2150 3406 2218 agenda

1874 2239 2055 2292 Causa
2087 2238 2413 2292 monasterii
2437 2240 2557 2306 jam
2590 2239 2748 2307 dicti,
2777 2255 3003 2309 quaque
3036 2239 3355 2308 benignum

1875 2327 2076 2381 Eximii
2098 2328 2319 2380 Fratres
2349 2343 2593 2396 puerum
2625 2328 2912 2396 complere
2939 2328 3191 2380 volentes

1874 2418 2192 2486 Injungunt
2224 2431 2419 2468 causas
2450 2416 2671 2485 operis;
2707 2416 2857 2485 quod
2882 2420 3155 2484 protenus
3185 2414 3281 2468 ille

1873 2504 2126 2573 Impiger
2153 2504 2502 2573 exsequitur,
2539 2503 2755 2556 cunctis
2785 2504 2996 2556 servire
3028 2509 3281 2572 paratus,

1872 2592 2144 2646 Subditns
2175 2591 2450 2661 obsequio
2484 2591 2732 2644 famulus
2763 2592 3079 2644 celeranter
3108 2592 3169 2643 in
3210 2589 3387 2643 omni.

1871 2681 1979 2735 Sed
2013 2681 2149 2734 dum
2182 2680 2328 2733 forte
2362 2680 2550 2732 minus
2580 2680 2701 2732 loca
2731 2684 2957 2732 sanctus
2989 2678 3214 2747 cognita
3250 2679 3467 2742 lustrat,

1873 2770 2071 2823 Obviat
2103 2769 2415 2821 immanem
2450 2768 2721 2821 horrendi
2753 2768 3007 2837 corporis
3043 2783 3288 2837 anguem

1872 2858 2118 2926 Saevum,
2150 2857 2599 2927 squamigerum,
2632 2856 2843 2923 dirum,
2873 2860 3117 2925 vastum,
3146 2856 3563 2923 truculentum,

1873 2948 2056 3011 Quem
2095 2962 2239 3016 puer
2274 2946 2571 3015 aspiciens,
2620 2945 2947 3016 pariterque
2987 2946 3223 2999 horrore
3264 2961 3566 3015 pavescens

1873 3035 2167 3099 Terretur;
2197 3038 2405 3103 stupet,
2441 3034 2777 3099 admiratur,
2811 3038 2865 3087 et
2897 3034 3099 3087 anxius
3127 3034 3325 3099 haeret,

1876 3120 2276 3191 Attonitusque
2321 3120 2534 3185 tremit,
2577 3136 2691 3191 quo
2741 3136 2999 3190 gressum
3033 3125 3294 3185 verteret,
3325 3128 3345 3152 ο
3373 3119 3558 3188 angit.

1878 3209 2084 3262 Coelica
2113 3210 2209 3262 sed
2246 3209 2467 3262 Domini
2499 3225 2628 3262 mox
2659 3208 2813 3262 hunc
2842 3212 2906 3261 ut
2935 3208 3117 3279 gratia
3150 3208 3327 3275 fulsit,

1876 3296 2101 3351 Corruit
2130 3298 2190 3350 in
2224 3298 2448 3363 faciem,
2480 3302 2693 3351 terram
2726 3313 2952 3368 quoque
2980 3313 3219 3366 corpore
3250 3296 3477 3366 pressit,

1874 3386 2222 3457 Suppliciter
2252 3392 2479 3453 stratus,
2513 3387 2609 3440 sed
2639 3392 2831 3440 mente
2859 3386 2927 3439 ad
2961 3386 3144 3439 sidera
3177 3391 3388 3439 vectus.

1878 3474 2017 3527 Hinc
2049 3491 2278 3545 quoque
2308 3475 2600 3540 vexillum,
2631 3478 2840 3527 nostrae
2873 3490 2984 3543 quo
3016 3490 3240 3527 summa
3264 3473 3464 3527 salutis

1875 3564 2166 3629 Consistit,
2204 3563 2389 3616 valida
2418 3562 2688 3632 opposuit
2714 3562 2921 3615 virtute
2957 3563 3245 3632 chelydro.

1872 3652 2046 3705 Jussit
2076 3656 2130 3705 et
2160 3651 2229 3704 ad
2262 3656 2422 3704 notas
2464 3651 2628 3703 illum
2662 3666 2914 3703 remeare
2945 3650 3209 3702 latebras.

1874 3741 2081 3793 Letifer
2114 3744 2199 3793 ast
2229 3739 2442 3809 hydrus
2471 3738 2621 3807 signi
2654 3737 2862 3791 virtute
2892 3738 3172 3806 repulsus,

1873 3828 2163 3899 Effugiens
2192 3827 2382 3894 rediit,
2413 3832 2734 3897 notumque
2767 3827 3023 3895 relapsus
3052 3826 3120 3878 ad
3151 3828 3402 3891 antrum,

1875 3918 2125 3972 Ulterius
2157 3916 2460 3970 hominum
2492 3931 2774 3985 nusquam
2806 3914 3129 3984 comparuit
3160 3914 3285 3978 ulli,

1872 4007 2233 4076 Ereptusque
2262 4007 2416 4058 locus
2453 4010 2610 4057 tanlo
2638 4005 2756 4072 jam
2788 4003 2970 4056 dictus
3002 4003 3071 4055 ab
3104 4003 3264 4055 hoste
3296 4005 3401 4055 est.

1874 4096 2048 4148 Fama
2080 4100 2163 4148 est
2195 4100 2488 4164 serpentes
2512 4090 2539 4127 ἀ
2572 4094 2780 4145 Marsos
2807 4090 3037 4144 turbare
3067 4095 3255 4144 suetos

1875 4183 2090 4253 Exigua
2122 4183 2352 4236 sibimet
2378 4183 2590 4234 vallum
2625 4182 2826 4233 tellure
2856 4195 3079 4249 parare,

1871 4270 2035 4334 Quod
2077 4277 2325 4340 nequeat
2364 4270 2607 4323 transire
2651 4270 2856 4322 cohors
2896 4284 3203 4321 numerosa
3232 4270 3564 4321 nocentum.

1802 4346 1845 4399 D
1874 4358 1979 4412 Sed
2012 4358 2251 4411 meliore
2280 4358 2371 4411 via
2404 4359 2649 4411 multum
2683 4357 3048 4427 praastantius
3081 4357 3185 4410 iste

1875 4446 2148 4516 Reppulit
2178 4446 2389 4513 ignitus
2418 4447 2609 4501 divino
2640 4445 2853 4500 famine
2882 4445 3058 4498 rictus

1871 4533 2186 4604 Serpentis,
2220 4540 2444 4588 sanctus
2474 4539 2791 4605 prostratus
2824 4534 2881 4586 in
2907 4548 3117 4602 aggere
3149 4538 3318 4585 terra:

1873 4624 1980 4676 Per
2006 4624 2208 4677 vexilla
2235 4624 2436 4689 crucis,
2468 4623 2659 4693 digitis
2690 4638 2818 4691 quas
2847 4621 3033 4690 pinxit
3061 4621 3119 4673 in
3154 4619 3322 4685 arvis,

1876 4712 1991 4764 Hoc
2019 4712 2273 4782 primum
2300 4711 2545 4781 patravit
2576 4726 2747 4778 opus;
2777 4708 2927 4778 quod
2962 4708 3069 4761 rite
3101 4710 3362 4761 notatum

1877 4799 2233 4870 Linquimus,
2267 4800 2375 4853 hoc
2404 4799 2527 4852 aliis
2554 4802 2681 4866 post
2710 4800 2902 4850 narret
2929 4796 3137 4848 scheda
3166 4794 3396 4848 futuris.

1876 4888 2021 4957 Ergo
2048 4888 2251 4941 humili
2280 4891 2409 4939 voto
2440 4891 2515 4951 te,
2544 4886 2740 4937 Pastor
2774 4883 3050 4949 Amande,
3078 4898 3405 4953 precamur,

1871 4976 2186 5046 Antiquum
2216 4980 2278 5029 ut
2311 4976 2482 5045 pellas
2516 4988 2785 5042 anguem,
2816 4971 2914 5041 qui
2950 4987 3189 5041 corpora
3220 4975 3417 5025 nostra

1876 5064 2000 5118 Non
2030 5079 2233 5117 curans
2262 5064 2497 5128 laniare,
2531 5060 2738 5113 animis
2766 5060 2946 5129 magis
2978 5064 3135 5130 optat
3165 5058 3367 5113 acerba

1874 5152 2150 5205 Vulnifico
2181 5152 2387 5205 nostris
2417 5149 2717 5203 infundere
2743 5149 2912 5202 dente
2940 5164 3181 5215 venena,

1877 5238 2318 5294 Flammivomus
2346 5240 2605 5292 ﬂammas
2635 5243 2691 5290 et
2720 5236 2943 5308 spirans
2972 5238 3178 5307 igneus
3206 5236 3389 5308 ignes.

1875 5380 2089 5447 ferunt)
2128 5380 2244 5433 vim
2283 5380 2467 5434 inesse
2507 5384 2705 5432 contra
2743 5384 3038 5447 serpentes
3082 5378 3404 5434 naturalem
3430 5378 3571 5433 olim

1877 5451 2178 5505 creditum.
2230 5452 2377 5505 Plin.
2412 5450 2507 5504 lib.
2545 5465 2644 5515 vn,
2680 5466 2801 5520 cap.
2834 5452 2887 5505 2.
2924 5451 3024 5505 Hic
3057 5466 3163 5521 pro
3196 5449 3573 5505 incantatori-

1876 5522 1983 5575 bus
2013 5522 2189 5592 accipi
2220 5538 2254 5576 a
2280 5522 2485 5577 Milone
2516 5521 2800 5575 videntur.
