3868 6228
271 321 376 375 935
1516 310 1790 366 λιιιΟΝιε

2277 311 2542 365 ΑΜΑΝΒΙ
3688 314 3777 364 936

272 458 380 522 Qui
414 457 538 521 tibi,
569 458 758 508 sancte
781 454 966 517 Pater,
990 449 1286 520 proprium
1315 447 1635 502 transmisit
1663 449 1961 501 alumnum
2000 449 2045 500 Α
2075 450 2148 501 Ac
2183 446 2455 499 Dominus
2486 451 2702 514 noster,
2733 446 2831 517 qui
2863 451 3041 500 totam
3075 447 3331 501 condidit
3359 447 3594 513 orbem,

274 547 514 616 Serpens
545 547 866 612 serpentem
900 555 1112 592 saevum
1147 539 1264 602 (sed
1297 554 1446 590 saeva
1473 538 1714 590 serendo
2075 537 2194 588 Non
2228 536 2399 588 habet
2429 535 2698 605 exiguum
2728 540 2960 600 tectum,
2993 552 3108 606 quo
3141 536 3403 589 membra
3429 537 3715 600 reclinet;

273 634 482 688 Saevior
511 629 760 697 advenit,
797 630 956 698 cujus
989 627 1094 680 fuit
1130 626 1225 679 ille
1258 625 1538 694 minister)
2073 625 2137 677 Et
2167 624 2308 677 mihi
2341 640 2547 693 magna
2578 623 2782 676 domus
2813 624 2969 676 vario
3003 624 3293 695 pingenda
3322 625 3518 678 colore
3551 623 3686 678 est?

274 723 337 776 In
370 719 917 774 Centumcellensem
950 716 1180 779 urbem;
1216 714 1369 784 quod
1401 720 1535 767 tunc
1565 714 1706 766 duce
1743 711 1962 766 Christo
2073 714 2330 781 Namque
2364 712 2547 766 bonus
2580 729 2692 765 non
2723 712 2883 766 miles
2916 712 3008 766 hic
3038 718 3140 779 est,
3175 713 3276 783 qui
3300 713 3434 782 jure
3462 713 3785 768 colendum
3825 741 3827 744 -

274 810 483 863 Ordine
517 809 621 862 rite
654 823 779 871 suo,
809 821 937 858 cum
974 805 1109 857 illnc
1144 819 1480 872 pervenero,
1515 817 1783 871 pangam.
2079 803 2295 855 Deserit
2318 802 2472 854 aerio
2503 801 2686 854 solum
2720 802 2826 854 sub
2859 801 3113 872 tegmine
3143 801 3376 871 Regem.

276 900 436 952 Nunc
483 897 592 950 iter
640 897 930 962 inceptum
978 892 1230 962 gradior,
1273 891 1634 960 hydrumque
1675 889 1960 958 relinquo,
2078 891 2141 943 Et
2168 889 2310 959 petit
2341 890 2462 959 ipse
2495 889 2667 958 fugax
2701 889 2971 942 umbrosa
3000 890 3299 943 cacumina
3326 891 3461 943 tecti
3494 907 3509 944 :

273 987 471 1040 Cresce
502 999 647 1054 puer
676 983 881 1034 virtute
916 996 1078 1044 nova,
1111 980 1186 1032 sic
1217 979 1324 1031 ibis
1355 979 1422 1032 ad
1459 983 1627 1030 astra.
2075 979 2321 1032 Urbibus
2347 979 2442 1031 ille
2476 979 2672 1031 decem
2700 977 2962 1047 praeferri
2991 994 3198 1048 nempe
3231 978 3519 1048 nequibit,

345 1094 396 1144 9.
431 1092 493 1143 In
528 1089 761 1159 puerilis
791 1087 974 1140 adhuc
1007 1084 1189 1138 aetatis
1221 1084 1360 1136 ﬂore
1389 1083 1586 1136 beatus
2074 1069 2268 1159 ljalma
2294 1072 2348 1120 et
2381 1083 2508 1137 (Iulii
2541 1067 2714 1159 fuerit
2744 1067 2946 1136 capulo
2983 1068 3106 1120 sine
3139 1066 3644 1159 palma‘neganda
3684 1072 3786 1119 est.

273 1155 666 1241 Snccrescens,
702 1176 903 1229 studiis
933 1174 1204 1227 virtutum
1238 1173 1490 1225 intentus
1522 1170 1794 1236 honestis,
2075 1157 2193 1210 Rex
2235 1171 2397 1208 meus
2439 1161 2524 1208 θεῖ
2568 1155 2840 1222 Christi”,
2881 1171 3242 1225 regnumque
3274 1155 3428 1208 illius
3460 1156 3784 1226 Olympus:

275 1270 524 1338 Corpore
557 1271 677 1319 erat
700 1263 946 1334 juvenis,
980 1263 1173 1315 senior
1201 1261 1294 1314 sed
1325 1276 1498 1313 canus
1524 1260 1580 1312 in
1613 1264 1761 1312 actu.
2337 1259 2463 1338 5u_m
2496 1243 2658 1296 miles
2684 1258 2982 1313 nunquam
3008 1242 3318 1338 νίξιοθηάῑιε
3342 1242 3688 1338 amandus:

273 1329 452 1420 Qnein
486 1329 718 1424 genitor:
745 1351 926 1404 verbis
957 1351 1308 1418 compellans
1338 1348 1597 1418 pluribus
1625 1347 1822 1413 ambit,
2077 1330 2333 1425 {timum}
2359 1329 2414 1425 ,εί
2443 1346 2605 1382 59"“
2640 1345 2855 1424 ωεδωξ
2887 1329 3240 1423 compleo“)?
3263 1334 3321 1382 at
3348 1329 3538 1425 illum,

274 1414 602 1506 limmoiiet,
639 1443 918 1503 hortatur,
952 1414 1267 1503 blanditur,
1300 1414 1572 1505 postulat,
1603 1439 1728 1488 orat

2076 1416 2241 1468 Illum
2273 1421 2326 1468 et
2352 1416 2478 1484 jure
2509 1431 2735 1486 sequor,
2767 1415 2927 1484 cujus
2956 1415 3300 1484 cognomine
3333 1414 3512 1468 dicor.

274 1533 442 1584 Sacra
473 1529 802 1582 monasterii
835 1545 947 1597 quo
973 1527 1237 1595 linquens
1270 1526 1410 1578 atria
1449 1525 1645 1589 sancti,
2079 1503 2336 1597 [ηνίάέδξῆ
2369 1503 2509 1597 Tibi
2540 1519 2610 1556 ne
2641 1509 2851 1569 ίθηίοδν
2886 1509 3070 1597 Pati":
3103 1503 3335 1597 οδεθοτίξ
3368 1504 3660 1597 Ῑιοῑξοτθεν

279 1622 467 1672 Vertat
497 1619 606 1671 iter
634 1623 806 1680 rem),
840 1592 895 1668 ἐι
927 1592 1219 1668 mundana
1252 1613 1481 1681 negotia
1515 1616 1694 1666 curet.
2079 1593 2170 1644 Est
2201 1592 2341 1644 mihi
2374 1592 2628 1645 Christus
2659 1607 2838 1656 amor,
2871 1592 3058 1658 vestis,
3093 1592 3398 1662 possessio,
3428 1592 3647 1681 victus,

274 1708 408 1771 Quis
455 1708 611 1760 labor
647 1706 833 1759 omnis
866 1705 1031 1768 inest,
1067 1720 1180 1772 quo
1217 1702 1329 1754 sint
1369 1701 1490 1754 sine
1522 1705 1724 1754 cuncta
1753 1698 1965 1770 quiete,
2011 1742 2048 1794 Β
2179 1681 2424 1794 ἀοξξιηδτι
2449 1685 2504 1778 ξεῖ
2537 1681 2748 1794 Patri?»
2785 1681 3061 1794 Bl‘locusy
3112 1686 3169 1734 0i-
3213 1680 3558 1794 Sllbslizantiay
3599 1685 3662 1794 ξι
3694 1695 3792 1733 30'

277 1768 471 1860 Prans,
503 1795 682 1857 furor,
719 1793 968 1855 invidiw,
1013 1768 1303 1854 violentia,
1338 1805 1491 1855 cura,
1527 1768 1824 1852 tumultus,
2011 1768 2048 1794 Β
2080 1770 2299 1860 Viventi
2329 1769 2470 1860 ωίιεὶ
2498 1769 2607 1822 Vita
2630 1774 2739 1860 95‘:
2767 1785 2830 1822 ac
2858 1769 3079 1822 lucrum
3112 1769 3410 1860 Ψοτίθηίίὲ
3609 1768 3793 1860 [τινα

278 1887 338 1938 ln
374 1883 557 1936 varios
588 1899 749 1935 casus
775 1881 1075 1934 hominum
1111 1878 1429 1947 mergentia
1463 1883 1702 1931 mentes.
2078 1859 2199 1922 0‘10
2235 1858 2351 1910 δίηθ
2375 1858 2472 1953 .“il
2513 1857 2698 1953 θυρίον
2742 1862 2798 1910 εί
2843 1873 3090 1953 (ἶξλοουῐη
3117 1857 3284 1953 Polla
3314 1862 3519 1911 cuneta
3547 1856 3793 1910 tenebo-

279 1973 456 2025 Verba
489 1972 666 2041 patris
696 1972 955 2029 Sani-tus,
988 1985 1087 2021 ceu
1125 1967 1340 2037 spicula
1381 1966 1577 2032 toxica,
1617 1971 1898 2030 temnens,
2082 1948 2209 2042 βίη
2240 1945 2388 2042 Patri
2429 1945 2669 1998 δίίοηίῗο
2703 1945 2986 2042 ΓθξπξεῘξθη
3016 1945 3185 1998 verba
3218 1945 3418 2042 bimi“:

278 2032 503 2130 Rejicit;
538 2059 800 2129 opposito
833 2057 962 2110 tidei
995 2056 1313 2108 munimine
1345 2054 1541 2107 fretus.
2080 2037 2228 2130 ilo"?
2259 2035 2382 2103 apis
2415 2049 2720 2130 “Serpens
2749 2033 3056 2130 ξοῖξίορῖξπεὲ
3087 2033 3346 2130 Seguine
3374 2032 3567 2130 illi-3’35-

274 2120 499 2204 An'xius’
521 2120 836 2216 δι’ἐρηηυι.
867 2163 1019 2198 casso
1053 2144 1353 2197 conamine
1385 2143 1509 2196 fusa
2080 2124 2329 2176 Plurima
2361 2121 2694 2191 praeteriens
2726 2120 2913 2174 studio
2947 2120 3242 2173 brevitatis
3276 2121 3505 2187 omitto,

278 2238 528 2291 Cernens
561 2237 748 2301 verba,
787 2234 958 2287 minis
991 2233 1165 2286 homo
1207 2233 1429 2284 vincere
1463 2231 1670 2284 talibus
1702 2229 1920 2284 instans
1955 2246 1967 2283 :
2077 2207 2276 2277 Adque
2302 2223 2369 2260 εδ
2399 2222 2525 2276 (ΙυείΞ
2556 2210 2774 2258 reﬂant
2804 2205 2982 2257 νθιοθί
3015 2204 3228 2258 famme
3257 2219 3448 2258 ευπο-

280 2325 348 2379 Ni
377 2329 623 2394 coeptum
657 2327 896 2376 testatur
925 2330 947 2354 η
979 2337 1142 2390 Opus,
1182 2320 1558 2409 habitumque
1591 2317 1896 2388 relinquat,
2747 2355 2970 2409 CAPUT
3011 2355 3100 2408 HL

279 2414 708 2481 Mundanosque
741 2411 884 2464 citus
919 2425 1036 2462 sese
1068 2413 1362 2462 convertat
1391 2408 1459 2460 ad
1491 2411 1664 2472 actm,

276 2503 399 2555 Jam
431 2500 647 2554 cunctis
679 2499 864 2562 rebus,
907 2497 1136 2550 fuerant
1165 2513 1292 2566 quae
1329 2512 1486 2548 more
1521 2501 1760 2564 paterno

2280 2481 2335 2535 S.
2379 2478 2622 2566 Amandi
2659 2479 3140 2566 clericatus.“Vita
3177 2478 3578 2535 anachoretica.

281 2589 628 2648 Praebendae,
660 2587 945 2640 haeredem
982 2587 1191 2638 faceret
1221 2588 1580 2652 contemptus
1612 2583 1840 2636 inanem
1866 2599 1878 2647 ;
2556 2552 2664 2604 uer
2695 2565 2936 2619 prmum
2972 2552 3291 2604 Romanum

280 2678 385 2732 Sed
419 2693 576 2730 sacer
600 2677 708 2729 ista
737 2691 881 2745 puer
912 2674 1214 2727 verborum
1246 2673 1480 2726 verbera
1511 2687 1808 2740 spernens,
2156 2679 2235 2730 10,
2269 2675 2409 2728 Hinc
2439 2673 2723 2728 desiderio
2755 2689 2870 2744 quo
2898 2678 3145 2742 coeperat
3175 2674 3424 2744 amplius
3459 2680 3658 2743 aucto,

281 2766 546 2820 Doctrina
582 2766 784 2836 plenus
815 2763 991 2816 divini
1022 2762 1292 2828 flaminis,
1326 2760 1512 2829 inquit
1547 2776 1558 2813 :
2078 2763 2316 2817 Sanctus
2359 2762 2652 2816 Amandus
2695 2761 2814 2814 adit
2864 2762 3141 2827 Turones,
3187 2778 3536 2833 sacrumque
3587 2767 3787 2836 sepul-

279 2857 388 2921 Nil,
423 2860 602 2924 pater,
629 2870 748 2907 esse
781 2851 921 2906 mihi
955 2851 1251 2921 proprium
1282 2857 1416 2915 tam,
1441 2850 1631 2913 chare,
1661 2851 1971 2912 memento,
2082 2851 2306 2906 Martini
2334 2852 2501 2921 petit,
2535 2869 2567 2904 a
2595 2850 2766 2903 sacris
2799 2855 3118 2920 prostratus
3149 2850 3206 2902 in
3241 2853 3408 2913 arvis,
3604 2854 3789 2923 [crum

279 2945 459 3008 Quam
489 2959 712 3008 Summo
739 2943 948 2994 servire
985 2941 1095 2992 Deo
1125 2940 1260 2992 dum
1299 2939 1518 3002 vixero;
1558 2936 1772 3006 quique
2082 2942 2294 2996 Atl‘ectu
2327 2941 2512 2994 cordis
2545 2941 2881 3009 Iacrymans,
2917 2945 2973 2992 et
3004 2945 3200 3009 pectus
3229 2941 3540 2996 honestum

280 3033 414 3084 Pars
449 3047 574 3084 mea
607 3046 736 3083 cum
766 3028 957 3090 fuerit,
993 3045 1123 3096 pars
1155 3027 1304 3079 illius
1337 3043 1457 3079 esse
1490 3025 1776 3088 merebor,
2013 3042 2052 3095 ρ
2081 3029 2421 3083 Verberibus
2454 3028 2722 3096 tundens,
2751 3028 2994 3097 suspiria
3025 3029 3193 3094 longa
3222 3030 3525 3095 trahendo,

281 3118 448 3172 Sacra
478 3115 788 3185 evangelici
818 3121 1171 3168 memoratur
1202 3130 1334 3166 voce
1365 3113 1539 3166 libelli
1577 3115 1619 3177 Ι),
2083 3121 2192 3172 Has
2221 3134 2389 3171 orans
2423 3117 2538 3170 imo
2575 3117 2846 3170 fundebat
2876 3121 3105 3185 pectore
3140 3132 3298 3169 voces
3332 3133 3344 3170 :

281 3205 608 3258 Promisisse
647 3206 818 3257 Deum
855 3202 1135 3272 quazrenti
1167 3203 1298 3254 talia
1332 3203 1498 3254 Petro
1532 3217 1545 3253 ε
2077 3201 2125 3261 Ὀ
2157 3205 2391 3258 Martine
2423 3221 2598 3269 sacer,
2627 3221 2796 3275 quem
2829 3204 3025 3258 cmlica
3055 3221 3231 3274 regna
3262 3211 3579 3273 retentant,

281 3293 559 3348 Omnibus
591 3293 826 3362 abjectis
861 3308 979 3357 vos,
1013 3292 1110 3360 qui
1146 3306 1270 3342 mea
1295 3290 1450 3358 jussa
1480 3292 1803 3357 sequentes,
2083 3294 2325 3348 Obsecro
2357 3299 2419 3346 ut
2449 3293 2708 3346 obtineas
2736 3293 2885 3362 apud
2919 3293 3102 3359 illum,
3136 3293 3298 3363 cujus
3332 3294 3585 3359 haberis,

283 3382 494 3435 Cuncta
525 3381 869 3433 caducorum
899 3377 1158 3447 sprevisti
1188 3376 1437 3428 culmina
1468 3375 1768 3435 honorum,
2081 3383 2253 3451 Cujus
2287 3387 2340 3435 et
2371 3381 2660 3452 obsequiis
2688 3381 2914 3452 jugitur
2938 3383 3240 3451 copulatus
3272 3382 3556 3450 adhaeres,

283 3470 422 3524 Cum
454 3471 596 3523 Deus
624 3469 937 3522 aethercnm
975 3466 1174 3519 mundi
1209 3465 1312 3517 sub
1345 3464 1456 3517 line
1493 3463 1740 3517 tribunal
2086 3472 2162 3524 Ne
2197 3476 2452 3541 repetam
2481 3471 2666 3523 natale
2697 3470 2901 3537 solum,
2934 3475 3216 3540 notosque
3251 3471 3480 3525 relictos

281 3557 517 3622 Sederit,
551 3563 604 3610 et
635 3556 864 3627 rapidus
892 3560 1158 3607 cunctum
1193 3552 1536 3606 subvertcrit
1560 3551 1779 3616 orbem,
2083 3559 2302 3630 Dirigat
2329 3563 2505 3630 utque
2541 3575 2696 3612 meos
2727 3574 2952 3629 gressus
2985 3559 3045 3611 in
3075 3559 3213 3612 calle
3242 3559 3479 3626 salubri,

279 3649 533 3700 Exurens
565 3645 684 3714 igni
718 3650 918 3708 terrae,
962 3649 1342 3712 pontumque,
1375 3642 1709 3710 polumque.
2081 3649 2153 3701 Ut
2182 3654 2434 3717 emptum
2468 3663 2739 3718 peragam
2772 3663 3000 3701 cursum
3036 3649 3370 3717 peregrinus
3399 3654 3458 3703 et
3490 3651 3682 3717 exsul,

280 3738 437 3790 Tunc
471 3752 568 3787 VOS
594 3735 807 3788 bisseni
840 3733 1085 3786 residere
1114 3732 1169 3783 in
1202 3732 1451 3795 sedibus,
1484 3735 1656 3800 atque
2084 3737 2390 3789 Finetenus
2420 3737 2605 3789 carnis
2633 3736 2814 3789 donec
2846 3736 2915 3789 de
2943 3751 3165 3789 carcere
3197 3737 3399 3791 solvar,

278 3825 500 3880 Judicio
533 3825 700 3878 faciet
730 3829 880 3877 recto
909 3822 1225 3892 disquirere
1258 3820 1561 3873 mundum.
2085 3827 2212 3878 Haec
2243 3830 2469 3878 sanctus
2497 3825 2719 3877 tumulo
2752 3825 2956 3877 sacrati
2995 3825 3248 3894 corporis
3280 3826 3529 3892 haerens,

282 3915 478 3969 Omnis
505 3913 681 3974 enim,
719 3911 1066 3981 quicumque
1099 3925 1225 3962 meo
1255 3909 1570 3962 conductus
1602 3921 1797 3960 amore
2084 3913 2387 3966 Promebat
2417 3911 2612 3965 multis
2641 3911 2796 3965 vario
2824 3917 2880 3965 et
2911 3928 3173 3966 sermone
3207 3915 3474 3983 querelis,

283 4001 580 4070 Postponit
607 4001 910 4064 mundum,
945 4015 1043 4051 seu
1075 4000 1308 4051 nomina
1343 4012 1470 4050 cara
1504 4000 1830 4065 parentum,
2085 4002 2161 4054 Ex
2191 4000 2367 4053 oculis
2397 4000 2675 4070 lacrymas
2706 3999 2973 4065 fundens,
3006 4015 3070 4052 ex
3106 4017 3203 4053 ore
3229 4002 3507 4071 loquelas.

282 4087 673 4156 Centuplicata
702 4102 908 4154 gerens
941 4086 1143 4154 capiet,
1179 4085 1470 4154 vitamque
1501 4099 1835 4152 perennem.
2084 4089 2217 4142 Inde
2242 4105 2467 4141 comam
2499 4088 2702 4158 capitis
2731 4088 2880 4142 ferro
2910 4088 3120 4142 decidit
3149 4089 3384 4153 ibidem,

283 4177 438 4242 Inde,
477 4177 684 4229 Serene
713 4180 894 4242 pater,
927 4189 1042 4225 non
1075 4173 1307 4225 auribus
1336 4172 1504 4225 audio
1537 4172 1742 4238 surdis,
2085 4177 2432 4247 Mutavitque
2464 4177 2726 4230 habitum
2757 4177 2893 4230 cleri
2931 4177 3161 4230 sortitus
3191 4177 3493 4232 honorem.

283 4264 510 4335 Egregii
545 4267 826 4315 memorat
857 4277 985 4330 quae
1011 4260 1220 4330 pagina
1252 4266 1446 4313 sancta
1476 4259 1670 4323 libelli,
2082 4268 2269 4335 Atque
2298 4265 2454 4318 velut
2483 4265 2648 4318 miles
2677 4265 2892 4319 terreni
2920 4265 3090 4335 Regis
3114 4265 3171 4317 in
3205 4268 3332 4318 aula

285 4351 622 4405 Psalmicani
656 4351 880 4402 tibimet
909 4349 1157 4401 breviter
1183 4364 1410 4417 quoque
1442 4348 1591 4400 dicta
1621 4347 1870 4399 citantur
2017 4342 2060 4395 D
2087 4353 2328 4422 Cingula
2359 4354 2693 4421 suscipiens,
2731 4353 2951 4422 pondus
2981 4352 3232 4422 perferre
3265 4353 3470 4407 laboris

285 4442 405 4509 Illa,
441 4439 651 4510 quibus
683 4438 884 4490 recinit
916 4454 928 4490 :
964 4436 1237 4489 Dominus
1271 4452 1395 4488 mea
1427 4436 1614 4505 portio
1645 4436 1798 4488 solus
1828 4443 1866 4501 °,
2091 4443 2320 4495 Fer-rata
2349 4441 2453 4493 sub
2480 4445 2630 4494 veste
2661 4441 2823 4505 solet,
2853 4440 2932 4493 sic
2963 4440 3204 4509 belliger
3237 4441 3339 4494 iste

287 4530 395 4582 Lex
423 4528 692 4596 inscripta
721 4526 880 4596 jubet
908 4525 1117 4578 tabulis
1152 4524 1220 4576 de
1257 4539 1397 4592 rupe
1433 4522 1622 4576 recisis
2087 4530 2386 4599 lngrneret
2416 4528 2820 4598 quodcumque
2851 4529 3068 4581 malum
3097 4530 3315 4581 laturus
3346 4529 3404 4582 in
3438 4530 3577 4584 orbe

286 4617 501 4672 Levitas
533 4616 682 4669 inter
712 4617 911 4668 fratres
940 4629 1051 4666 non
1080 4613 1277 4666 tollere
1308 4617 1532 4682 partem
1560 4611 1603 4667 ἀ.
2086 4615 2324 4670 Sustulit
2347 4631 2506 4668 arma
2536 4615 2726 4669 Crucis
2758 4614 3010 4668 victricia
3040 4615 3278 4684 signifer
3309 4617 3495 4670 almus
3525 4634 3538 4670 :

288 4707 463 4769 Unde,
500 4711 682 4776 pater,
713 4720 850 4757 curo
883 4702 1182 4773 proprium
1213 4700 1316 4767 nil,
1349 4701 1544 4770 nilque
1579 4699 1806 4769 requiro
2087 4704 2354 4774 Corporis
2385 4708 2441 4756 et
2472 4703 2679 4756 mentis
2709 4708 2902 4756 contra
2931 4703 3122 4757 hostes
3147 4704 3311 4757 fortis
3338 4705 3612 4776 utrinque

285 4797 620 4860 Terrenum,
654 4793 898 4847 candens
930 4808 992 4844 ac
1027 4791 1247 4844 fulvum
1277 4805 1486 4860 sperno
1520 4788 1832 4842 metallum.
2087 4791 2450 4846 Multimodos
2475 4791 2749 4844 revehens
2776 4791 2908 4844 hinc
2937 4795 3106 4862 atque
3139 4791 3273 4845 hinc
3303 4793 3409 4846 rite
3443 4794 3790 4867 triumphos,

285 4883 612 4953 Terrigenm
644 4886 835 4935 teneat
864 4885 1044 4934 terras
1075 4880 1278 4932 tellure
1307 4877 1563 4931 tenendi.
2085 4881 2271 4948 Atque
2300 4884 2362 4930 ut
2389 4894 2525 4947 apes
2558 4879 2810 4948 prudens
2843 4877 3149 4932 intendens
3181 4879 3419 4933 ﬂoribus
3448 4883 3620 4935 almis

286 4971 428 5035 Quid
463 4970 603 5024 mihi
642 4985 770 5024 cum
817 4968 1054 5033 mundo,
1097 4966 1341 5037 genitor,
1375 4966 1466 5020 cui
1497 4969 1760 5019 mortuus
1798 4967 1975 5018 exsto.
2091 4965 2346 5036 Exquirit
2378 4965 2609 5034 violam,
2642 4982 2770 5036 quas
2804 4971 2970 5020 terra:
3000 4965 3263 5036 proxima
3294 4968 3496 5036 surgit.

286 5060 450 5113 Alma
478 5059 648 5113 Maria
680 5061 859 5112 Deum
892 5057 1141 5110 velatum
1175 5055 1430 5125 tegmine
1463 5054 1668 5121 carnis,
2089 5053 2197 5108 Sed
2235 5057 2429 5107 tamen
2460 5055 2758 5124 egregium
2789 5055 3009 5124 praebet
3037 5055 3314 5125 tingendo
3344 5056 3624 5122 colorem,

288 5149 348 5202 In
384 5148 545 5202 cunis
571 5147 709 5201 texit
741 5147 866 5200 vilis
892 5145 1173 5199 velamine
1200 5143 1407 5214 panni;
2091 5144 2527 5213 Pnrpureosqne
2554 5143 2684 5196 facit
2715 5159 2896 5214 reges,
2931 5144 3275 5214 populisque
3306 5145 3668 5201 tremendos.

290 5235 355 5289 Et
381 5236 552 5290 vestis
588 5236 851 5289 mihimet
881 5236 1034 5288 fulvo
1064 5233 1304 5286 texenda
1330 5233 1558 5286 metallo
1590 5231 1712 5285 est?
2090 5231 2180 5285 Sic
2208 5231 2486 5284 humilem
2510 5231 2696 5284 tenuit
2727 5237 2999 5297 mentem,
3025 5247 3152 5302 quas
3187 5231 3448 5300 proxima
3479 5239 3656 5286 terra:
3692 5239 3788 5298 est,

289 5323 568 5392 Vulpibus
599 5331 683 5377 est
710 5325 902 5389 fovea;
932 5323 1175 5391 coelique
1207 5321 1528 5374 volucribus
1563 5321 1765 5374 umbra
1791 5339 1809 5388 ς
2089 5319 2195 5373 Sed
2220 5323 2414 5372 tamen
2438 5318 2773 5388 Angelicum
2805 5323 3039 5390 praestat
3075 5325 3298 5373 servata
3328 5319 3600 5374 decorem
3635 5338 3651 5375 :

361 5490 386 5516 ⁸
419 5485 688 5546 Testatur,
720 5499 823 5551 pro
852 5483 1174 5535 detestatur.
2162 5487 2183 5551 Ῡ
2212 5479 2442 5551 humer.
2471 5493 2625 5541 xviii,
2660 5479 2748 5551 20.

362 5554 386 5595 ιι
417 5551 604 5605 Matth.
634 5549 747 5614 xui,
786 5556 853 5604 27
885 5559 942 5604 et
970 5554 1057 5604 ‘28.
2162 5549 2188 5590 d
2219 5549 2363 5602 Psal.
2397 5563 2584 5616 cxvm,
2616 5550 2702 5601 57.
