3868 6228
4 345 37 392 Τ
1202 344 1287 397 DE
1329 344 1490 398 VITA
1532 345 1586 398 S.
1629 345 1910 399 AMANDI.
1944 377 2010 384 —
2046 345 2172 402 LIB.
2216 348 2259 401 Ι.

0 471 131 523 imit
167 476 234 523 et
266 469 557 523 eximium
580 470 797 523 caslesti
832 471 891 523 in
922 471 1051 524 sede
1082 479 1366 538 senatum,

0 576 60 611 ia
93 574 278 611 sacer
316 558 411 610 hic
446 558 635 611 cordis
666 560 982 627 penetralia
1015 560 1308 628 pulchrius
1340 578 1568 627 ornans,

0 650 88 699 lia
122 648 436 699 lustrabat
466 647 621 712 hinc,
657 648 788 701 inde
822 650 1039 701 rosaria
1068 649 1279 709 adibat,

0 736 209 787 lternis
243 736 474 787 vicibus
507 752 611 805 per
642 736 867 803 singula
899 741 1082 788 castra
1110 752 1437 802 recurrens;

0 823 262 892 uidquid
300 824 619 891 conspicuo
654 825 929 877 virtutum
960 825 1099 877 flore
1130 826 1323 895 vigere

2 912 135 970 idit.
173 911 295 964 hoc
332 912 602 981 proprios
629 912 915 966 sitientem
947 912 1118 966 traxit
1148 915 1217 966 ad
1251 918 1427 967 actus.

28 1057 114 1105 tt.
157 1053 447 1122 Dumque
506 1054 617 1106 iter
642 1053 938 1121 inceptum
987 1054 1135 1108 felici
1190 1055 1417 1108 tramite
1475 1054 1676 1117 adiret,

6 1142 125 1193 rbis
164 1141 451 1194 Biturica
484 1157 600 1211 quo
632 1143 849 1211 pollent
877 1144 1091 1196 mmnia
1121 1144 1307 1209 venit;

0 1245 17 1282 I
48 1245 172 1297 qua
204 1229 530 1298 conspicuo
560 1229 833 1283 vernabat
864 1231 1197 1299 pontiﬁcatu

0 1324 203 1370 metus
237 1318 610 1371 sanctiﬁcans
648 1318 871 1387 plebem
904 1318 1296 1387 Austrigisilus
1325 1318 1503 1384 illam,

8 1406 312 1475 agniticus
346 1407 579 1475 praesul,
613 1407 893 1476 rebusque
918 1407 1159 1477 insignis
1191 1408 1447 1460 honestis

0 1496 135 1563 ujus
169 1498 231 1546 et
266 1494 569 1563 obsequiis
600 1495 842 1547 sociatus
873 1496 929 1547 in
963 1496 1083 1548 aede
1117 1496 1344 1564 vigebat

0 1584 277 1652 ulpitius,
318 1583 422 1652 qui
460 1588 594 1635 tunc
624 1589 747 1635 erat
777 1568 1234 1651 archidiaconus,
1267 1587 1321 1635 et
1347 1589 1474 1653 post

0 1672 196 1724 xstitit
236 1672 487 1724 illustris
515 1671 730 1723 meritis
762 1677 933 1740 atque
960 1672 1160 1724 ordine
1192 1673 1422 1741 praesul,

18 1762 282 1813 Noverat
314 1760 409 1813 hic
448 1760 643 1828 digitis
674 1760 834 1829 ignes
864 1761 1091 1828 placare
1122 1761 1395 1827 furentes,

0 1854 373 1918 agentesque
404 1848 585 1901 crucis
618 1848 781 1916 signo
810 1864 1165 1918 compescere
1194 1850 1471 1901 ﬂammas.

10 1939 67 1989 ni
102 1936 314 1990 Sancti
346 1936 561 2005 pariter
583 1938 851 1990 Sanctum
883 1937 1191 1989 clementer
1218 1935 1539 1989 Amandum

0 2040 315 2093 uscepere,
348 2025 442 2094 pie
472 2024 699 2093 pietatis
730 2040 923 2077 amore
956 2026 1206 2078 colentes
1239 2042 1251 2077 :

0 2112 133 2164 lrbis
168 2116 231 2165 et
264 2112 331 2163 in
363 2127 530 2163 muro
563 2112 764 2164 cellam
796 2115 1051 2164 struxere
1076 2111 1353 2179 benigne,

0 2217 33 2252 n
68 2217 189 2269 qua
222 2201 318 2252 vir
349 2200 579 2252 Domini
615 2201 916 2252 conclusus
942 2204 1177 2269 propter
1204 2215 1481 2264 amorem,

0 2293 282 2357 'erpetuaz
318 2289 449 2340 vitae
478 2287 720 2357 degebat
750 2288 818 2341 ad
850 2288 1028 2340 ardua
1058 2288 1317 2353 tendens,

0 2378 169 2429 Lilicio
206 2382 418 2439 tectus,
444 2376 651 2428 cineris
678 2392 1019 2445 conspersus
1048 2392 1267 2429 acervo.
1302 2362 1311 2368 ’

0 2468 187 2527 ξυδιθδ
218 2471 364 2517 tunc
394 2470 621 2533 poteras
654 2464 788 2517 urbs
819 2464 1125 2517 formidare
1158 2464 1350 2517 ruinas

0 2556 103 2606 ‘am
140 2554 356 2606 validis
387 2554 576 2605 fueras
607 2568 733 2621 qua
769 2557 1083 2605 sustentata
1113 2552 1431 2605 columnis?

0 2642 174 2703 Qualia
208 2641 539 2693 bellantum
573 2641 778 2710 quibus
808 2646 940 2693 tunc
974 2639 1086 2693 tela
1124 2656 1349 2709 pavere,

0 2732 106 2791 Quae
140 2729 535 2797 praefulgebas
565 2729 739 2781 tantis
770 2729 998 2781 defensa
1032 2728 1326 2797 patronis?

0 2816 116 2879 )uid
153 2816 345 2869 fecere
368 2816 465 2868 alii
495 2821 557 2869 tu
579 2816 686 2868 scis
718 2832 731 2868 :
767 2832 899 2869 nam
931 2816 1172 2885 belliger
1203 2816 1307 2869 iste

0 2906 163 2957 "ortis
194 2905 254 2957 in
291 2920 419 2957 arce
450 2909 546 2956 tua
578 2904 883 2974 quindenis
914 2904 1168 2958 constitit
1198 2903 1392 2967 annis;

0 2993 376 3061 Tirmavit‘que
409 2998 538 3045 tuos
570 2993 693 3061 ejus
725 2994 1042 3046 constantia
1072 3009 1285 3046 muros.

0 3084 49 3132 tt
80 3080 125 3131 si
157 3078 487 3148 conspicuis
521 3079 731 3132 renites
763 3078 975 3132 conﬁsa
1006 3078 1294 3148 magistris

2 3169 102 3220 \‘on
129 3184 232 3220 nos
256 3167 571 3236 praecellis;
608 3166 782 3220 micat
812 3166 901 3219 hic
933 3166 1221 3235 speciosus
1246 3164 1539 3219 Amandus

2 3255 296 3309 landidior
330 3253 563 3315 Pbaabo,
598 3260 802 3308 cuncto
833 3254 1161 3307 rutilantior
1192 3270 1355 3318 auro,

3 3342 87 3404 )ui
112 3342 169 3394 in
203 3347 262 3395 te
289 3342 595 3394 conclusus
616 3340 840 3410 pepulit
864 3341 981 3393 vini
1014 3356 1113 3393 ore
1142 3340 1449 3410 liquorem,

3 3432 101 3484 ion
134 3446 343 3483 somno
375 3434 533 3481 satur
564 3434 622 3482 et
655 3445 770 3481 non
802 3429 932 3482 ullis
959 3430 1090 3481 vitae
1120 3428 1423 3495 alimentis,

4 3520 206 3573 lordea
239 3518 342 3587 qui
372 3533 559 3570 seram
590 3517 851 3570 sumebat
879 3517 1087 3587 pabula
1116 3517 1171 3570 in
1206 3533 1411 3583 escam,

6 3610 107 3660 ’θεῖ
130 3608 332 3660 sitiens
365 3606 557 3659 tenuis
589 3606 857 3659 hauribat
882 3606 1088 3674 pocula
1122 3606 1390 3675 lymphae,

6 3696 398 3765 Iaelestemque
420 3694 541 3747 solo
581 3694 757 3748 vitam
792 3697 1112 3747 constanter
1140 3693 1374 3762 agebat;

7 3784 51 3836 Et
78 3800 289 3853 corpus
315 3783 595 3845 crucians,
629 3782 881 3835 animam
912 3782 1179 3851 pascebat
1207 3780 1463 3834 honestis

7 3872 273 3924 Virtutum
303 3871 566 3939 dapibus,
601 3870 811 3923 Christi
850 3873 1135 3939 praecepta
1156 3873 1410 3933 secutus;

10 3960 93 4012 Pro
126 3976 241 4029 quo
274 3958 623 4027 multiplices
657 3963 809 4011 terra
838 3958 1157 4026 pelagoque
1188 3956 1410 4009 labores

10 4049 224 4108 tnxius,
262 4047 525 4113 afflictus,
559 4050 942 4115 contemptus,
976 4061 1210 4114 egenus,
1247 4044 1504 4113 angelus,

11 4136 333 4206 Snppliciter
362 4134 585 4187 Christo
614 4136 849 4187 laudum
872 4133 1160 4201 praeconia
1190 4132 1455 4197 reddens,

12 4224 249 4285 Pertulit,
275 4228 445 4291 atque
478 4222 606 4275 ideo
636 4222 849 4274 fruitur
880 4221 1050 4274 modo
1078 4222 1201 4274 luce
1237 4220 1506 4290 perenni;

12 4312 95 4375 Dui
124 4326 273 4379 saepe
304 4310 526 4372 esuriit,
560 4309 731 4362 modo
764 4308 891 4361 cceli
922 4324 1067 4378 pane
1098 4308 1351 4375 cibatur;

14 4399 258 4453 Crebrius
289 4402 345 4450 et
373 4396 588 4460 sitiens,
624 4400 858 4465 potatur
888 4396 1045 4448 fonte
1078 4411 1349 4464 superno,

14 4492 68 4540 Ac
95 4486 383 4557 quondam
414 4485 620 4552 nudus,
657 4500 809 4537 nunc
840 4484 974 4553 agni
1006 4488 1092 4537 est
1123 4484 1333 4537 vellere
1358 4488 1565 4549 tectus;

16 4576 101 4639 Qui
128 4575 263 4628 olim
291 4588 510 4643 panper
536 4577 675 4639 erat,
703 4571 872 4625 modo
904 4571 1068 4641 regni
1099 4587 1337 4625 munere
1367 4572 1545 4639 dives,

16 4663 103 4727 Qui
128 4677 349 4716 memor
376 4666 435 4713 ut
466 4660 647 4714 nostri
674 4660 758 4716 sit.
790 4676 1050 4729 corpore,
1086 4660 1254 4713 corde
1284 4675 1605 4729 precamur.

78 4792 156 4842 l2.
194 4790 253 4841 Et
274 4786 407 4857 quia
425 4789 652 4839 sanctus
682 4801 845 4838 amor
875 4800 1101 4855 semper
1125 4799 1475 4838 succrescere
1501 4782 1678 4845 novit,

18 4876 441 4947 Multiplicesque
476 4890 581 4926 suo
616 4874 910 4927 cumulare
934 4872 1124 4926 labore
1154 4872 1473 4943 maniplos;

22 4966 100 5018 \‘ir
132 4963 353 5019 Domini
381 4977 610 5031 semper
632 4976 840 5030 magno
881 4960 1158 5029 flagrabat
1184 4976 1399 5027 amore,

23 5054 247 5122 Corpore
278 5052 533 5115 lassatus,
564 5048 664 5102 sed
694 5047 902 5101 mentis
926 5047 1133 5101 robore
1155 5047 1321 5101 fortis
1359 5064 1371 5100 :

24 5142 289 5205 Quatenus
318 5139 383 5192 ad
417 5138 582 5191 celsa:
614 5140 953 5207 properaret
980 5136 1191 5190 moenia
1219 5136 1434 5201 Romae,

27 5231 128 5294 Quo
156 5232 343 5283 Petrus
371 5226 696 5294 Paulusque
727 5225 846 5277 solo
878 5224 1135 5293 coeloque
1165 5223 1389 5276 venusti

28 5319 166 5372 Celsa
200 5316 446 5386 sepulcra
474 5318 694 5377 tenent,
728 5312 945 5365 mundo
974 5311 1336 5381 splendentia
1365 5314 1507 5374 toto,

32 5406 263 5461 Ecclesiae
304 5405 569 5458 Proceres
598 5401 883 5471 fulgentes
908 5415 1068 5453 more
1101 5399 1377 5464 lucernae;

87 5578 108 5602 α
142 5568 265 5621 Hzec
292 5562 469 5618 fusius
502 5561 812 5629 explanata
842 5558 904 5611 in
935 5558 1058 5627 ejus
1088 5557 1234 5623 Vita,
1271 5559 1333 5608 17
1363 5556 1576 5609 Januar
1608 5570 1653 5607 c.
1689 5557 1736 5607 5.

319 5658 615 5718 PATROL.
663 5652 887 5713 CXXI.

3376 358 3479 409 938

1711 486 1756 534 Α
1786 475 2039 539 Quorum
2075 477 2271 545 lingua
2301 478 2448 530 valet
2476 494 2725 531 reserare
2758 485 2812 533 et
2840 482 3106 535 claudere
3133 484 3358 537 caelum.

1794 566 1937 633 Ergo
1970 566 2079 618 iter
2111 581 2433 633 aggressus,
2466 567 2713 634 quodam
2743 569 3050 622 comitante
3085 571 3369 639 ministro,

1789 653 2059 722 Squalida
2086 654 2458 722 perlustrans,
2494 660 2547 706 et
2575 654 2735 707 devia
2766 672 3008 726 quaeque
3041 674 3368 729 peragrans,

1792 742 2031 794 Romam
2065 741 2322 810 pervenit
2355 742 2499 793 miro
2532 742 2853 796 flammatus
2888 761 3097 800 amore.

1788 829 1991 897 Aspice
2021 845 2170 881 nunc
2197 830 2393 897 quales
2424 830 2605 881 socios
2636 831 2854 883 curavit
2878 830 3122 898 habere;

1792 917 2041 981 Petrum,
2070 916 2305 969 siderea:
2338 922 2421 969 est
2453 918 2544 969 cui
2576 918 2747 971 clavis
2778 920 2986 972 tradita
3018 925 3221 989 portae,

1791 1009 1864 1056 Ac
1895 1005 2131 1057 Paulum
2161 1005 2362 1057 mundi
2385 1006 2684 1075 egregium
2713 1023 2816 1076 per
2844 1009 3009 1061 saecla
3043 1010 3399 1080 magistrum.

1791 1093 1833 1144 Ο
1866 1092 1909 1144 si
1938 1092 2179 1145 describi
2211 1099 2443 1161 possent
2475 1094 2737 1148 incendia
2766 1097 3001 1162 amoris,

1796 1180 2002 1233 Littera
2036 1182 2121 1233 vel
2154 1183 2321 1235 sciret
2350 1182 2539 1236 cordis
2568 1184 2815 1252 suspiria
2844 1184 2979 1237 fari!

1796 1268 1989 1321 Dicere
2015 1285 2251 1322 conarer
2283 1277 2565 1338 quantum
2598 1272 2863 1325 dilexerit
2889 1271 3040 1337 illos,

1794 1354 2052 1406 Postibus
2082 1356 2139 1407 in
2176 1373 2419 1424 quorum
2457 1358 2687 1410 sacratis
2725 1360 2919 1412 oscula
2952 1358 3094 1413 ﬁxit.

1794 1442 1934 1505 Quid
1964 1444 2159 1495 credas
2190 1445 2417 1509 faceret,
2448 1446 2493 1497 si
2522 1446 2650 1498 illos
2680 1446 2739 1498 in
2770 1462 2940 1500 carne
2971 1448 3189 1501 videret
3217 1466 3229 1501 :

1796 1530 2073 1582 Omnibus
2100 1531 2317 1583 interea
2350 1549 2451 1601 per
2480 1534 2705 1603 singula
2733 1536 2947 1603 templa
2975 1536 3176 1589 diebus

1796 1618 2090 1682 Currebat,
2118 1619 2312 1688 plures
2342 1621 2561 1673 socians
2593 1622 2703 1673 sibi
2733 1623 2951 1675 honore
2983 1624 3226 1678 sodales.

1798 1706 2076 1775 Principis
2108 1713 2161 1760 et
2192 1708 2342 1761 Petri
2376 1709 2474 1761 sed
2503 1708 2561 1761 in
2592 1711 2772 1763 asdem
2804 1711 3050 1765 intrabat
3079 1713 3338 1778 anhelus,

1794 1794 1936 1847 Cum
1969 1795 2051 1847 sol
2092 1795 2348 1847 lucitluos
2379 1796 2581 1865 pelago
2614 1797 2870 1867 tingebat
2901 1799 3160 1851 amictus.

1874 1910 1951 1961 l3.
1990 1908 2081 1960 IIis
2120 1908 2197 1961 ita
2228 1908 2500 1970 decursis,
2534 1914 2766 1979 superat
2796 1927 2923 1980 qua:
2972 1917 3130 1981 gesta
3160 1930 3430 1967 canamus
3470 1930 3479 1967 :

1791 1997 1872 2049 Ad
1902 1997 2077 2049 finem
2100 1996 2283 2048 tendit
2313 1997 2447 2065 quia
2473 1998 2593 2065 jam
2624 2014 2753 2066 pars
2784 1999 2969 2067 prima
2999 2000 3196 2053 libelli.

1792 2086 2033 2138 Fervens
2064 2100 2199 2154 ergo
2224 2085 2333 2137 ﬁde
2366 2085 2503 2137 dum
2536 2101 2720 2138 sacras
2751 2088 2955 2140 circuit
2988 2087 3159 2153 mdes,

1793 2174 2025 2226 Intravit
2056 2174 2206 2225 Petri
2237 2173 2635 2243 perpulchram
2663 2190 2908 2228 cernuus
2938 2176 3124 2229 aulam
3163 2192 3176 2228 :

1790 2262 1883 2315 Sol
1907 2277 2137 2331 quoque
2156 2261 2573 2314 ﬂammicomus
2588 2262 2704 2331 jam
2725 2278 2997 2332 magnum
3020 2265 3218 2316 innare
3243 2264 3482 2333 parabat

1792 2350 2105 2414 Oceanum,
2141 2355 2197 2403 et
2228 2350 2398 2402 rutilo
2425 2350 2677 2419 fulgebat
2708 2352 2989 2419 Hesperus
3020 2356 3169 2404 ortu.

1797 2439 2018 2490 Interea
2056 2437 2257 2506 templi
2283 2436 2581 2490 custodum
2614 2453 2748 2490 cura
2775 2437 2999 2506 repellit

1800 2525 2164 2578 Commistam
2199 2524 2443 2593 plebem,
2478 2524 2809 2595 foribusque
2840 2526 3096 2595 patentia
3125 2527 3367 2592 claudit;

1789 2611 2225 2681 Subsistensque
2258 2628 2463 2681 parum
2495 2612 2581 2664 vir
2609 2616 2835 2664 sanctus
2865 2612 2923 2665 in
2957 2612 3077 2666 aede
3108 2613 3407 2680 remansit,

1791 2701 1851 2752 In
1878 2700 2141 2769 precibus
2176 2705 2399 2753 noctem
2429 2699 2663 2770 cupiens
2696 2700 2973 2753 deducere
3005 2706 3212 2754 totam:

1787 2787 1895 2841 Sed
1919 2793 2107 2841 custos
2132 2788 2333 2856 templi
2359 2788 2494 2841 dum
2525 2804 2680 2841 sacra
2712 2788 2912 2841 altaria
2940 2789 3159 2854 lustrat,

1788 2876 2126 2945 Pervigilem
2156 2876 2370 2929 invenit
2394 2876 2626 2946 psalmis
2649 2877 3023 2947 precibusque
3051 2878 3281 2931 beatum
3317 2894 3329 2930 :

1794 2964 1940 3017 Felle
1972 2964 2149 3032 igitur
2178 2969 2369 3017 motus
2402 2964 2598 3017 mitem
2626 2965 2936 3018 violentius
2971 2980 3182 3035 urgens

1719 3045 1759 3099 C
1790 3051 2050 3105 Ctedibus
2082 3052 2316 3117 insanis,
2347 3053 2632 3122 patienter
2662 3057 2863 3107 cuncta
2892 3053 3172 3107 ferentem

1790 3140 2031 3209 Expulit,
2061 3145 2232 3210 atque
2264 3140 2450 3209 ipsum
2481 3140 2663 3211 portis
2686 3140 2877 3194 emisit
2904 3140 3135 3210 apertis.

1792 3230 1903 3282 Nec
1927 3228 2107 3281 valuit
2136 3228 2367 3282 turbare
2398 3228 2586 3282 virum
2611 3228 2909 3282 dulcedine
2940 3228 3178 3297 plenum

1786 3318 1876 3370 Ira
1914 3322 2143 3370 tumens
2180 3316 2451 3379 hominis,
2495 3316 2626 3370 tulit
2657 3316 2779 3371 haec
2817 3315 2953 3386 quia
2983 3320 3184 3369 cuncta
3214 3314 3473 3369 libenter.

1862 3433 1943 3485 14.
1978 3433 2202 3486 Interea
2227 3437 2356 3485 ante
2389 3432 2535 3485 fores
2568 3432 2769 3501 templi
2797 3430 3085 3484 residente
3114 3430 3283 3483 Beato

1787 3520 1988 3575 Mentis
2026 3520 2087 3572 in
2126 3534 2379 3583 excessu,
2426 3525 2481 3572 et
2509 3520 2719 3572 solium
2752 3523 3092 3588 penetrante
3130 3532 3473 3587 supernum;

1784 3607 2000 3662 Janitor
2025 3608 2287 3660 aetherem
2320 3624 2450 3659 mox
2480 3608 2679 3660 Petrus
2700 3606 3001 3675 Apostolus
3029 3605 3175 3659 aulae.

1788 3696 1951 3749 Veste
1980 3693 2200 3757 alacris,
2243 3694 2401 3746 vultu
2428 3693 2629 3759 dulcis,
2667 3708 2929 3746 sermone
2961 3692 3168 3759 suavis,

1784 3787 2099 3853 Apparens,
2133 3781 2355 3835 blandis
2382 3782 2601 3835 solatur
2628 3781 2860 3834 vocibus
2887 3780 3081 3844 illum;

1788 3873 2172 3939 Hortaturque
2195 3884 2361 3921 suum
2394 3868 2577 3922 verbis
2605 3868 2831 3938 pietatis
2860 3867 3131 3929 amicum,

1789 3958 1857 4011 Ut
1882 3957 2184 4028 repedaret
2214 3957 2340 4021 iter,
2376 3973 2489 4026 quo
2518 3960 2751 4009 venerat
2777 3956 2908 4009 inde
2943 3960 3248 4021 revertens,

1788 4046 2076 4100 Gallorum
2112 4049 2167 4097 et
2193 4044 2421 4115 populis
2452 4050 2677 4097 aeterna:
2709 4044 2929 4097 semina
2955 4043 3085 4097 vitae

1788 4133 2005 4187 Divinis
2033 4138 2249 4185 sereret
2276 4132 2481 4198 verbis,
2515 4133 2839 4203 coleretque
2871 4132 3104 4201 rigaret,

1790 4222 2219 4290 Conversosque
2242 4220 2382 4273 sacri
2416 4220 2774 4291 baptismatis
2806 4236 2972 4273 amne
2999 4220 3237 4274 lavaret.

1718 4334 1762 4387 Ι)
1790 4310 2081 4373 Quatenus
2111 4309 2182 4361 ad
2217 4309 2519 4362 Dominum
2550 4309 2693 4362 tanti
2726 4309 2986 4362 mercede
3016 4308 3227 4362 laboris

1789 4396 2048 4466 Frugifer
2078 4396 2370 4461 accedens,
2406 4396 2605 4450 messis
2625 4396 2907 4466 portando
2937 4396 3223 4465 maniplos

1786 4486 2048 4540 Sumeret
2080 4484 2313 4538 uberius
2341 4486 2582 4539 caelestis
2610 4484 2850 4555 praemia
2880 4483 3062 4554 regni.

1862 4611 1946 4661 15.
1980 4608 2216 4661 Sanctus
2248 4607 2571 4676 Apostolico
2597 4607 2829 4660 tandem
2861 4619 3123 4657 sermone
3154 4603 3389 4672 potitus,

1787 4695 2083 4765 Insignem
2115 4696 2354 4749 Romam
2389 4696 2658 4764 prazcelso
2685 4692 2931 4746 culmine
2958 4691 3271 4761 linquens,‘

1793 4784 2075 4849 Deseruit,
2108 4783 2408 4852 Gallosque
2436 4782 2575 4835 adiit
2606 4780 2892 4833 medicina
2922 4778 3181 4831 salubris.

1790 4873 1926 4937 Qua:
1951 4888 2099 4942 spes,
2123 4887 2244 4936 oro,
2276 4870 2385 4923 fuit
2412 4870 2633 4923 diverso
2661 4868 2844 4920 limite
2874 4867 3093 4919 clausas

1790 4963 1995 5015 Gentes
2028 4965 2144 5013 tam
2178 4974 2352 5010 saevas
2383 4972 2562 5009 unum
2596 4954 2989 5008 indubitanter
3018 4953 3193 5019 adire,

1794 5048 2077 5116 Vaccejos,
2112 5045 2320 5109 Gallos,
2350 5044 2573 5098 Sclavos
2606 5045 2900 5111 penetrare
2935 5038 3192 5093 feroces?

1792 5135 1859 5188 In
1887 5137 2044 5186 tanta
2067 5132 2197 5185 fecit
2228 5131 2364 5200 quid
2395 5145 2575 5181 messe
2607 5127 2903 5197 operarius
2924 5142 3092 5190 unus,

1794 5223 2069 5290 Apparet;
2106 5219 2335 5273 veniens
2363 5218 2574 5271 etenim
2608 5233 2711 5283 per
2741 5216 2921 5268 multa
2949 5213 3213 5267 laborum

1795 5311 2167 5377 Argumenta,
2204 5306 2418 5358 malum
2450 5304 2599 5369 tulit,
2633 5302 2811 5373 impia
2840 5317 3084 5372 quasque
3116 5300 3414 5354 revellens.

1797 5397 1885 5451 Sic
1914 5396 2157 5465 populos
2190 5393 2546 5462 evangelicos
2574 5392 2791 5461 aptavit
2819 5390 2888 5444 ad
2916 5405 3073 5455 usus,

3081 5646 3159 5703 30
