3868 6228
387 323 490 375 939
1591 313 1876 370 MILONIS
1914 312 2218 369 MONACHI
2259 310 2322 366 S.’
2357 311 2625 365 AMANDI
3778 308 3851 360 si»

386 457 679 526 Verbaque
711 457 899 507 sancta
932 452 1119 505 ferens
1150 451 1209 504 in
1241 450 1409 504 caelos
1435 450 1593 503 lucra
1626 448 1877 513 revexit;

386 545 508 607 Quo
540 542 748 597 fruitur
779 539 995 593 meritis
1026 544 1240 592 aeterna
1267 538 1324 590 in
1357 537 1564 589 saecula
1605 536 1787 589 donis.

388 633 559 701 Cujus
588 635 745 701 gesta
767 645 976 683 canens
1009 643 1337 698 quanquam
1376 641 1639 678 sermone
1673 640 1878 693 poema

387 718 700 773 Conﬁciam
731 717 1023 781 stolidum,
1056 715 1210 768 volui
1241 714 1346 767 hoc
1366 714 1654 782 complere
1678 712 1893 776 libello,

386 806 521 869 Quae
546 804 815 875 juvenilis
846 804 1030 857 adhuc
1060 802 1156 856 sed
1188 818 1302 853 non
1329 800 1658 871 juveniliter
1699 800 1830 869 egit.

385 897 597 964 Aptum
628 909 771 962 opus
804 898 869 945 ut
897 907 921 934 ε
960 890 1190 961 juvenis
1214 891 1484 959 juvenem
1540 887 1773 941 laudare
1805 900 2079 951 mererer,

388 981 655 1035 Criminis
688 980 958 1033 immensi
988 980 1032 1031 si
1066 994 1276 1045 magna
1303 977 1450 1030 mole
1482 991 1757 1035 carerem,

389 1074 511 1134 Qua
544 1075 735 1122 tamen
762 1085 793 1121 a
821 1068 1065 1122 Domino
1097 1083 1188 1119 me
1219 1066 1399 1118 ﬁdens
1427 1080 1594 1133 posse
1623 1063 1796 1116 levari

389 1157 684 1212 Pontiﬁcis
712 1157 883 1226 hujus
912 1155 1197 1225 precibus,
1231 1152 1566 1222 meritisque
1592 1150 1795 1216 beatis,

390 1245 499 1309 Qui
532 1245 636 1298 sibi
667 1260 783 1297 non
810 1244 1016 1307 solum,
1054 1241 1151 1294 sed
1182 1244 1384 1293 cuncto
1426 1238 1642 1309 profuit
1670 1238 1815 1303 orbi,

390 1333 656 1398 Obsecro,
686 1347 878 1401 posco,
903 1344 1126 1400 precor,
1150 1329 1505 1398 jugibusque
1536 1326 1835 1396 expostulo
1865 1323 2012 1378 votis

389 1420 734 1490 Suppliciter
786 1418 1023 1488 supplex
1073 1416 1379 1470 minimum
1438 1420 1503 1469 ut
1553 1415 1855 1467 miseratus
1895 1413 2079 1466 alum-

1899 1498 2079 1570 [num,

396 1657 420 1683 α
453 1648 551 1701 Hic
582 1650 815 1702 (etatem
841 1662 955 1717 qua
985 1647 1107 1700 haec
1138 1644 1361 1715 scripsit
1392 1644 1521 1698 Milo
1552 1642 1784 1698 indicat.

2116 450 2161 500 A
2192 446 2538 511 Ignoscendo
2572 458 2710 496 mea:
2738 441 3057 511 disrumpat
3087 440 3311 495 vincula
3341 440 3532 510 culpae

2191 533 2444 587 Christus
2477 530 2870 599 cunctipotens
2897 529 3194 581 hominum
3222 530 3548 598 Reparator
3572 530 3629 579 et
3658 530 3857 583 Auctor.

2188 624 2394 685 Aurea,
2428 637 2598 689 posco
2633 622 2811 687 prius,
2848 618 3099 686 propria:
3131 633 3302 686 quam
3333 617 3511 669 taenia
3542 616 3679 668 vita:

2192 708 2416 772 Efﬂuat,
2451 711 2507 759 et
2534 705 2686 758 funis
2718 703 2990 773 fugiendo
3012 709 3317 772 argenteus
3350 718 3557 754 urnam

2192 795 2525 863 Confringat
2553 791 2760 856 carnis,
2792 795 3058 843 cunctum
3101 789 3472 858 etfundatque
3502 788 3809 857 liquorem.

2188 883 2471 937 Justitiam
2508 885 2731 944 metuo;
2764 878 2833 931 ad
2867 878 3137 947 pietatem
3170 892 3335 930 curro
3370 876 3717 945 benignam.

2189 968 2272 1023 Sit
2301 970 2449 1037 pius,
2475 983 2597 1033 oro,
2634 966 2797 1031 mihi,
2832 970 2886 1019 et
2906 966 3075 1034 justis
3098 963 3455 1033 justissimus
3486 966 3699 1015 exstet.

2190 1058 2338 1126 Ergo
2366 1055 2503 1109 boni
2536 1054 2797 1108 meritam
2828 1058 3059 1106 teneant
3081 1052 3141 1105 in
3173 1066 3411 1105 munere
3452 1049 3739 1119 palmam.

2192 1149 2259 1199 At
2288 1144 2553 1197 mihimet
2582 1143 2843 1195 flammas
2873 1141 3006 1194 satis
3038 1144 3123 1194 est
3151 1138 3419 1193 transisse
3452 1137 3763 1207 gehennae,

2193 1240 2258 1291 Et
2289 1236 2511 1290 veniam
2545 1236 2727 1289 multo
2754 1250 2857 1303 pro
2879 1234 3118 1287 crimine
3150 1229 3560 1302 promeruisse.

2192 1323 2363 1392 Nigra
2390 1338 2492 1393 per
2521 1322 2775 1376 albentes
2801 1321 3125 1375 diffundens
3158 1319 3379 1372 semina
3411 1333 3683 1387 campos,

2193 1412 2394 1465 Lassus
2422 1412 2569 1465 fasce
2596 1410 2755 1481 gravi
2784 1410 3068 1479 completa
3099 1409 3222 1462 luce
3253 1406 3368 1460 diei

2194 1500 2471 1569 Spargere
2496 1499 2617 1569 jam
2650 1514 2826 1563 cesso,
2862 1498 3121 1567 factoque
3152 1496 3244 1550 hic
3273 1494 3396 1547 sine
3428 1508 3705 1564 repauso.
3744 1493 3768 1533 ἒν

2260 1642 2285 1683 b
2324 1640 2654 1694 Addebatur
2686 1655 2698 1691 :
2752 1640 2893 1692 Finit
2933 1638 3067 1690 liber
3098 1652 3154 1705 ιι,
3207 1637 3365 1690 habet
3404 1649 3595 1689 versus
3653 1633 3783 1695 450,
3831 1646 3865 1682 31

2192 1712 2584 1781 sequebantur
2615 1710 2802 1779 capita
2833 1709 2953 1762 haec
2976 1708 3105 1761 libri
3132 1724 3193 1761 ιι.

1732 2004 2012 2075 LIBER
2072 2002 2595 2075 SECUNDUS.

1893 2315 2149 2384 Capitula
2175 2315 2308 2368 libri
2337 2330 2396 2370 ιι.

392 2450 437 2494 1.
469 2445 678 2493 Viribus
697 2444 807 2491 suis
836 2443 1059 2505 scriptor
1074 2440 1404 2505 posthabitis.
1422 2453 1517 2502 pro
1542 2438 2215 2505 commun_i__utilitate_dicit
2236 2452 2290 2505 se
2311 2452 2444 2505 suos
2475 2437 2715 2486 divisisse
2742 2438 2970 2505 libellos.
2995 2443 3046 2486 et
3072 2438 3273 2505 menius
3297 2440 3865 2505 poetarumabomins

453 2510 560 2572 tus_,
578 2506 747 2572 libelli
774 2506 855 2572 sui
886 2500 1100 2572 cursum
1121 2507 1172 2572 et
1205 2500 1623 2572 Spiritussancti
1651 2501 1838 2572 humili
1870 2514 2020 2572 prece
2050 2500 2285 2570 deposcit
2308 2500 2624 2572 ingressum.
2653 2502 2783 2572 —-_2.
2817 2501 2909 2547 Ubi
2942 2504 3154 2548 sanctus
3188 2500 3476 2572 Ιξρίέροριξξ,
3504 2501 3803 2572 ordinatur.
3832 2527 3866 2571 έ

453 2571 497 2616 3.
523 2562 703 2615 Editor
736 2566 894 2627 hujus
925 2562 1352 2627 operisﬂGalliam
1390 2563 1695 2627 alloquitur.
1726 2590 1786 2627 ς-
1813 2562 1965 2610 4.⁷Ι)θ
1996 2562 2171 2627 pueris
2190 2563 2387 2627 emptis
2421 2566 2471 2609 et
2497 2562 2845 2627 instructions
2876 2576 3078 2627 eorum.
3112 2588 3170 2597 —
3202 2566 3245 2627 5.
3280 2562 3513 2625 Scriptis!
3544 2563 3713 2627 hujus
3742 2563 3865 2627 metri

455 2630 704 2677 Sanctum
736 2623 855 2675 cum
884 2623 1037 2675 laude
1063 2626 1269 2674 affatur.
1302 2650 1367 2687 -ν
1391 2627 1435 2672 6.
1472 2623 1697 2671 Piierum
1724 2624 1947 2671 Sanctus
1966 2637 2007 2687 _a
2030 2624 2239 2671 diabolo
2270 2624 2323 2669 in
2357 2623 2727 2687 Centumcellis
2753 2623 2992 2687 salvavit.
3020 2650 3079 2658 —
3099 2628 3146 2672 7.
3188 2625 3383 2672 Auctor
3399 2623 3585 2687 'operis
3618 2623 3777 2672 istius
3804 2626 3866 2670 in«

454 2694 664 2757 crepato
683 2689 839 2757 hoste
869 2689 945 2757 .ad
970 2692 1116 2757 gesta
1145 2686 1423 2757 narranda_
1453 2687 1743 2734 revertitur.
1782 2711 1838 2757 —_-
1870 2687 1915 2733 8.
1964 2685 2036 2757 De
2063 2688 2386 2757 tempestate
2419 2685 2471 2757 in
2510 2685 2695 2746 pelago
2738 2690 2853 2732 orta
2878 2685 3074 2757 Sancto
3105 2687 3404 2757 navigante.
3530 2688 3579 2757 θλ
3606 2687 3866 2757 Apostolm

460 2746 645 2801 Petrus
680 2751 732 2798 iu
762 2750 881 2798 navi
907 2746 1023 2798 cuin
1048 2749 1321 2810 alloquens
1344 2748 1560 2810 pelagus
1592 2751 1913 2795 commotum
1932 2746 2096 2810 sedat.
2129 2772 2195 2810 -ε
2220 2746 2844 2810 10._Caudavumpagum
2876 2747 3099 2810 Sanctus
3128 2749 3313 2810 pergit.
3348 2752 3514 2810 —7H.
3545 2746 3768 2795 Devicto
3802 2761 3866 2809 pet

451 2815 624 2876 ipsum
662 2813 860 2883 erroris
897 2808 1185 2884 principe,
1213 2808 1439 2872 populus
1472 2808 1671 2881 :credit.
1705 2836 1776 2879 I—
1834 2812 1885 2855 11

453 2878 528 2925 13.
562 2875 797 2936 Scriptor
817 2874 978 2936 hujus
1002 2873 1122 2921 libri
1148 2872 1352 2934 plebem
1381 2884 1613 2933 regionis
1643 2870 1787 2918 illius
1805 2870 1899 2918 exh

2193 2808 2309 2855 leati
2341 2808 2565 2855 Bavonis
2597 2808 2841 2869 discipuli
2876 2809 3019 2857 illius
3045 2808 3381 2857 debita'cum
3412 2809 3567 2858 laude
3598 2811 3798 2871 agitur.
3828 2832 3866 2843 -

2193 2893 2194 2911 ι
2225 2870 2383 2917 etiam
2408 2870 2762 2918 commendat.

518 2912 528 2923 ο
562 2904 788 2928 υυιιμυυι
817 2904 978 2928 uulua
1002 2904 1122 2921 ιιυιι
1151 2904 1352 2928 μιυυυμι
1382 2904 1613 2928 ιυδιυμισ
1643 2904 1962 2918 ιιιιυ-ςυιιμυι
1978 2904 2111 2928 nunc),
2139 2904 2194 2917 νυ
2225 2904 2383 2917 vus-uua
2408 2904 2762 2918 υνμιωνιιυυνι

948 2984 1173 3039 CAPUT
1224 2983 1514 3036 PRIMUM.

392 3128 536 3185 Ordo
576 3127 895 3197 episcopalis
933 3125 990 3179 S.
1032 3123 1295 3197 Amandor
1318 3124 1565 3197 collatus.
1614 3122 1701 3177 Ab
1733 3138 1789 3176 eo
1821 3122 2088 3191 redempti

922 3196 1148 3264 captivi,
1189 3199 1239 3247 et
1276 3196 1554 3247 instructi.

467 3344 515 3393 1.
552 3336 779 3391 Viribus
812 3334 1031 3405 exiguis
1062 3349 1326 3387 canerem
1376 3350 1525 3400 cum,
1577 3334 1775 3401 lector,
1835 3335 2079 3388 Amandi

396 3428 609 3497 Inclyta
640 3429 800 3496 gesta
831 3424 933 3493 pii,
968 3422 1262 3477 communi
1292 3421 1425 3475 hinc
1455 3422 1586 3475 inde
1614 3422 1792 3475 labori

393 3515 753 3585 Prospiciens
780 3513 997 3583 pariter
1026 3511 1341 3573 scribentis,
1370 3510 1487 3563 sive
1520 3510 1787 3581 legentis,

393 3606 653 3669 Quatuor
685 3602 745 3655 in
774 3600 967 3671 parvis
996 3599 1196 3671 partiri
1227 3599 1333 3652 rite
1372 3598 1580 3652 libellis

392 3694 521 3747 Hinc
542 3691 741 3746 eadem
768 3688 945 3757 volui,
987 3687 1176 3758 capias
1207 3703 1320 3757 quo
1355 3686 1467 3740 ﬁne
1500 3688 1786 3753 levamen,

390 3783 461 3834 Et
487 3780 708 3834 brevies
737 3783 961 3831 tantum
991 3776 1201 3846 partito
1228 3776 1375 3829 fasce
1406 3775 1678 3829 laborem.

392 3869 589 3921 Lector
618 3865 772 3920 enim
803 3865 1077 3935 prudens,
1111 3863 1325 3933 poteris
1350 3877 1714 3931 cognoscere,
1746 3860 1792 3913 si
1824 3860 1927 3926 vis,

391 3956 551 4020 Quod
575 3971 689 4007 non
719 3951 1089 4022 grammatica
1116 3949 1366 4004 decurrit
1394 3950 1518 4019 lege
1548 3950 1796 4019 loquela,

392 4044 622 4098 Rustica
651 4040 747 4094 sed
781 4039 1001 4093 stolidis
1031 4043 1302 4091 texuntur
1329 4036 1585 4090 carmina
1612 4036 1820 4090 verbis.

392 4130 516 4182 Non
547 4142 689 4197 opus
728 4126 836 4177 hoc
865 4124 1017 4176 orbis
1044 4124 1400 4177 recitandum
1430 4123 1593 4176 mitto
1617 4122 1936 4192 magistris;

392 4215 647 4278 Quorum
671 4227 857 4264 sermo
885 4209 1011 4262 lluit
1037 4210 1305 4263 torrentis
1335 4210 1577 4279 gurgitis
1610 4210 1806 4276 instar,

394 4299 641 4355 Grandia
671 4297 771 4367 qui
799 4296 1009 4350 oritoni
1039 4300 1327 4349 ructantes
1358 4296 1529 4349 verba
1553 4296 1796 4349 Maronis

390 4386 556 4442 Vocis
586 4384 822 4439 olorinae
849 4387 1187 4437 concentum
1221 4387 1451 4453 gutture
1481 4390 1777 4453 promunt;

392 4475 613 4545 Quique
645 4488 812 4525 suum
844 4486 1076 4525 carmen
1129 4470 1265 4525 dum
1296 4470 1476 4524 musis
1529 4472 1797 4525 suavibus
1828 4474 2079 4542 mquant,

393 4563 711 4619 Ostendunt
739 4576 971 4625 vanum,
1005 4559 1293 4629 nullisque
1321 4559 1569 4628 aptabile
1591 4560 1782 4612 lucris.

394 4653 521 4706 Non
552 4650 639 4704 his
664 4642 800 4718 ergo
833 4662 987 4701 meos
1009 4662 1202 4699 versus
1231 4646 1556 4700 transmitto
1587 4646 1866 4713 citandos,

392 4740 500 4795 Sed
529 4738 843 4802 monachis,
877 4752 1121 4806 quorum
1156 4736 1458 4805 requiescit
1490 4735 1544 4787 in
1575 4752 1671 4789 ore
1700 4736 1943 4789 salubris

391 4830 711 4884 Thesaurus
736 4825 941 4895 psalmi
968 4830 1023 4879 et
1050 4825 1270 4895 hymni,
1302 4841 1402 4877 seu
1433 4824 1671 4891 cantica,
1707 4824 1927 4878 Christo

392 4918 530 4982 Qua:
568 4932 672 4985 per
708 4915 925 4983 templa
965 4918 1177 4966 canunt
1214 4913 1459 4966 tonitrus
1492 4912 1648 4965 velut
1687 4929 1785 4966 ore
1821 4912 2077 4977 boantes,

392 5008 594 5061 Petrus
622 5002 869 5073 piscator
898 5002 1141 5071 populos
1170 5000 1440 5071 piscando
1470 5000 1655 5069 poetis

391 5092 698 5147 Praefertur
724 5088 962 5155 cunctis,
994 5088 1092 5158 qui
1121 5093 1313 5142 sancto
1341 5088 1572 5141 ﬂamine
1602 5089 1828 5158 plenus,

389 5178 572 5234 Vertit
599 5175 944 5245 multiplices
978 5190 1092 5227 uno
1123 5191 1383 5228 sermone
1412 5179 1696 5241 catervas;

392 5270 513 5333 Quo
542 5268 689 5321 facto
712 5265 924 5330 docuit,
958 5265 1108 5335 quod
1130 5281 1249 5317 non
1282 5280 1545 5318 sermone
1575 5268 1809 5333 paretur

392 5356 678 5423 Regnum,
710 5353 806 5406 sed
838 5351 1067 5405 Domini
1098 5351 1345 5404 solidum
1376 5352 1581 5404 virtute
1613 5352 1852 5404 levetur.

392 5442 415 5493 Ι
444 5440 608 5505 liber,
636 5441 654 5492 i
680 5453 931 5493 carmen.
964 5439 1047 5491 Tu
1074 5437 1319 5507 Spiritus
1342 5438 1509 5503 alme,
1541 5437 1757 5503 venito,

394 5523 645 5576 Pectoris
673 5528 729 5577 et
755 5522 938 5577 nostri
964 5523 1279 5593 penetralia
1306 5522 1549 5592 pleniter
1578 5523 1745 5590 intra,

2118 2983 2157 3035 B
2190 2982 2371 3051 Digno
2403 2999 2516 3053 quo
2546 2984 2788 3051 valeam,
2818 3000 2947 3054 quas
2971 2988 3105 3037 sunt
3135 2985 3457 3055 pangenda,
3490 2987 3682 3040 relatu

2194 3069 2450 3123 Scribere
2481 3074 2638 3140 gesta
2671 3069 2795 3137 viri,
2836 3071 3120 3124 mundum
3152 3073 3471 3140 spargenda
3496 3089 3601 3142 per
3635 3089 3854 3127 omnem

2263 3161 2315 3211 2.
2350 3159 2607 3211 Romana
2640 3158 2860 3212 interea
2901 3159 2989 3211 vir
3017 3158 3256 3213 Sanctus
3288 3160 3360 3213 ab
3392 3160 3532 3214 urbe
3573 3167 3864 3215 revertens.

2196 3245 2487 3299 Gallorum
2520 3246 2590 3299 ad
2624 3248 2868 3316 papulos
2902 3248 3152 3301 directus
3178 3248 3403 3302 coalitus
3436 3249 3560 3304 ivit.

2196 3334 2261 3385 Et
2292 3348 2395 3385 ceu
2430 3332 2533 3385 sub
2560 3334 2751 3386 modio
2775 3333 3019 3387 rutilans
3042 3339 3298 3388 contecta
3325 3335 3564 3388 lucerna

2196 3419 2470 3473 Humanis
2505 3420 2727 3474 nullum
2764 3418 3087 3489 profectum
3118 3420 3333 3475 visibus
3363 3420 3569 3488 infert;

2192 3510 2254 3562 In
2280 3508 2412 3562 base
2436 3507 2534 3562 sed
2564 3508 2750 3578 posita
2781 3508 3099 3578 splendoris
3124 3510 3248 3562 luce
3277 3509 3546 3563 tenebras

2195 3595 2433 3662 Decutit,
2471 3595 2826 3666 intrantique
2854 3596 3091 3649 domum
3123 3612 3225 3649 sua
3254 3612 3500 3649 munera
3528 3598 3760 3668 pandit;

2191 3682 2281 3736 Sic
2311 3682 2393 3735 sic
2423 3682 2513 3736 his
2540 3683 2750 3737 Christi
2780 3684 3153 3753 resplendens
3179 3683 3398 3737 lumine
3419 3686 3739 3752 Amandus,

2191 3772 2349 3824 Illius
2378 3776 2440 3825 ut
2461 3772 2679 3825 cunctis
2709 3772 2955 3841 fulgeret
2989 3773 3044 3824 in
3082 3772 3202 3825 aede
3228 3772 3528 3838 ministris,

2190 3859 2548 3929 Exueretque
2579 3860 2842 3912 homines
2872 3864 3019 3913 tetra
3048 3860 3292 3929 caligine
3328 3860 3562 3924 multos,

2192 3946 2470 4016 Principis
2499 3946 2758 4016 imperiis
2785 3948 3140 4017 compulsus,
3166 3948 3629 4019 Pontificumque

2194 4034 2453 4087 Devictus
2480 4036 2736 4099 monitis,
2771 4041 2856 4087 est
2884 4036 3064 4088 factus
3101 4036 3441 4105 Episcopus;
3467 4041 3524 4089 et
3557 4037 3715 4106 quod

2188 4123 2310 4175 Jam
2338 4122 2559 4192 pridem
2595 4119 2813 4175 meritis
2842 4124 3047 4189 fuerat,
3081 4126 3216 4176 tunc
3242 4123 3444 4176 ordine
3473 4124 3739 4194 sumpsit.

2189 4209 2300 4262 Nec
2328 4210 2519 4263 sedem
2550 4210 2842 4280 propriam
2882 4210 3129 4280 suscepit
3156 4211 3564 4280 pontiﬁcalem,

2119 4272 2159 4325 Ο
2188 4290 2297 4351 Sed
2324 4299 2498 4350 veluti
2529 4272 2737 4352 Paulus
2760 4298 3007 4368 populos
3035 4272 3337 4367 aggressus
3368 4300 3532 4363 Eoos,

2192 4385 2283 4439 Sic
2309 4385 2412 4439 iste
2443 4387 2716 4440 Occiduas
2746 4392 2937 4456 partes
2968 4385 3336 4439 transmissus
3362 4386 3559 4451 adivit,

2191 4474 2464 4529 Gentibus
2496 4478 2551 4527 et
2580 4474 2790 4544 sparsis
2824 4474 3034 4544 sparsit
3058 4474 3154 4542 pia
3182 4475 3355 4527 verba
3378 4474 3600 4527 salutis.

2261 4564 2311 4615 3.
2344 4561 2537 4624 Gallia,
2560 4562 2745 4631 gaude
2767 4560 2987 4621 alacris,
3011 4561 3318 4630 praaclarus
3338 4562 3648 4630 Apostolus
3674 4561 3777 4615 iste
3800 4566 3862 4613 est

2193 4650 2446 4703 Donatus
2472 4649 2707 4703 tibimet.
2743 4648 3019 4703 Dominus
3049 4663 3179 4700 cum
3213 4647 3465 4701 mitteret
3499 4648 3631 4700 orbi

2190 4736 2431 4789 Lumina
2466 4737 2792 4801 Doctorum,
2826 4751 2931 4788 ceu
2961 4734 3151 4787 stellas
3183 4736 3307 4788 luce
3340 4735 3625 4801 nitentes;

2187 4824 2342 4876 Tunc
2370 4822 2474 4875 tibi
2500 4827 2649 4876 sorte
2682 4824 2774 4891 pia
2806 4826 3065 4875 nostrum
3089 4822 3331 4874 servavit
3359 4824 3694 4876 Amandum
3719 4840 3731 4889 ;

2190 4911 2312 4976 Quo
2344 4911 2565 4964 radiata
2592 4911 2688 4980 pio
2710 4915 2983 4964 virtutum
3009 4910 3225 4963 lumine
3253 4910 3400 4963 facta
3431 4927 3510 4977 es,

2188 5000 2495 5069 Splendida
2526 4999 2829 5069 terrigenis
2859 4999 3075 5069 quadro
3115 4998 3219 5051 sub
3245 4998 3475 5052 climate
3497 4999 3732 5055 clausis.

2189 5090 2295 5141 Per
2322 5104 2491 5157 quem
2526 5086 2870 5140 celsithrono
2903 5088 3136 5140 credens
3168 5086 3227 5138 in
3259 5088 3466 5140 saecula
3499 5089 3649 5157 regi,

2187 5175 2423 5244 Semper
2439 5175 2550 5227 eris
2580 5178 2858 5240 sanctum,
2888 5175 3229 5243 speciosum,
3264 5179 3320 5227 et
3359 5175 3556 5228 nobile
3604 5190 3853 5246 regnum:

2187 5262 2295 5326 Qui
2326 5267 2399 5328 te,
2425 5262 2764 5332 conspicuus
2795 5278 2924 5315 cum
2956 5262 3136 5315 Iudex
3163 5262 3383 5316 venerit
3415 5263 3592 5326 orbis,

2188 5350 2450 5420 Undique
2477 5350 2793 5416 collectam,
2825 5366 2927 5402 ceu
2958 5354 3153 5418 pastor
3180 5349 3370 5415 ovilia,
3408 5350 3579 5404 ducet

2184 5436 2269 5489 Ad
2299 5436 2507 5490 Christi
2538 5436 2741 5489 solium
2768 5454 2781 5504 ;
2805 5436 3041 5490 veniens
3067 5452 3203 5506 quo,
3228 5452 3472 5490 munera
3504 5439 3704 5508 magni

2185 5523 2476 5593 Principes
2509 5524 2754 5591 Domini,
2779 5529 2936 5579 tanto
2962 5528 3259 5595 praeeunte
3288 5526 3562 5580 Patrono.
