3868 6228
30 320 125 371 941
1221 315 1312 369 DE
1353 315 1509 369 VITA
1549 314 1583 367 S

1843 315 1942 370 'DI.
1970 344 2037 351 —
2066 314 2194 368 LIB.
2232 315 2300 367 II.
3423 317 3528 371 942

30 445 231 498 Audiet
260 450 321 498 et
350 443 567 498 summi
595 459 795 499 vocem
826 442 1075 497 Pastoris
1104 443 1420 497 Amandus.

34 534 206 602 Euge,
239 549 399 586 serve
431 533 604 599 bone,
639 532 867 587 aeternis
901 533 1092 586 laetare
1128 533 1391 601 tropzeis;

36 624 99 674 Iit
126 621 260 674 mihi
288 621 389 691 qui
420 621 718 691 quondam
742 620 930 674 fueras
960 622 1019 673 in
1046 636 1226 689 pauca
1256 620 1458 685 tidelis,

40 711 209 762 Multa
237 725 415 778 super
444 714 690 762 statuam
724 714 800 774 te,
834 709 900 762 ad
933 709 1142 775 gaudia
1171 713 1368 763 nostra
1396 707 1673 777 perintra.

38 799 187 850 Tunc
216 797 325 850 tibi
353 813 486 850 caro
516 797 735 867 populo
771 797 885 850 Rex
916 797 1052 849 talia
1083 797 1259 862 dicet;

40 887 173 939 Grex
205 885 527 950 benedicta,
559 885 710 951 veni,
742 900 983 953 regnum
1013 885 1131 953 jam
1163 899 1326 938 sume
1352 889 1643 953 paratum,

41 974 351 1037 Quaesitum
388 972 561 1026 sacris
591 972 814 1026 meritis
840 972 912 1025 ab
946 972 1167 1042 origine
1198 972 1419 1025 mundi.

43 1062 213 1115 Gallia
242 1066 406 1114 tanta
430 1060 516 1114 tui
543 1076 732 1114 sumes
762 1066 900 1114 tunc
928 1076 1171 1113 munera
1204 1059 1394 1129 Regis,

42 1154 205 1203 Actus
238 1149 536 1219 magniﬁci
560 1149 607 1202 si
640 1164 789 1202 nunc
821 1148 1062 1202 imiteris
1088 1148 1363 1215 Amandi;

45 1238 147 1301 Qui
175 1238 365 1291 docuit
395 1237 783 1307 quodcunque
816 1253 918 1291 suo
947 1236 1252 1306 complevit
1282 1240 1338 1290 et
1369 1239 1519 1301 actu,

48 1327 151 1390 Qui
177 1326 391 1396 iugiter
421 1342 646 1379 sacrum
676 1342 905 1379 servans
936 1325 1164 1395 pietatis
1195 1338 1472 1391 amorem,

50 1416 111 1468 Et
139 1431 247 1485 qua
277 1415 485 1483 plenus
516 1418 637 1467 erat
667 1414 885 1466 vultum
916 1413 1171 1467 bonitate
1202 1428 1494 1481 serenans,

50 1503 180 1554 V'isu
209 1501 511 1572 prodebat,
538 1518 667 1572 quae
697 1501 942 1571 pectoris
972 1516 1101 1553 arca
1131 1505 1369 1554 teneret.

51 1590 270 1645 Sobrius
299 1594 351 1643 et
385 1606 576 1655 sensu,
607 1590 890 1643 renitebat
914 1593 1143 1659 pectore
1173 1593 1379 1656 castus,

52 1680 337 1749 Largaque
365 1678 717 1748 pauperibus
742 1676 1036 1747 praebebat
1066 1677 1216 1731 dona
1244 1676 1527 1747 benignus
1559 1694 1571 1730 :

52 1768 182 1820 Hinc
211 1772 384 1837 atque
420 1767 553 1820 hinc
583 1766 839 1820 medium
868 1765 1005 1819 dum
1027 1782 1085 1818 se
1108 1766 1428 1819 conformat
1447 1765 1514 1819 ad
1540 1781 1739 1819 omnes

52 1854 326 1907 Divitibus
356 1853 535 1919 dives,
566 1868 787 1923 pauper
816 1852 1061 1906 sociatur
1087 1852 1311 1922 egenis;

52 1943 152 2007 Qui
179 1942 315 2012 vigil
344 1947 400 1995 et
432 1942 677 2011 vigilans
707 1942 906 1995 orandi
939 1941 1162 1994 deditus
1194 1940 1351 1993 omni

51 2033 343 2101 Tempore,
374 2047 579 2101 parcus
610 2036 731 2084 erat
758 2046 1043 2097 sermone,
1077 2030 1386 2099 animoque
1414 2027 1620 2082 suavis.

119 2153 168 2202 4.
198 2150 309 2213 Qui
340 2150 581 2204 Sanctus
612 2148 913 2203 hominum
945 2148 1258 2203 dissolvens
1288 2148 1394 2201 rite
1422 2151 1667 2211 catenas,

56 2239 108 2291 Si
134 2255 338 2309 pueros
368 2239 592 2308 aliquos
623 2237 877 2307 captivos
906 2237 1051 2290 forte
1084 2236 1321 2299 videret,

57 2330 157 2379 Aut
183 2342 340 2380 mare
369 2330 723 2379 transvectos
753 2326 982 2379 venales
1012 2340 1247 2378 cernere
1275 2324 1483 2394 quiret,

58 2416 166 2469 Mox
196 2415 384 2485 pretio
416 2413 660 2484 cupidus
688 2413 1011 2467 redimebat
1040 2412 1305 2467 merciler
1337 2412 1552 2481 amplo,

63 2504 372 2556 \‘inctorum
405 2502 577 2556 duras
602 2516 877 2571 rumpens
907 2500 1232 2554 miserando
1260 2504 1507 2553 catenas.

64 2592 167 2645 Nec
196 2597 386 2645 tamen
418 2590 509 2643 hic
542 2589 735 2644 studio
764 2593 1062 2659 cceptaque
1091 2588 1287 2642 labore
1316 2588 1573 2653 carebat;

63 2680 158 2734 Sed
185 2695 430 2750 quorum
462 2678 665 2731 vinclis
691 2677 941 2731 solvebat
971 2693 1234 2747 corpora,
1267 2676 1485 2730 cunctis

68 2770 309 2822 luternas
338 2768 527 2821 cordis
557 2766 821 2821 tenebras
852 2765 1131 2819 radiando
1163 2764 1422 2834 fugabat,

67 2856 416 2927 Pellebatque
448 2870 650 2909 omnes
681 2869 840 2907 sacro
870 2853 1213 2923 baptismate
1240 2852 1456 2907 sordes.

66 2950 132 2997 Ac
158 2944 303 2997 vasis
333 2943 530 2998 nitidis
561 2946 821 2996 sanctum
852 2940 1209 2996 infundendo
1240 2941 1545 3011 liquorem,

68 3034 251 3086 Dulcia
279 3032 549 3102 rorigeris
574 3031 811 3084 indebat
834 3030 1006 3083 mella
1035 3030 1314 3095 canistris,

68 3120 403 3173 Perfundens
434 3124 601 3172 natos
632 3118 906 3172 doctrinas
935 3118 1091 3171 fonte
1118 3117 1402 3182 novellos;

68 3206 281 3276 Ilusque
306 3222 409 3277 per
436 3205 713 3260 Ecclesias
740 3205 1037 3275 linquebat
1066 3205 1302 3259 Sanctus
1333 3204 1563 3271 amicas,

70 3295 331 3348 Libertate
360 3300 556 3348 tamen
581 3293 858 3363 permissa
884 3308 1044 3346 more
1075 3293 1319 3359 salubri;

68 3384 132 3436 Ex
160 3383 363 3453 quibus
394 3383 632 3436 eximias
662 3382 855 3451 plures
883 3385 1118 3435 tenuere
1147 3381 1445 3435 cathedras

68 3471 370 3536 Pontiﬁces,
404 3475 717 3540 sanctoque
748 3469 901 3523 viros
926 3478 1077 3537 actu,
1105 3486 1201 3523 ore
1231 3474 1520 3536 venustos,

65 3558 409 3629 Abbatesque
440 3559 624 3611 almos
647 3557 969 3611 audivimus
997 3557 1229 3611 auribus
1259 3562 1474 3611 auctos.

67 3647 212 3701 Talia
240 3648 389 3702 dona
419 3662 654 3701 omnem
687 3646 992 3717 spargebat
1023 3647 1261 3700 Sanctus
1290 3646 1350 3699 in
1381 3646 1601 3699 orbem.

1765 446 1811 497 A
1836 443 1983 507 Quin
2016 444 2217 514 pelago
2245 445 2443 498 allatos
2470 461 2532 498 ac
2560 438 2717 499 vasta
2746 462 2848 516 per
2876 462 3109 517 aequora
3135 452 3323 502 vectos

1840 532 2089 601 Colligis,
2123 539 2176 585 et
2208 534 2377 602 pretii
2408 534 2648 603 cupidus
2683 552 2797 588 non
2830 536 3018 589 tardat
3046 551 3250 590 avarus

1837 620 1933 686 Te,
1962 620 2297 672 celebrande
2334 622 2516 685 Pater,
2551 637 2735 691 neque
2766 638 2929 675 carus
2954 623 3213 677 venditor
3243 624 3414 679 ullus.

1839 707 1936 761 Ille
1970 707 2123 777 capit
2149 708 2321 777 Regis
2349 709 2627 777 signatam
2657 711 2892 763 nomine
2923 711 3249 781 dragmam;

1838 795 2145 865 Dragmam
2179 799 2351 865 tuque
2385 795 2579 861 refers,
2613 812 2784 866 quam
2814 796 3024 851 Christi
3053 799 3283 852 nomine
3312 799 3524 870 signes.

1836 883 2109 937 Venditor
2134 883 2229 937 ille
2257 899 2419 937 suam
2453 884 2609 937 lucra
2636 885 2701 938 ad
2733 889 2963 938 terrena
2989 891 3282 955 reportat;

1841 971 2073 1041 Emptor
2101 976 2277 1042 tuque
2310 978 2468 1026 tuam
2500 973 2657 1026 lucra
2691 972 2762 1026 ad
2794 974 3044 1027 caelestia
3074 990 3279 1029 servas.

1838 1060 1937 1112 Ille
1965 1076 2127 1113 suam
2156 1061 2366 1130 perdit,
2401 1062 2487 1115 vel
2521 1061 2725 1115 clausis
2754 1061 2914 1115 abdit
2942 1062 3000 1115 in
3030 1063 3193 1129 arcis,

1838 1146 2033 1217 Tuque
2059 1151 2217 1201 tuam
2248 1148 2390 1217 Regi
2420 1148 2642 1202 Christo
2677 1142 2954 1203 Servando
2981 1165 3250 1205 coronam

1841 1235 2138 1304 Egregiam
2170 1234 2433 1296 fabricas.
2466 1236 2732 1306 celsoque
2762 1237 2824 1289 in
2854 1237 3065 1292 vertice
3095 1238 3283 1308 ponis.

1843 1322 2227 1393 Crudelesque
2255 1324 2422 1393 lupos
2454 1325 2619 1377 mites
2647 1326 2930 1379 convertis
2958 1326 3017 1379 in
3048 1343 3246 1397 agnos,

1841 1411 1905 1463 In
1936 1410 2227 1480 caulisque
2249 1411 2415 1480 jubes
2446 1411 2615 1465 sacris
2642 1418 2827 1466 astare
2859 1422 2883 1447 δ
2918 1414 3194 1480 melodos,

1845 1498 2263 1569 Praedonesque
2289 1500 2458 1562 feros,
2492 1500 2700 1570 quibus
2730 1501 2866 1554 olim
2900 1502 3012 1555 vita
3044 1503 3260 1572 rapina:

1848 1588 1907 1640 In
1942 1586 2129 1640 studio
2161 1587 2365 1653 fuerat,
2400 1587 2591 1640 dulces
2621 1588 2743 1641 sine
2774 1588 2906 1642 felle
2936 1590 3228 1644 columbas

1853 1673 2059 1743 Etlicis,
2094 1678 2154 1728 ut
2178 1674 2411 1745 propria
2442 1675 2765 1745 expendunt
2794 1677 2893 1746 qui
2924 1677 3109 1730 aliena
3136 1677 3429 1732 vorabant.

2532 1833 2755 1888 CAPUT
2794 1834 2858 1888 II.

1846 1977 1872 2017 Ι)
1911 1976 1968 2029 S.
2012 1973 2256 2028 Amandi
2297 1976 2399 2027 iter
2442 1977 2524 2027 H.
2570 1976 2887 2030 Romanum.
2936 1978 3075 2030 Puer
3113 1993 3147 2031 a
3182 1976 3543 2033 submersione

2264 2045 2546 2099 liberatus.
2585 2048 2891 2113 Tempestas
2922 2047 3130 2101 sedata.

1921 2190 1971 2239 6.
2024 2187 2099 2239 Te
2143 2201 2331 2256 neque
2378 2188 2677 2254 praetereo,
2721 2185 2879 2251 urbs,
2930 2187 3027 2240 sed
3071 2186 3326 2241 carmine
3373 2187 3537 2242 visito

1848 2276 1895 2328 A
1926 2273 2327 2328 Centumcellis
2359 2274 2457 2327 tali
2488 2273 2831 2343 cognomine
2864 2273 3043 2343 dicta;
3325 2274 3540 2346 [nostro

1849 2362 1987 2426 Quae
2017 2362 2207 2432 pelagi
2239 2362 2403 2415 solita
2435 2377 2492 2415 es
2524 2362 2852 2415 discrimina
2881 2378 3031 2433 saepe
3061 2363 3273 2433 levare,

1850 2451 1916 2504 Et
1947 2455 2147 2503 nautas
2178 2466 2427 2520 reparas,
2463 2454 2519 2503 et
2547 2451 2721 2503 lassos
2752 2450 2923 2520 erigis
2953 2454 3128 2504 artus.

1850 2539 1961 2593 Nec
1989 2543 2043 2592 te
2072 2538 2368 2608 praeteriit,
2397 2538 2532 2591 dum
2566 2537 2803 2592 Sanctus
2832 2538 2904 2591 ab
2934 2538 3076 2592 urbe
3108 2538 3357 2593 secundo

1853 2625 2181 2695 Digreditur
2213 2626 2414 2689 Roma,
2447 2624 2576 2678 navi
2605 2639 2943 2694 progressus
2968 2625 3037 2679 ab
3070 2626 3185 2692 illa,

1850 2714 1934 2767 Ad
1969 2720 2021 2766 te
2051 2713 2330 2784 pervenit,
2364 2713 2561 2767 solitos
2586 2713 2807 2767 laturus
2837 2729 3068 2783 agones,

1852 2805 2037 2872 Atque
2067 2802 2147 2854 ibi
2174 2817 2333 2854 more
2365 2817 2466 2854 suo
2498 2800 2749 2854 tenebris
2776 2816 2907 2854 cum
2931 2800 3112 2854 noctis
3145 2814 3339 2871 opacae

1852 2891 2053 2946 Oraret
2081 2890 2261 2955 solus;
2288 2890 2429 2958 jam,
2463 2889 2654 2955 credo,
2687 2888 2937 2943 advertis
2966 2890 3089 2942 Iss0
3242 2874 3249 2877 ’

1852 2979 2126 3050 Exemplo
2153 2978 2400 3032 similem
2431 2978 2710 3031 famulum
2740 2982 2994 3047 portasse
3018 2976 3294 3031 laborem.

1852 3068 1973 3122 Nox
2007 3066 2355 3121 horrorifera
2384 3072 2441 3119 et
2463 3071 2613 3120 terra
2636 3065 2880 3136 caligine
2907 3065 3091 3119 noctis

1849 3157 2074 3210 Tetrior
2104 3155 2352 3221 advenit,
2382 3154 2611 3208 Domini
2640 3153 2866 3225 fulgore
2895 3153 3193 3207 lucernam

1851 3244 2255 3315 Splendentem
2288 3242 2445 3296 fumo
2471 3241 2707 3312 cupiens
2737 3242 2956 3295 fuscare
2988 3241 3210 3295 nocivo.

1852 3334 1920 3387 Et
1949 3347 2280 3403 quanquam
2311 3331 2473 3385 solita
2507 3346 2734 3401 semper
2762 3329 2982 3383 feritate
3008 3328 3261 3397 rebellet,

1856 3422 1921 3475 Et
1952 3420 2147 3491 cupiat
2176 3419 2366 3474 radios
2398 3434 2663 3489 reparare
2692 3419 2962 3471 scelestus
2991 3417 3253 3486 iniquos;

1852 3512 2008 3565 Tunc
2040 3515 2232 3563 tamen
2266 3508 2565 3578 egregium
2597 3523 2714 3560 non
2745 3521 2916 3559 ausus
2954 3510 3186 3574 tangere
3217 3502 3544 3557 Amandum

3413 3589 3539 3659 [est.

1856 3688 2018 3742 Forte
2048 3699 2264 3738 memor
2292 3684 2495 3747 fuerat,
2531 3682 2685 3752 quod
2715 3680 3005 3751 quondam
3046 3679 3267 3733 miserit
3296 3678 3542 3749 hydrum

130 3775 180 3825 5.
215 3772 255 3826 Ο
277 3769 653 3825 memorande
689 3772 876 3836 Pater,
900 3786 1011 3840 qua
1033 3773 1086 3823 te
1107 3786 1258 3823 nunc
1281 3769 1444 3823 laude
1466 3769 1747 3823 celebrem
1854 3775 1939 3829 Ad
1969 3788 2236 3843 puerum,
2268 3770 2554 3841 celerique
2581 3770 2717 3839 fuga
2745 3769 3101 3839 conspexerit
3129 3768 3293 3821 illum

70 3861 271 3925 Nescio,
303 3865 597 3914 tantarum
632 3859 845 3913 mirans
878 3858 1126 3929 insignia
1157 3874 1371 3913 rerum.

72 3949 299 4019 Largiris
322 3949 599 4019 pretium,
633 3952 932 4018 captorum
958 3947 1183 4000 vincula
1208 3947 1395 4012 solvis,

72 4038 140 4091 Ad
168 4039 483 4108 coelumque
510 4038 616 4091 hac
648 4041 767 4090 arte
797 4036 937 4090 facis
966 4035 1347 4089 conscendere
1378 4050 1615 4101 numos;

74 4128 127 4180 Et
152 4128 393 4197 pretium
426 4134 484 4180 et
514 4129 706 4196 captos
735 4124 922 4195 pretio
954 4140 1127 4193 super
1158 4128 1310 4176 astra
1340 4122 1592 4193 reponis.

75 4217 126 4268 Et
152 4232 347 4269 vacuas
382 4230 630 4278 saccum,
664 4214 803 4267 dum
835 4212 1085 4281 comples
1112 4228 1351 4265 munere
1378 4211 1601 4279 caelum,

75 4304 129 4356 Et
154 4304 285 4374 quia
312 4308 595 4357 mercator
625 4302 835 4367 fueras,
864 4302 1037 4355 talem
1070 4316 1188 4355 esse
1220 4300 1475 4355 decebat.

72 4392 199 4445 Nam
229 4391 331 4446 tibi
357 4393 505 4446 dona
536 4390 641 4443 viri
667 4391 713 4442 si
739 4389 976 4444 mittunt
1004 4388 1281 4459 religiosi,

76 4480 183 4534 Non
208 4481 417 4549 majora
440 4496 610 4550 paras
638 4479 930 4533 servandis
960 4478 1207 4531 claustra
1233 4476 1546 4543 crumenis;

78 4568 171 4622 Nec
200 4575 268 4635 te,
297 4574 488 4623 sancte
517 4570 702 4635 Pater,
736 4568 921 4621 solum
955 4568 1166 4620 servire
1200 4566 1463 4636 supernis

79 4656 355 4729 Obsequiis
381 4658 519 4711 satis
548 4660 646 4720 est,
674 4661 986 4726 gentesque
1015 4655 1148 4708 hinc
1175 4655 1309 4709 inde
1340 4657 1563 4708 vocatas

80 4745 382 4816 Collegisse,
415 4761 574 4799 sacro
605 4744 845 4814 vivoque
878 4748 935 4797 et
963 4744 1117 4797 fonte
1151 4759 1420 4811 novasse;

82 4834 173 4887 Nec
194 4835 449 4905 speciosa
475 4840 639 4887 tuum
669 4833 789 4902 jam
822 4832 1055 4886 Francia
1084 4832 1334 4901 complet
1366 4846 1640 4897 amorem,

80 4922 311 4993 Angusta
335 4926 393 4977 et
416 4921 522 4976 tibi
554 4926 842 4975 terrarum
871 4920 1098 4975 venatio
1126 4920 1273 4973 facta
1305 4923 1408 4973 est.

138 5093 157 5120 ι
186 5079 247 5133 Id
277 5083 361 5133 est
394 5078 734 5133 Cantatores
764 5090 777 5129 :
812 5075 890 5127 sic
918 5073 1201 5129 Ausonius
1231 5073 1293 5127 in
1326 5073 1750 5128 Professoribus

84 5146 572 5221 Burdegalensibus
603 5162 777 5201 carm.
814 5148 900 5208 16,
929 5145 997 5199 ad
1024 5146 1410 5215 Nepotianum
1440 5160 1452 5198 :

240 5256 307 5305 Te
326 5254 661 5303 fabulantem
692 5265 800 5300 non
830 5252 1040 5314 Ulysses
1067 5251 1349 5314 linqueret,

301 5319 478 5380 Liquit
506 5318 760 5364 canentes
789 5314 879 5376 qui
901 5313 1140 5361 melodas
1166 5313 1424 5375 Virgines,

87 5414 131 5467 id
159 5421 253 5480 est,
286 5416 514 5471 Sirenes
556 5413 914 5468 cantatrices.
958 5412 1043 5465 Ita
1071 5410 1338 5465 Sidonius
1379 5410 1418 5466 1.
1461 5425 1535 5476 Ix,
1584 5407 1750 5478 epist.

90 5488 139 5537 15
165 5504 176 5539 :
206 5487 424 5542 Melodis
463 5490 723 5540 insonare
759 5483 1024 5552 pulsibus.
1059 5480 1402 5536 Prudentius
1436 5481 1654 5550 hymno
1698 5480 1748 5530 9.

91 5554 501 5613 Cathemerinon
539 5572 551 5609 :

1856 3862 2096 3933 Aligeris
2130 3860 2369 3931 pedibus
2405 3859 2711 3913 tremulum
2744 3857 3014 3927 repedare
3044 3862 3391 3921 retrorsum;

1859 3951 1999 4005 Cum
2031 3948 2227 4020 digitis
2256 3947 2502 4018 geminis
2526 3947 2780 4000 traheret
2810 3961 2911 3999 ceu
2942 3945 3161 4015 spicula
3192 3945 3431 3999 Sanctus

1856 4038 2097 4108 Signum
2124 4038 2268 4091 forte
2299 4035 2479 4089 crucis
2509 4034 2726 4089 cunctis
2754 4033 3108 4104 penetrabile
3136 4032 3339 4086 muris.

1858 4128 2004 4198 Ergo
2035 4142 2216 4180 unum
2250 4141 2317 4179 ex
2343 4124 2574 4178 famulis
2606 4122 2944 4177 temerarius
2976 4121 3177 4193 arripit
3203 4120 3403 4185 hostis,

1857 4217 1923 4270 Et
1950 4214 2127 4269 trahit
2156 4213 2228 4268 ad
2259 4213 2512 4283 pelagus,
2543 4211 2752 4282 quaeris
2779 4211 2918 4265 cur?
2943 4214 3167 4281 mergat
3197 4215 3259 4264 ut
3282 4210 3474 4275 illum;

1785 4323 1828 4376 ι)
1858 4304 1938 4357 Ac
1961 4304 2131 4373 lupus
2160 4307 2224 4356 ut
2253 4317 2434 4356 szevus
2459 4301 2626 4355 niveo
2653 4316 2781 4355 cum
2813 4301 2881 4354 de
2911 4315 3083 4371 grege
3112 4304 3335 4370 raptam

1857 4392 2197 4461 Lanigeram
2228 4391 2509 4461 pecudem
2536 4389 2714 4444 trahit
2742 4393 2865 4443 atra
2893 4389 3057 4443 fauca
3081 4388 3414 4452 vorandam,

1856 4483 1980 4536 Non
2013 4495 2173 4533 secus
2203 4479 2294 4533 hic
2326 4483 2526 4549 raptor
2557 4479 2694 4532 dum
2723 4478 2915 4547 prinde
2944 4477 3171 4531 arderet
3194 4491 3411 4543 amore,

1855 4570 2051 4623 Ferret
2075 4573 2132 4622 et
2161 4569 2449 4637 arreptam
2482 4582 2627 4620 saeve
2653 4565 2723 4618 ad
2752 4563 3083 4618 discrimina
3108 4562 3335 4626 mortis;

1856 4658 1957 4712 Ille
1984 4656 2154 4711 dabat
2184 4672 2327 4726 puer
2355 4655 2459 4709 hac
2492 4654 2791 4723 repetitam
2823 4667 2954 4705 voce
2980 4651 3269 4721 loquelam
3303 4664 3317 4701 :

1857 4745 2096 4812 Christe,
2120 4744 2260 4814 juva
2289 4759 2408 4810 me;
2442 4741 2677 4803 Christe,
2700 4740 2855 4809 juva.
2888 4738 3014 4791 Mox
3045 4737 3143 4790 illa
3171 4739 3493 4807 protervus,

1856 4834 2050 4898 Qualis
2081 4832 2376 4887 Christus?
2405 4830 2503 4895 ait,
2536 4844 2640 4882 nec
2671 4825 2907 4881 verbum
2932 4824 3170 4879 reddere
3199 4824 3379 4877 victus

1858 4921 2121 4976 Audebat
2142 4918 2399 4991 juvenis;
2434 4919 2616 4972 donec
2643 4915 2885 4969 bellator
2916 4913 3229 4979 Amandus,

2170 5080 2246 5127 Da
2276 5092 2406 5141 puer
2432 5077 2705 5141 plectrum,
2739 5074 2942 5123 choreis

2231 5137 2295 5188 Ut
2324 5137 2508 5188 canam
2538 5137 2783 5186 ﬁdelibus

2170 5202 2331 5251 Dulce
2364 5213 2575 5249 carmen
2607 5203 2660 5247 et
2687 5197 2976 5254 melodum,

2232 5265 2384 5311 Gesta
2415 5260 2606 5310 Christi
2630 5260 2861 5322 insigne.

1930 5405 1956 5446 b
1989 5403 2103 5457 Iter
2142 5402 2468 5455 Romanum
2512 5414 2632 5453 non
2676 5398 2935 5469 explicat,
2978 5396 3074 5451 sed
3114 5412 3243 5467 quae
3274 5395 3337 5450 in
3368 5394 3556 5451 reditu

1862 5474 2008 5528 mira
2034 5472 2418 5541 contigerunt.
