3868 6228
334 321 435 373 943
1539 316 1820 372 MILONIS
1859 317 2179 372 MONACHI
2221 321 2275 373 S.
2318 318 2583 371 AMANDI
3734 324 3816 375 flii

337 457 406 509 Se
439 458 738 525 praesente,
770 452 889 505 fera
916 468 1031 504 non
1064 468 1261 521 passus
1291 452 1448 504 fauce
1478 454 1689 518 vorari,

338 543 687 612 Discipulum
714 540 1023 610 pelagique
1056 540 1222 592 undis
1255 540 1613 609 submergier
1639 542 1796 606 atris,

339 628 586 697 Corripit
614 643 793 693 arma,
827 627 978 695 capit
1010 627 1359 696 pharetram,
1390 628 1680 697 jactatque
1710 628 1972 699 sagittam

339 716 653 770 Salviticam
686 732 886 785 puero,
917 715 1141 768 Satanae
1174 716 1272 768 sed
1306 716 1410 769 rite
1442 717 1685 785 superbo

338 804 698 869 Vulniticam,
732 804 910 857 victor
934 803 989 855 vi
1026 804 1254 855 vincens
1286 804 1520 858 verbere
1556 804 1710 856 verbi
1742 821 1754 857 :

314 893 443 946 'Fili
473 892 573 962 qui
599 891 863 955 traheris,
900 890 989 943 dic
1020 891 1192 952 hosti,
1228 892 1371 945 dixit
1400 893 1717 958 Amandus;

341 980 511 1033 Filius
542 980 663 1049 ipse
696 980 795 1033 Dei
821 984 904 1032 est
936 979 1046 1032 vivi
1080 979 1333 1033 Christus
1364 980 1685 1032 cruciﬁxus.

339 1068 519 1131 Quem
552 1068 803 1121 sonitum
829 1083 1053 1120 summo
1082 1067 1346 1119 extimuit
1375 1067 1609 1120 horrore
1640 1083 1943 1136 pavescens

340 1156 525 1209 Hostis
556 1155 728 1217 iners,
762 1171 867 1208 nec
900 1160 1046 1207 stare
1073 1156 1195 1208 loco
1228 1156 1593 1225 prtesompsit
1625 1156 1683 1207 in
1716 1156 1841 1222 illo;

339 1243 448 1296 Sed
480 1260 654 1311 vagus
686 1243 745 1295 in
774 1258 975 1295 vacuas
1008 1242 1232 1311 fugiens
1263 1244 1493 1295 evanuit
1528 1260 1716 1297 auras.

340 1332 407 1383 Et
434 1332 629 1400 przeda
659 1330 979 1395 incolumis,
1018 1332 1178 1399 pulso
1204 1331 1401 1399 procul
1432 1332 1611 1397 hoste,
1644 1331 1939 1385 remansit.

342 1419 583 1487 Belliger
612 1418 852 1487 insignis
882 1418 960 1470 sic
989 1417 1227 1471 Sanctus
1255 1418 1314 1471 in
1346 1420 1483 1472 orbe
1514 1420 1852 1488 triumphat.

412 1564 462 1611 7.
498 1557 685 1612 Hostis
722 1558 896 1623 iners,
942 1558 1261 1624 maledicte,
1297 1559 1473 1625 ferox,
1510 1559 1776 1625 crudelis,
1812 1560 2029 1630 inique,

342 1648 512 1716 Cujus
544 1662 695 1699 nunc
731 1662 941 1699 nomen
971 1647 1138 1699 solita
1168 1647 1391 1700 feritate
1425 1648 1705 1700 rebellans

342 1735 613 1803 Despicis,
649 1734 694 1785 is
725 1736 1017 1803 quondam
1052 1736 1260 1786 tulerat
1282 1734 1406 1799 tibi,
1439 1752 1581 1787 saeve
1610 1741 1869 1805 tyranne,

344 1822 654 1891 Imperium
690 1823 909 1885 mundi,
943 1824 1097 1890 quod
1128 1828 1355 1891 captum
1386 1824 1579 1875 fraude
1612 1825 1860 1877 tenebas.

346 1912 455 1962 Nec
484 1912 641 1962 locus
674 1915 757 1961 est
787 1912 950 1977 coelo,
981 1911 1203 1962 tibimet
1234 1928 1461 1980 quoque
1494 1917 1644 1964 terra
1677 1918 1948 1982 negatur;

338 2000 573 2051 Tartara
600 1998 718 2049 sola
748 2002 963 2066 patent,
994 1998 1226 2050 intranti
1256 2000 1456 2052 limina
1483 2005 1675 2069 aperta

340 2087 475 2149 Quae
508 2086 756 2151 fuerant,
793 2101 944 2137 nunc
969 2087 1156 2137 clausa
1187 2093 1424 2139 manent
1453 2088 1605 2140 exire
1640 2088 1873 2141 volenti.

340 2176 459 2237 Quo
490 2179 551 2225 tu
584 2173 961 2225 tlammivomi
990 2174 1110 2225 sine
1143 2174 1254 2225 fine
1288 2176 1487 2227 ardore
1518 2176 1729 2228 camini

342 2265 583 2315 Horrore
618 2262 673 2313 in
708 2262 865 2330 piceo
898 2262 1093 2313 vinclis
1127 2262 1395 2331 religatus
1429 2264 1644 2316 acerbis

344 2350 551 2417 Urcris,
583 2366 663 2401 va:
694 2366 891 2418 vzeque
918 2365 1152 2419 gemens
1187 2348 1463 2417 plorando
1496 2351 1745 2404 sonabis.

342 2440 407 2491 Et
435 2437 482 2489 si
512 2452 661 2489 nunc
688 2436 907 2505 aliquos
942 2436 1209 2505 deceptor
1237 2438 1476 2490 callidus
1508 2455 1702 2507 auges,

343 2524 759 2593 Consociasque
790 2524 925 2577 ferte
956 2525 1255 2577 torrendos
1280 2524 1509 2593 ignibus
1539 2527 1689 2590 ollae,

342 2614 489 2676 Quot
521 2612 727 2664 crescis
758 2612 949 2675 lucris,
980 2616 1164 2664 tantas
1196 2612 1301 2665 sibi
1330 2629 1579 2666 crescere
1610 2630 1805 2682 poenas

340 2700 510 2765 Scito,
543 2700 649 2752 tibi
680 2701 807 2769 plus
837 2700 1022 2765 noxie,
1055 2705 1143 2752 ter
1172 2700 1471 2753 maledicte
1501 2707 1745 2754 voratur.

339 2789 440 2843 Ille
470 2790 626 2841 locus
656 2788 759 2841 tibi
790 2789 1126 2857 condignus,
1155 2794 1287 2841 sunt
1320 2789 1553 2857 praemia
1578 2790 1752 2859 digna
1780 2790 1922 2843 haec.

342 2878 471 2928 Haec
504 2875 611 2928 sibi
643 2891 821 2944 regna
854 2881 1078 2944 parant,
1113 2877 1211 2945 qui
1248 2893 1365 2929 non
1398 2877 1498 2929 tibi
1534 2878 1757 2931 fortiter
1782 2878 2027 2932 obstant.

342 2966 403 3017 Et
431 2978 763 3033 quanquam
790 2964 1028 3032 jugibus
1058 2969 1246 3017 tecum
1278 2966 1619 3019 contendere
1646 2966 1812 3019 bellis

342 3051 574 3103 Debitor
605 3051 825 3115 existat,
859 3051 959 3118 qui
988 3052 1192 3103 coelum
1227 3053 1498 3105 scandere
1529 3058 1716 3119 curat;

345 3139 421 3191 Ne
448 3142 642 3191 tamen
670 3139 779 3190 hoc
810 3143 1005 3191 nostro
1040 3140 1370 3193 inlaudatus
1398 3142 1650 3195 carmine
1682 3143 1888 3209 abires,

342 3224 668 3294 Condignas
694 3225 922 3279 tibimet
949 3228 1207 3296 prompsi
1237 3230 1484 3281 carbone
1514 3246 1817 3283 camoenas.

343 3315 408 3365 Et
438 3313 644 3365 merito
679 3329 690 3364 :
727 3312 861 3382 quia
890 3314 1059 3367 carbo
1090 3330 1285 3368 manes
1317 3332 1419 3385 per
1448 3316 1606 3369 saecla
1638 3324 1924 3387 perustus.

341 3400 559 3469 Effuge,
595 3415 769 3469 regna
798 3405 996 3469 parata
1023 3406 1223 3469 petens
1254 3403 1322 3455 ab
1353 3403 1573 3473 origine
1606 3406 1824 3461 mundi.

342 3491 621 3542 Hactenus
650 3504 806 3557 ergo,
837 3490 1023 3556 Pater,
1056 3492 1348 3544 communi
1375 3491 1715 3561 ingessimus
1746 3495 1892 3547 hosti

339 3577 571 3642 Probra,
603 3577 814 3646 alapas,
846 3577 1011 3643 risus,
1046 3578 1180 3642 iras,
1218 3580 1533 3645 maledicta,
1567 3582 1890 3649 cachinnos,

339 3668 417 3717 Ac
451 3669 636 3734 sputa,
668 3681 784 3717 non
816 3681 1012 3718 versus
1045 3666 1323 3721 dedimus.
1360 3670 1520 3721 Nunc
1551 3686 1880 3739 quaesumus
1908 3688 2029 3725 om-

339 3755 410 3806 Ut
434 3753 722 3823 quondam
754 3754 917 3822 pueri
943 3758 1255 3823 protector,
1287 3757 1498 3826 ubique
1530 3763 1763 3812 tuorum
1890 3759 2029 3829 lues,

339 3840 641 3893 Servorum
671 3842 747 3893 sic
780 3841 853 3894 sis
884 3858 1111 3911 semper
1142 3845 1376 3897 salvatio
1408 3846 1650 3899 salvans.

342 3928 535 3980 Pastor
565 3933 781 3992 noster,
815 3930 969 3993 ades,
998 3948 1132 3999 grex
1158 3932 1557 3987 devotissimus
1584 3934 1687 3987 iste
1715 3940 1817 4001 est,

338 4016 598 4084 Protege,
631 4016 717 4067 fer
749 4032 965 4081 curam,
1000 4020 1237 4084 custodi,
1272 4021 1464 4090 dilige,
1501 4039 1660 4075 serva

343 4103 454 4154 Nos
484 4103 553 4155 de
583 4104 748 4155 dente
781 4106 917 4173 lupi,
956 4107 1126 4174 prisci
1160 4108 1227 4160 de
1260 4109 1419 4162 fauce
1445 4110 1726 4179 chelydri;

339 4190 425 4253 Et,
459 4190 593 4258 quia
624 4195 676 4243 te
706 4190 912 4244 fretum
948 4193 1175 4247 Domini
1206 4195 1411 4249 virtute
1440 4199 1695 4268 nequivit

339 4277 595 4343 Vincere,
632 4285 865 4345 terrere,
902 4286 1282 4349 prosternere,
1313 4284 1540 4351 habere,
1574 4303 1807 4354 vorare;

342 4364 527 4434 Eripe,
564 4366 781 4431 Pastor,
817 4383 969 4433 oves,
1001 4385 1140 4437 quas
1172 4370 1231 4423 in
1262 4387 1517 4443 praesepe
1546 4376 1792 4429 verendo

340 4453 524 4506 Pascis
550 4454 620 4507 ab
650 4453 892 4521 insidiis,
922 4457 1021 4526 qui
1051 4459 1238 4511 caulas
1264 4460 1462 4513 circuit
1495 4462 1643 4526 istas,

338 4542 415 4594 Ne
449 4544 739 4612 quondam
772 4561 875 4614 per
908 4550 960 4597 te
992 4545 1169 4599 victor
1199 4548 1443 4601 vincaris
1472 4550 1542 4602 ab
1571 4550 1668 4603 illo

335 4628 399 4681 In
428 4630 610 4694 nobis,
646 4631 691 4684 si
722 4648 827 4685 nos
856 4632 1115 4687 imbelles
1145 4635 1375 4690 devoret
1403 4637 1601 4691 hostis.

407 4758 457 4807 8.
494 4755 731 4825 Navigio
763 4758 1057 4825 quondam
1097 4760 1353 4813 medium
1395 4762 1665 4816 sulcando
1701 4780 1804 4833 per
1834 4781 2030 4835 tequor

340 4841 483 4909 lbas,
515 4859 547 4895 ο
580 4844 876 4898 benedicte
902 4847 1086 4913 Pater,
1120 4848 1313 4901 divina
1338 4851 1627 4903 monendo

339 4930 517 4982 Verba
546 4931 720 4984 dabas
752 4934 960 4999 nautis,
997 4941 1052 4988 et
1081 4937 1302 4989 semina
1334 4944 1527 4991 sancta
1558 4938 1783 4992 serebas

336 5018 443 5070 Per
473 5034 629 5071 mare
653 5020 1047 5088 fluctivagum,
1073 5040 1258 5094 neque
1282 5029 1416 5078 tunc
1440 5029 1727 5095 operando
1750 5029 1987 5083 vacabas
2013 5048 2024 5085 :

335 5104 469 5158 Esse
500 5106 777 5161 imitanda
806 5109 889 5162 tui
924 5112 1161 5165 credens
1192 5114 1451 5183 exempla
1474 5116 1745 5185 Magistri,

336 5192 442 5254 Qui
472 5195 767 5262 quondam
795 5198 1050 5252 residens
1080 5201 1273 5253 turbas
1303 5201 1372 5255 de
1403 5219 1594 5273 puppe
1624 5204 1881 5261 docebat.

334 5278 564 5333 Talibus
597 5281 814 5337 intento
845 5287 1040 5354 gestis,
1072 5289 1225 5341 velut
1251 5293 1373 5342 acta
1406 5291 1740 5360 loquuntur.

409 5542 433 5567 ⁸
463 5535 695 5589 Proreta
722 5543 991 5598 anteriori
1026 5546 1184 5599 navis
1220 5549 1363 5617 parti
1397 5558 1623 5619 praeest.

2060 460 2101 509 A
2131 458 2429 522 Apparens
2456 454 2625 523 piscis
2656 460 2961 507 nautarum
2997 455 3211 509 visibus
3246 455 3456 526 ingens

2140 543 2417 595 Lastitiam
2444 542 2685 611 stupidis
2714 542 2922 595 infudit
2952 543 3241 596 mentibus
3273 546 3557 613 amplam,

2140 630 2375 683 Retibus
2406 636 2462 683 et
2487 630 2652 699 jactis
2686 630 2922 683 fluidam
2959 648 3160 700 cepere
3193 624 3481 703 rapinam.

2140 718 2274 780 Quis
2300 718 2487 787 piscis,
2524 719 2689 771 Pater
2719 720 2887 785 alme,
2923 725 3045 771 tuos
3080 736 3192 772 non
3224 720 3332 773 iret
3355 720 3425 773 ad
3456 720 3635 773 usus?

2141 806 2328 858 Coetus
2355 806 2497 859 forte
2530 806 2688 876 prior
2719 806 2972 875 gaudens
3004 812 3368 875 procurreret
3401 808 3595 860 omnis

2141 893 2489 963 Obsequium
2522 894 2797 962 praebere,
2830 911 2996 946 suum
3028 895 3073 947 si
3104 896 3364 949 crederet
3391 902 3620 965 aptum,

2145 982 2299 1035 Felix
2330 982 2425 1035 ille
2450 982 2622 1047 foret;
2657 982 2893 1034 maculis
2926 983 3227 1035 conclusus
3257 983 3315 1036 in
3346 984 3579 1053 amplis,

2143 1072 2357 1125 Gaudet
2388 1075 2579 1136 nauta,
2613 1086 2779 1123 vorax
2813 1070 2920 1123 sibi
2948 1070 3019 1123 sit
3048 1073 3203 1140 quod
3237 1073 3433 1141 praeda
3467 1077 3723 1143 reperta,

2149 1160 2508 1228 Exsultatqne
2541 1164 2696 1210 tuam
2728 1158 2898 1227 piscis
2933 1159 3067 1227 quia
3096 1159 3251 1213 venit
3276 1160 3337 1213 in
3369 1177 3583 1213 escam.

2144 1249 2435 1301 Laatantur
2467 1246 2632 1309 remi,
2665 1246 2955 1315 depromit
2982 1247 3191 1315 gaudia
3223 1254 3377 1314 rete;

2143 1335 2344 1388 Nullus
2376 1350 2493 1387 non
2524 1334 2727 1401 alacer,
2759 1335 2894 1403 quia
2919 1335 3113 1387 nullus
3140 1341 3301 1405 parte
3330 1337 3580 1390 carebat.

2146 1424 2369 1477 Lividus
2396 1429 2482 1475 ast
2508 1423 2687 1475 hostis
2721 1439 2836 1476 non
2862 1439 3064 1492 passus
3099 1428 3160 1476 ut
3190 1424 3289 1476 illa
3319 1430 3624 1478 manerent

2144 1512 2373 1565 Laetitia:
2407 1512 2501 1580 pia
2529 1516 2657 1562 vota
2690 1512 2842 1576 viris,
2878 1511 3107 1564 turbare
3139 1512 3375 1564 tridenti

2140 1598 2484 1667 Aggreditur
2514 1599 2771 1667 pelagus,
2802 1598 3094 1667 fundoque
3124 1599 3365 1651 revolvit
3395 1600 3466 1652 ab
3498 1601 3618 1653 imo

2140 1688 2466 1755 Tempestas
2502 1686 2739 1755 inopina
2769 1688 2899 1751 ruit,
2942 1702 3298 1756 magnusque
3329 1688 3615 1739 tumultus

2070 1756 2110 1806 Β
2142 1775 2381 1843 Ingruit,
2419 1780 2723 1843 assurgunt
2754 1776 2942 1839 undae,
2975 1775 3347 1845 quatiturque
3375 1776 3602 1841 carina;

2145 1865 2323 1915 Nauta
2360 1862 2505 1913 volat
2536 1879 2780 1924 sursum,
2816 1865 2990 1915 tluctu
3024 1868 3281 1932 portatur
3315 1864 3381 1916 ad
3417 1871 3591 1931 astra,

2144 1948 2276 2001 Inde
2310 1948 2593 2015 profunda
2620 1948 2789 2023 petit,
2821 1948 3159 2017 bibulasque
3193 1950 3438 2002 resulcat
3469 1967 3698 2003 arenas.

2144 2036 2358 2089 Gaudia
2393 2036 2624 2103 tristitia
2657 2041 2898 2101 mutant,
2933 2037 3173 2105 laetoque
3204 2040 3516 2107 propinqui

2144 2124 2348 2176 Omnia
2379 2123 2738 2189 dispergunt,
2759 2124 2975 2191 jactant
3008 2126 3345 2193 amplustria
3377 2128 3563 2190 navis,

2143 2212 2391 2279 Corpora
2422 2212 2684 2263 nituntur
2715 2213 2911 2263 saltem
2948 2212 3262 2265 subducere
3293 2214 3491 2266 morti.

2142 2299 2433 2351 Servatum
2470 2298 2673 2351 Sancto
2702 2301 2799 2352 sed
2828 2301 2931 2353 hoc
2961 2316 3065 2369 pro
3100 2317 3337 2353 munere
3369 2302 3587 2354 donum
3617 2308 3722 2365 est,

2144 2387 2300 2439 Illius
2332 2392 2395 2440 ut
2426 2387 2604 2439 virtus
2635 2388 3021 2457 meritumque
3051 2389 3354 2441 nitesceret
3385 2391 3681 2459 amplum;

2144 2475 2208 2527 Et
2237 2490 2565 2544 quanquam
2603 2476 2800 2528 validis
2830 2477 3135 2529 turbentur
3164 2478 3417 2531 motibus
3451 2494 3675 2542 omnes,

2141 2564 2218 2614 Ac
2247 2572 2270 2594 ³
2301 2568 2529 2631 proreta
2560 2562 2676 2614 suis
2707 2568 2762 2616 et
2792 2580 3012 2633 quassae
3046 2564 3380 2632 impendere
3414 2567 3639 2634 cyinbze

2148 2650 2429 2702 Auxilium
2462 2657 2732 2719 nequeat;
2764 2667 2879 2704 non
2910 2652 3158 2720 perdunt
3184 2653 3443 2705 funditus
3476 2670 3650 2706 omne

2143 2736 2477 2802 Consilium,
2507 2738 2773 2792 Sanctum
2805 2739 2903 2792 sed
2934 2739 3087 2792 enim
3115 2741 3430 2793 celeranter
3461 2743 3783 2795 Amandum

2144 2824 2448 2877 Unanimes
2480 2827 2712 2892 adeunt,
2749 2832 2805 2879 et
2836 2843 3003 2896 opem
3035 2828 3141 2880 sibi
3171 2829 3319 2881 ferre
3354 2834 3695 2897 precantur;

2143 2912 2374 2965 Famine
2402 2914 2501 2982 qui
2531 2914 2677 2967 dulci
2714 2916 2948 2983 pavidos
2978 2916 3232 2970 animare
3258 2924 3455 2970 suetus

2142 3000 2365 3053 Solatur
2394 3008 2616 3065 nautas,
2646 3004 2989 3072 promittens
3019 3006 3427 3074 experiendum

2142 3090 2493 3143 Clementem
2525 3091 2855 3157 Dominum,
2884 3094 3214 3160 pellendum
3247 3112 3383 3163 pace
3414 3096 3717 3164 periclum.

2144 3179 2353 3231 Lassati
2388 3180 2619 3233 tandem
2654 3198 2856 3234 somno
2884 3186 3217 3236 sternuntur
3248 3184 3436 3237 inerti.

2143 3267 2265 3335 lpse
2297 3267 2467 3320 etiam
2492 3268 2682 3337 justus
2714 3270 2968 3323 residens
2999 3271 3057 3323 in
3089 3288 3281 3341 puppe
3313 3272 3574 3341 quiescit.

2213 3360 2264 3407 9.
2305 3356 2384 3409 Ne
2417 3362 2629 3421 tamen,
2662 3358 2961 3411 immensis
3001 3359 3322 3413 sebmersus
3353 3361 3411 3412 in
3443 3360 3694 3430 aequoris
3724 3376 3820 3411 ua—

3710 3448 3817 3513 ldis.

2143 3533 2305 3585 Forte
2339 3531 2527 3583 minor
2555 3531 2795 3597 meritis,
2826 3533 3144 3603 charusque
3176 3536 3374 3587 lateret
3399 3535 3460 3588 in
3491 3536 3692 3600 astris;

2142 3621 2392 3689 lnclytus
2422 3620 2686 3672 zetherea:
2718 3637 2843 3674 mox
2880 3625 3077 3675 Petrus
3108 3623 3353 3690 claviger
3385 3624 3531 3676 aulm

2140 3708 2209 3762 Se
2239 3708 2360 3760 sine
2392 3724 2505 3760 non
2534 3724 2731 3777 passus
2763 3712 2966 3762 fluctus
2999 3710 3282 3779 portarier
3312 3711 3457 3777 illos,

2142 3798 2202 3849 In
2236 3796 2415 3865 puppi
2448 3797 2723 3849 recubum
2759 3800 3009 3851 fraterna
3042 3815 3173 3851 voce
3203 3800 3455 3851 salutans

2139 3884 2331 3949 Aﬁ'uit,
2366 3884 2425 3935 in
2456 3888 2613 3937 tanto
2643 3886 2894 3939 securior
2922 3886 3055 3939 inde
3086 3887 3299 3955 periclo

2139 3972 2443 4042 Naufragio
2475 3972 2645 4025 simili
2677 3975 2825 4042 quod
2850 3975 3056 4042 jactus,
3085 3976 3165 4027 ita
3191 3992 3352 4028 orsus
3383 3976 3566 4029 amico
3604 3994 3616 4029 :

2142 4062 2333 4114 Frater
2358 4063 2632 4127 Amande,
2667 4066 2765 4115 tuo
2800 4064 2942 4132 Regi
2976 4080 3077 4133 per
3107 4066 3313 4117 szecula
3345 4066 3533 4131 chare,

2140 4150 2217 4202 Ne
2246 4149 2467 4217 timeas,
2503 4150 2637 4218 quia
2664 4156 2828 4219 turpe
2860 4152 2961 4204 tibi
2985 4156 3068 4203 est
3095 4153 3354 4205 timuisse
3385 4153 3615 4206 timore.

2141 4239 2305 4298 Nam,
2342 4254 2671 4307 quanquam
2708 4239 2912 4291 tumidi
2944 4240 3217 4292 tollantur
3248 4241 3315 4293 ad
3348 4241 3561 4295 aethera
3604 4242 3814 4303 fluctus,

2073 4336 2113 4387 ι)
2142 4327 2263 4378 Non
2294 4330 2347 4378 te
2381 4326 2769 4395 submergent,
2800 4343 2903 4379 nec
2932 4344 3101 4393 nunc,
3136 4329 3279 4381 mihi
3310 4330 3495 4396 crede,
3529 4332 3743 4401 peribis

2138 4414 2219 4466 Tu
2246 4429 2433 4482 neque
2463 4418 2634 4465 nauta
2664 4418 2817 4479 tuus,
2854 4415 2953 4485 qui
2979 4432 3230 4483 praesens
3258 4416 3486 4486 navigat
3516 4434 3736 4488 tequor.

2140 4502 2399 4566 Dextera,
2434 4500 2530 4553 sed
2559 4488 2848 4570 quondam
2881 4519 3007 4572 quae
3036 4519 3127 4556 me
3162 4520 3231 4556 ne
3266 4521 3555 4574 mergerer
3587 4508 3771 4567 undis,

2142 4588 2381 4656 Eripuit,
2416 4593 2469 4640 te
2502 4604 2653 4641 nunc
2685 4590 2793 4643 isto
2826 4590 3153 4645 discrimine
3184 4593 3381 4646 salvat.

2138 4676 2257 4729 Mox
2292 4692 2519 4745 quoque
2551 4682 2750 4731 ventus
2778 4678 2914 4744 abit,
2950 4684 3255 4749 tempestas
3282 4682 3516 4750 pellitur
3546 4684 3758 4745 omnis;

2139 4764 2512 4833 Placaturque
2546 4767 2727 4819 salum
2758 4767 2870 4819 cito
2900 4768 3072 4820 missa
3100 4785 3234 4838 pace
3266 4786 3371 4838 per
3401 4786 3621 4839 sequor,

2142 4852 2404 4921 Laetaque
2432 4858 2565 4905 tunc
2595 4855 2855 4921 redeunt,
2890 4872 3018 4908 cum
3048 4872 3161 4909 nox
3192 4859 3497 4911 tenebrosa
3528 4860 3757 4913 recedit.

2138 4940 2458 4993 Incolumes
2491 4942 2633 4994 udas
2666 4948 2855 4995 nautae
2888 4945 3203 4998 celeranter
3230 4962 3433 4999 arenas

2140 5027 2485 5096 Impressere
2518 5030 2634 5081 suis
2664 5032 2891 5099 plantis.
2926 5032 3195 5086 Celeuma
3230 5040 3526 5103 canentes,

2140 5115 2282 5169 Voce
2317 5119 2429 5170 Deo
2459 5117 2761 5185 plaudunt,
2795 5120 3110 5190 famulique
3142 5122 3202 5175 in
3234 5124 3501 5177 laudibus
3533 5126 3672 5178 almi

2140 5203 2506 5273 Magniticant
2530 5206 2715 5270 illum,
2746 5224 2858 5275 quo
2889 5208 3253 5277 praecipiente
3285 5212 3554 5278 procellae

2141 5290 2443 5344 Cesserunt
2473 5292 2692 5359 validae,
2722 5299 2929 5363 pontus
2959 5296 3133 5361 stetit,
3169 5298 3323 5350 unda
3350 5298 3587 5367 quievit.
