3868 6228
32 364 124 415 94ἰὶ

31 492 180 553 Quod
214 492 264 542 si
300 493 537 545 caerulei
569 493 878 562 perterruit
907 494 1061 547 unda
1094 495 1387 563 profundi,

32 580 254 632 Sorbuit
290 596 356 633 ex
390 580 504 633 illis
535 597 887 651 quemquam
915 598 1026 635 non
1058 583 1216 635 fauce
1246 585 1453 637 vorari.

711 743 933 797 CAPUT
976 744 1047 796 ΙΙΙ

40 880 575 955 Οαηηίίεηεεεμαίδχ
615 881 865 955 Amantio
921 881 995 934 ad
1034 882 1208 955 ﬁdem
1258 886 1530 955 conversi.
1594 888 1726 955 Ejus

332 951 641 1019 discipulus
680 954 824 1005 Βαυο
862 954 1151 1005 sanctitate
1189 953 1426 1007 celebris.

106 1094 180 1145 l0.
212 1090 363 1145 lude
390 1091 698 1144 salutiferis
733 1092 870 1145 dum
902 1093 1141 1146 Sanctus
1171 1094 1458 1159 gressibus
1491 1095 1617 1157 iret,

38 1180 345 1249 Spargebat
372 1179 615 1232 verbum
649 1181 896 1251 populis,
930 1184 986 1233 et
1016 1188 1209 1233 sancta
1240 1181 1496 1250 docebat,

38 1269 299 1323 Gentibus
331 1267 636 1321 insinuans
667 1268 867 1321 aeterni
899 1270 1142 1337 prcemia
1170 1269 1354 1338 regni,

40 1355 381 1411 Christicolis
417 1356 619 1409 turmis
652 1372 780 1425 quae
812 1357 963 1410 dona
992 1362 1269 1424 parentur
1298 1358 1356 1409 in
1388 1359 1587 1423 astris;

38 1448 203 1513 Atque
237 1443 415 1495 malis
449 1459 632 1512 poenae
661 1459 788 1513 quas
820 1450 1223 1496 conserventur
1249 1444 1307 1497 in
1336 1446 1544 1513 antris;

38 1533 221 1601 Sicque
256 1534 464 1601 plagas
497 1533 683 1585 alacer
712 1533 1034 1586 discurrens
1065 1534 1180 1585 ibat
1212 1534 1271 1585 in
1304 1550 1523 1599 omnes,

39 1621 263 1673 Sedulus
297 1625 365 1672 ut
402 1626 659 1690 quaestus
685 1622 1009 1674 animarum
1041 1622 1215 1674 ferret
1246 1622 1521 1692 Olympo;

38 1712 145 1762 Haec
177 1725 280 1762 sua
315 1710 450 1762 luca
482 1714 710 1777 putans,
746 1711 846 1762 has
876 1726 1069 1763 secum
1100 1710 1306 1764 ducere
1337 1727 1561 1765 curans.

38 1798 161 1865 Ergo
188 1797 398 1849 avidus
432 1798 639 1850 horum
670 1798 808 1850 dum
837 1797 1037 1850 circuit
1067 1813 1199 1850 arva
1233 1800 1457 1864 Beatus,

39 1886 355 1939 tiandavum
389 1901 626 1955 pagum,
660 1901 831 1954 quem
859 1885 1020 1939 Scald
1049 1886 1390 1954 praeterﬂuit
1416 1886 1626 1951 amnis,

37 1974 245 2027 Audivit
266 1975 476 2027 vinclis
510 1975 672 2028 hoste
705 1974 1027 2027 innectente
1057 1974 1242 2028 teneri

40 2063 303 2129 Criminis,
342 2068 404 2115 et
435 2062 613 2116 nimia
640 2063 859 2131 peccati
888 2064 1037 2115 mole
1069 2063 1294 2131 gravari
1321 2079 1334 2129 ;

43 2152 132 2202 Nec
156 2152 357 2204 lumen
403 2166 623 2216 verum,
658 2151 812 2220 quod
855 2150 1135 2203 mundum
1183 2150 1343 2204 fulsit
1372 2150 1434 2203 in
1464 2166 1717 2221 omnem,

41 2240 261 2291 Caecatus
292 2239 552 2292 tenebris
584 2239 830 2307 quivisse
861 2254 1169 2308 agnoscere
1202 2238 1423 2307 priscis.

44 2330 238 2383 Robore
269 2329 342 2382 de
378 2344 687 2382 nemorum
717 2328 1106 2381 ﬂammatibus
1140 2333 1271 2397 apta
1302 2328 1541 2381 caminis

45 2416 172 2467 ldola
218 2421 454 2486 compta
500 2432 675 2469 manu
718 2416 1001 2469 artiﬁcum
1032 2421 1085 2468 et
1122 2416 1427 2469 simulacra
1457 2416 1723 2470 colebant

46 2505 385 2573 Supplicibus
418 2505 566 2558 votis
601 2504 779 2558 divini
810 2504 1043 2558 nomine
1074 2504 1327 2558 honoris.

49 2594 146 2643 Heu
173 2593 361 2661 pudor
410 2597 495 2646 est
523 2593 766 2645 coluisse
804 2593 960 2655 deos,
994 2608 1136 2661 quos
1176 2592 1408 2645 ﬂamma
1440 2596 1721 2646 crematos

50 2681 96 2731 lu
124 2696 328 2748 prunas
354 2684 583 2733 mutare
615 2680 764 2732 valet
783 2679 1120 2749 cineresque
1150 2684 1448 2748 perustos;

47 2768 249 2820 Arboris
279 2771 337 2819 et
369 2768 570 2833 rigidis
598 2768 773 2819 ramis
799 2767 1024 2820 ﬂexisse
1054 2772 1319 2820 verenter

50 2856 179 2908 Colla
205 2855 460 2923 superba
489 2856 624 2921 Deo,
660 2855 810 2907 hosti
845 2854 1127 2908 substrata
1155 2855 1434 2924 maligno.

51 2943 216 2995 Nullus
246 2943 406 2996 enim
434 2944 583 2996 hanc
607 2949 820 2996 terram
854 2942 990 2996 ﬁdei
1019 2943 1256 2995 sulcavit
1288 2946 1509 3005 aratro;

50 3029 218 3083 Nullus
245 3032 303 3083 iu
339 3032 447 3083 hac
471 3031 611 3099 jecit
648 3031 831 3083 divini
866 3031 1084 3083 semina
1112 3030 1291 3083 verbi.

52 3118 276 3187 Namque
308 3119 472 3172 ferox
505 3118 663 3187 regio
704 3122 760 3171 et
788 3122 942 3171 terra
971 3117 1296 3171 infoscunda
1327 3117 1571 3170 removit

52 3205 315 3259 Pontiﬁces
346 3212 608 3273 cunctos,
637 3223 740 3259 nec
770 3205 1077 3276 quisquam
1110 3212 1194 3258 est
1218 3222 1390 3259 ausus
1419 3205 1575 3259 adire

48 3292 303 3347 Silvicolas
334 3309 530 3362 apros,
564 3310 742 3347 saevas
768 3293 993 3346 feritate
1027 3294 1305 3347 cohortes.

46 3380 131 3433 Sed
159 3381 314 3435 labor
347 3382 455 3434 iste
488 3382 677 3451 gravis
704 3387 896 3434 nostro
927 3385 1182 3433 servatus
1212 3381 1473 3433 Amando
1503 3385 1605 3433 est.

49 3470 286 3530 Quaere-ns
316 3486 456 3540 ergo
486 3470 723 3523 modum
756 3485 869 3539 quo
898 3474 1086 3522 tantos
1120 3470 1319 3521 tollere
1350 3474 1541 3537 posset

50 3558 201 3609 Hostis
224 3558 293 3611 ab
325 3558 554 3611 insidiis
585 3557 850 3627 populos,
891 3572 1155 3626 saevoque
1186 3560 1431 3625 tyranno

54 3643 274 3704 Qualiter
302 3650 602 3698 excuteret
626 3644 907 3713 praedam,
938 3644 1303 3713 spoliumque
1331 3644 1604 3708 referret;

54 3730 259 3785 Dantem
286 3734 419 3801 jura
448 3732 611 3802 gregi
642 3732 904 3784 Noviomi
936 3748 1001 3784 ex
1036 3731 1171 3783 urbe
1202 3732 1451 3799 regendo

56 3820 360 3887 Aycbarium
390 3820 582 3890 petiit,
610 3837 724 3890 quo
756 3836 998 3872 cernuus
1027 3819 1137 3871 iret
1164 3819 1223 3871 iu
1256 3820 1445 3872 aulam

55 3906 212 3975 Regis,
241 3915 377 3963 tunc
407 3910 624 3961 etenim
652 3907 852 3960 validis
883 3907 1162 3959 tractabat
1191 3906 1429 3960 habenis

57 3994 360 4049 Francorum
387 4012 633 4064 regnum
669 3996 1018 4063 Dagobertus
1050 3995 1287 4047 Rectum
1323 3993 1602 4061 opimum,

57 4084 180 4135 lllius
203 4089 256 4137 et
276 4086 441 4153 jussu
475 4084 706 4137 sibimet
732 4084 997 4136 mandata
1034 4082 1276 4135 referret
1304 4097 1317 4133 :

54 4170 302 4231 Quatenus
326 4174 388 4225 in
418 4188 578 4224 sacro
612 4171 711 4240 qui
743 4187 800 4223 se
829 4187 945 4223 non
978 4170 1129 4222 fonte
1160 4170 1348 4222 lavare

58 4258 108 4307 lix
138 4258 236 4310 illis
264 4261 453 4327 vellet,
487 4260 818 4327 compulsus
853 4258 1187 4311 dilueretur.

60 4344 199 4398 Dante
231 4348 340 4401 Deo
370 4348 542 4401 citius
575 4363 677 4399 sua
706 4353 833 4399 vota
861 4351 1116 4398 meretur
1142 4345 1456 4398 Amandus.

58 4434 339 4487 Gandavum
376 4440 651 4504 properat
677 4434 855 4487 fretus
888 4434 1097 4485 virtute
1129 4448 1396 4501 superna.

114 4543 182 4592 Η.
214 4541 485 4603 Qualibus
511 4556 648 4609 ergo
681 4555 850 4609 quem
878 4538 1102 4607 scriptis
1126 4543 1442 4590 monstrare
1466 4536 1705 4603 labores,

60 4625 177 4687 Quos
202 4630 292 4693 ibi,
327 4629 468 4685 dum
500 4628 747 4681 Verbum
779 4627 959 4679 turbis
999 4626 1323 4679 crudelibus
1348 4626 1539 4693 infert,

62 4712 272 4779 Pertulit,
301 4716 611 4769 immersus
640 4715 948 4768 fluviorum
976 4713 1229 4766 crebrius
1254 4713 1459 4766 undis?

64 4800 147 4852 Nec
169 4806 367 4869 tamen,
398 4807 465 4856 ut
494 4801 688 4871 cazptis
720 4818 973 4872 unquam
1010 4801 1310 4853 desisteret
1339 4801 1456 4865 ille,

61 4887 292 4957 Cumpelli
320 4891 533 4960 potuit,
566 4891 900 4959 populoque
926 4890 1150 4941 furente
1180 4887 1387 4954 fugari,

62 4972 259 5029 Vulnera
287 4995 400 5031 non
431 4994 661 5043 curans,
692 4993 794 5031 nec
821 4978 1053 5030 verbera
1081 4978 1229 5029 ferre
1259 4990 1562 5040 recusans;

64 5059 209 5115 Donec
236 5068 480 5119 actherea
512 5067 761 5135 depulsm
789 5066 911 5118 luce
941 5065 1194 5118 tenebris

62 5146 247 5205 Vivifico
275 5162 503 5223 gentem
541 5157 659 5207 vice
692 5169 851 5207 versa
883 5154 942 5206 in
970 5153 1130 5206 fonte
1161 5154 1391 5206 lavaret.

118 5358 135 5422 ξ
161 5350 303 5405 Forte
334 5355 630 5422 subrepens
661 5353 887 5422 scripsit
917 5352 1065 5407 Milo.

118 5420 302 5487 Πιερία
336 5420 690 5493 adscriptum
740 5420 985 5493 margini
1026 5423 1417 5492 explicationis
1467 5422 1654 5488 gratia
1689 5437 1701 5493 ς

66 5484 333 5563 μεῖξᾳίεθιι
363 5498 512 5558 Lisa,
532 5484 759 5547 ‘ﬂuvius
790 5484 1117 5548 Cortracuni
1150 5494 1332 5555 alluit,
1367 5498 1424 5546 et
1453 5484 1707 5545 Candavi

70 5560 206 5614 Scaldi
236 5566 517 5619 miscetur.

1245 367 1332 418 DE
1376 368 1527 421 VITA
1572 369 1624 422 S.
1668 369 1953 423 AMANDI.
1995 370 2219 425 —,LIB.
2265 370 2331 422 ll.

3434 378 3464 425 9
3472 376 3535 428 4ηῐί

1771 502 1815 550 Α
1845 499 1981 551 Nam
2016 498 2062 550 si
2091 500 2325 551 Sanctus
2359 516 2551 566 ovans,
2584 504 2859 572 correptis
2891 503 3111 557 fortiter
3141 506 3335 571 armis,

1838 587 2083 655 Expetiit
2112 588 2331 639 hostem
2359 604 2594 655 srevum,
2624 590 2941 661 fortemque
2974 598 3282 661 tyrannum

1834 676 1957 727 Jam
1990 675 2138 728 dicto
2184 675 2243 727 in
2288 681 2493 735 castro,
2537 694 2649 746 quo
2681 682 2817 730 tunc
2859 685 3029 748 caput
3059 681 3203 734 arcis
3240 681 3524 743 habebat;

1836 764 1957 826 Quo
1997 765 2193 832 pulsus
2224 765 2442 816 cunctis
2474 766 2763 818 Gallorum
2792 767 3002 820 ﬁnibus
3029 769 3167 822 olim

1834 854 1879 904 Α
1910 852 2146 904 ducibus
2175 854 2300 905 Jesu
2338 852 2504 905 variis
2545 853 2853 923 multisque
2882 855 3110 924 tropaeis

1837 942 2095 1005 Venerat,
2132 946 2193 994 ut
2226 942 2423 1006 muris,
2457 942 2644 995 fluviis
2676 943 2753 995 sic
2786 943 3037 1012 undique
3071 948 3289 1013 septus;

1836 1030 1956 1082 Non
1988 1034 2180 1082 tamen
2208 1030 2303 1083 ille
2335 1046 2436 1083 sua
2465 1030 2758 1084 fraudatus
2790 1031 3050 1084 funditus
3075 1038 3194 1085 arte
3227 1037 3331 1085 est.

1834 1117 2156 1170 Innumeris
2186 1119 2396 1171 etenim
2439 1118 2594 1171 lectis
2625 1119 2757 1171 hinc
2788 1119 2920 1172 inde
2952 1120 3239 1188 maniplis,

1836 1205 2305 1275 Principibusque
2335 1211 2539 1274 quater
2569 1206 2814 1274 geminis
2850 1208 3150 1260 comitatus
3182 1212 3236 1259 et
3262 1207 3404 1277 ipse,

1836 1293 2044 1345 Extulit
2074 1309 2231 1345 arma
2262 1293 2431 1359 foras,
2466 1295 2781 1364 laevamque
2813 1311 3015 1348 cruore
3047 1295 3373 1349 madentem

1835 1382 2157 1447 Ostentans,
2190 1381 2390 1433 cecinit
2422 1398 2601 1434 saevus
2630 1383 2752 1436 fera
2781 1384 3012 1435 classica
3042 1384 3261 1436 cunctis

1834 1469 2076 1535 Viribus,
2111 1475 2168 1522 et
2192 1485 2444 1539 pugnam
2475 1470 2654 1521 victus
2684 1471 2996 1524 vincendus
3025 1472 3223 1539 adivit,

1834 1558 2139 1625 Promptus
2182 1558 2249 1610 ad
2289 1573 2457 1610 omne
2504 1559 2736 1610 malum.
2786 1560 3027 1611 Bellanti
3066 1559 3327 1613 cominus
3365 1563 3523 1611 atrox

1836 1646 1979 1697 Exiit
2008 1646 2141 1699 hinc
2171 1646 2335 1699 bellis
2365 1646 2679 1699 manifestis
2711 1647 2908 1699 obvius
2939 1648 3137 1712 hostis,

1834 1732 1972 1786 Inde
2008 1733 2150 1787 dolis
2181 1733 2350 1786 variis
2381 1739 2437 1787 et
2461 1734 2613 1786 mille
2642 1735 2921 1787 coloribus
2956 1735 3159 1804 anguis

1834 1820 2133 1885 Confusus,
2165 1822 2456 1887 tremelus,
2486 1822 2685 1887 lassus,
2714 1822 2989 1887 devictus,
3024 1824 3263 1877 anhelus

1835 1908 2082 1975 Obstitit,
2113 1909 2399 1962 absconsis
2425 1926 2528 1980 per
2552 1915 2711 1980 terga
2744 1912 2955 1964 reﬂexa
2988 1912 3241 1978 venenis,

1833 1997 2062 2050 Insidiis
2101 2013 2203 2049 sua
2232 1998 2380 2050 bella
2409 2014 2631 2067 gerens,
2661 2015 2775 2068 quo
2807 2000 2955 2053 forte
2989 2003 3228 2053 latenter

1831 2093 1856 2117 ⁸
1885 2084 2218 2155 Subripiens
2249 2086 2443 2139 lentum
2475 2104 2581 2156 per
2613 2089 2831 2155 spicula
2862 2104 3009 2141 caeca
3036 2094 3280 2157 pararet.

1832 2172 1978 2236 Quid
2011 2174 2230 2243 majora
2261 2174 2500 2243 loquar?
2534 2176 2802 2228 subtratis
2834 2177 3089 2245 undique
3125 2176 3309 2241 bellis,

1832 2260 2099 2314 Hostibus
2132 2266 2186 2313 et
2216 2262 2385 2313 tantis
2416 2262 2637 2315 Christo
2671 2263 3001 2316 moderante
3034 2263 3307 2331 subactis,

1833 2350 2018 2402 Victor
2040 2350 2331 2402 Amandus
2360 2365 2535 2418 agens
2563 2350 2850 2419 captivum
2880 2351 3090 2403 nobilis
3115 2366 3322 2422 agmen

1833 2436 1996 2505 Exiit,
2029 2443 2086 2491 et
2115 2438 2334 2491 Satanae
2366 2444 2643 2507 pereunte
2671 2440 2970 2506 tyrannide
3000 2439 3226 2509 plebem

1832 2524 2020 2577 Deluit
2050 2532 2262 2579 esterno
2289 2526 2494 2579 melius
2526 2527 2866 2597 baptismate
2896 2544 3071 2597 quam
3101 2529 3260 2582 Scald

1828 2615 1853 2654 Ι)
1888 2613 2149 2667 Flumine
2180 2616 2472 2684 suppletus
2504 2616 2638 2668 laeva
2669 2616 2737 2669 de
2771 2621 2927 2684 parte
2958 2618 3198 2670 meanti.

1829 2700 1898 2753 Et
1928 2717 2000 2754 ne
2030 2702 2176 2755 forte
2208 2703 2413 2755 iterum
2446 2704 2733 2756 redivivus
2761 2711 3017 2773 surgeret
3045 2705 3243 2765 hostis,

1830 2790 2105 2843 Cerberus
2130 2796 2307 2860 utque
2339 2791 2545 2844 trifaux
2576 2792 2799 2845 fervens
2829 2793 3031 2846 ardore
3062 2793 3298 2846 vorandi

1829 2878 2037 2931 Contra
2068 2878 2395 2931 Chisticolas
2425 2885 2596 2948 caput
2626 2879 2848 2933 exitiale
2878 2881 3129 2945 levaret;

1832 2965 2027 3018 Lorica
2058 2966 2189 3019 ﬁdei
2216 2968 2469 3030 vestitos,
2499 2983 2597 3036 spe
2628 2968 2881 3036 galeatos

1759 3064 1798 3118 C
1832 3054 2059 3117 lmbuit,
2092 3054 2377 3121 instruxit,
2410 3055 2679 3119 ﬁrmavit,
2714 3054 3108 3122 consolidavit,

1834 3141 2038 3194 Urbem
2070 3142 2391 3206 constituit,
2426 3148 2726 3212 turresque
2753 3144 2933 3195 erexit
2964 3143 3184 3212 opimas

1826 3230 2124 3295 Prmscius,
2160 3235 2216 3283 et
2246 3246 2403 3283 sacra
2435 3231 2494 3283 in
2529 3231 2717 3283 medio
2746 3231 2949 3283 vexilla
2976 3231 3216 3300 paravit,

1828 3319 1950 3369 Non
1980 3318 2141 3386 ignes
2166 3318 2400 3371 ﬂantem
2432 3320 2627 3386 patula
2657 3318 2725 3371 de
2752 3318 2914 3371 fauce
2944 3319 3276 3381 draconem,

1824 3404 1931 3458 Sed
1964 3406 2145 3458 crucis
2174 3406 2464 3475 impressit
2486 3406 2679 3475 digitis
2712 3406 2771 3458 in
2798 3407 2984 3459 fronte
3016 3408 3293 3475 ﬁguram;

1826 3494 2050 3563 Proque
2083 3493 2233 3546 tuba:
2266 3494 2454 3546 sonitu
2488 3493 2787 3563 signorum
2818 3494 2982 3563 copia
3012 3494 3158 3546 facta
3187 3497 3290 3558 est,

1826 3582 1939 3634 Rex
1970 3582 2063 3634 ubi
2095 3580 2348 3634 Christus
2376 3581 2545 3634 habet
2576 3597 2784 3646 servos,
2816 3587 3155 3651 sanctosque
3187 3581 3404 3634 ﬁdeles.

1897 3673 1980 3722 l2.
2040 3671 2167 3723 Haec
2220 3685 2448 3739 quoque
2509 3674 2691 3721 castra
2748 3686 2851 3721 suo
2910 3675 3038 3739 post
3091 3670 3514 3722 commendavit

1824 3759 2115 3811 Festinans
2146 3758 2284 3810 alias
2316 3757 2381 3809 ad
2414 3761 2603 3827 partes
2634 3757 2874 3826 belliger
2902 3757 3008 3824 ire,
3278 3757 3506 3829 [amico,

1827 3846 2007 3898 Fortis
2041 3845 2134 3898 ubi
2171 3845 2398 3914 populis
2430 3845 2629 3898 ductor
2653 3860 2771 3897 non
2799 3845 3017 3897 deforet
3044 3844 3174 3898 illis.

1824 3933 1968 3986 Bavo
1998 3933 2163 3986 beate
2194 3933 2313 3999 Dei,
2344 3938 2399 3986 te
2428 3948 2679 4002 praesens
2707 3933 2919 4001 pagina
2950 3932 3139 4000 signat
3172 3948 3185 3984 :

1820 4023 1864 4073 A
1898 4022 2046 4074 Duce
2073 4026 2133 4073 tu
2170 4021 2398 4073 Domini
2432 4021 2723 4089 quondam
2756 4020 3068 4072 conductus
3094 4020 3374 4083 Amando,

1820 4108 2094 4177 Sprevisti
2129 4109 2431 4173 mundum,
2467 4109 2693 4161 calcasti
2723 4108 2891 4161 labile
2924 4110 3177 4175 saeclum,

1818 4195 2058 4249 Sumens
2088 4212 2247 4248 arma
2277 4196 2479 4261 crucis,
2512 4211 2761 4265 propero
2794 4196 2941 4265 pede
2972 4196 3122 4249 bella
3153 4193 3364 4265 petisti,

1818 4286 1896 4336 Ac
1927 4283 2172 4336 multum
2202 4284 2448 4353 spolium
2477 4285 2799 4337 truculento
2831 4285 2900 4337 ab
2932 4284 3098 4337 hoste
3128 4283 3341 4349 tulisti;

1748 4351 1790 4402 D
1824 4372 1976 4423 [nter
2006 4388 2134 4441 quae
2170 4351 2446 4441 praedam,
2480 4388 2649 4442 quam
2680 4373 2932 4442 gaudens
2963 4372 3215 4437 abstulit,
3249 4376 3419 4441 atque

1820 4460 1884 4511 In
1915 4475 2093 4529 regno
2128 4461 2363 4530 proprio
2393 4461 2592 4531 cupiit,
2626 4461 2671 4513 si
2700 4462 2847 4514 forte
2874 4461 3075 4513 fuisset

1819 4549 2109 4613 Possibile,
2142 4549 2400 4619 igniﬂuis
2429 4549 2768 4602 concludere
2795 4548 3035 4601 carceris
3067 4547 3278 4612 antris;

1819 4635 2053 4689 Sanctas
2082 4641 2144 4689 tu
2175 4638 2452 4706 lacrymas
2483 4636 2745 4700 fundens,
2777 4636 2872 4704 pia
2902 4640 3051 4697 vota,
3085 4649 3417 4703 precesque,

1819 4720 2218 4792 Belligerando
2249 4725 2428 4777 boans
2452 4724 2637 4789 bellis,
2671 4722 2989 4783 benedicte,
3024 4721 3203 4773 beatis

1817 4812 2075 4874 Salvasti,
2108 4816 2163 4864 et
2191 4812 2330 4881 Regi
2363 4828 2588 4864 summo
2619 4816 2714 4863 tua
2747 4810 2895 4861 dona
2924 4808 3147 4861 dedisti.

1816 4900 1977 4963 Quod
2004 4902 2227 4970 loquor,
2258 4898 2550 4969 agnoscis;
2582 4899 2854 4967 quoniam
2886 4901 2982 4948 tua
3011 4901 3169 4966 gesta
3199 4898 3503 4960 canuntur,

1817 4989 2039 5042 Scilicet
2070 4988 2165 5041 ille
2197 4988 2393 5052 hostis,
2423 5001 2551 5039 cum
2582 4986 2759 5038 telum
2790 4984 3001 5037 missile
3030 4985 3258 5037 vibrans

1818 5076 2154 5144 Impositum
2183 5076 2437 5143 plaustro
2462 5073 2620 5141 jecit,
2656 5071 2964 5141 prostravit
2995 5076 3051 5123 et
3080 5081 3099 5104 °
3127 5086 3307 5124 unum

1819 5164 1892 5216 Ex
1925 5162 2172 5228 famulis,
2204 5161 2557 5230 canibusque
2586 5161 2717 5212 feris
2750 5160 2970 5212 venatio
3002 5160 3149 5213 facta
3183 5163 3287 5212 est.

1886 5360 1906 5384 θ
1941 5351 2036 5402 Hic
2081 5355 2165 5402 est
2200 5350 2452 5402 Artimus
2497 5350 2754 5418 precibus
2800 5350 2853 5403 S.
2898 5350 3139 5402 Bavonis
3181 5350 3502 5415 suscitatus,

1817 5422 1886 5475 de
1918 5437 2030 5491 quo
2062 5422 2251 5489 agitur
2280 5421 2336 5472 in
2373 5422 2561 5489 hujus,
2598 5420 2721 5473 Vita
2755 5424 2773 5471 t
2813 5420 3005 5473 Octob.
