3868 6228
338 364 443 418 947
1564 364 1845 421 MILONIS
1886 365 2197 424 MONACHI
2240 368 2297 423 S.
2339 366 2610 422 AMANDI
3766 366 3853 419 9&8

340 494 452 548 Sed
480 496 673 547 tamen
702 493 987 547 incassum
1023 509 1125 547 sua
1155 497 1292 547 tunc
1324 496 1640 549 tentamina
1670 495 1847 563 fudit;
2067 500 2113 552 A
2136 499 2211 551 Te
2242 513 2567 552 memorans
2594 497 2787 563 etiam,
2821 502 3015 568 portas
3045 497 3152 552 tibi
3181 498 3387 569 pandit
3418 498 3690 570 Olympi.

339 580 586 634 Tramite
617 596 752 634 nam
778 580 976 636 reduci
1004 580 1137 652 quia
1165 586 1293 653 post
1325 583 1543 638 orando
1572 584 1872 639 reductum
2142 586 2400 641 Plaudite
2433 586 2760 641 dulcisonos
2785 586 2961 641 tantis
2990 587 3319 641 Pastoribus
3352 587 3614 658 hymnos
3638 604 3655 652 ;

337 671 385 723 A
413 668 610 722 mortis
638 669 889 723 tenebris
918 670 1192 725 revocasti
1221 670 1281 724 in
1315 672 1436 724 luce
1465 672 1798 727 bubulcum.
2145 676 2224 729 Ne
2256 675 2545 745 ingratum
2582 675 2821 745 reliquis
2851 674 3125 745 gregibus
3164 675 3410 729 videaris
3441 676 3626 730 ovile.

340 757 688 812 Multimodis
716 758 844 812 aliis
870 774 1001 812 cum
1032 758 1242 813 sanctis
1271 759 1490 814 artibus
1522 777 1657 814 usus
2146 763 2411 818 Carmina
2444 764 2819 818 commiscens
2851 763 3080 831 chartis,
3112 769 3377 818 currente
3405 779 3694 829 camena,

339 846 452 899 Hoc
477 861 593 899 uno
624 846 820 901 didicit
845 846 1189 901 vincendum
1218 852 1273 901 te
1302 848 1423 901 fore
1452 865 1773 919 nunquam.
2144 851 2445 905 Vobiscum
2479 851 2753 915 recinam,
2784 852 3041 919 praebens
3071 851 3321 921 insignia
3354 855 3578 906 amoris

340 938 384 993 Ο
415 955 588 1009 quam
617 940 959 1010 magnificus
990 941 1175 995 fuerat
1208 941 1331 1006 tibi,
1361 941 1585 1005 Sancte,
1624 940 1917 1010 magister,
2150 941 2293 1011 Erga
2320 940 2449 993 illos
2476 940 2697 993 monita
2720 942 2837 993 mei
2868 942 2988 992 sine
3019 938 3136 994 ﬁne
3164 941 3475 1007 manentis,

339 1027 611 1091 Qualibus
641 1044 706 1081 ac
737 1028 914 1097 signis
945 1034 1263 1099 praeceptor
1292 1028 1447 1082 fulsit
1476 1029 1769 1081 Amandus
2148 1028 2296 1092 Quos
2328 1027 2464 1099 quia
2491 1027 2826 1098 conspicuos
2856 1028 3135 1082 virtutum
3162 1044 3353 1098 penna
3376 1030 3590 1082 levavit

340 1116 441 1168 Ille
470 1116 631 1169 tuus!
663 1132 791 1186 quae
822 1123 876 1171 te
908 1118 1080 1170 talem
1115 1117 1297 1170 fecere
1328 1116 1654 1170 ministrum
1681 1115 1691 1168 l
2147 1116 2445 1171 Sidereum
2476 1117 2542 1170 ad
2576 1132 2844 1187 regnum,
2876 1117 3039 1171 vobis
3063 1118 3508 1187 properantibus
3533 1118 3699 1171 illuc

341 1204 598 1275 Namque
628 1205 740 1259 tuis
766 1206 937 1275 gestis
969 1209 1264 1260 Doctorem
1295 1206 1583 1258 cernimus
1611 1205 1850 1271 almum,
2150 1208 2318 1260 Posse
2349 1210 2546 1275 patere
2575 1205 2669 1275 pie
2702 1210 3099 1259 monstrarunt
3128 1206 3276 1259 ostia
3304 1206 3452 1260 vita.

342 1294 671 1363 Egregium,
704 1295 1028 1364 pulchrum,
1064 1294 1411 1359 mirandum,
1440 1293 1903 1364 glorificandum.
2148 1296 2250 1348 Ast
2276 1310 2380 1364 ego
2411 1294 2646 1359 delictis,
2680 1297 2742 1347 ut
2774 1293 2907 1347 setis
2941 1293 3211 1347 horridus
3239 1294 3453 1359 hircus,

339 1381 435 1435 Est
464 1381 607 1435 mihi
637 1382 801 1436 dulce
828 1386 941 1435 tum
981 1387 1197 1435 textum
1227 1398 1564 1452 percurrere
1594 1382 1725 1435 vitae
1752 1398 1767 1443 ;
2148 1382 2441 1453 Tegminis
2469 1386 2524 1435 et
2551 1382 2714 1435 nitidi
2748 1382 3015 1436 candenti
3045 1382 3251 1435 vellere
3282 1382 3492 1448 nudus,

339 1469 442 1523 Sed
478 1469 713 1523 retrahit
739 1470 1082 1539 complenda
1105 1484 1303 1523 meum
1330 1468 1650 1523 modulatio
1682 1485 1963 1539 gressum,
2147 1471 2306 1525 Saeva
2328 1470 2527 1524 trahor
2557 1470 2781 1523 miseras
2812 1470 3170 1524 miserandus
3201 1470 3272 1522 ad
3308 1469 3451 1522 atria
3485 1468 3735 1521 mortis.

340 1557 422 1610 Ne
453 1560 646 1611 tamen
673 1557 734 1611 hi
762 1573 961 1611 versus
990 1558 1097 1611 tibi
1127 1558 1241 1611 sint
1272 1558 1490 1611 fcenore
1517 1557 1661 1621 fusi;
2146 1558 2402 1625 Tendite,
2434 1573 2621 1628 posco,
2658 1572 2882 1625 manus,
2914 1562 2971 1610 et
3001 1572 3090 1610 me
3125 1557 3192 1610 de
3224 1556 3384 1609 fauce
3415 1556 3699 1610 vorantis

342 1646 535 1700 Redde
585 1646 785 1715 vicem,
841 1646 1219 1717 precibusque
1266 1646 1379 1700 tuis
1423 1662 1536 1713 me,
1575 1662 1786 1716 quaso,
1831 1647 2037 1717 guber-
2148 1646 2349 1700 Tollite
2386 1663 2398 1700 :
2430 1650 2627 1716 raptus
2657 1647 2812 1699 enim
2844 1645 3078 1716 propria
3110 1645 3319 1699 virtute
3346 1645 3533 1699 redire

344 1733 615 1788 Obtineas
644 1734 871 1788 veniam
901 1734 1167 1788 mihimet
1195 1734 1521 1788 miserando
1552 1738 1762 1801 reatus,
1832 1736 2035 1806 [nans;
2080 1797 2117 1806 _
2151 1734 2273 1788 Non
2310 1735 2499 1801 valeo;
2548 1739 2604 1788 et
2640 1749 2974 1804 quanquam
3011 1734 3274 1803 patulum
3320 1732 3559 1786 maxilla
3588 1731 3868 1786 foramen

344 1824 527 1891 Atque
562 1826 657 1876 tuo
688 1823 831 1892 Regi
858 1823 1094 1893 junctus
1120 1838 1222 1892 per
1251 1822 1417 1877 saecla
1446 1823 1648 1876 valeto.
1750 1797 1757 1801 I
1833 1797 1848 1806 h
2023 1797 2031 1802 I
2080 1797 2120 1850 Β
2154 1821 2332 1891 Hujus
2361 1797 2551 1890 habet,
2580 1797 2773 1875 forsan
2804 1797 2909 1891 per
2938 1797 3044 1875 hoc
3074 1821 3385 1891 procedere
3417 1836 3693 1890 possum,

420 1913 507 1966 13.
537 1912 733 1981 Tuque
763 1912 919 1964 locus
943 1911 1100 1977 felix,
1134 1911 1294 1981 regio
1327 1911 1638 1981 fulgentior
1664 1926 1826 1979 auro,
2150 1909 2207 1963 Si
2230 1910 2397 1980 juver
2424 1909 2637 1963 auxilio
2670 1914 2855 1963 vestro
2885 1908 3262 1979 precibusque
3295 1908 3568 1973 reducar,

346 1999 633 2053 Illustrata
663 1998 757 2069 pio
784 1999 1075 2069 justorum
1102 1998 1341 2067 lumine,
1379 2000 1563 2066 salve;
2151 1999 2264 2051 Hoc
2292 2013 2522 2069 quoque
2552 2013 2658 2067 pro
2690 1997 2897 2052 Christi
2926 1997 3252 2051 faciendum
3279 1997 3519 2050 nomine
3551 2012 3765 2066 posco.

344 2087 622 2157 Plebsque
648 2087 851 2141 decora
882 2087 1036 2155 satis,
1076 2089 1257 2141 multo
1288 2088 1523 2141 collecta
1556 2088 1752 2141 labore
2152 2088 2221 2141 Ut
2250 2102 2379 2140 cum
2408 2090 2594 2140 vestra
2625 2102 2797 2157 sagax
2826 2086 3112 2140 industria
3135 2085 3335 2155 juncta
3372 2084 3649 2155 supernis

343 2175 607 2229 Patribus
639 2192 671 2228 a
697 2175 963 2244 geminis,
1003 2175 1247 2244 dignum
1276 2180 1360 2229 est
1387 2179 1450 2229 ut
1479 2176 1725 2229 amando
1757 2175 2037 2245 sequaris,
2148 2175 2388 2229 Sedibus
2420 2174 2717 2241 exstiterit,
2747 2174 3009 2244 pavitans
3040 2189 3168 2243 ego,
3200 2189 3417 2243 quaeso,
3456 2172 3741 2241 requirar

345 2264 498 2327 Quos
528 2263 631 2317 tibi
663 2263 1069 2334 Cunctipotens
1095 2264 1287 2317 dulces
1316 2263 1527 2333 pietate
1558 2268 1831 2334 patronos
2153 2262 2417 2328 Ultimus,
2452 2266 2509 2315 et
2539 2261 2691 2316 Petri
2726 2261 3037 2315 concludar
3066 2260 3218 2314 clave
3249 2260 3424 2325 beati,

344 2351 636 2417 Attribuit,
670 2353 925 2423 talesque
956 2352 1112 2406 dedit
1142 2352 1445 2405 miseratus
1475 2352 1720 2417 amicos;
2150 2350 2272 2413 Quo
2304 2365 2433 2403 cum
2464 2349 2597 2415 vita,
2626 2349 2798 2416 salus,
2833 2354 2888 2403 et
2917 2364 3123 2419 perpes
3155 2348 3338 2418 gloria
3369 2347 3588 2417 palmae

346 2441 413 2494 Et
440 2440 487 2493 si
515 2444 569 2494 te
599 2446 791 2494 noster
820 2440 1073 2511 migrans
1102 2440 1213 2493 huc
1241 2456 1477 2510 corpore
1511 2440 1807 2493 Amandus
2150 2438 2451 2493 Vobiscum
2476 2437 2650 2492 fuerit
2677 2436 2920 2491 feliciter
2949 2453 3120 2491 omne
3151 2452 3253 2507 per
3284 2452 3493 2502 aevum,

348 2528 627 2596 Deseruit,
661 2529 901 2595 meritis,
936 2529 981 2582 si
1011 2528 1214 2595 credis,
1251 2528 1463 2598 ubique
1493 2527 1792 2597 gubernat.
2152 2527 2309 2579 Tunc
2341 2526 2482 2579 mihi
2514 2526 2588 2578 sit
2619 2525 2850 2593 misero,
2879 2540 3096 2595 precor,
3129 2524 3495 2594 indulgentia
3529 2523 3744 2577 saltem

353 2619 463 2671 Nos
494 2633 721 2688 quoque
768 2617 906 2671 dum
954 2617 1220 2687 precibus
1256 2617 1428 2670 sacris
1464 2615 1796 2686 meritisque
1826 2617 2040 2681 tuetur,
2153 2615 2258 2668 Per
2277 2614 2562 2668 Christum
2589 2613 2918 2682 Dominum,
2942 2613 3041 2683 qui
3063 2614 3228 2666 saecla
3249 2628 3351 2683 per
3372 2612 3574 2666 omnia
3595 2618 3807 2683 regnat
3826 2620 3863 2662 λ.

420 2784 444 2808 ³
471 2774 800 2829 Addebatur
830 2791 842 2830 :
876 2776 1024 2829 Finit
1054 2775 1191 2829 liber
1222 2789 1281 2842 Il,
1315 2774 1474 2828 habet
1502 2787 1686 2828 versus
1717 2774 1843 2840 418,
1874 2775 1930 2826 et
1961 2770 2457 2842 subjungebantur
2486 2770 2671 2841 capita
2700 2770 2834 2824 libri
2866 2787 2946 2824 ιιι.

1719 3129 2003 3202 LIBER
2058 3128 2487 3201 TERTIUS.

1864 3417 2118 3486 Capitula
2158 3416 2285 3470 libri
2314 3432 2391 3469 ιιι.

357 3545 402 3592 1.
434 3542 657 3592 Mediam
688 3556 743 3592 se
772 3546 929 3605 poeta
956 3543 1167 3605 laetatur
1199 3542 1447 3605 carminis
1472 3543 1552 3591 sui
1592 3542 1824 3605 tetigisse
1850 3543 2008 3602 viam,
2038 3556 2197 3605 seque
2236 3542 2459 3605 arduum
2508 3555 2644 3605 opus
2682 3542 2911 3591 scribere
2941 3542 3247 3601 ostendens,
3290 3542 3545 3592 lectorem
3594 3559 3776 3603 suum,
3808 3552 3856 3591 ut

417 3604 926 3675 viviﬁcapragcepta
964 3604 1152 3675 Christi
1184 3604 1494 3675 .meditetur,
1538 3608 1589 3675 et
1626 3604 1868 3675 hortatur
1907 3604 2127 3675 eloquio
2163 3604 2391 3675 et_docet
2419 3604 2679 3675 exemplo.
2706 3631 2765 3675 —‘
2795 3605 3189 3675 2.”l)e_.mortuo
3219 3606 3490 3675 suscitato.
3524 3632 3587 3641 —
3624 3610 3671 3656 3.
3717 3606 3852 3675 quod

421 3667 615 3715 factum
642 3666 973 3729 illudicelare
992 3666 1239 3715 voluerit.
1266 3694 1325 3701 —
1355 3668 1400 3714 4.
1434 3667 1506 3729 De
1535 3666 1671 3729 fanis
1701 3666 1981 3729 destructis
2010 3670 2061 3715 et
2090 3667 2335 3727 gentibus
2362 3666 2630 3729 conversis
2661 3679 2720 3714 ac
2744 3666 3034 3727 baptizatis.
3071 3693 3127 3701 —
3163 3669 3207 3713 5.
3239 3667 3392 3723 Quod
3422 3682 3585 3715 causa
3616 3670 3855 3729 praedica-

418 3729 578 3777 tionis
612 3729 679 3777 ad
713 3728 926 3777 Sclavos
955 3728 1261 3791 perrexerit.
1292 3753 1352 3791 έ-
1377 3731 1421 3776 6.
1456 3728 1638 3791 Sermo
1654 3727 1832 3791 laudis
1860 3728 1927 3791 ad
1952 3728 2143 3791 ipsum.
2163 3754 2222 3762 —
2241 3731 2287 3791 Ἰ.
2314 3727 2547 3791 Qualiter
2576 3728 3085 3791 Regemgincrepans
3114 3729 3356 3791 repulsus
3388 3730 3472 3776 sit.
3506 3755 3567 3764 —
3600 3727 3647 3778 8.
3683 3730 3853 3778 Eidem

421 3791 648 3852 Principi
677 3791 884 3854 veniam
912 3788 1202 3854 postulanti
1232 3790 1436 3854 facinus
1468 3790 1705 3854 indulsit.
1733 3815 1798 3854 -_
1819 3792 1863 3837 9.
1893 3788 2044 3854 Quod
2079 3790 2216 3837 idem
2248 3789 2546 3854 Rexlilium
2574 3803 2727 3854 suum
2751 3788 3344 3854 _Sanctocom_1_nendare
3367 3790 3557 3854 volens
3574 3791 3855 3854 impetrare

419 3865 529 3900 non
555 3850 801 3915 potuerit.
832 3878 891 3915 έ
913 3850 999 3900 ⁷10,
1026 3852 1272 3915 Ejusdem
1306 3852 1471 3915 Regis
1493 3851 1741 3915 parvulus
1771 3851 1906 3915 dum
1929 3865 1958 3898 a
1989 3851 2180 3915 Sancto
2212 3850 2561 3915 catechizatur
2588 3850 2877 3915 eloquitur.
2902 3878 2959 3915 ἡ
2991 3850 3193 3915 11._Res
3222 3852 3404 3915 eadem
3439 3852 3598 3900 laude
3629 3850 3853 3901 celebra-

417 3919 521 3962 tur.
553 3911 613 3949 '—
643 3914 715 3962 l2.
748 3914 843 3963 Ubi
873 3911 1097 3962 Sanctus
1122 3911 1407 3961 Ecclesium
1436 3911 1820 3975 Tr‘ajectensem
1846 3912 1913 3975 ad
1929 3913 2231 3975 regendum
2256 3912 2502 3973 suscepit.
2534 3939 2592 3947 —
2620 3911 2703 3961 l3.
2730 3911 2883 3969 Quod
2911 3912 2974 3961 ab
3004 3912 3187 3961 eadem
3216 3914 3459 3975 repulsus
3496 3914 3741 3964 insulam
3773 3915 3854 3962 Ca-

424 3974 531 4025 lolo
560 3975 725 4038 petiit.
752 4002 811 4010 —
842 3976 917 4024 14.
945 3975 1024 4024 Ad
1049 3979 1440 4037 contemptores
1470 3974 1648 4023 Sancti
1684 3987 1856 4023 sermo
1887 3974 2148 4038 dirigitur.

927 4109 1148 4164 CAPUT
1187 4110 1479 4164 pRIMUM.
2087 4090 2129 4145 C
2159 4091 2443 4145 Virtutum
2478 4091 2692 4158 laudes,
2726 4094 2789 4144 ut
2811 4091 3052 4160 dignum
3085 4097 3185 4158 est,
3220 4094 3410 4159 credo,
3446 4095 3762 4163 valebunt;

2156 4183 2253 4245 Ac,
2288 4179 2334 4232 si
2363 4183 2657 4247 utcunque
2685 4184 2905 4249 queunt
2935 4181 3287 4235 extrinsecus
3317 4189 3439 4236 acta
3469 4183 3718 4251 referre,

668 4232 914 4286 Mutuus
952 4248 987 4285 α
1024 4233 1089 4287 s-
1131 4231 1383 4285 usuusu
1422 4234 1732 4287 susutttus-
2157 4231 2651 4334 ξοδδιοδωιῑιιδ
2672 4231 3552 4335 parantasumma};

436 4360 485 4411 1.
518 4354 816 4425 Aspirante
849 4355 964 4407 Deo
998 4352 1323 4406 describens
1349 4354 1600 4407 carmine
1624 4355 1802 4409 vitam
2155 4355 2425 4408 Promere
2453 4369 2557 4423 pro
2585 4353 2820 4419 meritis,
2860 4370 2989 4424 quae
3019 4356 3264 4425 sumpsit
3295 4358 3537 4427 praemia
3572 4359 3637 4412 in
3672 4360 3852 4421 astris,

361 4442 625 4500 Praesnlis
651 4440 867 4512 egregii
898 4445 1147 4494 sanctam
1180 4440 1498 4494 celeranter
1523 4442 1785 4509 Amandi,
2156 4441 2339 4496 Altius
2365 4440 2462 4496 ille
2493 4442 2665 4503 volat,
2703 4457 2877 4511 quam
2907 4443 3140 4513 garrula
3169 4444 3371 4513 lingua
3401 4452 3681 4501 recurrat.

308 4534 313 4541 ’
360 4534 497 4596 Quae
531 4530 718 4600 longis
744 4529 929 4582 fuerat
957 4527 1209 4599 p’eriodis
1228 4528 1356 4596 jure
1385 4529 1658 4596 notanda,
2156 4531 2243 4585 En
2274 4530 2552 4601 ﬁgmenta
2582 4534 2793 4584 canunt
2823 4531 3000 4601 lyrico
3031 4547 3294 4586 sermone
3323 4540 3543 4603 poetae;

360 4620 418 4675 Si
446 4618 604 4674 fandi
633 4616 776 4671 mihi
804 4616 964 4686 larga
992 4614 1141 4669 foret
1170 4630 1271 4668 seu
1303 4630 1513 4685 magna
1544 4615 1799 4669 facultas.
2158 4619 2295 4682 Quae
2326 4617 2535 4688 relegis
2560 4634 2680 4686 cur,
2716 4619 2893 4672 lector
2922 4635 3141 4687 amans,
3177 4636 3308 4673 cum
3334 4623 3495 4675 nulla
3524 4624 3732 4679 salutis

358 4710 483 4763 Jam
513 4706 762 4761 mediam
788 4704 1051 4759 breviore
1083 4703 1173 4756 via
1199 4702 1443 4756 festinus
1475 4703 1663 4757 eundo
2159 4706 2335 4759 Lucra
2365 4710 2567 4776 gerant
2594 4706 2820 4772 animis,
2852 4707 3015 4760 labor
3045 4707 3180 4773 oris,
3214 4708 3400 4777 pastio
3430 4710 3630 4763 venti?

359 4794 793 4865 Transgredior,
820 4792 1105 4862 binosque
1134 4792 1308 4861 pedes
1338 4791 1605 4861 ponendo
1639 4790 1885 4844 vicissim
2157 4794 2300 4858 Quid
2332 4794 2435 4849 tibi
2464 4810 2756 4865 pugnaces
2789 4800 3062 4865 poterunt
3096 4800 3369 4866 praestare
3395 4798 3760 4870 phalanges?

363 4884 642 4953 Computo
668 4886 757 4935 ter
785 4881 1065 4951 geminos,
1097 4880 1235 4933 dum
1268 4896 1370 4950 per
1395 4879 1733 4949 compendia
1757 4894 1939 4933 curro.
2159 4882 2282 4946 Qua
2312 4887 2366 4936 te
2397 4888 2551 4937 veste
2581 4888 2739 4952 teget
2767 4884 2921 4952 palla
2949 4882 3232 4938 discordia
3266 4885 3475 4939 scissa?

362 4971 450 5026 Sic
479 4971 588 5025 iter
618 4984 915 5023 emensum
941 4972 1057 5034 est;
1089 4967 1328 5038 reliquas.
1360 4971 1417 5021 et
1443 4966 1729 5037 praeconia
1753 4967 1959 5037 laudis,
2158 4970 2271 5025 Cur
2296 4970 2488 5024 doleas
2517 4971 2614 5024 illa
2642 4986 2814 5024 caesas
2845 4971 2949 5024 sub
2980 4972 3138 5025 clade
3168 4975 3465 5026 catervas?

363 5058 698 5114 Rhetoricus
722 5056 813 5111 cui
841 5071 1029 5110 sermo
1057 5056 1229 5126 jacet,
1263 5055 1532 5109 facundia
1555 5060 1791 5124 marcet,
2162 5059 2359 5113 Functi
2387 5059 2579 5112 functa
2610 5062 2836 5120 canant,
2866 5059 3062 5112 vivens
3085 5058 3279 5113 vitalia
3306 5076 3515 5130 pange.

362 5149 503 5204 Hinc
530 5162 706 5201 conor
730 5145 996 5200 brevibus
1024 5144 1362 5199 temerarius
1386 5143 1604 5198 arbiter
1632 5144 1839 5198 horum
2160 5148 2242 5201 En
2270 5147 2512 5201 meliora
2541 5162 2669 5200 meo
2700 5151 3009 5200 narrantur
3039 5147 3292 5200 carmine
3326 5153 3486 5218 gesta
3520 5166 3533 5203 :

364 5237 620 5306 Pangere
648 5232 960 5298 versiculis,
993 5232 1152 5286 nullo
1178 5232 1518 5301 complenda
1545 5232 1767 5301 relatu;
2160 5236 2281 5290 Non
2313 5235 2552 5305 gladios,
2587 5251 2690 5288 nec
2728 5235 2842 5288 tela
2881 5234 3055 5288 refert
3094 5234 3543 5306 pharetramque
3573 5239 3845 5298 Camillae;

365 5323 528 5378 Orbis
556 5322 867 5377 verbiﬂuus
893 5321 941 5374 si
970 5319 1080 5374 isto
1106 5320 1396 5390 conspiret
1426 5320 1488 5373 in
1519 5324 1695 5388 actus,
2162 5323 2272 5377 Sed
2303 5328 2585 5376 memorat
2624 5322 2828 5376 victam
2873 5322 3095 5375 Christo
3139 5323 3245 5376 sub
3276 5324 3528 5379 Prmsule
3559 5334 3808 5382 mortem
3835 5345 3844 5380 :

366 5410 828 5480 Conveniantque
859 5425 1058 5464 omnes
1091 5424 1207 5461 una
1233 5409 1337 5463 sub
1368 5410 1498 5463 sede
1530 5415 1734 5479 poetae,
2090 5391 2133 5444 θ
2164 5410 2229 5463 Et
2256 5425 2384 5479 quae
2416 5410 2569 5463 dona
2600 5408 2758 5463 dedit
2786 5424 2915 5462 caro
2948 5409 3251 5479 dignanter
3280 5410 3490 5464 amico.

364 5502 870 5569 Argumententur,
902 5496 1291 5564 modulantur,
1321 5497 1816 5566 philosophentur.
2158 5498 2414 5561 Qauliter
2441 5502 2497 5551 et
2526 5497 2821 5568 quondam
2854 5497 3079 5550 Domini
3109 5497 3349 5551 dilectus
3377 5501 3676 5554 Amandus

367 5588 511 5641 Vera
538 5583 773 5655 quidem
801 5584 1000 5649 fateor,
1034 5599 1150 5636 non
1179 5598 1376 5637 omnes
1405 5598 1669 5661 promere
1709 5600 1874 5638 versu
2160 5586 2354 5641 Mortis
2381 5586 2569 5640 adhuc
2598 5585 2701 5639 sub
2735 5586 2859 5653 lege
2890 5600 3148 5652 manens,
3182 5591 3240 5640 et
3263 5602 3433 5641 carne
3464 5594 3747 5659 gravatus,
