3868 6228
27 334 135 388 59

28 467 217 521 .ortis
239 468 379 535 jura
408 467 579 532 tulit;
614 468 867 521 clausum
903 484 1135 538 quoque
1162 484 1384 521 carcere
1411 470 1619 524 Averni

26 555 263 625 ripuit,
300 555 549 625 vitaeque
581 556 878 609 hominem
908 556 977 609 de
1007 571 1165 609 more
1195 556 1444 622 reduxit,

26 660 91 696 ο
110 658 435 697 mmemoro
464 643 730 713 stupidus
762 644 905 697 tanti
934 643 1243 698 formidine
1271 645 1425 698 facti.

84 736 151 786 2.
219 732 363 785 Urbs
417 730 607 785 fuerat
669 732 979 802 quondam,
1038 732 1193 800 quod
1250 732 1436 786 adhuc
1492 732 1730 802 vestigia

1360 820 1725 890 [monstrant,

24 908 103 959 ὀ
118 923 338 973 macus,
370 924 526 961 nunc
555 906 862 978 multiplici
886 916 911 940 ⁸
940 911 1225 977 prostrata
1257 908 1426 962 ruina

22 996 101 1048 'u
119 996 323 1061 nditus,
360 1012 425 1049 ac
455 1002 644 1050 turres
675 996 847 1050 detlet
875 994 1148 1049 cecidisse
1180 996 1476 1065 superbas.

22 1084 124 1137 lst
159 1091 355 1137 tamen
397 1084 531 1137 inde
569 1085 859 1154 frequens,
904 1083 1056 1154 quod
1098 1083 1264 1153 aquis
1308 1090 1365 1137 et
1412 1099 1599 1137 merce
1630 1099 1725 1136 re-

1482 1172 1722 1225 dundat:

638 1182 639 1185 ‘
1482 1172 1722 1225 dundat'

19 1260 236 1312 ﬁtitur
267 1263 325 1311 et
352 1258 599 1328 geminis
620 1260 739 1327 jam
771 1273 886 1311 non
916 1258 1144 1328 lapsura
1171 1172 1528 1324 columnis[b,
1711 1214 1723 1239 ’

17 1348 281 1417 iramque
314 1362 444 1399 arce
475 1346 533 1399 in
565 1345 758 1399 media
789 1346 1004 1415 templo
1044 1349 1313 1414 surgente
1344 1351 1583 1398 venusto

18 1435 359 1488 ’ontiﬁcale
384 1439 544 1488 tenet
569 1434 812 1499 solium;
842 1449 946 1487 nec
974 1434 1147 1502 longe
1186 1438 1408 1487 remota

16 1534 21 1547 ί
70 1522 338 1575 Nicasius
366 1522 601 1575 recubat
628 1520 879 1590 pretiosa
908 1521 1117 1589 Martyr
1149 1520 1211 1573 in
1236 1536 1383 1574 urna

16 1612 339 1663 Remorum
380 1609 613 1673 Preesul,
647 1608 780 1661 felix
809 1607 902 1661 cui
932 1608 1046 1660 vita
1077 1624 1351 1661 coronam

14 1698 293 1762 Prabuit,
328 1703 383 1750 et
411 1697 646 1751 rutilam
675 1696 802 1750 fuso
827 1712 932 1765 pro
964 1695 1243 1765 sanguine
1274 1696 1544 1766 palmam.

14 1787 214 1849 Quid?
243 1788 432 1839 multo
464 1786 535 1840 ad
564 1790 815 1839 castrum
846 1786 1195 1838 Francorum
1228 1784 1409 1839 milite
1435 1789 1651 1854 septus,

11 1876 195 1927 Dotto
223 1874 429 1928 Comes
460 1872 702 1943 rigidus,
736 1871 917 1941 regali
947 1871 1154 1926 missus
1186 1873 1256 1926 ab
1286 1873 1438 1938 aula,

12 1964 295 2026 Venerat;
332 1967 387 2015 et
418 1961 691 2032 qumrulis
722 1960 959 2030 impleta
989 1966 1073 2015 est
1097 1960 1255 2015 curia
1284 1960 1509 2015 turmis.

12 2052 161 2104 Ecce
189 2049 549 2115 trahebatur,
580 2064 791 2119 magna
822 2049 1068 2119 stipante
1100 2053 1347 2110 caterva,

12 2141 141 2192 Fur
165 2139 388 2192 vinctus
418 2137 614 2191 multis
643 2137 824 2191 multo
856 2152 963 2207 pro
992 2136 1233 2190 crimine
1266 2136 1460 2203 nodis;

14 2227 402 2280 Conclamant
431 2225 619 2279 cuncti
644 2242 656 2292 ;
688 2225 852 2295 plebs
884 2225 1073 2278 omnis
1102 2225 1363 2278 cominus
1394 2230 1582 2279 astans

16 2316 287 2369 Concinit
316 2330 440 2369 esse
464 2330 627 2368 reum
659 2330 673 2379 ;
705 2313 852 2367 nihil
881 2313 969 2367 his
995 2313 1216 2367 veniale
1242 2313 1469 2367 fatetur.

16 2405 130 2458 His
157 2404 338 2457 turbis
368 2403 608 2457 Sanctus
637 2402 896 2456 medium
929 2418 989 2456 se
1018 2401 1216 2472 injecit
1244 2402 1537 2455 Amandus
1571 2418 1583 2455 :

22 2494 165 2555 Flet,
199 2491 400 2561 gemit,
444 2490 734 2559 implorat,
771 2490 946 2555 dolet,
996 2490 1195 2559 ejulat,
1240 2490 1518 2557 obsecrat,
1549 2493 1673 2543 orat
1705 2506 1717 2543 :

15 2580 318 2642 Quatenus
344 2578 483 2633 huic
508 2578 718 2632 misero
749 2577 1010 2631 misereri
1041 2584 1097 2631 et
1124 2593 1358 2646 parcere
1387 2579 1629 2643 vellent;

20 2669 116 2720 llli
147 2667 541 2737 cunctipotens
570 2665 828 2720 misereri
863 2670 927 2720 ut
958 2666 1213 2721 Christus
1244 2666 1498 2720 haberet.

19 2756 133 2807 qed
164 2771 277 2807 non
308 2754 561 2808 obtinuit
589 2754 825 2808 Sanctus
853 2754 1005 2823 quod
1035 2753 1223 2807 ﬂendo
1258 2754 1514 2824 rogabat.

24 2844 190 2897 Dotto
214 2844 418 2897 Comes
448 2842 703 2896 tumidus
733 2842 1009 2913 quoniam
1041 2842 1330 2896 crudelior
1362 2843 1523 2897 omni

24 2933 220 2985 Bellua
249 2936 391 2996 erat,
419 2930 705 3000 jussitque
735 2946 836 2984 suo
864 2947 969 3001 pro
1001 2930 1236 2984 crimine
1266 2931 1452 2985 furem

23 3019 229 3089 Stipite
258 3018 551 3071 confixum
584 3016 815 3071 meritas
842 3018 1101 3072 exolvere
1126 3034 1342 3087 pcenas.

24 3108 247 3160 Interea
276 3110 365 3160 est
393 3106 616 3170 ductus,
648 3121 989 3176 suspensus;
1026 3122 1155 3159 mox
1187 3122 1417 3176 quoque
1448 3106 1629 3160 victus

22 3196 202 3247 Morte
230 3195 255 3236 ά
284 3194 405 3247 fera
430 3199 611 3247 tetras
640 3194 891 3247 animam
917 3194 1233 3247 transmisit
1256 3194 1323 3248 ad
1357 3195 1610 3249 umbras.

27 3283 177 3346 Quid
205 3288 290 3348 tu,
318 3286 511 3336 sancte
536 3284 722 3346 Pater,
756 3286 942 3336 totum
971 3282 1340 3337 memorande
1370 3298 1473 3352 per
1498 3282 1717 3349 orbem,

26 3383 45 3407 ε
74 3372 229 3424 Tunc
259 3371 420 3440 agis?
453 3371 715 3440 agnellus
744 3370 989 3440 pedibus
1019 3375 1336 3440 prostratus
1368 3372 1627 3425 adhaeres

26 3459 171 3512 Saevi
199 3474 407 3528 nempe
438 3458 587 3528 lupi,
618 3458 755 3529 fuge
785 3474 857 3512 ne
886 3464 940 3512 te
971 3459 1198 3513 sorbeat
1224 3459 1412 3529 ipsum

28 3547 252 3617 Erigere
285 3546 356 3600 ad
401 3546 746 3613 Dominum;
778 3562 910 3600 nam
942 3564 1069 3617 quae
1100 3547 1265 3617 petis,
1300 3547 1419 3617 ipse
1461 3551 1721 3602 verentcr

29 3633 355 3688 Concedens
384 3634 648 3688 stabilem
681 3634 895 3688 tribuet
924 3635 1229 3704 dignanter
1254 3636 1551 3689 honorem.

30 3723 173 3792 Ergo
215 3722 454 3777 domum
500 3723 665 3775 Dotto
709 3728 794 3776 est
835 3724 1050 3792 populo
1089 3723 1395 3777 comitante
1428 3737 1713 3793 reversus;

32 3810 214 3880 Ocyus
248 3810 317 3863 ad
348 3809 645 3863 hominem
678 3809 914 3863 Sanctus
941 3810 1207 3863 celeravit
1244 3810 1502 3877 anhelus,

30 3902 212 3969 Atque
241 3898 343 3952 ubi
373 3898 703 3951 defunctum
736 3898 1010 3951 miserum
1048 3898 1337 3951 miseratio
1367 3898 1507 3953 vidit

31 3986 240 4041 Viviﬁci
269 3991 528 4040 mentem
556 3986 792 4039 ﬁrmans
824 3986 1135 4056 spiramine
1166 3986 1353 4054 ﬂatus,

34 4074 357 4145 Depositum
385 4090 629 4145 propere
661 4080 964 4143 cognotam
998 4074 1147 4127 vexit
1179 4078 1247 4127 ad
1282 4075 1464 4128 tndem
1501 4091 1513 4128 :

30 4164 148 4226 Quo
178 4164 361 4217 fuerat
391 4162 595 4217 solitus
624 4168 848 4231 portam
878 4163 1107 4231 pulsare
1136 4178 1467 4231 supernam,

35 4250 308 4304 Sternitur
337 4251 471 4304 hinc
504 4250 670 4317 arvis,
714 4249 898 4319 magis
941 4250 1074 4303 inde
1104 4250 1483 4320 propinquior
1516 4250 1716 4317 astris;

33 4344 209 4409 Atque
239 4355 439 4408 preces
479 4338 649 4391 simul
688 4343 741 4391 et
786 4339 1167 4406 lacrymarum
1207 4339 1449 4392 flumina
1479 4339 1666 4393 fundit
1700 4357 1712 4393 :
1754 4329 1799 4382 D
1826 4340 1988 4396 Fides

36 4427 162 4489 Quae
192 4427 454 4498 quamvis
484 4426 666 4480 vicina
694 4426 888 4496 rigent
913 4426 1161 4479 conﬁnia
1188 4432 1379 4493 terrte,

33 4515 203 4567 Altius
232 4515 303 4568 ad
337 4514 552 4567 celsum
585 4513 817 4566 volitant
848 4514 1172 4567 scandendo
1204 4515 1477 4580 tribunal,

36 4603 293 4673 Angelico
320 4602 631 4673 plaudente
662 4602 835 4655 choro
868 4618 1040 4671 super
1071 4603 1285 4655 aethera
1310 4608 1501 4657 vectae.

96 4788 117 4811 ³
155 4780 389 4832 Factum
437 4777 496 4831 id
539 4776 766 4831 videtur
815 4776 1204 4847 superioribus
1248 4777 1413 4831 bellis
1460 4779 1715 4848 ipsorum

39 4848 170 4901 inter
217 4865 276 4901 se
330 4849 701 4902 Francorum.
755 4848 1093 4917 Quanquam
1144 4853 1343 4916 postea
1408 4865 1636 4919 quoque
1684 4867 1719 4903 a

38 4919 366 4973 Normannis
422 4924 481 4971 et
549 4921 931 4972 monasterium
987 4919 1043 4973 S.
1112 4920 1344 4973 Bavom‘s
1406 4922 1465 4973 in
1519 4920 1718 4988 oppido

41 4990 312 5055 Gandensi,
373 5004 466 5041 an.
523 4991 647 5053 850,
703 4991 979 5042 incensum
1033 4990 1206 5055 fuisse
1262 4990 1497 5043 tradunt
1551 4992 1718 5045 Gesta

40 5059 487 5113 Normannorum
549 5064 680 5112 ante
741 5060 1085 5119 Rollonem;
1137 5064 1193 5113 et
1250 5076 1451 5113 eorum
1500 5068 1718 5128 partem

40 5130 338 5198 (Menapios,
390 5145 641 5198 quorum
691 5134 861 5199 caput
908 5130 1223 5182 Tornacum
1271 5130 1397 5197 fuit,
1448 5133 1719 5185 Tarvisios

43 5198 89 5251 id
124 5206 208 5253 est
269 5201 580 5265 Tervanos,
635 5198 875 5267 aliosque
930 5200 1255 5269 maritimos)
1311 5216 1378 5253 eo
1437 5217 1528 5255 an.
1592 5205 1714 5265 850,

41 5270 391 5338 deprzdatam
453 5284 567 5323 esse
616 5270 876 5323 referunt
923 5272 1170 5324 Annales
1223 5271 1553 5325 Bertiniani.
1612 5272 1717 5326 Sed

41 5339 142 5419 hiec
187 5342 318 5419 Milg
364 5356 485 5419 non
514 5340 751 5419 attigit,
789 5340 896 5419 nisi
952 5340 1097 5419 forte
1145 5357 1355 5419 poema
1394 5357 1561 5419 suum
1592 5347 1722 5419 post

43 5411 241 5465 obitum
275 5410 549 5468 Haimini,
574 5410 665 5463 cui
697 5410 754 5463 id
789 5410 1015 5477 dicavit,
1040 5411 1361 5465 emendarit
1390 5417 1445 5465 et
1474 5410 1716 5467 auxerit.

98 5485 118 5524 δ
148 5483 207 5536 In
247 5481 357 5537 MS.
389 5479 717 5535 Amandino
749 5480 987 5549 margini
1026 5481 1374 5551 adscriptum
1405 5487 1526 5537 erat
1566 5499 1579 5536 :

90 5558 289 5608 Excidit
316 5559 384 5608 ab
410 5571 475 5607 ea
493 5557 627 5620 jam,
656 5558 789 5620 proh
816 5557 996 5608 dolor!
1032 5560 1144 5622 ipsa
1172 5560 1438 5610 columna.

1214 335 1303 388 DE
1345 334 1504 389 VITA
1547 335 1609 392 S.
1656 336 2031 390 AMANDI.—
2059 337 2190 391 LIB.
2232 338 2323 390 Ill.

3429 338 3534 387 950

1763 472 1809 522 A
1840 471 1997 524 Dicta
2035 471 2157 525 haec
2197 471 2345 526 facta
2387 473 2667 543 probant;
2704 473 2944 528 verbum
2986 473 3289 545 completio
3318 474 3531 540 firmat,

1840 558 2079 613 Sanctus
2105 560 2256 614 enim
2292 560 2550 615 incubuit
2579 562 2861 631 precibus,
2902 566 3217 632 prostratus
3258 562 3317 616 in
3351 562 3530 627 arvis;

1839 648 1951 701 Nec
1978 646 2137 717 prius
2167 648 2237 701 ad
2269 648 2444 701 ﬁnem
2480 649 2605 701 felix
2633 650 2812 703 oratio
2841 650 3018 715 venit,

1840 736 2031 789 Donec
2060 736 2228 789 ambo
2258 736 2427 789 simul
2453 736 2686 789 diversis
2720 737 2979 790 cominus
3010 736 3166 790 horis

1840 823 2150 892 Surgentes
2178 828 2395 877 starent
2417 824 2607 893 juncti
2638 823 2923 892 (mirabile
2956 825 3103 895 visu)

1749 982 1766 994 ο
1836 912 2087 965 Mortuus
2118 928 2151 964 a
2177 916 2379 977 morte,
2415 917 2471 964 et
2502 912 2739 966 Sanctus
2769 912 2837 965 de
2869 912 3103 981 pulvere
3128 915 3314 966 terras.

1908 1021 1959 1071 3.
1994 1017 2036 1071 Ο
2069 1034 2239 1088 quam
2276 1019 2651 1087 conspicuum
2686 1017 2957 1071 Dominus
2987 1018 3181 1071 dilexit
3211 1020 3529 1088 alumnum,

1837 1104 1939 1159 Cui
1969 1108 2085 1157 tam
2117 1106 2297 1158 multa
2328 1106 2415 1157 sui
2447 1105 2650 1159 tribuit
2681 1105 2975 1175 signacula
3004 1106 3235 1159 amoris.

1839 1192 2095 1261 Denique
2125 1208 2228 1245 ceu
2259 1209 2513 1261 praesens
2542 1193 2705 1246 nobis
2734 1193 3016 1262 scriptura
3051 1195 3283 1255 revelat,

1837 1280 2138 1334 Prawaluit
2168 1280 2434 1349 precibus
2463 1281 2634 1334 sacris
2667 1280 3004 1351 meritisque
3040 1281 3219 1335 beatis

1835 1368 2095 1422 Reddere
2125 1368 2452 1421 distractam
2486 1370 2665 1421 multo
2700 1384 2802 1438 pro
2836 1368 3074 1421 crimine
3106 1368 3281 1421 vitam

1834 1456 2133 1521 Defuncto,
2167 1461 2335 1526 atque
2358 1455 2376 1490 ί
2396 1456 2603 1509 animae
2634 1457 2749 1526 jam
2765 1456 3004 1526 jamque
3031 1456 3090 1508 in
3111 1460 3324 1509 tartara
3353 1456 3525 1526 lapsae

1834 1544 2096 1599 Obtinuit
2125 1544 2367 1610 veniam,
2402 1544 2620 1598 Christo
2656 1544 2983 1609 miserante,
3015 1544 3321 1598 salubrem.

1834 1633 1921 1687 Sit
1951 1633 2076 1686 laus
2106 1648 2331 1685 summa
2359 1633 2495 1691 Deo,
2532 1633 2632 1702 qui
2663 1633 2815 1686 dona
2846 1632 3111 1686 fidelibus
3146 1633 3383 1699 addens,

1761 1758 1801 1811 Β
1834 1721 1903 1775 Ut
1932 1720 2157 1791 possint
2188 1720 2339 1773 exire
2370 1720 2575 1773 animae
2607 1720 2674 1773 de
2705 1736 2927 1773 carcere
2957 1720 3189 1785 Averni,

1830 1810 2062 1863 Tartara
2093 1808 2476 1878 disrumpens,
2511 1808 2803 1863 obstacula
2833 1812 3036 1862 cuncta
3064 1808 3308 1863 revellit.

1833 1899 2057 1952 Interea
2087 1897 2319 1952 madido
2352 1897 2619 1951 discussis
2646 1912 2778 1951 rore
2808 1896 3030 1966 capillis

1834 1985 2048 2038 Praevia
2080 1990 2382 2038 venturum
2409 1985 2525 2054 jam
2556 1989 2686 2054 post
2712 2001 2815 2038 sua
2846 1984 3064 2038 lumina
3097 1985 3400 2050 Phasbum,

1830 2073 2156 2144 Terrigenis
2188 2089 2394 2126 aurora
2424 2090 2527 2127 suo
2557 2077 2975 2127 monstraverat
3004 2078 3155 2127 ortu.

1833 2164 1902 2215 At
1930 2161 2110 2215 virtus
2141 2162 2433 2231 complens
2464 2160 2703 2215 redivivi
2728 2161 2987 2231 corporis
3015 2165 3194 2227 artus,

1830 2249 2145 2304 Addiderat
2172 2250 2411 2303 reduces
2437 2249 2680 2303 solidato
2710 2248 2916 2302 robore
2946 2248 3111 2303 vires.

1832 2338 1977 2406 Ergo
2007 2353 2138 2390 suos
2166 2336 2276 2389 laeti
2307 2336 2505 2403 victor,
2538 2335 2781 2406 vitasque
2807 2336 3093 2401 reductor,

1831 2424 2129 2479 Confessor
2158 2424 2388 2478 Domini
2415 2424 2595 2494 signis
2627 2424 2868 2494 insignis
2896 2423 3152 2477 honestis

1831 2514 2018 2568 Poscit
2046 2529 2256 2585 aquas;
2282 2518 2519 2566 currunt
2548 2513 2779 2581 celeres,
2814 2512 3156 2566 tumulanda
3184 2515 3452 2582 putantes

1829 2602 2080 2656 Membra
2114 2601 2239 2667 viri,
2272 2606 2491 2671 peteret
2520 2601 2781 2670 lymphas
2813 2600 2969 2670 quod
3000 2616 3157 2657 more
3182 2599 3415 2653 lavacri.

1828 2686 2077 2756 Ingressi
2106 2685 2452 2739 incolumem
2484 2684 2785 2738 inveniunt
2817 2684 3103 2750 (mirabile
3133 2684 3310 2751 dictu)

1830 2773 2041 2829 Ordine
2069 2789 2341 2827 converso
2373 2778 2615 2827 cernunt
2638 2773 2884 2826 residere
2912 2777 3195 2825 verenter.

1829 2863 1964 2925 Quis
1995 2866 2194 2932 stupor
2222 2861 2314 2915 hic
2343 2861 2530 2927 fuerit,
2562 2861 2695 2915 facti
2720 2861 3053 2914 excellentia
3082 2858 3288 2930 prodit.

1832 2951 1944 3003 Fur
1973 2950 2257 3003 redivivus
2288 2950 2441 3002 enim
2467 2949 2639 3003 vitam
2673 2949 3013 3019 veniamque
3046 2952 3327 3015 renarrat,

1757 3041 1797 3097 C
1831 3051 1861 3093 ε
1888 3038 2291 3107 Largitumque
2319 3038 2425 3091 sibi
2454 3038 2691 3092 Sanctus
2722 3038 2948 3091 laetatur
2972 3037 3271 3090 honorem.

1828 3127 1982 3180 Tunc
2021 3126 2198 3196 igitur
2230 3127 2489 3179 Fratrum
2521 3125 2632 3181 sub
2665 3125 2873 3179 Christi
2905 3124 3135 3178 nomine
3160 3122 3315 3194 plebi

1833 3210 1911 3268 Ne
1940 3214 2165 3284 populis
2191 3215 2435 3283 prodant
2459 3214 2692 3280 factum,
2723 3214 3037 3267 obtestatur
3064 3212 3374 3267 Amandus.

1830 3304 2019 3356 Donec
2048 3304 2334 3372 completo
2364 3303 2601 3357 decedat
2629 3307 2885 3372 tempore
2916 3302 3066 3356 vitm.

1827 3390 2001 3461 Cujus
2034 3395 2227 3445 sancta
2258 3407 2462 3444 manus
2493 3392 2631 3445 dum
2655 3391 2882 3460 singula
2912 3391 3149 3444 vulnera
3178 3389 3391 3460 palpat,

1828 3478 2098 3533 Restituit
2123 3479 2364 3531 celerem
2396 3478 2530 3532 felix
2561 3478 2842 3532 medicina
2872 3478 3150 3543 salutem;

1828 3568 1939 3620 Nec
1973 3571 2228 3619 remanet
2259 3568 2470 3634 sulcus,
2504 3566 2714 3635 digitus
2748 3582 2860 3635 quo
2889 3565 3067 3618 currit
3094 3566 3389 3618 honestus.

1831 3654 2006 3708 Dicite
2031 3654 2365 3724 doctiloqui,
2395 3653 2713 3724 depromite
2741 3653 2915 3723 digna
2943 3652 3161 3707 diserti.

1826 3743 2017 3806 Qualis
2045 3747 2128 3795 est
2159 3742 2447 3796 medicus?
2487 3758 2600 3812 quo
2631 3742 3018 3810 contingente,
3051 3739 3277 3793 cicatrix

1828 3832 1993 3885 Nulla
2023 3835 2176 3900 patet
2203 3830 2406 3901 plagis,
2437 3830 2715 3883 conclusis
2750 3830 3004 3899 undique
3035 3828 3271 3881 cunctis.

1826 3919 1947 3983 Quo
1978 3923 2130 3971 meat
2168 3918 2273 3971 ista
2316 3918 2508 3973 salus?
2549 3933 2661 3987 quo
2693 3922 2888 3971 manat
2916 3917 2986 3969 ab
3019 3914 3273 3984 unguine
3302 3914 3516 3968 virtus?

1828 4007 1991 4061 Cessa
2020 4006 2215 4077 lingua
2245 4008 2451 4077 loquax
2479 4023 2493 4073 ;
2521 4022 2660 4077 opus
2691 4010 2772 4059 est
2800 4006 2907 4059 hoc
2937 4002 3378 4073 Omnipotentis,

1828 4097 1934 4149 Per
1958 4110 2130 4165 quem
2164 4098 2321 4149 tanta
2350 4096 2498 4150 valet
2526 4094 2785 4166 quisquis
2815 4093 3165 4148 famulabilis
3190 4092 3276 4147 illi
3302 4096 3405 4146 est.

2498 4235 2720 4289 CAPUT
2761 4234 2828 4288 II.

2044 4356 2144 4409 per
2199 4341 2256 4395 S.
2316 4341 2634 4395 Amandum
2686 4346 3017 4411 propagata.
3079 4341 3260 4396 δοιανί
3314 4341 3513 4395 additi.

2308 4411 2526 4466 Exsilii
2559 4428 2730 4482 paena
2770 4416 3032 4478 irrogata.

1892 4517 1945 4569 4.
1965 4517 2110 4586 Ergo
2134 4515 2233 4569 ubi
2256 4515 2409 4570 fama
2427 4517 2622 4570 volans
2640 4517 2847 4586 sparsit
2870 4516 3243 4569 memorabile
3264 4516 3513 4584 signum,

1828 4604 1914 4659 Fit
1944 4603 2146 4675 populi
2179 4604 2368 4658 subito
2398 4605 2615 4658 multus
2645 4619 2951 4657 concursus
2980 4603 3048 4655 ad
3074 4602 3299 4672 ipsum;

1893 4791 1913 4815 ε
1951 4779 2204 4834 Molanus
2248 4780 2318 4833 ad
2360 4781 2423 4832 14
2464 4779 2724 4831 Decemb.
2770 4778 2826 4831 in
2879 4776 3100 4830 Nicasio
3146 4775 3224 4828 ita
3270 4774 3509 4829 scribit:

1824 4852 2001 4918 Hujus
2041 4854 2302 4919 martyris
2336 4852 2571 4918 pignora
2610 4849 2856 4916 quaedam
2896 4848 3335 4919 Noviomugensis
3382 4848 3511 4913 qui-

1824 4917 1953 4975 dam
2004 4917 2284 4990 episcopus
2332 4917 2563 4983 obtenta,
2622 4918 2696 4971 ad
2741 4933 2894 4971 suam
2947 4917 3173 4990 pertulit
3214 4918 3509 4990 civitatem.

1825 4993 1951 5057 Qua
1998 4987 2110 5045 tum
2152 4987 2302 5058 apud
2347 4991 2681 5054 Noviomum,
2714 5004 2876 5056 quam
2919 4992 2968 5040 et
3014 4987 3165 5053 apud
3218 4987 3513 5058 Tornacum

1826 5056 2083 5125 castrum,
2120 5056 2213 5113 ubi"
2244 5076 2383 5113 nunc
2413 5061 2574 5112 etiam
2605 5061 2815 5112 servari
2844 5058 3216 5126 perhibentur,
3246 5056 3415 5110 clavis
3442 5072 3513 5110 re

1824 5134 2079 5198 feruntur
2100 5132 2377 5184 illustrata
2396 5130 2695 5195 miraculis,
2732 5130 2808 5181 De
2835 5128 2903 5180 iis
2927 5144 3030 5181 nos
3053 5126 3123 5180 ad
3150 5126 3313 5180 illum
3337 5126 3507 5179 diem.

1894 5200 1923 5237 ιι
1950 5201 2119 5255 Aliud
2146 5202 2245 5253 Ms.
2275 5200 2412 5252 fere.

1895 5285 1920 5314 θ
1952 5273 2048 5324 Ms.
2084 5271 2303 5323 Elmon.
2336 5271 2505 5325 Nunc.

1896 5340 1915 5375 ί
1946 5342 2066 5394 Non
2097 5339 2259 5409 quasi
2298 5340 2571 5409 reﬁgatur
2606 5339 2781 5392 semel
2820 5337 2932 5391 lata
2970 5336 3351 5409 damnationis
3379 5352 3512 5390 sen-

1826 5412 2031 5475 tentia;
2061 5408 2158 5463 sed
2190 5410 2249 5462 in
2282 5408 2563 5463 similibus
2592 5410 2813 5463 casibus
2842 5424 2960 5462 non
2988 5413 3112 5461 erat
3141 5408 3421 5462 absoluta.

1900 5494 1928 5535 8
1976 5482 2035 5536 Id
2087 5485 2189 5544 est,
2231 5496 2289 5533 se
2323 5498 2356 5534 a
2405 5481 2518 5535 Deo
2568 5479 2899 5533 exauditum
2939 5480 3169 5549 gaudet,
3212 5494 3329 5532 non
3381 5494 3513 5531 vero

1828 5553 1983 5623 quod
2012 5552 2226 5606 honore
2260 5550 2367 5605 sibi
2397 5568 2430 5605 a
2458 5550 2744 5605 Fratribus
2769 5549 2896 5605 ideo
2924 5550 3184 5621 impenso
3206 5550 3510 5603 laetaretur.
