3868 6228
322 240 418 289 951

322 365 559 419 Fervere
587 370 651 419 ut
679 364 903 418 miraris
933 381 1068 435 apes
1092 381 1196 435 per
1226 371 1407 435 prata,
1440 382 1539 436 per
1570 367 1763 421 hortos

322 455 469 524 Erga
495 469 815 524 purpureos
840 452 1029 518 flores,
1062 471 1125 507 ac
1155 470 1389 523 carpere
1421 471 1617 508 morsu

321 542 482 603 Ouod
509 541 757 593 referant
784 540 1023 610 pedibus
1052 557 1183 595 cara
1212 542 1281 595 ad
1315 543 1591 612 praesepia
1623 543 1829 596 curvis.

324 632 446 683 Non
475 645 634 683 secus
666 630 767 682 has
805 629 993 682 videas
1025 634 1222 699 gentes
1252 630 1515 684 insistere
1546 632 1829 697 Amando,

322 718 637 788 Conspicuo
668 717 815 784 ﬂori,
850 718 1055 787 hyeme
1086 724 1258 788 atque
1289 724 1480 771 aestate
1509 719 1752 784 virenti;

323 807 445 870 Quo
468 811 886 860 sacrosanctum
922 807 1144 859 valeant
1174 806 1455 875 baptisma
1484 807 1714 870 referre,

324 895 729 964 Virtutumque
761 895 935 964 dapes
962 894 1233 947 utdulcia
1263 895 1431 947 mella
1463 900 1779 963 reportent,

323 982 461 1047 Quis
492 983 691 1035 mundi
721 982 996 1035 Dominus
1026 983 1298 1050 praadulci
1329 982 1576 1051 pascitur
1607 984 1836 1036 haustu.

328 1072 479 1124 Fana
505 1070 710 1124 dehinc
740 1086 914 1123 vacuo
946 1072 1235 1123 nudantur
1264 1072 1481 1123 honore
1514 1071 1769 1139 profana,

326 1160 676 1229 Illorumque
706 1158 935 1223 cadunt,
973 1175 1219 1228 quorum
1248 1175 1472 1212 crevere
1502 1159 1717 1213 labore.

328 1248 465 1301 Inde
499 1247 595 1300 ubi
621 1247 752 1299 fana
774 1250 968 1310 ruunt,
1002 1247 1084 1298 vir
1113 1252 1337 1300 sanctus
1370 1248 1587 1317 templa
1618 1248 1913 1315 reformat,

330 1335 592 1389 Basilicas
622 1340 872 1388 statuens
901 1339 957 1387 et
986 1336 1229 1388 claustra
1260 1336 1746 1390 monasteriorum
1774 1354 1787 1401 ;

330 1422 635 1477 Perfidiam
665 1422 797 1475 fidei
828 1422 1127 1475 contundit
1155 1423 1417 1475 acumine
1448 1422 1579 1476 fido.

332 1511 375 1563 Ο
402 1526 575 1580 quam
607 1525 816 1579 magna
846 1510 965 1561 viro
991 1526 1255 1562 concessa
1285 1514 1368 1562 est
1398 1509 1581 1579 gratia
1604 1510 1786 1578 justo,

332 1597 699 1667 Multiplicem
735 1597 944 1650 meruit
974 1597 1221 1650 fructum
1249 1598 1347 1667 qui
1380 1597 1638 1666 germine
1670 1599 1737 1652 ab
1773 1616 1887 1653 uno
1915 1599 1925 1652 l

331 1687 523 1739 Incola
548 1685 771 1738 viviﬁco
803 1689 1057 1737 sacratur
1084 1685 1243 1738 fonte
1272 1701 1598 1750 renascens,

334 1775 610 1827 Prmelara
641 1772 901 1826 Ecclesiae
932 1774 1220 1843 praecelsm
1254 1774 1464 1827 muenia
1494 1779 1751 1844 surgunt.

334 1862 487 1915 Felix
517 1861 612 1914 ille
639 1861 846 1925 obitus,
880 1860 1120 1914 moritur
1149 1878 1261 1931 quo
1292 1863 1541 1932 plurima
1570 1864 1772 1931 pestis;

336 1950 447 2004 Sed
475 1954 667 2003 tamen
698 1950 795 2002 illa
827 1951 980 2002 salus
1017 1952 1263 2003 multum
1294 1950 1514 2002 felicior
1546 1954 1743 2015 exstat,

335 2039 455 2101 Qua
486 2042 755 2107 surgente
788 2054 901 2090 uno
934 2038 1126 2106 plures
1154 2039 1213 2090 in
1243 2039 1411 2091 corde
1445 2044 1773 2107 resurgunt.

338 2127 469 2180 Haec
496 2130 599 2193 est,
633 2126 693 2178 ni
721 2126 906 2193 fallor,
939 2126 1102 2178 celsa:
1135 2126 1373 2178 mutatio
1406 2126 1637 2178 dextrae.

335 2214 545 2269 Crescit
574 2229 735 2267 amor
755 2214 977 2279 Sancto,
1006 2214 1237 2266 laudum
1265 2213 1571 2267 celebratio
1605 2214 1849 2282 Christo,

339 2303 513 2372 Cujus
544 2302 602 2355 in
636 2302 851 2355 auxilio
882 2302 1018 2355 dum
1050 2301 1284 2354 verbum
1315 2301 1586 2371 prmdicat
1616 2303 1773 2355 omni

340 2393 404 2445 In
434 2391 671 2460 populo,
704 2390 964 2443 fmcunda
991 2406 1148 2459 seges
1180 2390 1247 2443 de
1279 2391 1492 2459 cespite
1524 2406 1783 2458 surgens,

342 2478 550 2532 Reddit
581 2478 961 2546 centuplicem
994 2477 1267 2530 virtutum
1299 2477 1559 2546 gramine
1590 2479 1833 2546 frugem.

414 2569 464 2618 5.
497 2566 570 2619 Te
615 2581 801 2634 neque
848 2564 1175 2633 Apostolica
1222 2581 1516 2634 nunquam
1546 2571 1785 2633 purgata
1826 2566 2030 2632 securi,

339 2658 418 2708 Ac
448 2653 581 2707 fidei
612 2653 798 2717 sulcis,
832 2653 947 2705 ullo
981 2669 1166 2723 neque
1200 2669 1433 2707 vomere
1470 2654 1639 2717 culta,

342 2742 717 2795 Pertransisse
750 2741 935 2794 virum
968 2742 1177 2805 doleas,
1212 2741 1494 2795 Sclavinia
1527 2744 1719 2794 tellus.

342 2829 498 2882 Sicut
526 2845 695 2881 avaro
726 2830 937 2881 etenim
971 2844 1101 2882 cum
1138 2834 1294 2881 muta
1328 2830 1570 2898 pecunia
1599 2831 1819 2897 crescit,

343 2916 556 2970 Crescit
594 2932 778 2983 amor,
816 2933 1219 2987 summamque
1251 2918 1461 2970 famem
1492 2919 1797 2988 completio
1828 2920 2007 2989 gignit

341 3004 430 3058 Sic
460 3004 570 3069 hic,
601 3005 647 3056 si
670 3005 834 3056 liceat
858 3004 1028 3056 fatuis
1055 3005 1311 3058 conferre
1341 3005 1610 3074 benigna,

344 3093 627 3153 Crescere,
660 3107 774 3161 quo
807 3092 1001 3155 crevit,
1037 3092 1313 3145 virtutum
1349 3093 1504 3145 lucra
1536 3093 1816 3147 bonarum

347 3180 717 3233 Accumulare
745 3195 971 3249 parans,
1001 3184 1057 3231 et
1088 3180 1309 3232 avarior
1340 3181 1586 3250 amplius
1616 3186 1855 3235 exstans.

348 3266 610 3320 Partibus
639 3271 693 3318 et
725 3266 917 3318 multis
950 3282 1079 3320 cum
1108 3283 1303 3337 sparso
1342 3269 1561 3321 semine
1592 3269 1753 3322 verbi

344 3355 616 3423 Surgeret
642 3354 777 3407 hinc
810 3359 980 3424 atque
1006 3355 1140 3407 hinc
1172 3356 1416 3409 feliciter
1444 3356 1655 3425 inclyta
1688 3358 1907 3423 messis,

344 3442 635 3512 Comperit
666 3442 923 3495 astrictos
954 3443 1177 3497 Sclavos
1214 3460 1406 3497 errore
1440 3444 1655 3497 inimici
1690 3463 1702 3498 :

342 3532 464 3594 Quo
496 3547 554 3583 se
586 3530 923 3599 martyrium
956 3548 1059 3601 pro
1093 3532 1312 3585 Christo
1348 3549 1513 3601 posse
1540 3534 1751 3587 mereri

342 3618 645 3672 Confidens
677 3618 934 3685 Sanctus,
969 3620 1266 3689 glacialem
1296 3621 1521 3674 transiit
1551 3631 1575 3655 ³
1608 3623 1829 3677 Istrum.

342 3707 550 3776 Incipit
580 3712 637 3759 et
662 3707 855 3775 glebas
885 3708 1042 3761 duras
1069 3709 1437 3777 proscindere
1470 3716 1659 3775 terrm,

342 3797 475 3849 Inde
506 3796 795 3865 Evangelii
829 3812 1021 3849 semen
1060 3797 1339 3866 dispergit
1375 3799 1612 3868 ubique,

344 3886 449 3937 Per
480 3884 618 3948 loca,
654 3899 869 3952 perque
899 3884 1116 3950 domos,
1142 3901 1243 3953 per
1266 3901 1397 3937 rura
1429 3892 1484 3938 et
1504 3886 1750 3955 compita
1774 3887 1995 3955 jactans
2022 3903 2034 3952 ;

345 3970 549 4024 Fundit
578 3986 757 4039 aquas
786 3970 947 4023 siccis
978 3973 1197 4040 superis
1232 3973 1300 4026 de
1334 3973 1587 4026 fontibus
1620 3974 1789 4040 arvis,

346 4058 632 4127 Suggerit,
665 4058 941 4133 immittit,
974 4060 1283 4125 concludit,
1318 4062 1612 4130 compluit,
1646 4061 1843 4114 ambit.

345 4145 434 4197 Nil
464 4146 610 4198 facto
642 4150 919 4214 superest,
953 4148 1103 4216 quod
1137 4148 1373 4217 dignum
1409 4148 1586 4214 duxit,
1620 4150 1930 4218 agendum.

343 4232 396 4284 Is
426 4237 619 4285 tamen
650 4238 716 4285 ut
744 4238 994 4301 segetem
1021 4235 1191 4303 pleno
1224 4252 1340 4287 non
1372 4237 1630 4305 gramine
1668 4237 1810 4289 votis

346 4321 710 4390 Respondere
740 4321 892 4373 videt
924 4323 1193 4391 propriis,
1228 4339 1565 4393 cassumque
1594 4325 1845 4378 laborem

343 4409 411 4462 Se
439 4408 586 4461 saxis
619 4408 829 4462 inferre
859 4408 1074 4473 dolens,
1110 4410 1328 4463 resilire
1360 4416 1673 4463 retrorsum

344 4497 593 4551 Ccrnens
619 4497 990 4567 Conspicuum
1014 4498 1231 4551 ferrum
1261 4499 1533 4552 sulcantis
1566 4498 1767 4565 aratri;

343 4586 450 4638 Per
478 4599 837 4653 vacuumque
868 4591 1030 4639 tuens
1064 4586 1123 4638 in
1153 4586 1333 4654 spinis
1366 4602 1625 4656 quaerere
1656 4602 1918 4653 messem,
1990 4602 1993 4603 '

344 4672 709 4742 Martyriique
737 4673 894 4741 piam
926 4690 1030 4727 nec
1059 4675 1309 4743 palmam
1344 4674 1625 4744 prendere
1657 4690 1856 4743 posse;

341 4760 427 4814 Ad
452 4761 715 4831 proprias
744 4762 955 4815 iterum
987 4762 1213 4816 Christo
1244 4769 1329 4815 est
1358 4763 1663 4815 comitante
1696 4778 1954 4815 reversus

343 4850 540 4902 Pastor
566 4855 621 4902 et
649 4866 831 4919 agnus
860 4866 1010 4915 oves,
1044 4851 1235 4903 ovium
1265 4851 1377 4903 dux
1409 4851 1529 4919 ipse
1559 4865 1824 4915 suarum;

344 4938 424 4991 Ne
454 4943 647 4991 tamen
678 4938 962 4991 incassum
990 4943 1175 4991 tantos
1205 4938 1418 4991 fudisse
1447 4938 1667 4990 labores

341 5025 641 5092 Poeniteat,
674 5026 1029 5095 longumque
1064 5026 1174 5079 iter
1198 5031 1573 5095 properanter
1602 5026 1803 5079 adisse.

409 5156 433 5180 ⁸
460 5147 519 5200 Id
552 5152 637 5218 est
666 5147 1007 5218 Danubium.
1036 5149 1112 5201 De
1134 5148 1341 5201 Sclavis
1370 5164 1540 5218 supra
1572 5152 1781 5201 actum.

408 5219 435 5258 Ι)
470 5217 681 5281 Marka,
741 5217 1115 5270 Teutonicum
1176 5217 1541 5286 vocabulum,
1596 5219 1834 5271 limitem
1894 5233 2030 5285 pro-

338 5286 537 5357 vinciae
568 5287 854 5355 signiﬁcat
887 5304 899 5339 :
932 5289 1087 5356 quod
1120 5290 1330 5357 saepius
1357 5289 1565 5357 legitur
1592 5290 1651 5341 in
1676 5288 1880 5341 Annal.
1909 5288 2033 5339 Ful-

339 5354 496 5425 dens.
550 5354 671 5408 aevo
712 5354 1269 5425 Milonis—scriptis:
1322 5354 1587 5412 videlicet
1634 5360 1704 5411 ad
1753 5374 1843 5411 an.
1902 5360 2028 5423 788,

344 5424 463 5485 827,
500 5426 621 5489 861,
655 5430 760 5479 etc.
810 5427 971 5489 Quod
1014 5424 1351 5481 vocabulum
1396 5435 1694 5481 extensum
1740 5430 1807 5481 ad
1852 5432 2030 5481 totam

343 5492 621 5546 ditionem
653 5496 735 5547 vel
768 5498 1121 5564 provinciam
1164 5498 1595 5566 significandam
1627 5514 1640 5549 :
1675 5499 1803 5551 hinc
1833 5498 2029 5566 plures

1543 237 1826 295 MILONIS
1864 239 2177 295 MONACHI
2218 240 2269 293 S.
2310 239 2579 293 AMANDI
3764 238 3843 289 93':

2052 373 2098 423 A
2127 370 2238 422 Nec
2269 368 2517 438 quivisse
2543 368 2818 438 aliquem,
2850 369 2937 421 vel
2970 384 3235 437 parvum,
3271 383 3520 422 sumere
3572 366 3849 431 fructum;

2124 458 2370 510 Paucula
2400 473 2579 527 grana
2609 458 2803 527 legens
2835 458 3161 511 coelestibus
3195 458 3407 512 indidit
3434 456 3721 510 horreis.

2196 585 2247 635 6.
2292 583 2365 635 Te
2417 597 2667 651 quoque,
2700 585 2893 635 sancte
2933 582 3117 648 Sator,
3162 582 3301 635 dum
3344 599 3449 636 nos
3500 578 3858 633 comitamur

3480 669 3801 741 [euntem.

2126 763 2306 829 Atque
2337 762 2500 810 tuum
2533 757 2832 827 sequimur
2862 758 3085 812 felicem
3115 759 3369 811 carmine
3398 772 3699 821 cursum,

2128 850 2395 917 Ignotum
2426 848 2736 899 transimus
2762 846 2892 912 iter,
2929 863 3194 900 sermone
3224 852 3522 910 meantes,

2128 937 2251 999 Quo
2288 935 2479 987 nullus
2512 935 2717 987 missus
2744 934 2979 988 milleno
3012 952 3075 987 ex
3108 936 3339 1005 agmine
3368 938 3591 989 Iesum

2130 1023 2418 1075 Vivilicam
2447 1022 2586 1091 jecit
2615 1038 2787 1076 cornu
2818 1028 3090 1076 curvante
3118 1024 3409 1093 sagittam.

2130 1113 2254 1165 Non
2286 1115 2506 1179 Petrus,
2540 1111 2748 1165 Paulus
2778 1127 2965 1181 neque
2997 1112 3438 1164 seminiverbius
3466 1112 3665 1176 olim,

2131 1199 2369 1267 Propter
2392 1214 2535 1267 opus
2563 1197 2791 1250 solitum
2828 1198 3014 1251 veraci
3046 1214 3240 1251 errore
3274 1204 3535 1251 vocatus.

2131 1286 2306 1338 Nemo
2337 1285 2481 1338 alius
2515 1284 2716 1338 validis
2742 1301 3077 1355 quanquam
3108 1285 3363 1338 conﬁsus
3397 1286 3455 1338 in
3488 1286 3709 1338 armis

2131 1372 2360 1441 Cupidis
2394 1372 2661 1426 eximiam
2688 1373 2923 1441 jactavit
2951 1388 3192 1426 acumen
3225 1373 3285 1426 in
3316 1373 3499 1425 illam.

2130 1461 2424 1514 Servatum
2470 1460 2697 1513 tibimet
2732 1460 2829 1513 sed
2876 1460 2985 1513 hoc
3030 1464 3345 1525 certamen,
3379 1460 3706 1523 Amande,
3748 1467 3868 1512 est:

2131 1550 2369 1617 Quoque
2395 1549 2537 1618 jugo
2568 1548 2739 1616 Regis
2767 1548 2993 1617 regidos
3025 1564 3143 1601 non
3175 1549 3423 1601 subdere
3457 1548 3692 1618 quisti,

2064 1661 2103 1713 Β
2134 1636 2232 1688 Ille
2261 1651 2424 1688 amor
2454 1636 2572 1687 haec
2602 1634 2820 1699 tenuit;
2857 1635 2979 1688 haec
3006 1635 3167 1687 duxit
3198 1636 3443 1688 honesta
3468 1638 3791 1688 voluntas.

2136 1724 2427 1786 Quatenus
2455 1723 2524 1775 ad
2560 1723 2867 1776 Dominum
2898 1723 3159 1792 perfusus
3192 1724 3349 1777 fonte
3377 1725 3620 1777 cruoris

2138 1812 2546 1865 Victus‘morte
2583 1812 2835 1882 quidem,
2868 1812 2966 1865 sed
3000 1812 3177 1865 victor
3204 1829 3404 1865 amore
3431 1814 3700 1866 redires.

2136 1900 2330 1963 Qualis
2360 1900 2503 1953 forte
2532 1904 2695 1953 tuum
2729 1900 2868 1952 texit
2898 1901 3215 1953 constantia
3244 1900 3483 1970 pectus?

2138 1988 2333 2052 Qualis
2358 1992 2415 2041 et
2444 1988 2717 2041 invictum
2748 1988 3004 2040 retinens
3041 1989 3277 2041 audacia
3308 1990 3488 2041 robur

2141 2076 2291 2129 Fecit
2316 2075 2375 2129 in
2405 2076 2661 2146 ignotam
2693 2076 2987 2145 regionem
3020 2077 3255 2129 tendere
3288 2093 3548 2145 gressum
3574 2076 3609 2129 Τ

2143 2165 2220 2216 De
2251 2180 2363 2233 qua
2392 2180 2497 2233 pro
2528 2164 2695 2217 donis
2723 2164 3029 2217 veniebant
3058 2165 3296 2218 vulnera
3332 2166 3588 2229 Francis,

2142 2252 2258 2304 Rex
2290 2252 2498 2321 quibus
2527 2268 2822 2306 armorum
2854 2252 3040 2306 valido
3079 2253 3399 2305 munimine
3431 2259 3645 2322 septus

2138 2341 2318 2408 Terga
2351 2340 2522 2393 dabat
2554 2340 2779 2409 fugiens
2813 2341 3024 2393 Franco
3058 2341 3364 2394 comitante
3396 2342 3618 2403 feroce,

2141 2428 2222 2479 Tu
2253 2426 2401 2480 socio
2432 2428 2553 2479 sine
2587 2430 2611 2468 b
2646 2428 2846 2480 marka
2876 2438 2895 2459 ο
2924 2427 3221 2497 clusasque
3254 2429 3481 2481 ruebas.

2143 2515 2251 2568 Sed
2273 2514 2415 2568 mihi
2446 2531 2632 2585 parce,
2660 2514 2893 2583 precor,
2918 2516 3071 2585 quod
3100 2516 3357 2568 servulus
3389 2516 3573 2569 audeo
3602 2516 3853 2585 supplex

2142 2604 2486 2673 Suppliciter
2516 2609 2701 2655 tecum
2735 2604 3037 2673 querulam
3068 2604 3328 2657 conferre
3362 2606 3693 2674 loquelam.

2144 2695 2219 2744 Ac
2252 2692 2437 2743 votiva
2468 2693 2552 2744 tui
2582 2692 2767 2744 devoti
2800 2692 3007 2744 sumito
3043 2697 3191 2757 vota,

2144 2781 2280 2833 Inde
2314 2780 2623 2849 palatinam
2654 2780 2788 2849 quia
2820 2796 2972 2832 nunc
3003 2780 3285 2832 intramus
3314 2779 3376 2831 in
3408 2780 3630 2845 aulam,

2146 2869 2405 2938 Respice,
2434 2869 2657 2935 Sancte,
2699 2884 2900 2938 precor
2931 2884 3021 2921 me
3066 2883 3219 2920 nunc
3249 2867 3557 2920 miseratus
3587 2871 3848 2919 euntem.

2017 2959 2032 2987 ’
2075 2934 2115 2987 ί)
2150 2957 2338 3027 Dirige
2367 2962 2427 3009 tu
2460 2957 2763 3022 calamum,
2796 2972 2868 3009 ne
2898 2960 3128 3025 promat
3159 2955 3379 3019 inania,
3414 2962 3708 3019 nostrum,

2147 3046 2244 3109 Ne,
2279 3046 2414 3098 dum
2452 3045 2556 3097 rite
2589 3050 2717 3098 tuos
2744 3046 3009 3115 cupimus
3038 3060 3272 3098 narrare
3299 3044 3651 3113 triumphos,

2146 3133 2372 3187 Offensa
2398 3133 2648 3185 inveniat
2677 3133 2886 3203 regalis
2920 3135 3078 3203 virga
3108 3133 3412 3199 locellum;

2150 3224 2267 3275 Huc
2297 3221 2549 3274 fraterna
2576 3221 2777 3275 cohors
2816 3222 3080 3290 precibus
3108 3237 3383 3275 concurre
3414 3221 3673 3274 canenti.

2218 3365 2268 3415 7.
2308 3362 2423 3415 Rex
2455 3361 2801 3431 Dagobertus
2833 3366 2972 3429 erat,
3011 3363 3378 3425 Francorum,
3419 3366 3477 3413 et
3508 3361 3647 3429 jura
3695 3365 3839 3412 tene-

2146 3449 2251 3502 Sed
2278 3450 2530 3502 tumidus
2562 3450 2747 3519 rigida
2782 3451 3026 3519 populos
3060 3449 3280 3501 ditione
3310 3448 3636 3517 premebat,
3685 3448 3797 3516 ibat
3828 3464 3837 3495 ;

2148 3536 2369 3605 Quique
2402 3538 2693 3607 potestatis
2724 3537 3053 3607 praecellens
3074 3536 3327 3589 culmine
3358 3541 3619 3599 cunctos,

2148 3624 2253 3686 Qui
2287 3629 2416 3677 ante
2448 3626 2634 3695 ipsum
2669 3629 2952 3694 sceptrum
2988 3628 3219 3694 gentem
3252 3630 3489 3676 tenuere
3522 3639 3631 3692 per
3660 3624 3835 3683 illam;

2148 3711 2508 3781 Principibus
2539 3714 2737 3777 durus,
2770 3711 2921 3765 vitiis
2952 3713 3238 3781 subjectus
3267 3713 3559 3776 alumnus,

2146 3800 2408 3868 Turpiter
2438 3800 2680 3852 obsceno
2707 3800 2843 3852 luxu
2875 3801 3189 3852 maculatus
3224 3799 3434 3868 ubique

2150 3886 2408 3939 Infusum
2438 3887 2670 3940 Veneris
2702 3888 2965 3957 portabat
2995 3888 3053 3939 in
3086 3888 3307 3939 ossibus
3339 3887 3554 3955 ignem.

2149 3975 2228 4027 Ne
2255 3980 2445 4027 tamen
2479 3975 2538 4026 in
2574 3990 2752 4027 messe
2785 3976 2889 4027 hac
2919 3975 3095 4043 spinae
3123 3976 3487 4043 compunctio
3517 3980 3734 4045 surgat,

2147 4065 2225 4114 Ac
2254 4068 2504 4130 emptum
2535 4064 2800 4132 deturpet
2832 4078 2994 4131 opus,
3037 4063 3317 4115 caussatio
3354 4069 3556 4125 cesset,

2150 4151 2273 4203 Non
2306 4151 2433 4202 tulit
2462 4151 2566 4203 hos
2594 4150 2923 4219 similesque
2959 4151 3161 4204 modos
3189 4151 3512 4203 constantia
3544 4152 3729 4204 nostri

2076 4239 2117 4290 D
2146 4237 2455 4303 Pontificis,
2494 4237 2796 4307 querulam
2824 4238 2917 4290 sed
2954 4238 3233 4307 prompsit
3265 4244 3418 4290 mota
3448 4239 3765 4308 loquelam;

2149 4331 2259 4383 Nec
2286 4327 2478 4381 timuit
2508 4326 2757 4379 renitens
2786 4326 2921 4379 saevi
2956 4326 3246 4379 mucronis
3276 4341 3551 4391 acumen;

2146 4418 2208 4469 In
2240 4414 2435 4468 multis
2462 4414 2657 4466 didicit
2686 4412 2820 4481 quia
2852 4412 3035 4464 victor
3060 4412 3236 4466 ﬁdere
3270 4412 3461 4477 bellis;

2147 4504 2258 4557 Nec
2286 4501 2538 4570 pavitare
2567 4499 2753 4553 ferum
2783 4504 3010 4551 terreno
3044 4499 3102 4551 in
3134 4500 3285 4567 Rege
3318 4499 3601 4563 furorem,

2146 4592 2325 4655 Quem
2356 4588 2445 4641 his
2478 4602 2810 4657 aggressum
2844 4586 3064 4639 studuit
3096 4586 3323 4655 pulsare
3354 4585 3601 4655 loquelis
3636 4600 3651 4639 :

2145 4678 2368 4732 Scilicet
2392 4674 2594 4730 aeterni
2634 4674 2679 4727 si
2714 4674 2913 4727 limina
2947 4679 3181 4743 tangere
3218 4672 3382 4741 regni

2145 4766 2399 4829 Curaret,
2433 4762 2673 4816 meliora
2703 4778 2820 4814 suae
2848 4761 3188 4814 commercia
3223 4760 3352 4811 vita).

2143 4852 2393 4906 Crimine
2421 4854 2641 4903 semoto
2673 4848 2877 4912 facere,
2913 4863 2984 4900 ne
3016 4848 3160 4900 forte
3192 4847 3458 4915 repulsus

2141 4937 2204 4989 In
2235 4937 2403 4989 chaos
2435 4936 2645 4989 inferni
2677 4936 2956 4989 scelerum
3002 4939 3286 4987 tormenta
3317 4932 3551 4985 subiret.

2143 5025 2205 5076 Et
2236 5023 2371 5094 quia
2400 5028 2532 5075 sunt
2563 5023 2783 5077 stimuli
2809 5023 3095 5091 justorum
3130 5020 3300 5073 verba
3330 5018 3625 5087 malignis,

2141 5146 2364 5207 Markai,
2419 5161 2520 5198 seu
2570 5147 2768 5198 Marem
2804 5144 2863 5197 in
2905 5142 3209 5198 Germania
3256 5147 3312 5194 et
3351 5141 3551 5205 Italia;
3596 5145 3653 5193 et
3692 5142 3805 5192 Prae-

2139 5217 2267 5269 fecti
2302 5216 2583 5268 limitanei
2614 5215 2843 5268 Markisi
2874 5221 2929 5267 et.
2959 5212 3303 5266 Marchiones
3336 5212 3496 5263 dicti.

2210 5288 2427 5341 cClusae
2484 5291 2615 5339 sunt
2672 5284 2949 5353 angustiae
3008 5284 3291 5347 adituum,
3356 5297 3488 5350 qua:
3532 5281 3805 5353 regionem

2139 5357 2405 5425 aperiunt
2441 5362 2498 5409 et
2536 5350 2829 5408 claudunt.
2880 5355 3045 5423 Apud
3092 5353 3499 5425 Eginhardum‘
3526 5350 3587 5403 in
3631 5352 3802 5425 Annal.

2140 5422 2208 5479 ad
2242 5443 2331 5479 an.
2368 5430 2467 5479 817
2498 5443 2509 5478 :
2544 5425 2853 5479 Bernartius
2883 5422 2980 5477 m
3011 5425 3184 5477 Italia:
3216 5437 3394 5475 omnes
3426 5422 3631 5485 aditus,
3672 5423 3726 5473 id
3749 5428 3803 5474 cst

2137 5498 2341 5561 clusas,
2376 5496 2571 5563 quibus
2602 5498 2659 5547 in
2691 5498 2911 5551 Italiam
2943 5496 3151 5559 aditur,
3178 5492 3460 5561 praesidiis
3484 5492 3742 5561 ﬁrmarit.
