3868 6228
96 330 195 378 053
1286 328 1375 382 DE
1414 326 1580 381 VITA
1620 330 1629 379 ε

1922 326 2006 380 DI.
2031 356 2097 363 —
2124 326 2250 379 LIB.
2296 326 2389 379 IlI.
3502 323 3600 372 954

97 461 215 514 Mox
247 466 321 515 ut
354 463 510 516 dicta
539 463 735 517 furens
762 463 995 517 arrectis
1026 462 1260 516 auribus
1289 462 1495 527 hausit,

96 551 226 602 lure
262 550 445 605 licere
478 551 587 605 sibi
619 552 874 620 cupiens,
912 550 1194 621 quidquid
1222 550 1497 614 libuisset,

102 637 377 692 Derisum
410 640 661 708 graviter
692 641 990 692 Doctorem
1015 638 1170 707 justa
1203 641 1535 690 monentem

102 726 362 794 Repulit,
400 744 461 780 ac
491 727 592 780 tali
622 727 876 780 viduavit
904 725 1129 795 hospite
1161 742 1422 793 regnum.

101 812 331 882 Quique
368 816 631 885 repulsus
653 814 792 879 abit,
826 814 1134 868 Dominum
1162 830 1391 884 quoque
1426 813 1697 867 Gentibus
1730 812 1813 865 in-

1660 902 1807 970 [fert.

786 1007 1011 1061 CAPUT
1051 1009 1145 1062 III.

106 1130 341 1183 Retslitus
378 1132 434 1186 S.
477 1132 722 1185 Amandi
751 1134 818 1185 ab
850 1134 1063 1186 exsilio.
1091 1135 1400 1201 Baptismus
1433 1133 1488 1187 S.
1525 1133 1806 1199 Sigcberti.

172 1256 225 1305 8.
268 1255 345 1306 Et
371 1271 705 1324 quanquam
740 1255 1009 1325 Princeps
1040 1256 1217 1323 regali
1250 1272 1279 1307 a
1314 1257 1531 1308 semine
1558 1258 1733 1324 jactet

106 1342 165 1394 ln
197 1342 417 1409 triviis,
444 1348 639 1395 tamen
672 1343 801 1395 huic
833 1343 1005 1413 prolis
1036 1360 1149 1395 non
1182 1344 1363 1411 surgit
1394 1343 1595 1408 arista;

109 1429 171 1481 .\'i
204 1431 449 1481 veniant
480 1431 630 1482 sicco
662 1430 826 1483 stilla:
854 1431 923 1483 de
956 1430 1203 1483 nubibus
1234 1447 1385 1483 arvo.

105 1518 271 1580 Quod
302 1524 501 1570 tamen
534 1523 596 1569 ut
618 1519 849 1571 tandem
883 1520 1070 1588 potuit
1101 1535 1465 1587 cognoscere,
1498 1522 1735 1590 supplex

104 1604 408 1657 Auxilium
445 1606 665 1674 superis
699 1622 731 1657 a
762 1606 987 1659 sedibus
1022 1608 1254 1673 expetit,
1289 1624 1457 1659 orans

110 1692 175 1741 Lit
204 1691 325 1743 sibi
356 1697 640 1757 nascatur,
675 1708 789 1762 quo
820 1697 947 1760 post
979 1709 1080 1744 sua
1115 1698 1335 1762 sceptra
1365 1699 1653 1761 regantur.

109 1778 298 1831 Dante
334 1780 447 1832 Deo
479 1780 711 1845 meruit,
743 1780 893 1849 quod
926 1796 1087 1832 mens
1117 1782 1317 1834 devota
1349 1781 1565 1850 petivit.

108 1867 363 1919 Nuntius
398 1873 459 1920 ut
487 1868 745 1936 gaudens
778 1868 1065 1936 regalibus
1098 1868 1293 1921 intulit
1322 1870 1490 1937 aulis,

109 1953 277 2015 Quod
310 1971 459 2026 puer
488 1957 557 2009 ad
590 1956 777 2009 lucem
810 1962 1068 2009 materna
1098 1958 1315 2025 prodiit
1347 1958 1501 2021 alvo;

111 2043 409 2097 Laudibus
439 2048 494 2096 et
522 2044 672 2097 votis
704 2050 995 2097 auctorem
1031 2046 1203 2113 prolis
1233 2046 1453 2097 adorat.

112 2130 213 2181 llla
246 2135 442 2183 tamen
472 2136 727 2184 mentem
762 2133 951 2185 laetam
987 2133 1267 2185 cunctatio
1296 2134 1508 2197 adurit,

112 2218 329 2272 Debeat
359 2220 422 2271 in
452 2224 649 2272 sancto
681 2221 776 2288 qui
809 2220 966 2273 fonte
1001 2222 1184 2273 levare
1214 2222 1491 2289 puellum.

118 2307 181 2359 Ut
214 2307 365 2359 redit
395 2308 465 2360 ad
502 2313 683 2359 semet
710 2308 931 2377 captiva
961 2309 1242 2360 memoria
1266 2309 1455 2378 Regis.

114 2394 443 2447 Discursare
469 2395 637 2464 jubet
667 2397 876 2448 celeres
908 2412 1010 2464 per
1040 2412 1214 2465 regna
1249 2397 1542 2449 ministros
1576 2414 1587 2449 :

116 2488 191 2535 Ac
221 2484 495 2536 Sanctum
529 2488 734 2536 merito
768 2484 971 2537 adduci
1004 2484 1309 2537 demandat
1337 2485 1577 2538 honore.

116 2570 221 2632 Qui
254 2571 486 2623 tandem
512 2571 800 2637 inventus,
836 2572 1201 2640 monitusque
1234 2573 1443 2641 palatia
1474 2573 1650 2638 adire,

120 2659 287 2727 Regis
312 2660 433 2727 jam
461 2658 599 2711 dicti
629 2674 749 2711 sese
779 2658 1178 2727 conspectibus
1206 2659 1396 2725 infert,

119 2746 343 2815 Quique
373 2750 436 2799 ut
469 2746 664 2799 adesse
694 2746 881 2798 virum
907 2746 1109 2814 cernit,
1143 2763 1273 2799 mox
1305 2748 1493 2800 desilit
1522 2749 1636 2801 alto

124 2836 161 2887 E
191 2835 357 2898 solio,
388 2834 743 2903 rutilumque
773 2839 943 2903 caput
974 2835 1294 2889 diademate
1326 2841 1511 2899 terrae,

123 2924 319 2976 Stabat
348 2924 490 2976 forte
522 2924 609 2975 Pii
642 2939 753 2993 qua
784 2939 882 2991 pes
913 2928 1047 2977 tunc
1078 2924 1309 2993 pacifer,
1347 2930 1557 2994 zequat,

126 3013 421 3064 lntlectens
450 3011 703 3078 rigidum
734 3017 929 3064 sancta
954 3013 1023 3064 ad
1058 3013 1293 3082 vestigia
1320 3014 1561 3079 collum;

126 3100 382 3169 Purpura
412 3098 699 3167 pulvereis
731 3100 1111 3167 prosternitur
1140 3100 1271 3152 inde
1302 3101 1526 3163 favillis,

129 3189 481 3258 Linguaque,
516 3204 641 3257 qua:
677 3188 846 3239 variis
880 3188 1127 3241 dictabat
1151 3189 1283 3257 jura
1314 3190 1631 3257 phalangis.

126 3275 329 3339 Poscit,
361 3283 425 3329 ut
458 3276 715 3345 ignoscat
746 3277 927 3327 scelus
958 3276 1317 3344 indulgentia
1349 3282 1559 3329 sancta.

126 3367 192 3415 At
223 3363 376 3416 mitis
405 3364 613 3427 fuerat,
638 3363 729 3416 cui
759 3364 923 3417 dulce
956 3364 1250 3432 ignoscere
1283 3364 1512 3433 probra,

130 3452 276 3503 Felle
307 3468 524 3515 carens,
563 3453 779 3520 placide
806 3452 1022 3521 jugiter
1054 3452 1357 3505 dulcedine
1391 3454 1633 3516 fervens,

129 3539 305 3608 Ocyus
337 3556 367 3591 a
393 3545 548 3593 terra
570 3545 946 3609 prostratrum
982 3540 1037 3592 in
1069 3541 1302 3608 pulvere
1336 3542 1546 3610 Regem

128 3630 333 3695 Elevat,
368 3634 425 3681 et
456 3629 622 3681 citius
657 3628 960 3681 commissa
990 3629 1176 3697 piacla
1207 3630 1439 3682 relaxat.

195 3720 246 3768 9.
282 3716 729 3785 Alloquiturque
760 3714 965 3768 dehinc
1004 3715 1106 3769 hos
1137 3716 1406 3785 Princeps
1436 3716 1647 3770 famine
1675 3718 1815 3771 San-

1591 3806 1764 3875 [ctum
1803 3823 1816 3859 :

136 3892 389 3955 Pcenitet,
423 3891 595 3955 alme,
632 3894 811 3956 tuam,
845 3888 1073 3957 Doctor,
1102 3892 1379 3961 sprevisse
1408 3894 1696 3962 loquelam
1731 3910 1743 3946 :

139 3980 420 4049 Displicet,
466 3985 636 4048 atque
673 3995 803 4032 meo
868 3980 1021 4049 quod
1062 3981 1226 4048 jussu
1271 3981 1483 4051 injuria
1529 3981 1675 4035 facta
1714 3988 1814 4036 est.

136 4067 233 4121 Sed
268 4084 421 4121 nunc
451 4068 568 4133 illa,
602 4083 817 4136 precor,
850 4068 1075 4136 pietatis
1106 4070 1323 4121 viscera
1352 4070 1556 4124 cedant
1589 4087 1601 4123 :

137 4156 227 4208 Est
259 4171 511 4225 quoque,
542 4156 708 4207 dante
738 4156 870 4220 Deo,
900 4156 1191 4209 immerito
1222 4158 1366 4210 mibi
1397 4158 1547 4210 ﬁlius
1578 4175 1749 4227 unus,

136 4244 304 4306 Quem
338 4249 439 4296 tua
468 4248 759 4296 consecret
790 4249 983 4296 sancta
1014 4250 1077 4297 ut
1104 4244 1444 4307 benedictio,
1477 4262 1672 4315 posco;

136 4333 359 4385 Vivitico
392 4348 455 4384 ac
487 4331 691 4384 Christi
725 4331 978 4398 digneris
1005 4332 1162 4385 fonte
1196 4349 1425 4399 novare,

134 4421 308 4490 thue
340 4421 505 4473 illum
538 4420 739 4472 doceas
773 4420 965 4472 divina
993 4420 1119 4489 lege
1150 4421 1431 4489 Magister.

131 4509 318 4578 Tuque
350 4510 519 4561 Pater
549 4508 712 4576 pueri
740 4508 946 4560 merito
978 4508 1165 4561 dicare
1197 4509 1501 4575 secundus,

133 4597 263 4650 Dum
302 4596 493 4666 gignis
526 4596 779 4649 sobolem
813 4597 1086 4665 praeclaro
1113 4597 1341 4666 gemine
1370 4598 1563 4653 fontis.

130 4684 227 4738 Sed
261 4684 456 4749 Sacer,
488 4684 576 4735 his
609 4683 772 4736 dictis
802 4700 1027 4736 summo
1059 4686 1358 4738 conamine
1392 4686 1531 4741 fusis

130 4771 335 4836 Obstat,
371 4786 830 4823 commemorans
865 4771 972 4824 sibi
1013 4772 1238 4839 jussum
1285 4779 1348 4825 ut
1396 4774 1616 4826 semina
1657 4774 1813 4827 verbi

130 4859 450 4929 Spargeret,
484 4863 540 4910 et
571 4863 772 4927 gentes
804 4858 1163 4928 baptismatis
1189 4876 1356 4914 amne
1386 4865 1653 4927 sacraret,

130 4947 237 5000 Non
268 4946 375 4999 uni
408 4950 635 4999 tantum
666 4946 760 4999 sed
795 4947 989 4999 multis
1019 4948 1193 5000 affore
1225 4949 1481 5002 missum.

132 5035 444 5103 Egreditur,
479 5038 739 5085 remanet
769 5039 982 5087 cassata
1011 5034 1209 5104 petitio
1243 5036 1429 5106 Regis.

126 5122 257 5184 Quia
286 5138 404 5175 non
438 5121 619 5173 valuit
649 5125 1010 5190 contemptus
1038 5122 1171 5191 jura
1199 5125 1426 5189 mereri,

125 5210 364 5263 Credidit
393 5227 425 5263 a
459 5208 684 5278 proprii
718 5210 909 5261 lateris
942 5211 1270 5265 custodibus
1298 5213 1484 5282 ipsum

126 5298 513 5361 Flectendum,
546 5296 704 5349 misit
733 5298 952 5350 socialis
978 5299 1191 5351 amoris
1220 5300 1448 5362 amicos,

185 5436 204 5463 ι
243 5424 446 5489 Pipare
474 5419 768 5488 praecipue
802 5420 870 5473 de
897 5421 1125 5489 gallinis
1157 5422 1381 5475 dicitur.

124 5494 207 5614 S‘b
242 5492 737 5615 lt’quurch'anis,
774 5495 835 5543 ut
877 5492 1093 5545 dictum
1133 5508 1307 5561 supra
1347 5497 1404 5545 et
1445 5494 1512 5546 ad
1546 5493 1724 5545 Vitam
1757 5492 1807 5546 S.

157 5578 239 5631 ige
283 5577 345 5615 er
373 5578 412 5613 ι.

1844 465 1889 515 Α
1918 463 2096 516 Unam
2130 462 2379 514 animam
2431 461 2661 530 gemino
2692 460 2796 513 sub
2844 463 3074 529 pectore
3104 462 3170 511 ut
3200 473 3321 510 esse
3352 460 3601 527 putares,

1922 551 2212 604 Dadonem
2243 550 2405 602 illum
2442 549 2616 619 Eligio
2649 549 2957 601 comitante
2988 546 3273 615 benigno;

1921 639 1982 690 In
2016 637 2199 689 laicali
2224 637 2423 690 habitu
2450 654 2591 706 quos
2613 636 2887 705 Principis
2910 637 3041 688 aula
3070 634 3317 688 tenebat.

1922 726 2027 781 Sed
2060 732 2187 795 post
2220 726 2322 779 sub
2351 726 2587 793 pedibus
2622 730 2936 777 sternentes
2968 724 3133 775 labile
3167 722 3402 775 seclum.

1925 814 2192 867 Ecclesias
2218 815 2475 879 geminas
2509 814 2737 866 stabiles
2769 818 2955 865 texere
2986 813 3284 864 columna).

1922 903 2141 955 Inditus
2172 903 2266 955 ille
2301 902 2476 972 prior,
2510 901 2613 954 sub
2645 901 2806 969 cujus
2834 898 3165 968 pontiﬁcatu

1924 989 2137 1043 Floruit
2172 989 2229 1040 in
2258 988 2439 1040 titulis
2468 988 2819 1056 Rotomagus
2849 986 2997 1038 celsa
3028 984 3207 1037 beatis
3241 1000 3253 1036 :

1922 1078 2164 1146 Compar
2194 1083 2251 1129 et
2282 1077 2494 1146 Eligius
2526 1076 2718 1129 divino
2754 1090 2992 1127 munere
3022 1074 3219 1137 lectus,

1921 1167 2039 1229 Quo
2072 1166 2380 1219 Noviomus
2416 1169 2475 1216 ut
2506 1165 2640 1216 urbs
2671 1163 2892 1216 vivente
2923 1161 3186 1214 Antistite
3221 1159 3400 1224 fulsit,

1920 1255 2007 1307 Sic
2040 1255 2210 1306 micat
2241 1258 2296 1305 et
2328 1254 2549 1305 tumulo
2583 1251 2777 1304 multis
2808 1250 3114 1302 virtutibus
3145 1253 3329 1301 aucto.

1920 1343 2082 1394 Salva
2112 1342 2225 1394 tida
2254 1342 2413 1401 lides,
2448 1340 2581 1393 felix
2622 1339 2928 1391 concordia
2960 1340 3143 1400 aveto,

1924 1430 2223 1482 Pontiﬁces
2256 1428 2431 1480 sancti
2464 1427 2799 1479 meritorum
2833 1427 2957 1479 luce
2991 1424 3231 1485 corusci,

1923 1517 2043 1569 Non
2075 1516 2213 1567 milii
2244 1521 2357 1567 tam
2390 1515 2577 1566 tenuis
2607 1514 2673 1567 de
2706 1513 2863 1565 vobis
2894 1528 3080 1566 sermo
3114 1515 3349 1570 mearet,

1923 1603 1989 1656 Ni
2018 1619 2111 1655 vos
2145 1602 2480 1670 conspicuos
2512 1600 2713 1652 scirem
2747 1599 2994 1651 nutrisse
3020 1602 3241 1667 poetas,

1921 1692 2025 1754 Qui
2059 1696 2298 1759 possunt
2337 1689 2581 1741 trimoda
2606 1688 2763 1740 vobis
2793 1696 2816 1720 α
2846 1688 3043 1755 piparc
3076 1688 3367 1739 Camcuna.

1852 1755 1889 1806 Β
1922 1780 2119 1831 Nobile
2149 1783 2203 1831 et
2234 1777 2449 1830 auratis
2476 1792 2705 1829 carmen
2730 1782 2958 1828 cantare
2990 1774 3208 1827 cicutis.

1918 1869 2025 1919 Vos
2052 1874 2244 1919 tamen
2277 1882 2308 1918 o
2342 1871 2568 1918 nostros
2594 1864 2840 1933 petimus
2870 1864 3113 1915 revelato.
3142 1861 3380 1925 labores,

1920 1958 1986 2008 Et
2015 1961 2261 2023 ereptum
2294 1958 2513 2023 repetat
2539 1954 2660 2022 jam
2698 1952 2909 2020 linguas
2938 1952 3161 2019 guttula
3193 1964 3441 2002 cursum.

1992 2045 2072 2096 10.
2115 2044 2255 2111 Ergo
2292 2058 2484 2111 preces
2520 2041 2675 2093 missi
2707 2041 2909 2093 devoto
2943 2044 3171 2109 pectore
3203 2039 3470 2101 fundunt,

1919 2131 2195 2200 Principis
2222 2136 2283 2183 ut
2314 2130 2567 2182 sobolem
2598 2134 2815 2181 sacrato
2851 2129 3046 2181 deluat
3076 2143 3263 2189 amne,

1921 2220 2134 2273 Educet
2164 2224 2337 2287 atque
2370 2219 2532 2270 illum
2565 2232 2667 2285 per
2700 2216 2874 2269 libros
2905 2231 3031 2267 rore
3064 2214 3374 2282 nigrantes.

1921 2310 2029 2371 Qui
2059 2310 2105 2361 si
2137 2308 2281 2361 forte
2313 2323 2507 2376 preces
2541 2322 2654 2358 non
2688 2305 2965 2373 Principis
2995 2304 3211 2368 almuat
3242 2303 3394 2354 istas.

1922 2398 2100 2465 Hujus
2128 2395 2393 2449 amicitia:
2423 2395 2640 2447 tribuat
2666 2392 2993 2462 conjunctio
3020 2393 3264 2444 multum
3302 2407 3315 2443 :

1921 2485 2156 2537 Errante
2188 2485 2247 2536 in
2280 2484 2496 2552 populo
2532 2486 2593 2534 ut
2622 2482 2787 2534 liceat
2820 2487 3159 2550 conquirere
3193 2480 3435 2545 lucrum,

1922 2572 2195 2626 Gentibus
2226 2576 2280 2624 et
2312 2570 2508 2623 multis
2540 2570 2795 2622 divinum
2828 2584 3095 2637 spargere
3127 2568 3387 2620 verbum.

1921 2660 2167 2713 Assentit
2197 2659 2430 2712 tandem
2459 2659 2762 2710 charorum
2791 2656 3004 2709 famine
3034 2655 3213 2707 victus
3245 2671 3257 2707 :

1924 2748 2101 2800 Intrat
2131 2753 2187 2799 et
2218 2746 2427 2799 invitus
2459 2746 2785 2814 prmeelsam
2820 2744 2988 2813 Regis
3016 2744 3076 2795 in
3108 2743 3311 2805 aedem,

1921 2839 1945 2878 b
1978 2835 2241 2903 Clypiaco
2275 2834 2373 2903 qui
2410 2834 2505 2885 illo
2540 2833 2829 2885 residebat
2859 2838 3118 2901 tempore
3149 2830 3304 2882 villa.

1923 2924 2172 2977 Otfertur
2202 2938 2345 2990 puer
2374 2923 2505 2974 huic
2536 2922 2739 2973 alienis
2768 2926 2955 2972 vectus
2988 2920 3044 2972 in
3080 2918 3231 2971 ulnis

1852 3032 1891 3083 ρ
1928 3014 2045 3076 llle,
2080 3016 2280 3080 quater
2309 3010 2455 3063 deno
2486 3009 2575 3061 cui
2609 3010 2688 3061 sol
2716 3009 2835 3077 jam
2868 3006 3101 3060 fulserat
3133 3012 3283 3059 ortu.

1924 3100 2104 3163 Quem
2138 3099 2402 3152 manibus
2435 3098 2607 3149 sacris
2636 3102 2696 3149 ut
2728 3096 2970 3164 sumpsit
3005 3096 3309 3164 Episc0pus
3340 3094 3540 3151 almus.

1925 3190 1990 3242 Et
2020 3190 2144 3241 fusa
2174 3194 2257 3241 est
2284 3194 2560 3256 praestans
2595 3187 2776 3239 oratio
2810 3200 2965 3238 more
2996 3189 3189 3247 sueto;

1924 3282 1995 3331 At
2027 3278 2396 3345 consignatus
2425 3274 2848 3328 catechumenis
2889 3272 3102 3325 exstitit
3132 3271 3339 3333 infans,

1926 3368 1990 3419 Et
2023 3365 2202 3434 precis
2233 3366 2291 3416 in
2321 3366 2495 3416 tinem
2530 3365 2717 3415 nullus
2749 3377 3016 3430 responsa
3048 3358 3305 3411 referret.

1926 3456 2050 3507 Non
2079 3453 2311 3505 confusa
2342 3468 2551 3504 sonans
2584 3451 2743 3503 alliso
2776 3450 2947 3503 verba
2977 3448 3166 3517 palato
3192 3462 3205 3509 ;
3238 3440 3243 3445 ’

1923 3542 2028 3595 Sed
2064 3541 2227 3594 labiis
2258 3545 2314 3593 et
2343 3541 2493 3592 clara
2527 3555 2661 3591 voce
2690 3538 2919 3590 boando

1926 3629 2187 3683 Insonuit
2212 3628 2441 3697 populis
2474 3625 2812 3678 mirantibus
2846 3638 3017 3693 ocyus
3044 3638 3056 3674 :
3094 3625 3291 3674 Amen.

1926 3718 2059 3770 lnde
2090 3716 2363 3769 salutiferi
2394 3714 2747 3784 baptismatis
2780 3727 2947 3764 amne
2979 3714 3241 3771 novatus,

1928 3806 2179 3861 Viviﬁcis
2207 3805 2405 3859 retulit
2434 3802 2701 3873 Sigiberti
2732 3816 2945 3853 nomen
2976 3801 3046 3852 ab
3080 3796 3272 3860 undis,

1927 3899 2005 3949 Ac
2034 3900 2162 3964 post
2190 3893 2503 3947 Austrasias
2532 3890 2753 3943 domuit
2783 3888 3001 3941 ditione
3035 3891 3305 3939 catervas.

2006 3986 2086 4035 ll.
2130 3982 2229 4035 Hic
2258 3997 2505 4041 mecum,
2554 3980 2768 4043 Lector,
2808 3976 3041 4029 laudum
3084 3987 3357 4026 concurre
3406 3970 3611 4033 relatu,

1934 4072 2112 4126 Dicito
2143 4070 2423 4123 sermonis
2456 4068 2499 4120 si
2533 4068 2657 4120 fons
2694 4066 2796 4118 tibi
2829 4066 3017 4133 largus
3048 4061 3322 4125 abundat,

1932 4161 1999 4211 Et
2028 4159 2202 4229 guttis
2232 4158 2440 4227 pluviae
2474 4173 2530 4208 se
2564 4157 2774 4224 linguae
2800 4157 3095 4224 comparat
3126 4151 3329 4203 imber.

1930 4248 2066 4311 Quis
2100 4246 2288 4300 docuit
2322 4261 2584 4315 puerum,
2620 4244 2718 4313 qui
2748 4259 2945 4295 sensus
2975 4256 3167 4310 quasso
3199 4238 3373 4291 suasit

1858 4305 1900 4357 D
1926 4305 2197 4389 Rebraico
2230 4305 2420 4385 sonitu
2452 4305 2678 4401 ignotos
2710 4332 2967 4401 proferre
2994 4305 3021 4361 .6
3054 4329 3316 4381 fritillus?

1927 4424 2061 4487 Quis
2092 4423 2423 4493 pedagogus
2454 4438 2583 4474 eum
2615 4420 2717 4472 hac
2742 4420 2913 4487 jussit
2943 4434 3077 4470 voce
3112 4418 3299 4474 beare,

1923 4510 2102 4573 Quem
2132 4509 2353 4579 vagitus
2384 4510 2568 4563 adhuc
2591 4508 2794 4577 puerili
2836 4511 2998 4559 aestate
3020 4504 3285 4557 tenebat?

1924 4598 2137 4650 Enarra
2166 4598 2331 4665 mihi,
2364 4613 2586 4667 quaeso;
2619 4596 2777 4649 dedit
2808 4610 2933 4662 qua:
2966 4592 3157 4644 schola
3183 4590 3440 4657 loquelas

1922 4686 2194 4754 lgnaras?
2226 4685 2392 4739 docili
2428 4701 2540 4753 quo
2572 4684 2768 4736 floruit
2800 4683 2893 4734 ille
2925 4680 3226 4748 magistro!

1924 4773 2142 4827 Scutica
2166 4788 2281 4824 non
2314 4778 2541 4825 teneros
2572 4785 2826 4839 unquam
2860 4768 2971 4819 ulla
3007 4766 3224 4819 lacessit
3256 4769 3433 4827 artus,

1927 4863 2038 4914 Nec
2070 4860 2308 4929 graciles
2339 4858 2503 4928 digiti
2529 4873 2761 4926 parvam
2793 4861 3028 4909 tenuere
3062 4853 3333 4906 rebellam
3367 4868 3378 4903 :

1923 4951 1989 5003 Et
2013 4951 2129 5019 jam
2158 4947 2564 5017 grandiloquos
2596 4950 2826 5013 superat
2850 4943 3070 4995 ratione
3098 4942 3394 5010 sopbistas.

1921 5038 2165 5090 Vocibus
2198 5035 2448 5088 externis
2476 5034 2755 5102 loquitur,
2790 5031 3123 5099 spernitque
3161 5029 3402 5081 Latinas.

1919 5129 1960 5178 A
1991 5130 2195 5178 natura
2225 5123 2405 5175 docet.
2444 5123 2565 5175 Men
2596 5137 2724 5190 qua:
2754 5120 3039 5188 suggestio
3066 5116 3291 5170 fundit?

1922 5212 2033 5263 Hoc
2061 5215 2269 5273 musto,
2295 5226 2327 5260 o
2360 5208 2554 5262 Judasa
2586 5210 2769 5261 solens
2796 5222 3008 5269 errare,
3035 5206 3294 5258 calebant

1919 5298 2023 5361 Qui
2058 5302 2289 5349 cunctas
2318 5297 2564 5349 didicere
2597 5296 2751 5348 brevi
2783 5295 2886 5347 sub
2929 5299 3190 5363 tempore
3221 5293 3464 5361 linguas,

1990 5430 2009 5455 ο
2038 5421 2282 5497 Ρνίΐίζιιιε
2318 5421 2511 5474 tabula
2538 5424 2623 5472 est
2654 5418 2885 5473 lusoria.
2931 5418 3029 5471 Hic
3067 5418 3293 5472 videtur
3334 5416 3462 5470 Milo
3505 5432 3608 5484 pro

1920 5508 2058 5545 sono
2083 5506 2360 5560 acc1pere.
