  <div class='ocr_page' id='page_1' title='image "/cluster/home/n/w/nwhite01/storage/ocr_20150623/121/uva.x000827051/489.png"; bbox 0 0 3868 6228; ppageno 0'>
   <div class='ocr_carea' id='block_1_1' title="bbox 248 332 351 384">
    <p class='ocr_par' dir='ltr' id='par_1_1' title="bbox 248 332 351 384">
     <span class='ocr_line' id='line_1_1' title="bbox 248 332 351 384; baseline -0.019 0"><span class='ocrx_word' id='word_1_1' title='bbox 248 332 351 384; x_wconf 75' lang='grc'>955</span> 
     </span>
    </p>
   </div>
   <div class='ocr_carea' id='block_1_2' title="bbox 248 461 1514 531">
    <p class='ocr_par' dir='ltr' id='par_1_2' title="bbox 248 461 1514 531">
     <span class='ocr_line' id='line_1_2' title="bbox 248 461 1514 531; baseline 0.001 -16"><span class='ocrx_word' id='word_1_2' title='bbox 248 461 365 523; x_wconf 87' lang='lat' dir='ltr'>Hic,</span> <span class='ocrx_word' id='word_1_3' title='bbox 402 461 766 531; x_wconf 83' lang='lat' dir='ltr'>etymologia,</span> <span class='ocrx_word' id='word_1_4' title='bbox 796 465 930 515; x_wconf 88' lang='lat' dir='ltr'>tuus</span> <span class='ocrx_word' id='word_1_5' title='bbox 955 461 1325 516; x_wconf 84' lang='lat' dir='ltr'>confunditur</span> <span class='ocrx_word' id='word_1_6' title='bbox 1354 462 1514 530; x_wconf 83' lang='lat' dir='ltr'>ordo,</span> 
     </span>
    </p>
   </div>
   <div class='ocr_carea' id='block_1_3' title="bbox 250 548 1669 617">
    <p class='ocr_par' dir='ltr' id='par_1_3' title="bbox 250 548 1669 617">
     <span class='ocr_line' id='line_1_3' title="bbox 250 548 1669 617; baseline 0.001 -15"><span class='ocrx_word' id='word_1_7' title='bbox 250 548 444 603; x_wconf 88' lang='lat' dir='ltr'>Infans</span> <span class='ocrx_word' id='word_1_8' title='bbox 470 550 604 603; x_wconf 91' lang='lat' dir='ltr'>dum</span> <span class='ocrx_word' id='word_1_9' title='bbox 637 548 808 614; x_wconf 88' lang='lat' dir='ltr'>fatur,</span> <span class='ocrx_word' id='word_1_10' title='bbox 842 564 1053 603; x_wconf 87' lang='lat' dir='ltr'>nomen</span> <span class='ocrx_word' id='word_1_11' title='bbox 1084 549 1191 603; x_wconf 83' lang='lat' dir='ltr'>tibi</span> <span class='ocrx_word' id='word_1_12' title='bbox 1221 549 1441 603; x_wconf 90' lang='lat' dir='ltr'>tollitur</span> <span class='ocrx_word' id='word_1_13' title='bbox 1470 549 1623 604; x_wconf 86' lang='lat' dir='ltr'>istud</span> <span class='ocrx_word' id='word_1_14' title='bbox 1656 567 1669 617; x_wconf 92' lang='lat'><strong>;</strong></span> 
     </span>
    </p>
   </div>
   <div class='ocr_carea' id='block_1_4' title="bbox 252 636 1797 708">
    <p class='ocr_par' dir='ltr' id='par_1_4' title="bbox 252 636 1797 708">
     <span class='ocr_line' id='line_1_4' title="bbox 252 636 1797 708; baseline 0.001 -19"><span class='ocrx_word' id='word_1_15' title='bbox 252 638 327 689; x_wconf 88' lang='lat' dir='ltr'>Ne</span> <span class='ocrx_word' id='word_1_16' title='bbox 358 636 583 691; x_wconf 84' lang='lat' dir='ltr'>dubites</span> <span class='ocrx_word' id='word_1_17' title='bbox 613 637 832 690; x_wconf 85' lang='lat' dir='ltr'>asinam</span> <span class='ocrx_word' id='word_1_18' title='bbox 862 637 1134 691; x_wconf 91' lang='lat' dir='ltr'>stolidum</span> <span class='ocrx_word' id='word_1_19' title='bbox 1164 638 1514 708; x_wconf 82' lang='lat' dir='ltr'>increpuisse</span> <span class='ocrx_word' id='word_1_20' title='bbox 1548 638 1797 705; x_wconf 83' lang='lat' dir='ltr'>Balaam,</span> 
     </span>
    </p>
   </div>
   <div class='ocr_carea' id='block_1_5' title="bbox 252 725 1935 797">
    <p class='ocr_par' dir='ltr' id='par_1_5' title="bbox 252 725 1935 797">
     <span class='ocr_line' id='line_1_5' title="bbox 252 725 1935 797; baseline 0.002 -19"><span class='ocrx_word' id='word_1_21' title='bbox 252 725 369 778; x_wconf 86' lang='lat' dir='ltr'>Huc</span> <span class='ocrx_word' id='word_1_22' title='bbox 408 725 560 793; x_wconf 88' lang='lat' dir='ltr'>ades,</span> <span class='ocrx_word' id='word_1_23' title='bbox 601 726 706 779; x_wconf 90' lang='lat' dir='ltr'>hoc</span> <span class='ocrx_word' id='word_1_24' title='bbox 736 742 880 796; x_wconf 91' lang='lat' dir='ltr'>opus</span> <span class='ocrx_word' id='word_1_25' title='bbox 913 730 1000 779; x_wconf 91' lang='lat' dir='ltr'>est</span> <span class='ocrx_word' id='word_1_26' title='bbox 1028 726 1435 781; x_wconf 90' lang='lat' dir='ltr'>celebrandum</span> <span class='ocrx_word' id='word_1_27' title='bbox 1470 728 1635 781; x_wconf 90' lang='lat' dir='ltr'>laude</span> <span class='ocrx_word' id='word_1_28' title='bbox 1677 726 1935 797; x_wconf 86' lang='lat' dir='ltr'>perenni.</span> 
     </span>
    </p>
   </div>
   <div class='ocr_carea' id='block_1_6' title="bbox 922 885 1273 942">
    <p class='ocr_par' dir='ltr' id='par_1_6' title="bbox 922 885 1273 942">
     <span class='ocr_line' id='line_1_6' title="bbox 922 885 1273 942; baseline 0.006 -3"><span class='ocrx_word' id='word_1_29' title='bbox 922 885 1147 940; x_wconf 88' lang='lat' dir='ltr'>CAPUT</span> <span class='ocrx_word' id='word_1_30' title='bbox 1185 886 1273 942; x_wconf 88' lang='lat' dir='ltr'>IV.</span> 
     </span>
    </p>
   </div>
   <div class='ocr_carea' id='block_1_7' title="bbox 535 1026 1662 1097">
    <p class='ocr_par' dir='ltr' id='par_1_7' title="bbox 535 1026 1662 1097">
     <span class='ocr_line' id='line_1_7' title="bbox 535 1026 1662 1097; baseline 0.001 -17"><span class='ocrx_word' id='word_1_31' title='bbox 535 1028 894 1095; x_wconf 79' lang='lat' dir='ltr'>Episcopatus</span> <span class='ocrx_word' id='word_1_32' title='bbox 930 1026 1283 1097; x_wconf 81' lang='lat' dir='ltr'>Trajectensis</span> <span class='ocrx_word' id='word_1_33' title='bbox 1312 1030 1366 1083; x_wconf 91' lang='lat' dir='ltr'>S.</span> <span class='ocrx_word' id='word_1_34' title='bbox 1403 1028 1662 1082; x_wconf 80' lang='lat' dir='ltr'>Amandi.</span> 
     </span>
    </p>
   </div>
   <div class='ocr_carea' id='block_1_8' title="bbox 331 1166 1765 1233">
    <p class='ocr_par' dir='ltr' id='par_1_8' title="bbox 331 1166 1765 1233">
     <span class='ocr_line' id='line_1_8' title="bbox 331 1166 1765 1233; baseline 0.001 -13"><span class='ocrx_word' id='word_1_35' title='bbox 331 1169 413 1220; x_wconf 77' lang='grc'>12.</span> <span class='ocrx_word' id='word_1_36' title='bbox 449 1166 541 1220; x_wconf 82' lang='lat' dir='ltr'>His</span> <span class='ocrx_word' id='word_1_37' title='bbox 572 1167 646 1219; x_wconf 89' lang='lat' dir='ltr'>ita</span> <span class='ocrx_word' id='word_1_38' title='bbox 677 1167 943 1233; x_wconf 84' lang='lat' dir='ltr'>decursis,</span> <span class='ocrx_word' id='word_1_39' title='bbox 977 1168 1284 1222; x_wconf 90' lang='lat' dir='ltr'>obeuntem</span> <span class='ocrx_word' id='word_1_40' title='bbox 1314 1169 1521 1221; x_wconf 91' lang='lat' dir='ltr'>missus</span> <span class='ocrx_word' id='word_1_41' title='bbox 1552 1168 1621 1222; x_wconf 90' lang='lat' dir='ltr'>ab</span> <span class='ocrx_word' id='word_1_42' title='bbox 1653 1170 1765 1222; x_wconf 89' lang='lat' dir='ltr'>alto</span> 
     </span>
    </p>
   </div>
   <div class='ocr_carea' id='block_1_9' title="bbox 253 1255 1428 1324">
    <p class='ocr_par' dir='ltr' id='par_1_9' title="bbox 253 1255 1428 1324">
     <span class='ocr_line' id='line_1_9' title="bbox 253 1255 1428 1324; baseline 0.002 -17"><span class='ocrx_word' id='word_1_43' title='bbox 253 1255 507 1324; x_wconf 87' lang='lat' dir='ltr'>Angelus</span> <span class='ocrx_word' id='word_1_44' title='bbox 530 1256 712 1308; x_wconf 81' lang='lat' dir='ltr'>evexit</span> <span class='ocrx_word' id='word_1_45' title='bbox 739 1257 871 1309; x_wconf 86' lang='lat' dir='ltr'>celsi</span> <span class='ocrx_word' id='word_1_46' title='bbox 904 1261 1058 1309; x_wconf 88' lang='lat' dir='ltr'>trans</span> <span class='ocrx_word' id='word_1_47' title='bbox 1091 1257 1278 1311; x_wconf 85' lang='lat' dir='ltr'>sidera</span> <span class='ocrx_word' id='word_1_48' title='bbox 1302 1257 1428 1311; x_wconf 71' lang='lat' dir='ltr'>cmli</span> 
     </span>
    </p>
   </div>
   <div class='ocr_carea' id='block_1_10' title="bbox 254 1342 1647 1413">
    <p class='ocr_par' dir='ltr' id='par_1_10' title="bbox 254 1342 1647 1413">
     <span class='ocr_line' id='line_1_10' title="bbox 254 1342 1647 1413; baseline 0.001 -17"><span class='ocrx_word' id='word_1_49' title='bbox 254 1342 605 1403; x_wconf 90' lang='lat' dir='ltr'>Pontiﬁcem,</span> <span class='ocrx_word' id='word_1_50' title='bbox 636 1343 797 1411; x_wconf 82' lang='lat' dir='ltr'>cujus</span> <span class='ocrx_word' id='word_1_51' title='bbox 826 1344 1016 1397; x_wconf 89' lang='lat' dir='ltr'>sedem</span> <span class='ocrx_word' id='word_1_52' title='bbox 1043 1345 1331 1413; x_wconf 82' lang='lat' dir='ltr'>Trajectus</span> <span class='ocrx_word' id='word_1_53' title='bbox 1360 1345 1606 1399; x_wconf 85' lang='lat' dir='ltr'>habebat</span> <span class='ocrx_word' id='word_1_54' title='bbox 1635 1362 1647 1398; x_wconf 89' lang='lat'><strong>:</strong></span> 
     </span>
    </p>
   </div>
   <div class='ocr_carea' id='block_1_11' title="bbox 254 1431 1655 1503">
    <p class='ocr_par' dir='ltr' id='par_1_11' title="bbox 254 1431 1655 1503">
     <span class='ocr_line' id='line_1_11' title="bbox 254 1431 1655 1503; baseline 0.001 -19"><span class='ocrx_word' id='word_1_55' title='bbox 254 1431 515 1485; x_wconf 85' lang='lat' dir='ltr'>Sumeret</span> <span class='ocrx_word' id='word_1_56' title='bbox 548 1436 608 1484; x_wconf 91' lang='lat' dir='ltr'>ut</span> <span class='ocrx_word' id='word_1_57' title='bbox 639 1431 808 1484; x_wconf 89' lang='lat' dir='ltr'>rectis</span> <span class='ocrx_word' id='word_1_58' title='bbox 839 1431 1175 1486; x_wconf 90' lang='lat' dir='ltr'>meritorum</span> <span class='ocrx_word' id='word_1_59' title='bbox 1209 1434 1448 1503; x_wconf 63' lang='lat' dir='ltr'>prmmia</span> <span class='ocrx_word' id='word_1_60' title='bbox 1477 1434 1655 1488; x_wconf 90' lang='lat' dir='ltr'>libris.</span> 
     </span>
    </p>
   </div>
   <div class='ocr_carea' id='block_1_12' title="bbox 256 1520 1942 1590">
    <p class='ocr_par' dir='ltr' id='par_1_12' title="bbox 256 1520 1942 1590">
     <span class='ocr_line' id='line_1_12' title="bbox 256 1520 1942 1590; baseline 0.004 -18"><span class='ocrx_word' id='word_1_61' title='bbox 256 1520 378 1583; x_wconf 84' lang='lat' dir='ltr'>Quo</span> <span class='ocrx_word' id='word_1_62' title='bbox 412 1528 436 1552; x_wconf 71' lang='grc'><strong>³</strong></span> <span class='ocrx_word' id='word_1_63' title='bbox 475 1520 593 1573; x_wconf 85' lang='lat' dir='ltr'>Rex</span> <span class='ocrx_word' id='word_1_64' title='bbox 644 1525 933 1590; x_wconf 86' lang='lat' dir='ltr'>comperto</span> <span class='ocrx_word' id='word_1_65' title='bbox 962 1526 1219 1575; x_wconf 90' lang='lat' dir='ltr'>sanctum</span> <span class='ocrx_word' id='word_1_66' title='bbox 1264 1522 1558 1575; x_wconf 87' lang='lat' dir='ltr'>accersivit</span> <span class='ocrx_word' id='word_1_67' title='bbox 1594 1524 1942 1589; x_wconf 87' lang='lat' dir='ltr'>Amandum,</span> 
     </span>
    </p>
   </div>
   <div class='ocr_carea' id='block_1_13' title="bbox 254 1607 1729 1679">
    <p class='ocr_par' dir='ltr' id='par_1_13' title="bbox 254 1607 1729 1679">
     <span class='ocr_line' id='line_1_13' title="bbox 254 1607 1729 1679; baseline 0.004 -21"><span class='ocrx_word' id='word_1_68' title='bbox 254 1607 504 1659; x_wconf 89' lang='lat' dir='ltr'>Plurima</span> <span class='ocrx_word' id='word_1_69' title='bbox 533 1607 868 1661; x_wconf 91' lang='lat' dir='ltr'>Pontiﬁcum</span> <span class='ocrx_word' id='word_1_70' title='bbox 902 1609 1223 1661; x_wconf 90' lang='lat' dir='ltr'>conducens</span> <span class='ocrx_word' id='word_1_71' title='bbox 1253 1610 1484 1679; x_wconf 87' lang='lat' dir='ltr'>agmina</span> <span class='ocrx_word' id='word_1_72' title='bbox 1515 1626 1729 1679; x_wconf 87' lang='lat' dir='ltr'>secum,</span> 
     </span>
    </p>
   </div>
   <div class='ocr_carea' id='block_1_14' title="bbox 255 1695 1603 1767">
    <p class='ocr_par' dir='ltr' id='par_1_14' title="bbox 255 1695 1603 1767">
     <span class='ocr_line' id='line_1_14' title="bbox 255 1695 1603 1767; baseline 0.001 -18"><span class='ocrx_word' id='word_1_73' title='bbox 255 1696 513 1749; x_wconf 70' lang='lat' dir='ltr'>Praesulis</span> <span class='ocrx_word' id='word_1_74' title='bbox 542 1711 606 1748; x_wconf 92' lang='lat' dir='ltr'>ac</span> <span class='ocrx_word' id='word_1_75' title='bbox 633 1695 781 1749; x_wconf 88' lang='lat' dir='ltr'>tanti</span> <span class='ocrx_word' id='word_1_76' title='bbox 814 1696 1093 1750; x_wconf 87' lang='lat' dir='ltr'>solemnia</span> <span class='ocrx_word' id='word_1_77' title='bbox 1116 1697 1309 1767; x_wconf 82' lang='lat' dir='ltr'>jungit</span> <span class='ocrx_word' id='word_1_78' title='bbox 1339 1698 1603 1752; x_wconf 87' lang='lat' dir='ltr'>honores.</span> 
     </span>
    </p>
   </div>
   <div class='ocr_carea' id='block_1_15' title="bbox 256 1785 1461 1839">
    <p class='ocr_par' dir='ltr' id='par_1_15' title="bbox 256 1785 1461 1839">
     <span class='ocr_line' id='line_1_15' title="bbox 256 1785 1461 1839; baseline 0 0"><span class='ocrx_word' id='word_1_79' title='bbox 256 1785 481 1839; x_wconf 89' lang='lat' dir='ltr'>Interea</span> <span class='ocrx_word' id='word_1_80' title='bbox 510 1790 737 1837; x_wconf 91' lang='lat' dir='ltr'>sanctus</span> <span class='ocrx_word' id='word_1_81' title='bbox 769 1800 927 1838; x_wconf 88' lang='lat' dir='ltr'>sacra</span> <span class='ocrx_word' id='word_1_82' title='bbox 953 1785 1212 1839; x_wconf 90' lang='lat' dir='ltr'>sublimis</span> <span class='ocrx_word' id='word_1_83' title='bbox 1242 1785 1303 1837; x_wconf 94' lang='lat' dir='ltr'>in</span> <span class='ocrx_word' id='word_1_84' title='bbox 1334 1802 1461 1839; x_wconf 89' lang='lat' dir='ltr'>arce</span> 
     </span>
    </p>
   </div>
   <div class='ocr_carea' id='block_1_16' title="bbox 256 1873 1704 1944">
    <p class='ocr_par' dir='ltr' id='par_1_16' title="bbox 256 1873 1704 1944">
     <span class='ocr_line' id='line_1_16' title="bbox 256 1873 1704 1944; baseline -0.001 -16"><span class='ocrx_word' id='word_1_85' title='bbox 256 1876 492 1929; x_wconf 88' lang='lat' dir='ltr'>Ducitur</span> <span class='ocrx_word' id='word_1_86' title='bbox 522 1891 584 1928; x_wconf 92' lang='lat' dir='ltr'>ac</span> <span class='ocrx_word' id='word_1_87' title='bbox 612 1874 875 1937; x_wconf 85' lang='lat' dir='ltr'>trahitur,</span> <span class='ocrx_word' id='word_1_88' title='bbox 895 1875 1015 1944; x_wconf 86' lang='lat' dir='ltr'>jam</span> <span class='ocrx_word' id='word_1_89' title='bbox 1048 1874 1197 1927; x_wconf 86' lang='lat' dir='ltr'>dicta</span> <span class='ocrx_word' id='word_1_90' title='bbox 1216 1873 1277 1927; x_wconf 91' lang='lat' dir='ltr'>in</span> <span class='ocrx_word' id='word_1_91' title='bbox 1307 1875 1438 1928; x_wconf 84' lang='lat' dir='ltr'>sede</span> <span class='ocrx_word' id='word_1_92' title='bbox 1463 1875 1704 1930; x_wconf 87' lang='lat' dir='ltr'>locatur.</span> 
     </span>
    </p>
   </div>
   <div class='ocr_carea' id='block_1_17' title="bbox 259 1962 1553 2033">
    <p class='ocr_par' dir='ltr' id='par_1_17' title="bbox 259 1962 1553 2033">
     <span class='ocr_line' id='line_1_17' title="bbox 259 1962 1553 2033; baseline -0.002 -15"><span class='ocrx_word' id='word_1_93' title='bbox 259 1963 455 2018; x_wconf 89' lang='lat' dir='ltr'>Obstat</span> <span class='ocrx_word' id='word_1_94' title='bbox 486 1968 541 2017; x_wconf 91' lang='lat' dir='ltr'>et</span> <span class='ocrx_word' id='word_1_95' title='bbox 569 1963 875 2033; x_wconf 89' lang='lat' dir='ltr'>indignum</span> <span class='ocrx_word' id='word_1_96' title='bbox 903 1979 959 2015; x_wconf 90' lang='lat' dir='ltr'>se</span> <span class='ocrx_word' id='word_1_97' title='bbox 988 1962 1090 2015; x_wconf 90' lang='lat' dir='ltr'>tali</span> <span class='ocrx_word' id='word_1_98' title='bbox 1119 1962 1372 2015; x_wconf 90' lang='lat' dir='ltr'>clamitat</span> <span class='ocrx_word' id='word_1_99' title='bbox 1403 1968 1553 2016; x_wconf 90' lang='lat' dir='ltr'>actu.</span> 
     </span>
    </p>
   </div>
   <div class='ocr_carea' id='block_1_18' title="bbox 255 2051 1576 2105">
    <p class='ocr_par' dir='ltr' id='par_1_18' title="bbox 255 2051 1576 2105">
     <span class='ocr_line' id='line_1_18' title="bbox 255 2051 1576 2105; baseline -0.002 0"><span class='ocrx_word' id='word_1_100' title='bbox 255 2051 363 2105; x_wconf 88' lang='lat' dir='ltr'>Sed</span> <span class='ocrx_word' id='word_1_101' title='bbox 394 2066 520 2104; x_wconf 90' lang='lat' dir='ltr'>cum</span> <span class='ocrx_word' id='word_1_102' title='bbox 565 2067 723 2103; x_wconf 91' lang='lat' dir='ltr'>more</span> <span class='ocrx_word' id='word_1_103' title='bbox 751 2067 852 2103; x_wconf 92' lang='lat' dir='ltr'>suo</span> <span class='ocrx_word' id='word_1_104' title='bbox 884 2051 1153 2103; x_wconf 88' lang='lat' dir='ltr'>lustraret</span> <span class='ocrx_word' id='word_1_105' title='bbox 1183 2052 1306 2104; x_wconf 92' lang='lat' dir='ltr'>luce</span> <span class='ocrx_word' id='word_1_106' title='bbox 1336 2055 1576 2103; x_wconf 87' lang='lat' dir='ltr'>venusta</span> 
     </span>
    </p>
   </div>
   <div class='ocr_carea' id='block_1_19' title="bbox 258 2138 1711 2209">
    <p class='ocr_par' dir='ltr' id='par_1_19' title="bbox 258 2138 1711 2209">
     <span class='ocr_line' id='line_1_19' title="bbox 258 2138 1711 2209; baseline -0.001 -16"><span class='ocrx_word' id='word_1_107' title='bbox 258 2140 496 2209; x_wconf 89' lang='lat' dir='ltr'>Oppida,</span> <span class='ocrx_word' id='word_1_108' title='bbox 523 2155 677 2205; x_wconf 90' lang='lat' dir='ltr'>rura,</span> <span class='ocrx_word' id='word_1_109' title='bbox 710 2155 887 2205; x_wconf 88' lang='lat' dir='ltr'>casas,</span> <span class='ocrx_word' id='word_1_110' title='bbox 921 2138 1090 2205; x_wconf 90' lang='lat' dir='ltr'>vicos,</span> <span class='ocrx_word' id='word_1_111' title='bbox 1124 2139 1353 2193; x_wconf 89' lang='lat' dir='ltr'>castella</span> <span class='ocrx_word' id='word_1_112' title='bbox 1379 2154 1711 2208; x_wconf 84' lang='lat' dir='ltr'>peragrans,</span> 
     </span>
    </p>
   </div>
   <div class='ocr_carea' id='block_1_20' title="bbox 258 2227 1695 2325">
    <p class='ocr_par' dir='ltr' id='par_1_20' title="bbox 258 2227 1695 2325">
     <span class='ocr_line' id='line_1_20' title="bbox 258 2227 1695 2325; baseline -0.001 -43"><span class='ocrx_word' id='word_1_113' title='bbox 258 2228 440 2282; x_wconf 89' lang='lat' dir='ltr'>Triste</span> <span class='ocrx_word' id='word_1_114' title='bbox 470 2228 646 2295; x_wconf 86' lang='lat' dir='ltr'>nefas,</span> <span class='ocrx_word' id='word_1_115' title='bbox 684 2227 1128 2325; x_wconf 55' lang='lat' dir='ltr'>qui.debuerant</span> <span class='ocrx_word' id='word_1_116' title='bbox 1157 2243 1467 2297; x_wconf 86' lang='lat' dir='ltr'>agnoscere</span> <span class='ocrx_word' id='word_1_117' title='bbox 1499 2227 1695 2297; x_wconf 88' lang='lat' dir='ltr'>primi,</span> 
     </span>
    </p>
   </div>
   <div class='ocr_carea' id='block_1_21' title="bbox 257 2315 1802 2386">
    <p class='ocr_par' dir='ltr' id='par_1_21' title="bbox 257 2315 1802 2386">
     <span class='ocr_line' id='line_1_21' title="bbox 257 2315 1802 2386; baseline 0 -17"><span class='ocrx_word' id='word_1_118' title='bbox 257 2320 334 2369; x_wconf 85' lang='lat' dir='ltr'>Ac</span> <span class='ocrx_word' id='word_1_119' title='bbox 362 2316 602 2369; x_wconf 86' lang='lat' dir='ltr'>verbum</span> <span class='ocrx_word' id='word_1_120' title='bbox 634 2315 861 2369; x_wconf 86' lang='lat' dir='ltr'>Domini</span> <span class='ocrx_word' id='word_1_121' title='bbox 891 2315 1049 2385; x_wconf 90' lang='lat' dir='ltr'>plebi</span> <span class='ocrx_word' id='word_1_122' title='bbox 1074 2321 1393 2369; x_wconf 87' lang='lat' dir='ltr'>monstrare</span> <span class='ocrx_word' id='word_1_123' title='bbox 1424 2317 1802 2386; x_wconf 90' lang='lat' dir='ltr'>sequendum,</span> 
     </span>
    </p>
   </div>
   <div class='ocr_carea' id='block_1_22' title="bbox 261 2402 1505 2473">
    <p class='ocr_par' dir='ltr' id='par_1_22' title="bbox 261 2402 1505 2473">
     <span class='ocr_line' id='line_1_22' title="bbox 261 2402 1505 2473; baseline 0 -17"><span class='ocrx_word' id='word_1_124' title='bbox 261 2403 521 2456; x_wconf 75' lang='lat' dir='ltr'>Ecclesiae</span> <span class='ocrx_word' id='word_1_125' title='bbox 548 2403 818 2473; x_wconf 86' lang='lat' dir='ltr'>gradibus</span> <span class='ocrx_word' id='word_1_126' title='bbox 847 2403 1070 2473; x_wconf 64' lang='lat' dir='ltr'>praelati</span> <span class='ocrx_word' id='word_1_127' title='bbox 1097 2402 1203 2455; x_wconf 92' lang='lat' dir='ltr'>rite</span> <span class='ocrx_word' id='word_1_128' title='bbox 1233 2403 1505 2469; x_wconf 86' lang='lat' dir='ltr'>ministri,</span> 
     </span>
    </p>
   </div>
   <div class='ocr_carea' id='block_1_23' title="bbox 262 2490 1818 2562">
    <p class='ocr_par' dir='ltr' id='par_1_23' title="bbox 262 2490 1818 2562">
     <span class='ocr_line' id='line_1_23' title="bbox 262 2490 1818 2562; baseline 0.001 -17"><span class='ocrx_word' id='word_1_129' title='bbox 262 2490 569 2560; x_wconf 84' lang='lat' dir='ltr'>Rejiciunt,</span> <span class='ocrx_word' id='word_1_130' title='bbox 606 2496 901 2561; x_wconf 90' lang='lat' dir='ltr'>spernunt,</span> <span class='ocrx_word' id='word_1_131' title='bbox 935 2496 1327 2557; x_wconf 88' lang='lat' dir='ltr'>contemnunt,</span> <span class='ocrx_word' id='word_1_132' title='bbox 1364 2490 1818 2562; x_wconf 89' lang='lat' dir='ltr'>despiciuntque,</span> 
     </span>
    </p>
   </div>
   <div class='ocr_carea' id='block_1_24' title="bbox 260 2579 1951 2649">
    <p class='ocr_par' dir='ltr' id='par_1_24' title="bbox 260 2579 1951 2649">
     <span class='ocr_line' id='line_1_24' title="bbox 260 2579 1951 2649; baseline 0.001 -18"><span class='ocrx_word' id='word_1_133' title='bbox 260 2579 639 2647; x_wconf 91' lang='lat' dir='ltr'>Postponunt,</span> <span class='ocrx_word' id='word_1_134' title='bbox 700 2580 1035 2649; x_wconf 90' lang='lat' dir='ltr'>pelluntque</span> <span class='ocrx_word' id='word_1_135' title='bbox 1074 2579 1323 2648; x_wconf 86' lang='lat' dir='ltr'>probum</span> <span class='ocrx_word' id='word_1_136' title='bbox 1353 2595 1455 2648; x_wconf 92' lang='lat' dir='ltr'>per</span> <span class='ocrx_word' id='word_1_137' title='bbox 1501 2579 1709 2648; x_wconf 89' lang='lat' dir='ltr'>probra</span> <span class='ocrx_word' id='word_1_138' title='bbox 1749 2584 1951 2649; x_wconf 89' lang='lat' dir='ltr'>patro-</span> 
     </span>
    </p>
   </div>
   <div class='ocr_carea' id='block_1_25' title="bbox 266 2666 1947 2739">
    <p class='ocr_par' dir='ltr' id='par_1_25' title="bbox 266 2666 1947 2739">
     <span class='ocr_line' id='line_1_25' title="bbox 266 2666 1947 2739; baseline 0.002 -20"><span class='ocrx_word' id='word_1_139' title='bbox 266 2666 388 2729; x_wconf 90' lang='lat' dir='ltr'>Quo</span> <span class='ocrx_word' id='word_1_140' title='bbox 428 2666 535 2720; x_wconf 88' lang='lat' dir='ltr'>sibi</span> <span class='ocrx_word' id='word_1_141' title='bbox 562 2666 641 2719; x_wconf 91' lang='lat' dir='ltr'>nil</span> <span class='ocrx_word' id='word_1_142' title='bbox 672 2666 835 2733; x_wconf 92' lang='lat' dir='ltr'>lucri,</span> <span class='ocrx_word' id='word_1_143' title='bbox 885 2666 983 2720; x_wconf 90' lang='lat' dir='ltr'>sed</span> <span class='ocrx_word' id='word_1_144' title='bbox 1015 2666 1260 2720; x_wconf 88' lang='lat' dir='ltr'>maxima</span> <span class='ocrx_word' id='word_1_145' title='bbox 1289 2667 1499 2721; x_wconf 89' lang='lat' dir='ltr'>damna</span> <span class='ocrx_word' id='word_1_146' title='bbox 1530 2669 1734 2722; x_wconf 89' lang='lat' dir='ltr'>tulere.</span> <span class='ocrx_word' id='word_1_147' title='bbox 1767 2669 1947 2739; x_wconf 89' lang='lat' dir='ltr'>[num,</span> 
     </span>
    </p>
   </div>
   <div class='ocr_carea' id='block_1_26' title="bbox 264 2753 1618 2823">
    <p class='ocr_par' dir='ltr' id='par_1_26' title="bbox 264 2753 1618 2823">
     <span class='ocr_line' id='line_1_26' title="bbox 264 2753 1618 2823; baseline 0.002 -16"><span class='ocrx_word' id='word_1_148' title='bbox 264 2753 453 2807; x_wconf 90' lang='lat' dir='ltr'>Pulvis</span> <span class='ocrx_word' id='word_1_149' title='bbox 478 2754 632 2807; x_wconf 91' lang='lat' dir='ltr'>enim</span> <span class='ocrx_word' id='word_1_150' title='bbox 660 2754 898 2823; x_wconf 88' lang='lat' dir='ltr'>pedibus</span> <span class='ocrx_word' id='word_1_151' title='bbox 922 2755 1092 2823; x_wconf 90' lang='lat' dir='ltr'>justis</span> <span class='ocrx_word' id='word_1_152' title='bbox 1123 2771 1389 2809; x_wconf 84' lang='lat' dir='ltr'>excussus</span> <span class='ocrx_word' id='word_1_153' title='bbox 1419 2756 1478 2807; x_wconf 91' lang='lat' dir='ltr'>in</span> <span class='ocrx_word' id='word_1_154' title='bbox 1504 2756 1618 2811; x_wconf 88' lang='lat' dir='ltr'>illis</span> 
     </span>
    </p>
   </div>
   <div class='ocr_carea' id='block_1_27' title="bbox 261 2841 1594 2910">
    <p class='ocr_par' dir='ltr' id='par_1_27' title="bbox 261 2841 1594 2910">
     <span class='ocr_line' id='line_1_27' title="bbox 261 2841 1594 2910; baseline 0.002 -16"><span class='ocrx_word' id='word_1_155' title='bbox 261 2844 571 2895; x_wconf 81' lang='lat' dir='ltr'>Accusator</span> <span class='ocrx_word' id='word_1_156' title='bbox 600 2841 730 2909; x_wconf 91' lang='lat' dir='ltr'>erit,</span> <span class='ocrx_word' id='word_1_157' title='bbox 763 2857 893 2894; x_wconf 91' lang='lat' dir='ltr'>cum</span> <span class='ocrx_word' id='word_1_158' title='bbox 926 2847 1153 2910; x_wconf 85' lang='lat' dir='ltr'>tempus</span> <span class='ocrx_word' id='word_1_159' title='bbox 1181 2842 1400 2895; x_wconf 80' lang='lat' dir='ltr'>venerit</span> <span class='ocrx_word' id='word_1_160' title='bbox 1430 2842 1594 2909; x_wconf 92' lang='lat' dir='ltr'>illud,</span> 
     </span>
    </p>
   </div>
   <div class='ocr_carea' id='block_1_28' title="bbox 261 2929 1737 2999">
    <p class='ocr_par' dir='ltr' id='par_1_28' title="bbox 261 2929 1737 2999">
     <span class='ocr_line' id='line_1_28' title="bbox 261 2929 1737 2999; baseline 0.003 -18"><span class='ocrx_word' id='word_1_161' title='bbox 261 2929 501 2982; x_wconf 74' lang='lat' dir='ltr'>Praemia</span> <span class='ocrx_word' id='word_1_162' title='bbox 533 2945 646 2998; x_wconf 88' lang='lat' dir='ltr'>quo</span> <span class='ocrx_word' id='word_1_163' title='bbox 675 2929 902 2998; x_wconf 86' lang='lat' dir='ltr'>capient</span> <span class='ocrx_word' id='word_1_164' title='bbox 925 2929 1122 2992; x_wconf 84' lang='lat' dir='ltr'>dextri,</span> <span class='ocrx_word' id='word_1_165' title='bbox 1154 2945 1467 2999; x_wconf 80' lang='lat' dir='ltr'>poenasque</span> <span class='ocrx_word' id='word_1_166' title='bbox 1499 2931 1737 2986; x_wconf 87' lang='lat' dir='ltr'>sinistri.</span> 
     </span>
    </p>
   </div>
   <div class='ocr_carea' id='block_1_29' title="bbox 336 3017 1812 3074">
    <p class='ocr_par' dir='ltr' id='par_1_29' title="bbox 336 3017 1812 3074">
     <span class='ocr_line' id='line_1_29' title="bbox 336 3017 1812 3074; baseline 0.003 -4"><span class='ocrx_word' id='word_1_167' title='bbox 336 3020 420 3072; x_wconf 79' lang='lat' dir='ltr'>l3.</span> <span class='ocrx_word' id='word_1_168' title='bbox 455 3018 645 3071; x_wconf 88' lang='lat' dir='ltr'>Insula</span> <span class='ocrx_word' id='word_1_169' title='bbox 677 3018 823 3071; x_wconf 89' lang='lat' dir='ltr'>dicta</span> <span class='ocrx_word' id='word_1_170' title='bbox 851 3017 995 3071; x_wconf 85' lang='lat' dir='ltr'>nitet</span> <span class='ocrx_word' id='word_1_171' title='bbox 1023 3020 1047 3059; x_wconf 84' lang='lat' dir='ltr'>b</span> <span class='ocrx_word' id='word_1_172' title='bbox 1078 3017 1267 3071; x_wconf 89' lang='lat' dir='ltr'>Calolo</span> <span class='ocrx_word' id='word_1_173' title='bbox 1299 3018 1367 3071; x_wconf 92' lang='lat' dir='ltr'>de</span> <span class='ocrx_word' id='word_1_174' title='bbox 1394 3020 1600 3073; x_wconf 87' lang='lat' dir='ltr'>vertice</span> <span class='ocrx_word' id='word_1_175' title='bbox 1632 3020 1812 3074; x_wconf 88' lang='lat' dir='ltr'>sancti</span> 
     </span>
    </p>
   </div>
   <div class='ocr_carea' id='block_1_30' title="bbox 264 3104 1668 3176">
    <p class='ocr_par' dir='ltr' id='par_1_30' title="bbox 264 3104 1668 3176">
     <span class='ocr_line' id='line_1_30' title="bbox 264 3104 1668 3176; baseline 0.001 -17"><span class='ocrx_word' id='word_1_176' title='bbox 264 3104 430 3159; x_wconf 89' lang='lat' dir='ltr'>Scald</span> <span class='ocrx_word' id='word_1_177' title='bbox 460 3107 646 3171; x_wconf 82' lang='lat' dir='ltr'>Juxta,</span> <span class='ocrx_word' id='word_1_178' title='bbox 682 3111 738 3159; x_wconf 91' lang='lat' dir='ltr'>et</span> <span class='ocrx_word' id='word_1_179' title='bbox 767 3106 920 3176; x_wconf 89' lang='lat' dir='ltr'>gyris</span> <span class='ocrx_word' id='word_1_180' title='bbox 954 3122 1124 3159; x_wconf 91' lang='lat' dir='ltr'>curvo</span> <span class='ocrx_word' id='word_1_181' title='bbox 1157 3104 1480 3161; x_wconf 88' lang='lat' dir='ltr'>sinuamine</span> <span class='ocrx_word' id='word_1_182' title='bbox 1512 3108 1668 3161; x_wconf 83' lang='lat' dir='ltr'>ﬁexis</span> 
     </span>
    </p>
   </div>
   <div class='ocr_carea' id='block_1_31' title="bbox 264 3191 1673 3264">
    <p class='ocr_par' dir='ltr' id='par_1_31' title="bbox 264 3191 1673 3264">
     <span class='ocr_line' id='line_1_31' title="bbox 264 3191 1673 3264; baseline 0.003 -19"><span class='ocrx_word' id='word_1_183' title='bbox 264 3191 484 3245; x_wconf 68' lang='lat' dir='ltr'>Praebet</span> <span class='ocrx_word' id='word_1_184' title='bbox 513 3208 816 3259; x_wconf 90' lang='lat' dir='ltr'>secessum,</span> <span class='ocrx_word' id='word_1_185' title='bbox 850 3193 1037 3246; x_wconf 87' lang='lat' dir='ltr'>nautis</span> <span class='ocrx_word' id='word_1_186' title='bbox 1070 3195 1429 3264; x_wconf 87' lang='lat' dir='ltr'>gratissimus</span> <span class='ocrx_word' id='word_1_187' title='bbox 1468 3197 1673 3261; x_wconf 91' lang='lat' dir='ltr'>amnis,</span> 
     </span>
    </p>
   </div>
   <div class='ocr_carea' id='block_1_32' title="bbox 263 3280 1797 3351">
    <p class='ocr_par' dir='ltr' id='par_1_32' title="bbox 263 3280 1797 3351">
     <span class='ocr_line' id='line_1_32' title="bbox 263 3280 1797 3351; baseline 0.001 -18"><span class='ocrx_word' id='word_1_188' title='bbox 263 3280 443 3343; x_wconf 87' lang='lat' dir='ltr'>Quam</span> <span class='ocrx_word' id='word_1_189' title='bbox 477 3284 723 3342; x_wconf 83' lang='lat' dir='ltr'>sanctus,</span> <span class='ocrx_word' id='word_1_190' title='bbox 758 3280 921 3333; x_wconf 91' lang='lat' dir='ltr'>dictis</span> <span class='ocrx_word' id='word_1_191' title='bbox 953 3297 1081 3334; x_wconf 92' lang='lat' dir='ltr'>cum</span> <span class='ocrx_word' id='word_1_192' title='bbox 1115 3284 1315 3351; x_wconf 89' lang='lat' dir='ltr'>pulsus</span> <span class='ocrx_word' id='word_1_193' title='bbox 1349 3282 1532 3336; x_wconf 90' lang='lat' dir='ltr'>abiret</span> <span class='ocrx_word' id='word_1_194' title='bbox 1560 3284 1630 3337; x_wconf 91' lang='lat' dir='ltr'>ab</span> <span class='ocrx_word' id='word_1_195' title='bbox 1660 3283 1797 3349; x_wconf 92' lang='lat' dir='ltr'>oris,</span> 
     </span>
    </p>
   </div>
   <div class='ocr_carea' id='block_1_33' title="bbox 263 3367 1883 3440">
    <p class='ocr_par' dir='ltr' id='par_1_33' title="bbox 263 3367 1883 3440">
     <span class='ocr_line' id='line_1_33' title="bbox 263 3367 1883 3440; baseline 0.002 -19"><span class='ocrx_word' id='word_1_196' title='bbox 263 3367 591 3437; x_wconf 89' lang='lat' dir='ltr'>Reperiens,</span> <span class='ocrx_word' id='word_1_197' title='bbox 624 3368 856 3421; x_wconf 89' lang='lat' dir='ltr'>sibimet</span> <span class='ocrx_word' id='word_1_198' title='bbox 883 3372 999 3424; x_wconf 90' lang='lat' dir='ltr'>tam</span> <span class='ocrx_word' id='word_1_199' title='bbox 1031 3376 1230 3424; x_wconf 75' lang='lat' dir='ltr'>mmsto</span> <span class='ocrx_word' id='word_1_200' title='bbox 1264 3371 1322 3423; x_wconf 91' lang='lat' dir='ltr'>in</span> <span class='ocrx_word' id='word_1_201' title='bbox 1358 3375 1616 3440; x_wconf 90' lang='lat' dir='ltr'>tempore</span> <span class='ocrx_word' id='word_1_202' title='bbox 1648 3371 1883 3425; x_wconf 88' lang='lat' dir='ltr'>credens</span> 
     </span>
    </p>
   </div>
   <div class='ocr_carea' id='block_1_34' title="bbox 263 3455 1716 3529">
    <p class='ocr_par' dir='ltr' id='par_1_34' title="bbox 263 3455 1716 3529">
     <span class='ocr_line' id='line_1_34' title="bbox 263 3455 1716 3529; baseline 0.002 -18"><span class='ocrx_word' id='word_1_203' title='bbox 263 3455 554 3522; x_wconf 85' lang='lat' dir='ltr'>Sufﬁcere,</span> <span class='ocrx_word' id='word_1_204' title='bbox 587 3463 643 3511; x_wconf 91' lang='lat' dir='ltr'>et</span> <span class='ocrx_word' id='word_1_205' title='bbox 668 3458 879 3511; x_wconf 90' lang='lat' dir='ltr'>mentis</span> <span class='ocrx_word' id='word_1_206' title='bbox 912 3474 1123 3527; x_wconf 91' lang='lat' dir='ltr'>purum</span> <span class='ocrx_word' id='word_1_207' title='bbox 1155 3475 1428 3513; x_wconf 87' lang='lat' dir='ltr'>renovare</span> <span class='ocrx_word' id='word_1_208' title='bbox 1455 3459 1716 3529; x_wconf 78' lang='lat' dir='ltr'>vigorem</span> 
     </span>
    </p>
   </div>
   <div class='ocr_carea' id='block_1_35' title="bbox 264 3545 1601 3616">
    <p class='ocr_par' dir='ltr' id='par_1_35' title="bbox 264 3545 1601 3616">
     <span class='ocr_line' id='line_1_35' title="bbox 264 3545 1601 3616; baseline 0.001 -17"><span class='ocrx_word' id='word_1_209' title='bbox 264 3545 524 3599; x_wconf 90' lang='lat' dir='ltr'>Secretus</span> <span class='ocrx_word' id='word_1_210' title='bbox 555 3546 812 3615; x_wconf 88' lang='lat' dir='ltr'>cupiens,</span> <span class='ocrx_word' id='word_1_211' title='bbox 842 3546 1136 3616; x_wconf 89' lang='lat' dir='ltr'>aliquanto</span> <span class='ocrx_word' id='word_1_212' title='bbox 1172 3548 1381 3601; x_wconf 87' lang='lat' dir='ltr'>mansit</span> <span class='ocrx_word' id='word_1_213' title='bbox 1411 3548 1469 3600; x_wconf 88' lang='lat' dir='ltr'>in</span> <span class='ocrx_word' id='word_1_214' title='bbox 1500 3547 1601 3600; x_wconf 87' lang='lat' dir='ltr'>illa</span> 
     </span>
    </p>
   </div>
   <div class='ocr_carea' id='block_1_36' title="bbox 265 3634 1782 3707">
    <p class='ocr_par' dir='ltr' id='par_1_36' title="bbox 265 3634 1782 3707">
     <span class='ocr_line' id='line_1_36' title="bbox 265 3634 1782 3707; baseline 0.003 -20"><span class='ocrx_word' id='word_1_215' title='bbox 265 3634 541 3703; x_wconf 84' lang='lat' dir='ltr'>Tempore</span> <span class='ocrx_word' id='word_1_216' title='bbox 575 3635 923 3705; x_wconf 89' lang='lat' dir='ltr'>multiplices</span> <span class='ocrx_word' id='word_1_217' title='bbox 955 3637 1287 3707; x_wconf 85' lang='lat' dir='ltr'>studuitque</span> <span class='ocrx_word' id='word_1_218' title='bbox 1322 3639 1508 3691; x_wconf 87' lang='lat' dir='ltr'>levare</span> <span class='ocrx_word' id='word_1_219' title='bbox 1539 3636 1782 3692; x_wconf 87' lang='lat' dir='ltr'>labores.</span> 
     </span>
    </p>
   </div>
   <div class='ocr_carea' id='block_1_37' title="bbox 266 3724 1625 3793">
    <p class='ocr_par' dir='ltr' id='par_1_37' title="bbox 266 3724 1625 3793">
     <span class='ocr_line' id='line_1_37' title="bbox 266 3724 1625 3793; baseline 0.001 -16"><span class='ocrx_word' id='word_1_220' title='bbox 266 3725 413 3777; x_wconf 90' lang='lat' dir='ltr'>Dum</span> <span class='ocrx_word' id='word_1_221' title='bbox 443 3728 633 3777; x_wconf 87' lang='lat' dir='ltr'>tamen</span> <span class='ocrx_word' id='word_1_222' title='bbox 666 3724 760 3777; x_wconf 90' lang='lat' dir='ltr'>ille</span> <span class='ocrx_word' id='word_1_223' title='bbox 785 3724 883 3793; x_wconf 90' lang='lat' dir='ltr'>pio</span> <span class='ocrx_word' id='word_1_224' title='bbox 914 3725 1204 3779; x_wconf 88' lang='lat' dir='ltr'>frueretur</span> <span class='ocrx_word' id='word_1_225' title='bbox 1226 3726 1445 3779; x_wconf 83' lang='lat' dir='ltr'>ccelitus</span> <span class='ocrx_word' id='word_1_226' title='bbox 1476 3732 1625 3788; x_wconf 89' lang='lat' dir='ltr'>actu,</span> 
     </span>
    </p>
   </div>
   <div class='ocr_carea' id='block_1_38' title="bbox 265 3813 1811 3883">
    <p class='ocr_par' dir='ltr' id='par_1_38' title="bbox 265 3813 1811 3883">
     <span class='ocr_line' id='line_1_38' title="bbox 265 3813 1811 3883; baseline 0.002 -19"><span class='ocrx_word' id='word_1_227' title='bbox 265 3814 450 3881; x_wconf 87' lang='lat' dir='ltr'>Atque</span> <span class='ocrx_word' id='word_1_228' title='bbox 482 3813 677 3880; x_wconf 89' lang='lat' dir='ltr'>polum</span> <span class='ocrx_word' id='word_1_229' title='bbox 702 3813 938 3882; x_wconf 90' lang='lat' dir='ltr'>jugibus</span> <span class='ocrx_word' id='word_1_230' title='bbox 969 3820 1201 3883; x_wconf 90' lang='lat' dir='ltr'>cuperet</span> <span class='ocrx_word' id='word_1_231' title='bbox 1233 3815 1613 3868; x_wconf 88' lang='lat' dir='ltr'>conscendere</span> <span class='ocrx_word' id='word_1_232' title='bbox 1648 3814 1811 3881; x_wconf 90' lang='lat' dir='ltr'>votis,</span> 
     </span>
    </p>
   </div>
   <div class='ocr_carea' id='block_1_39' title="bbox 266 3899 1528 3969">
    <p class='ocr_par' dir='ltr' id='par_1_39' title="bbox 266 3899 1528 3969">
     <span class='ocr_line' id='line_1_39' title="bbox 266 3899 1528 3969; baseline 0.002 -17"><span class='ocrx_word' id='word_1_233' title='bbox 266 3899 407 3953; x_wconf 83' lang='lat' dir='ltr'>Alba</span> <span class='ocrx_word' id='word_1_234' title='bbox 430 3900 586 3953; x_wconf 89' lang='lat' dir='ltr'>velut</span> <span class='ocrx_word' id='word_1_235' title='bbox 604 3900 849 3969; x_wconf 87' lang='lat' dir='ltr'>geminis</span> <span class='ocrx_word' id='word_1_236' title='bbox 873 3901 976 3953; x_wconf 90' lang='lat' dir='ltr'>alis</span> <span class='ocrx_word' id='word_1_237' title='bbox 1004 3902 1205 3957; x_wconf 77' lang='lat' dir='ltr'>innixa</span> <span class='ocrx_word' id='word_1_238' title='bbox 1234 3903 1528 3968; x_wconf 89' lang='lat' dir='ltr'>columba;</span> 
     </span>
    </p>
   </div>
   <div class='ocr_carea' id='block_1_40' title="bbox 268 3988 1591 4057">
    <p class='ocr_par' dir='ltr' id='par_1_40' title="bbox 268 3988 1591 4057">
     <span class='ocr_line' id='line_1_40' title="bbox 268 3988 1591 4057; baseline 0.001 -17"><span class='ocrx_word' id='word_1_239' title='bbox 268 3989 446 4057; x_wconf 61' lang='lat' dir='ltr'>xEqua</span> <span class='ocrx_word' id='word_1_240' title='bbox 474 3988 795 4056; x_wconf 89' lang='lat' dir='ltr'>repulsores</span> <span class='ocrx_word' id='word_1_241' title='bbox 831 4004 947 4041; x_wconf 89' lang='lat' dir='ltr'>non</span> <span class='ocrx_word' id='word_1_242' title='bbox 980 3988 1203 4042; x_wconf 89' lang='lat' dir='ltr'>distulit</span> <span class='ocrx_word' id='word_1_243' title='bbox 1239 3990 1378 4043; x_wconf 91' lang='lat' dir='ltr'>ultio</span> <span class='ocrx_word' id='word_1_244' title='bbox 1411 3990 1591 4043; x_wconf 90' lang='lat' dir='ltr'>dictos</span> 
     </span>
    </p>
   </div>
   <div class='ocr_carea' id='block_1_41' title="bbox 266 4075 1763 4146">
    <p class='ocr_par' dir='ltr' id='par_1_41' title="bbox 266 4075 1763 4146">
     <span class='ocr_line' id='line_1_41' title="bbox 266 4075 1763 4146; baseline 0.001 -18"><span class='ocrx_word' id='word_1_245' title='bbox 266 4077 374 4129; x_wconf 87' lang='lat' dir='ltr'>Pro</span> <span class='ocrx_word' id='word_1_246' title='bbox 405 4075 626 4128; x_wconf 87' lang='lat' dir='ltr'>meritis</span> <span class='ocrx_word' id='word_1_247' title='bbox 656 4076 885 4143; x_wconf 80' lang='lat' dir='ltr'>pulsare</span> <span class='ocrx_word' id='word_1_248' title='bbox 916 4076 1083 4138; x_wconf 80' lang='lat' dir='ltr'>feros,</span> <span class='ocrx_word' id='word_1_249' title='bbox 1120 4093 1184 4129; x_wconf 90' lang='lat' dir='ltr'>ac</span> <span class='ocrx_word' id='word_1_250' title='bbox 1219 4077 1393 4146; x_wconf 91' lang='lat' dir='ltr'>digna</span> <span class='ocrx_word' id='word_1_251' title='bbox 1421 4077 1763 4146; x_wconf 87' lang='lat' dir='ltr'>rependens,</span> 
     </span>
    </p>
   </div>
   <div class='ocr_carea' id='block_1_42' title="bbox 268 4162 1955 4233">
    <p class='ocr_par' dir='ltr' id='par_1_42' title="bbox 268 4162 1955 4233">
     <span class='ocr_line' id='line_1_42' title="bbox 268 4162 1955 4233; baseline 0.003 -19"><span class='ocrx_word' id='word_1_252' title='bbox 268 4162 375 4226; x_wconf 90' lang='lat' dir='ltr'>Qui</span> <span class='ocrx_word' id='word_1_253' title='bbox 414 4162 639 4214; x_wconf 90' lang='lat' dir='ltr'>volucre</span> <span class='ocrx_word' id='word_1_254' title='bbox 671 4162 854 4231; x_wconf 89' lang='lat' dir='ltr'>magis</span> <span class='ocrx_word' id='word_1_255' title='bbox 890 4162 1136 4215; x_wconf 86' lang='lat' dir='ltr'>habilem</span> <span class='ocrx_word' id='word_1_256' title='bbox 1172 4180 1345 4233; x_wconf 82' lang='lat' dir='ltr'>quam</span> <span class='ocrx_word' id='word_1_257' title='bbox 1375 4164 1615 4217; x_wconf 87' lang='lat' dir='ltr'>reddere</span> <span class='ocrx_word' id='word_1_258' title='bbox 1655 4165 1955 4220; x_wconf 89' lang='lat' dir='ltr'>honorem.</span> 
     </span>
    </p>
   </div>
   <div class='ocr_carea' id='block_1_43' title="bbox 270 4248 1649 4322">
    <p class='ocr_par' dir='ltr' id='par_1_43' title="bbox 270 4248 1649 4322">
     <span class='ocr_line' id='line_1_43' title="bbox 270 4248 1649 4322; baseline 0 -17"><span class='ocrx_word' id='word_1_259' title='bbox 270 4249 455 4305; x_wconf 88' lang='lat' dir='ltr'>Pressi</span> <span class='ocrx_word' id='word_1_260' title='bbox 478 4248 831 4303; x_wconf 85' lang='lat' dir='ltr'>multimodis</span> <span class='ocrx_word' id='word_1_261' title='bbox 860 4255 924 4303; x_wconf 90' lang='lat' dir='ltr'>ut</span> <span class='ocrx_word' id='word_1_262' title='bbox 952 4257 1182 4319; x_wconf 87' lang='lat' dir='ltr'>possent</span> <span class='ocrx_word' id='word_1_263' title='bbox 1212 4253 1353 4305; x_wconf 90' lang='lat' dir='ltr'>scire</span> <span class='ocrx_word' id='word_1_264' title='bbox 1388 4252 1649 4322; x_wconf 76' lang='lat' dir='ltr'>flagellis,</span> 
     </span>
    </p>
   </div>
   <div class='ocr_carea' id='block_1_44' title="bbox 270 4338 1811 4409">
    <p class='ocr_par' dir='ltr' id='par_1_44' title="bbox 270 4338 1811 4409">
     <span class='ocr_line' id='line_1_44' title="bbox 270 4338 1811 4409; baseline 0.001 -17"><span class='ocrx_word' id='word_1_265' title='bbox 270 4339 452 4402; x_wconf 88' lang='lat' dir='ltr'>Quam</span> <span class='ocrx_word' id='word_1_266' title='bbox 486 4338 691 4392; x_wconf 88' lang='lat' dir='ltr'>charus</span> <span class='ocrx_word' id='word_1_267' title='bbox 724 4338 942 4391; x_wconf 89' lang='lat' dir='ltr'>Christo</span> <span class='ocrx_word' id='word_1_268' title='bbox 973 4338 1168 4407; x_wconf 85' lang='lat' dir='ltr'>fuerit,</span> <span class='ocrx_word' id='word_1_269' title='bbox 1200 4339 1300 4409; x_wconf 86' lang='lat' dir='ltr'>qui</span> <span class='ocrx_word' id='word_1_270' title='bbox 1330 4347 1553 4409; x_wconf 85' lang='lat' dir='ltr'>spretus</span> <span class='ocrx_word' id='word_1_271' title='bbox 1584 4340 1811 4395; x_wconf 85' lang='lat' dir='ltr'>abisset.</span> 
     </span>
    </p>
   </div>
   <div class='ocr_carea' id='block_1_45' title="bbox 271 4425 1734 4497">
    <p class='ocr_par' dir='ltr' id='par_1_45' title="bbox 271 4425 1734 4497">
     <span class='ocr_line' id='line_1_45' title="bbox 271 4425 1734 4497; baseline 0.001 -16"><span class='ocrx_word' id='word_1_272' title='bbox 271 4428 444 4497; x_wconf 86' lang='lat' dir='ltr'>Plaga</span> <span class='ocrx_word' id='word_1_273' title='bbox 472 4426 684 4481; x_wconf 89' lang='lat' dir='ltr'>etenim</span> <span class='ocrx_word' id='word_1_274' title='bbox 715 4425 854 4481; x_wconf 70' lang='lat' dir='ltr'>coelo</span> <span class='ocrx_word' id='word_1_275' title='bbox 878 4426 1131 4491; x_wconf 90' lang='lat' dir='ltr'>veniens,</span> <span class='ocrx_word' id='word_1_276' title='bbox 1167 4436 1221 4482; x_wconf 87' lang='lat' dir='ltr'>et</span> <span class='ocrx_word' id='word_1_277' title='bbox 1253 4432 1405 4481; x_wconf 91' lang='lat' dir='ltr'>terra</span> <span class='ocrx_word' id='word_1_278' title='bbox 1433 4429 1734 4497; x_wconf 89' lang='lat' dir='ltr'>resultans,</span> 
     </span>
    </p>
   </div>
   <div class='ocr_carea' id='block_1_46' title="bbox 272 4515 1553 4584">
    <p class='ocr_par' dir='ltr' id='par_1_46' title="bbox 272 4515 1553 4584">
     <span class='ocr_line' id='line_1_46' title="bbox 272 4515 1553 4584; baseline -0.002 -14"><span class='ocrx_word' id='word_1_279' title='bbox 272 4516 538 4581; x_wconf 90' lang='lat' dir='ltr'>Proterit,</span> <span class='ocrx_word' id='word_1_280' title='bbox 574 4515 811 4569; x_wconf 89' lang='lat' dir='ltr'>inclinat</span> <span class='ocrx_word' id='word_1_281' title='bbox 837 4515 1022 4584; x_wconf 89' lang='lat' dir='ltr'>rigida</span> <span class='ocrx_word' id='word_1_282' title='bbox 1051 4515 1265 4569; x_wconf 85' lang='lat' dir='ltr'>cervice</span> <span class='ocrx_word' id='word_1_283' title='bbox 1295 4516 1553 4579; x_wconf 82' lang='lat' dir='ltr'>rebelles,</span> 
     </span>
    </p>
   </div>
   <div class='ocr_carea' id='block_1_47' title="bbox 274 4604 1563 4674">
    <p class='ocr_par' dir='ltr' id='par_1_47' title="bbox 274 4604 1563 4674">
     <span class='ocr_line' id='line_1_47' title="bbox 274 4604 1563 4674; baseline -0.002 -15"><span class='ocrx_word' id='word_1_284' title='bbox 274 4605 600 4674; x_wconf 88' lang='lat' dir='ltr'>Evertitque</span> <span class='ocrx_word' id='word_1_285' title='bbox 635 4604 855 4669; x_wconf 91' lang='lat' dir='ltr'>domos,</span> <span class='ocrx_word' id='word_1_286' title='bbox 888 4620 1075 4657; x_wconf 89' lang='lat' dir='ltr'>mores</span> <span class='ocrx_word' id='word_1_287' title='bbox 1102 4604 1370 4658; x_wconf 88' lang='lat' dir='ltr'>cecidisse</span> <span class='ocrx_word' id='word_1_288' title='bbox 1397 4604 1563 4657; x_wconf 89' lang='lat' dir='ltr'>ruina</span> 
     </span>
    </p>
   </div>
   <div class='ocr_carea' id='block_1_48' title="bbox 272 4693 1630 4763">
    <p class='ocr_par' dir='ltr' id='par_1_48' title="bbox 272 4693 1630 4763">
     <span class='ocr_line' id='line_1_48' title="bbox 272 4693 1630 4763; baseline -0.001 -16"><span class='ocrx_word' id='word_1_289' title='bbox 272 4695 533 4747; x_wconf 88' lang='lat' dir='ltr'>Testatur</span> <span class='ocrx_word' id='word_1_290' title='bbox 562 4693 755 4748; x_wconf 90' lang='lat' dir='ltr'>sonitu</span> <span class='ocrx_word' id='word_1_291' title='bbox 786 4694 983 4747; x_wconf 89' lang='lat' dir='ltr'>labens</span> <span class='ocrx_word' id='word_1_292' title='bbox 1013 4697 1069 4747; x_wconf 92' lang='lat' dir='ltr'>et</span> <span class='ocrx_word' id='word_1_293' title='bbox 1098 4695 1353 4763; x_wconf 90' lang='lat' dir='ltr'>pondere</span> <span class='ocrx_word' id='word_1_294' title='bbox 1382 4693 1585 4763; x_wconf 89' lang='lat' dir='ltr'>grandi</span> <span class='ocrx_word' id='word_1_295' title='bbox 1618 4709 1630 4746; x_wconf 86' lang='lat'>:</span> 
     </span>
    </p>
   </div>
   <div class='ocr_carea' id='block_1_49' title="bbox 272 4781 1589 4853">
    <p class='ocr_par' dir='ltr' id='par_1_49' title="bbox 272 4781 1589 4853">
     <span class='ocr_line' id='line_1_49' title="bbox 272 4781 1589 4853; baseline -0.002 -16"><span class='ocrx_word' id='word_1_296' title='bbox 272 4787 349 4837; x_wconf 82' lang='lat' dir='ltr'>Ac</span> <span class='ocrx_word' id='word_1_297' title='bbox 372 4782 636 4836; x_wconf 86' lang='lat' dir='ltr'>viduatus</span> <span class='ocrx_word' id='word_1_298' title='bbox 666 4798 801 4853; x_wconf 88' lang='lat' dir='ltr'>ager</span> <span class='ocrx_word' id='word_1_299' title='bbox 832 4787 1022 4852; x_wconf 87' lang='lat' dir='ltr'>segete</span> <span class='ocrx_word' id='word_1_300' title='bbox 1045 4787 1100 4835; x_wconf 90' lang='lat' dir='ltr'>et</span> <span class='ocrx_word' id='word_1_301' title='bbox 1133 4783 1382 4836; x_wconf 90' lang='lat' dir='ltr'>nudatus</span> <span class='ocrx_word' id='word_1_302' title='bbox 1401 4781 1589 4835; x_wconf 88' lang='lat' dir='ltr'>arista.</span> 
     </span>
    </p>
   </div>
   <div class='ocr_carea' id='block_1_50' title="bbox 278 4870 1715 4941">
    <p class='ocr_par' dir='ltr' id='par_1_50' title="bbox 278 4870 1715 4941">
     <span class='ocr_line' id='line_1_50' title="bbox 278 4870 1715 4941; baseline -0.002 -16"><span class='ocrx_word' id='word_1_303' title='bbox 278 4872 372 4925; x_wconf 87' lang='lat' dir='ltr'>His</span> <span class='ocrx_word' id='word_1_304' title='bbox 406 4871 675 4925; x_wconf 90' lang='lat' dir='ltr'>meritum</span> <span class='ocrx_word' id='word_1_305' title='bbox 708 4871 889 4941; x_wconf 71' lang='lat' dir='ltr'>spinae</span> <span class='ocrx_word' id='word_1_306' title='bbox 920 4870 1227 4940; x_wconf 88' lang='lat' dir='ltr'>pungentis</span> <span class='ocrx_word' id='word_1_307' title='bbox 1256 4870 1444 4924; x_wconf 86' lang='lat' dir='ltr'>reddit</span> <span class='ocrx_word' id='word_1_308' title='bbox 1473 4885 1715 4923; x_wconf 87' lang='lat' dir='ltr'>acumen</span> 
     </span>
    </p>
   </div>
   <div class='ocr_carea' id='block_1_51' title="bbox 278 4958 1749 5024">
    <p class='ocr_par' dir='ltr' id='par_1_51' title="bbox 278 4958 1749 5024">
     <span class='ocr_line' id='line_1_51' title="bbox 278 4958 1749 5024; baseline -0.001 -11"><span class='ocrx_word' id='word_1_309' title='bbox 278 4959 418 5013; x_wconf 88' lang='lat' dir='ltr'>Cum</span> <span class='ocrx_word' id='word_1_310' title='bbox 448 4958 691 5013; x_wconf 89' lang='lat' dir='ltr'>tribulis.</span> <span class='ocrx_word' id='word_1_311' title='bbox 722 4959 998 5013; x_wconf 89' lang='lat' dir='ltr'>Referunt</span> <span class='ocrx_word' id='word_1_312' title='bbox 1026 4958 1371 5013; x_wconf 90' lang='lat' dir='ltr'>commercia</span> <span class='ocrx_word' id='word_1_313' title='bbox 1395 4959 1529 5012; x_wconf 89' lang='lat' dir='ltr'>talia</span> <span class='ocrx_word' id='word_1_314' title='bbox 1561 4963 1749 5024; x_wconf 71' lang='lat' dir='ltr'>terrae,</span> 
     </span>
    </p>
   </div>
   <div class='ocr_carea' id='block_1_52' title="bbox 344 5137 1969 5209">
    <p class='ocr_par' dir='ltr' id='par_1_52' title="bbox 344 5137 1969 5209">
     <span class='ocr_line' id='line_1_52' title="bbox 344 5137 1969 5209; baseline 0 -17"><span class='ocrx_word' id='word_1_315' title='bbox 344 5147 368 5172; x_wconf 76' lang='grc'>⁸</span> <span class='ocrx_word' id='word_1_316' title='bbox 407 5140 523 5193; x_wconf 81' lang='lat' dir='ltr'>Rex</span> <span class='ocrx_word' id='word_1_317' title='bbox 573 5137 924 5209; x_wconf 89' lang='lat' dir='ltr'>Sigebertus,</span> <span class='ocrx_word' id='word_1_318' title='bbox 978 5137 1299 5207; x_wconf 89' lang='lat' dir='ltr'>Dagoberto</span> <span class='ocrx_word' id='word_1_319' title='bbox 1351 5138 1577 5209; x_wconf 87' lang='lat' dir='ltr'>aliquot</span> <span class='ocrx_word' id='word_1_320' title='bbox 1623 5142 1745 5192; x_wconf 93' lang='lat' dir='ltr'>tum</span> <span class='ocrx_word' id='word_1_321' title='bbox 1803 5137 1969 5192; x_wconf 91' lang='lat' dir='ltr'>annis</span> 
     </span>
    </p>
   </div>
   <div class='ocr_carea' id='block_1_53' title="bbox 276 5212 1157 5278">
    <p class='ocr_par' dir='ltr' id='par_1_53' title="bbox 276 5212 1157 5278">
     <span class='ocr_line' id='line_1_53' title="bbox 276 5212 1157 5278; baseline 0 -17"><span class='ocrx_word' id='word_1_322' title='bbox 276 5215 526 5273; x_wconf 85' lang='lat' dir='ltr'>mortuo,</span> <span class='ocrx_word' id='word_1_323' title='bbox 560 5215 623 5262; x_wconf 89' lang='lat' dir='ltr'>ut</span> <span class='ocrx_word' id='word_1_324' title='bbox 646 5225 817 5278; x_wconf 88' lang='lat' dir='ltr'>supra</span> <span class='ocrx_word' id='word_1_325' title='bbox 847 5212 1157 5262; x_wconf 89' lang='lat' dir='ltr'>ostensum.</span> 
     </span>
    </p>
   </div>
   <div class='ocr_carea' id='block_1_54' title="bbox 348 5279 1968 5349">
    <p class='ocr_par' dir='ltr' id='par_1_54' title="bbox 348 5279 1968 5349">
     <span class='ocr_line' id='line_1_54' title="bbox 348 5279 1968 5349; baseline 0.001 -18"><span class='ocrx_word' id='word_1_326' title='bbox 348 5281 373 5321; x_wconf 71' lang='grc' dir='ltr'>ι»</span> <span class='ocrx_word' id='word_1_327' title='bbox 414 5281 565 5331; x_wconf 86' lang='lat' dir='ltr'>Hanc</span> <span class='ocrx_word' id='word_1_328' title='bbox 617 5280 916 5349; x_wconf 87' lang='lat' dir='ltr'>lectionem</span> <span class='ocrx_word' id='word_1_329' title='bbox 961 5295 1133 5349; x_wconf 90' lang='lat' dir='ltr'>supra</span> <span class='ocrx_word' id='word_1_330' title='bbox 1171 5280 1563 5349; x_wconf 88' lang='lat' dir='ltr'>probavimus,</span> <span class='ocrx_word' id='word_1_331' title='bbox 1604 5280 1704 5333; x_wconf 89' lang='lat' dir='ltr'>ubi</span> <span class='ocrx_word' id='word_1_332' title='bbox 1752 5280 1821 5333; x_wconf 89' lang='lat' dir='ltr'>de</span> <span class='ocrx_word' id='word_1_333' title='bbox 1855 5279 1968 5336; x_wconf 90' lang='lat' dir='ltr'>Ca-</span> 
     </span>
    </p>
   </div>
   <div class='ocr_carea' id='block_1_55' title="bbox 281 5348 832 5418">
    <p class='ocr_par' dir='ltr' id='par_1_55' title="bbox 281 5348 832 5418">
     <span class='ocr_line' id='line_1_55' title="bbox 281 5348 832 5418; baseline 0.002 -18"><span class='ocrx_word' id='word_1_334' title='bbox 281 5349 462 5401; x_wconf 89' lang='lat' dir='ltr'>loanis</span> <span class='ocrx_word' id='word_1_335' title='bbox 487 5354 697 5418; x_wconf 89' lang='lat' dir='ltr'>actum,</span> <span class='ocrx_word' id='word_1_336' title='bbox 724 5348 751 5418; x_wconf 62' lang='grc' dir='ltr'><strong><em>ξ</em></strong></span> <span class='ocrx_word' id='word_1_337' title='bbox 782 5351 832 5401; x_wconf 75' lang='grc'>4.</span> 
     </span>
    </p>
   </div>
   <div class='ocr_carea' id='block_1_56' title="bbox 354 5417 1968 5475">
    <p class='ocr_par' dir='ltr' id='par_1_56' title="bbox 354 5417 1968 5475">
     <span class='ocr_line' id='line_1_56' title="bbox 354 5417 1968 5475; baseline 0.002 -4"><span class='ocrx_word' id='word_1_338' title='bbox 354 5426 374 5450; x_wconf 72' lang='grc' dir='ltr'><strong>ο</strong></span> <span class='ocrx_word' id='word_1_339' title='bbox 405 5417 618 5471; x_wconf 87' lang='lat' dir='ltr'>Colitur</span> <span class='ocrx_word' id='word_1_340' title='bbox 649 5419 705 5471; x_wconf 89' lang='lat' dir='ltr'>S.</span> <span class='ocrx_word' id='word_1_341' title='bbox 732 5417 1042 5473; x_wconf 36' lang='lat' dir='ltr'>’Servatius</span> <span class='ocrx_word' id='word_1_342' title='bbox 1087 5422 1148 5475; x_wconf 83' lang='lat' dir='ltr'>l3</span> <span class='ocrx_word' id='word_1_343' title='bbox 1200 5419 1371 5474; x_wconf 84' lang='lat' dir='ltr'>Maii:</span> <span class='ocrx_word' id='word_1_344' title='bbox 1422 5419 1470 5473; x_wconf 91' lang='lat' dir='ltr'>is</span> <span class='ocrx_word' id='word_1_345' title='bbox 1524 5420 1866 5475; x_wconf 88' lang='lat' dir='ltr'>imminente</span> <span class='ocrx_word' id='word_1_346' title='bbox 1900 5421 1968 5475; x_wconf 89' lang='lat' dir='ltr'>ab</span> 
     </span>
    </p>
   </div>
   <div class='ocr_carea' id='block_1_57' title="bbox 1484 330 2510 389">
    <p class='ocr_par' dir='ltr' id='par_1_57' title="bbox 1484 330 2510 389">
     <span class='ocr_line' id='line_1_57' title="bbox 1484 330 2510 389; baseline -0.002 -4"><span class='ocrx_word' id='word_1_347' title='bbox 1484 332 1761 388; x_wconf 77' lang='lat' dir='ltr'><strong>MILONIS</strong></span> <span class='ocrx_word' id='word_1_348' title='bbox 1802 331 2115 389; x_wconf 85' lang='lat' dir='ltr'>MONACHI</span> <span class='ocrx_word' id='word_1_349' title='bbox 2154 330 2208 384; x_wconf 92' lang='lat' dir='ltr'>S.</span> <span class='ocrx_word' id='word_1_350' title='bbox 2251 332 2510 385; x_wconf 80' lang='lat' dir='ltr'><strong>AMANDI</strong></span> 
     </span>
    </p>
   </div>
   <div class='ocr_carea' id='block_1_58' title="bbox 3663 330 3754 381">
    <p class='ocr_par' dir='ltr' id='par_1_58' title="bbox 3663 330 3754 381">
     <span class='ocr_line' id='line_1_58' title="bbox 3663 330 3754 381; baseline 0 0"><span class='ocrx_word' id='word_1_351' title='bbox 3663 330 3754 381; x_wconf 81' lang='lat'>956</span> 
     </span>
    </p>
   </div>
   <div class='ocr_carea' id='block_1_59' title="bbox 1976 461 3431 529">
    <p class='ocr_par' dir='ltr' id='par_1_59' title="bbox 1976 461 3431 529">
     <span class='ocr_line' id='line_1_59' title="bbox 1976 461 3431 529; baseline -0.002 -12"><span class='ocrx_word' id='word_1_352' title='bbox 1976 464 2021 517; x_wconf 86' lang='lat' dir='ltr'><strong>A</strong></span> <span class='ocrx_word' id='word_1_353' title='bbox 2049 461 2187 525; x_wconf 76' lang='lat' dir='ltr'>Quae</span> <span class='ocrx_word' id='word_1_354' title='bbox 2219 466 2377 516; x_wconf 91' lang='lat' dir='ltr'>tanto</span> <span class='ocrx_word' id='word_1_355' title='bbox 2405 463 2622 515; x_wconf 89' lang='lat' dir='ltr'>cultore</span> <span class='ocrx_word' id='word_1_356' title='bbox 2645 466 2860 529; x_wconf 88' lang='lat' dir='ltr'>carent,</span> <span class='ocrx_word' id='word_1_357' title='bbox 2895 476 3007 515; x_wconf 92' lang='lat' dir='ltr'>nec</span> <span class='ocrx_word' id='word_1_358' title='bbox 3037 462 3285 515; x_wconf 84' lang='lat' dir='ltr'>vescitur</span> <span class='ocrx_word' id='word_1_359' title='bbox 3313 461 3431 516; x_wconf 91' lang='lat' dir='ltr'>illis</span> 
     </span>
    </p>
   </div>
   <div class='ocr_carea' id='block_1_60' title="bbox 2048 549 3657 620">
    <p class='ocr_par' dir='ltr' id='par_1_60' title="bbox 2048 549 3657 620">
     <span class='ocr_line' id='line_1_60' title="bbox 2048 549 3657 620; baseline -0.002 -17"><span class='ocrx_word' id='word_1_360' title='bbox 2048 550 2261 620; x_wconf 90' lang='lat' dir='ltr'>Incola,</span> <span class='ocrx_word' id='word_1_361' title='bbox 2294 550 2442 604; x_wconf 85' lang='lat' dir='ltr'>ferre</span> <span class='ocrx_word' id='word_1_362' title='bbox 2472 550 2665 605; x_wconf 88' lang='lat' dir='ltr'>cibum</span> <span class='ocrx_word' id='word_1_363' title='bbox 2700 549 2836 620; x_wconf 92' lang='lat' dir='ltr'>quia</span> <span class='ocrx_word' id='word_1_364' title='bbox 2867 550 3064 603; x_wconf 89' lang='lat' dir='ltr'>matris</span> <span class='ocrx_word' id='word_1_365' title='bbox 3090 550 3148 603; x_wconf 88' lang='lat' dir='ltr'>in</span> <span class='ocrx_word' id='word_1_366' title='bbox 3179 550 3357 604; x_wconf 87' lang='lat' dir='ltr'>ubere</span> <span class='ocrx_word' id='word_1_367' title='bbox 3385 550 3657 620; x_wconf 88' lang='lat' dir='ltr'>tempsit.</span> 
     </span>
    </p>
   </div>
   <div class='ocr_carea' id='block_1_61' title="bbox 2126 726 3758 799">
    <p class='ocr_par' dir='ltr' id='par_1_61' title="bbox 2126 726 3758 799">
     <span class='ocr_line' id='line_1_61' title="bbox 2126 726 3758 799; baseline -0.002 -16"><span class='ocrx_word' id='word_1_368' title='bbox 2126 732 2206 783; x_wconf 81' lang='grc'>14.</span> <span class='ocrx_word' id='word_1_369' title='bbox 2242 730 2322 783; x_wconf 91' lang='lat' dir='ltr'>Tu</span> <span class='ocrx_word' id='word_1_370' title='bbox 2354 744 2603 799; x_wconf 86' lang='lat' dir='ltr'>quoque,</span> <span class='ocrx_word' id='word_1_371' title='bbox 2625 727 2807 797; x_wconf 84' lang='lat' dir='ltr'>plebs,</span> <span class='ocrx_word' id='word_1_372' title='bbox 2840 727 3015 782; x_wconf 88' lang='lat' dir='ltr'>libeat</span> <span class='ocrx_word' id='word_1_373' title='bbox 3042 726 3087 779; x_wconf 92' lang='lat' dir='ltr'>si</span> <span class='ocrx_word' id='word_1_374' title='bbox 3122 727 3329 781; x_wconf 91' lang='lat' dir='ltr'>cursim</span> <span class='ocrx_word' id='word_1_375' title='bbox 3355 731 3609 798; x_wconf 85' lang='lat' dir='ltr'>tangere</span> <span class='ocrx_word' id='word_1_376' title='bbox 3645 726 3758 795; x_wconf 85' lang='lat' dir='ltr'>pri-</span> 
     </span>
    </p>
   </div>
   <div class='ocr_carea' id='block_1_62' title="bbox 2049 815 3756 887">
    <p class='ocr_par' dir='ltr' id='par_1_62' title="bbox 2049 815 3756 887">
     <span class='ocr_line' id='line_1_62' title="bbox 2049 815 3756 887; baseline -0.002 -17"><span class='ocrx_word' id='word_1_377' title='bbox 2049 817 2315 887; x_wconf 89' lang='lat' dir='ltr'>Antiquis</span> <span class='ocrx_word' id='word_1_378' title='bbox 2346 817 2569 870; x_wconf 91' lang='lat' dir='ltr'>damnis</span> <span class='ocrx_word' id='word_1_379' title='bbox 2598 816 2820 886; x_wconf 89' lang='lat' dir='ltr'>prolata</span> <span class='ocrx_word' id='word_1_380' title='bbox 2850 816 2973 869; x_wconf 81' lang='lat' dir='ltr'>haec</span> <span class='ocrx_word' id='word_1_381' title='bbox 3004 816 3241 869; x_wconf 88' lang='lat' dir='ltr'>vulnera</span> <span class='ocrx_word' id='word_1_382' title='bbox 3271 816 3469 870; x_wconf 90' lang='lat' dir='ltr'>sentis.</span> <span class='ocrx_word' id='word_1_383' title='bbox 3625 815 3756 885; x_wconf 63' lang='grc' dir='ltr'>[εοοᾶ⁸</span> 
     </span>
    </p>
   </div>
   <div class='ocr_carea' id='block_1_63' title="bbox 2051 903 3528 964">
    <p class='ocr_par' dir='ltr' id='par_1_63' title="bbox 2051 903 3528 964">
     <span class='ocr_line' id='line_1_63' title="bbox 2051 903 3528 964; baseline -0.003 -5"><span class='ocrx_word' id='word_1_384' title='bbox 2051 905 2317 959; x_wconf 88' lang='lat' dir='ltr'>Cladibus</span> <span class='ocrx_word' id='word_1_385' title='bbox 2346 904 2644 958; x_wconf 89' lang='lat' dir='ltr'>immensis</span> <span class='ocrx_word' id='word_1_386' title='bbox 2674 920 2790 957; x_wconf 90' lang='lat' dir='ltr'>non</span> <span class='ocrx_word' id='word_1_387' title='bbox 2824 904 3053 958; x_wconf 89' lang='lat' dir='ltr'>obstant</span> <span class='ocrx_word' id='word_1_388' title='bbox 3081 903 3292 957; x_wconf 87' lang='lat' dir='ltr'>moenia</span> <span class='ocrx_word' id='word_1_389' title='bbox 3331 903 3528 964; x_wconf 87' lang='lat' dir='ltr'>ﬁrma,</span> 
     </span>
    </p>
   </div>
   <div class='ocr_carea' id='block_1_64' title="bbox 2050 990 3538 1062">
    <p class='ocr_par' dir='ltr' id='par_1_64' title="bbox 2050 990 3538 1062">
     <span class='ocr_line' id='line_1_64' title="bbox 2050 990 3538 1062; baseline -0.004 -13"><span class='ocrx_word' id='word_1_390' title='bbox 2050 995 2158 1049; x_wconf 91' lang='lat' dir='ltr'>Sed</span> <span class='ocrx_word' id='word_1_391' title='bbox 2192 997 2526 1048; x_wconf 90' lang='lat' dir='ltr'>sternuntur</span> <span class='ocrx_word' id='word_1_392' title='bbox 2550 992 2715 1046; x_wconf 90' lang='lat' dir='ltr'>humi</span> <span class='ocrx_word' id='word_1_393' title='bbox 2743 1008 2845 1045; x_wconf 89' lang='lat' dir='ltr'>ceu</span> <span class='ocrx_word' id='word_1_394' title='bbox 2876 991 3063 1062; x_wconf 88' lang='lat' dir='ltr'>pulvis</span> <span class='ocrx_word' id='word_1_395' title='bbox 3093 991 3326 1045; x_wconf 88' lang='lat' dir='ltr'>ﬂamine</span> <span class='ocrx_word' id='word_1_396' title='bbox 3354 990 3538 1055; x_wconf 89' lang='lat' dir='ltr'>venti,</span> 
     </span>
    </p>
   </div>
   <div class='ocr_carea' id='block_1_65' title="bbox 2053 1078 3483 1150">
    <p class='ocr_par' dir='ltr' id='par_1_65' title="bbox 2053 1078 3483 1150">
     <span class='ocr_line' id='line_1_65' title="bbox 2053 1078 3483 1150; baseline -0.003 -14"><span class='ocrx_word' id='word_1_397' title='bbox 2053 1082 2461 1150; x_wconf 88' lang='lat' dir='ltr'>Labunturque</span> <span class='ocrx_word' id='word_1_398' title='bbox 2488 1079 2666 1145; x_wconf 91' lang='lat' dir='ltr'>domi,</span> <span class='ocrx_word' id='word_1_399' title='bbox 2703 1095 2833 1149; x_wconf 71' lang='lat' dir='ltr'>quae</span> <span class='ocrx_word' id='word_1_400' title='bbox 2867 1095 2984 1132; x_wconf 91' lang='lat' dir='ltr'>non</span> <span class='ocrx_word' id='word_1_401' title='bbox 3015 1079 3273 1133; x_wconf 91' lang='lat' dir='ltr'>custodia</span> <span class='ocrx_word' id='word_1_402' title='bbox 3302 1078 3483 1132; x_wconf 89' lang='lat' dir='ltr'>fulcit.</span> 
     </span>
    </p>
   </div>
   <div class='ocr_carea' id='block_1_66' title="bbox 2051 1166 3420 1238">
    <p class='ocr_par' dir='ltr' id='par_1_66' title="bbox 2051 1166 3420 1238">
     <span class='ocr_line' id='line_1_66' title="bbox 2051 1166 3420 1238; baseline -0.002 -16"><span class='ocrx_word' id='word_1_403' title='bbox 2051 1171 2163 1223; x_wconf 86' lang='lat' dir='ltr'>Nec</span> <span class='ocrx_word' id='word_1_404' title='bbox 2192 1169 2423 1232; x_wconf 88' lang='lat' dir='ltr'>mirum,</span> <span class='ocrx_word' id='word_1_405' title='bbox 2458 1184 2737 1238; x_wconf 90' lang='lat' dir='ltr'>compago</span> <span class='ocrx_word' id='word_1_406' title='bbox 2770 1174 2899 1221; x_wconf 90' lang='lat' dir='ltr'>ruat</span> <span class='ocrx_word' id='word_1_407' title='bbox 2925 1167 2970 1220; x_wconf 93' lang='lat' dir='ltr'>si</span> <span class='ocrx_word' id='word_1_408' title='bbox 3003 1166 3257 1221; x_wconf 90' lang='lat' dir='ltr'>turribus</span> <span class='ocrx_word' id='word_1_409' title='bbox 3288 1167 3420 1221; x_wconf 89' lang='lat' dir='ltr'>altis</span> 
     </span>
    </p>
   </div>
   <div class='ocr_carea' id='block_1_67' title="bbox 2054 1255 3589 1326">
    <p class='ocr_par' dir='ltr' id='par_1_67' title="bbox 2054 1255 3589 1326">
     <span class='ocr_line' id='line_1_67' title="bbox 2054 1255 3589 1326; baseline -0.002 -15"><span class='ocrx_word' id='word_1_410' title='bbox 2054 1257 2329 1312; x_wconf 91' lang='lat' dir='ltr'>Funditus</span> <span class='ocrx_word' id='word_1_411' title='bbox 2360 1257 2573 1325; x_wconf 86' lang='lat' dir='ltr'>evulsa,</span> <span class='ocrx_word' id='word_1_412' title='bbox 2607 1255 2827 1309; x_wconf 89' lang='lat' dir='ltr'>stabilis</span> <span class='ocrx_word' id='word_1_413' title='bbox 2859 1272 3031 1326; x_wconf 88' lang='lat' dir='ltr'>quam</span> <span class='ocrx_word' id='word_1_414' title='bbox 3063 1255 3233 1325; x_wconf 91' lang='lat' dir='ltr'>liquit</span> <span class='ocrx_word' id='word_1_415' title='bbox 3260 1255 3589 1321; x_wconf 84' lang='lat' dir='ltr'>Amandus,</span> 
     </span>
    </p>
   </div>
   <div class='ocr_carea' id='block_1_68' title="bbox 2054 1344 3351 1411">
    <p class='ocr_par' dir='ltr' id='par_1_68' title="bbox 2054 1344 3351 1411">
     <span class='ocr_line' id='line_1_68' title="bbox 2054 1344 3351 1411; baseline -0.004 -11"><span class='ocrx_word' id='word_1_416' title='bbox 2054 1346 2312 1400; x_wconf 75' lang='lat' dir='ltr'>Ecclesiae</span> <span class='ocrx_word' id='word_1_417' title='bbox 2343 1351 2556 1399; x_wconf 60' lang='lat' dir='ltr'>nostra:</span> <span class='ocrx_word' id='word_1_418' title='bbox 2587 1344 2863 1411; x_wconf 89' lang='lat' dir='ltr'>defensio,</span> <span class='ocrx_word' id='word_1_419' title='bbox 2892 1344 3036 1396; x_wconf 91' lang='lat' dir='ltr'>celsa</span> <span class='ocrx_word' id='word_1_420' title='bbox 3065 1344 3351 1409; x_wconf 89' lang='lat' dir='ltr'>columna,</span> 
     </span>
    </p>
   </div>
   <div class='ocr_carea' id='block_1_69' title="bbox 2053 1431 3469 1501">
    <p class='ocr_par' dir='ltr' id='par_1_69' title="bbox 2053 1431 3469 1501">
     <span class='ocr_line' id='line_1_69' title="bbox 2053 1431 3469 1501; baseline -0.005 -12"><span class='ocrx_word' id='word_1_421' title='bbox 2053 1434 2329 1489; x_wconf 87' lang='lat' dir='ltr'>Tabiﬁcos</span> <span class='ocrx_word' id='word_1_422' title='bbox 2360 1439 2557 1487; x_wconf 90' lang='lat' dir='ltr'>contra</span> <span class='ocrx_word' id='word_1_423' title='bbox 2586 1432 2844 1486; x_wconf 83' lang='lat' dir='ltr'>fremitus</span> <span class='ocrx_word' id='word_1_424' title='bbox 2881 1431 3159 1501; x_wconf 90' lang='lat' dir='ltr'>protectio</span> <span class='ocrx_word' id='word_1_425' title='bbox 3185 1436 3469 1500; x_wconf 82' lang='lat' dir='ltr'>perstans.</span> 
     </span>
    </p>
   </div>
   <div class='ocr_carea' id='block_1_70' title="bbox 2055 1517 3431 1587">
    <p class='ocr_par' dir='ltr' id='par_1_70' title="bbox 2055 1517 3431 1587">
     <span class='ocr_line' id='line_1_70' title="bbox 2055 1517 3431 1587; baseline -0.004 -12"><span class='ocrx_word' id='word_1_426' title='bbox 2055 1523 2177 1587; x_wconf 90' lang='lat' dir='ltr'>Quo</span> <span class='ocrx_word' id='word_1_427' title='bbox 2202 1522 2436 1587; x_wconf 77' lang='lat' dir='ltr'>offenso,</span> <span class='ocrx_word' id='word_1_428' title='bbox 2470 1521 2573 1574; x_wconf 90' lang='lat' dir='ltr'>tibi</span> <span class='ocrx_word' id='word_1_429' title='bbox 2599 1536 2779 1586; x_wconf 91' lang='lat' dir='ltr'>mors;</span> <span class='ocrx_word' id='word_1_430' title='bbox 2809 1520 2973 1573; x_wconf 90' lang='lat' dir='ltr'>nobis</span> <span class='ocrx_word' id='word_1_431' title='bbox 3001 1519 3234 1571; x_wconf 85' lang='lat' dir='ltr'>salvatio</span> <span class='ocrx_word' id='word_1_432' title='bbox 3274 1517 3431 1570; x_wconf 89' lang='lat' dir='ltr'>venit</span> 
     </span>
    </p>
   </div>
   <div class='ocr_carea' id='block_1_71' title="bbox 2052 1606 3350 1673">
    <p class='ocr_par' dir='ltr' id='par_1_71' title="bbox 2052 1606 3350 1673">
     <span class='ocr_line' id='line_1_71' title="bbox 2052 1606 3350 1673; baseline -0.006 -8"><span class='ocrx_word' id='word_1_433' title='bbox 2052 1622 2072 1645; x_wconf 76' lang='grc' dir='ltr'><em>ε</em></span> <span class='ocrx_word' id='word_1_434' title='bbox 2105 1609 2357 1665; x_wconf 89' lang='lat' dir='ltr'>Servatio</span> <span class='ocrx_word' id='word_1_435' title='bbox 2389 1612 2610 1661; x_wconf 89' lang='lat' dir='ltr'>servata</span> <span class='ocrx_word' id='word_1_436' title='bbox 2640 1614 2737 1661; x_wconf 90' lang='lat' dir='ltr'>tuo</span> <span class='ocrx_word' id='word_1_437' title='bbox 2768 1608 2903 1661; x_wconf 88' lang='lat' dir='ltr'>dum</span> <span class='ocrx_word' id='word_1_438' title='bbox 2937 1607 3183 1673; x_wconf 89' lang='lat' dir='ltr'>viveret;</span> <span class='ocrx_word' id='word_1_439' title='bbox 3218 1606 3350 1659; x_wconf 90' lang='lat' dir='ltr'>inde</span> 
     </span>
    </p>
   </div>
   <div class='ocr_carea' id='block_1_72' title="bbox 2059 1694 3491 1753">
    <p class='ocr_par' dir='ltr' id='par_1_72' title="bbox 2059 1694 3491 1753">
     <span class='ocr_line' id='line_1_72' title="bbox 2059 1694 3491 1753; baseline -0.004 -1"><span class='ocrx_word' id='word_1_440' title='bbox 2059 1698 2270 1753; x_wconf 84' lang='lat' dir='ltr'>Flebile</span> <span class='ocrx_word' id='word_1_441' title='bbox 2303 1713 2372 1751; x_wconf 89' lang='lat' dir='ltr'>ne</span> <span class='ocrx_word' id='word_1_442' title='bbox 2401 1697 2573 1751; x_wconf 91' lang='lat' dir='ltr'>funus</span> <span class='ocrx_word' id='word_1_443' title='bbox 2604 1712 2704 1749; x_wconf 90' lang='lat' dir='ltr'>seu</span> <span class='ocrx_word' id='word_1_444' title='bbox 2735 1700 3000 1749; x_wconf 74' lang='lat' dir='ltr'>mmstum</span> <span class='ocrx_word' id='word_1_445' title='bbox 3033 1694 3204 1748; x_wconf 90' lang='lat' dir='ltr'>corde</span> <span class='ocrx_word' id='word_1_446' title='bbox 3236 1694 3491 1748; x_wconf 91' lang='lat' dir='ltr'>dolorem</span> 
     </span>
    </p>
   </div>
   <div class='ocr_carea' id='block_1_73' title="bbox 2055 1783 3389 1849">
    <p class='ocr_par' dir='ltr' id='par_1_73' title="bbox 2055 1783 3389 1849">
     <span class='ocr_line' id='line_1_73' title="bbox 2055 1783 3389 1849; baseline -0.004 -8"><span class='ocrx_word' id='word_1_447' title='bbox 2055 1787 2317 1842; x_wconf 89' lang='lat' dir='ltr'>Sumeret</span> <span class='ocrx_word' id='word_1_448' title='bbox 2347 1790 2629 1840; x_wconf 87' lang='lat' dir='ltr'>extremas</span> <span class='ocrx_word' id='word_1_449' title='bbox 2658 1785 2717 1837; x_wconf 90' lang='lat' dir='ltr'>in</span> <span class='ocrx_word' id='word_1_450' title='bbox 2750 1789 2803 1837; x_wconf 89' lang='lat' dir='ltr'>te</span> <span class='ocrx_word' id='word_1_451' title='bbox 2833 1784 3117 1837; x_wconf 88' lang='lat' dir='ltr'>cernendo</span> <span class='ocrx_word' id='word_1_452' title='bbox 3149 1783 3389 1849; x_wconf 82' lang='lat' dir='ltr'>favillas,</span> 
     </span>
    </p>
   </div>
   <div class='ocr_carea' id='block_1_74' title="bbox 2056 1870 3757 1940">
    <p class='ocr_par' dir='ltr' id='par_1_74' title="bbox 2056 1870 3757 1940">
     <span class='ocr_line' id='line_1_74' title="bbox 2056 1870 3757 1940; baseline -0.005 -11"><span class='ocrx_word' id='word_1_453' title='bbox 2056 1875 2302 1930; x_wconf 90' lang='lat' dir='ltr'>Transiit</span> <span class='ocrx_word' id='word_1_454' title='bbox 2327 1874 2397 1928; x_wconf 91' lang='lat' dir='ltr'>ad</span> <span class='ocrx_word' id='word_1_455' title='bbox 2428 1873 2757 1940; x_wconf 90' lang='lat' dir='ltr'>Dominum,</span> <span class='ocrx_word' id='word_1_456' title='bbox 2788 1873 3001 1926; x_wconf 90' lang='lat' dir='ltr'>nudam</span> <span class='ocrx_word' id='word_1_457' title='bbox 3029 1877 3083 1925; x_wconf 92' lang='lat' dir='ltr'>te</span> <span class='ocrx_word' id='word_1_458' title='bbox 3114 1872 3175 1925; x_wconf 91' lang='lat' dir='ltr'>in</span> <span class='ocrx_word' id='word_1_459' title='bbox 3204 1878 3387 1924; x_wconf 89' lang='lat' dir='ltr'>morte</span> <span class='ocrx_word' id='word_1_460' title='bbox 3416 1870 3757 1938; x_wconf 87' lang='lat' dir='ltr'>relinquens</span> 
     </span>
    </p>
   </div>
   <div class='ocr_carea' id='block_1_75' title="bbox 2055 1957 3665 2032">
    <p class='ocr_par' dir='ltr' id='par_1_75' title="bbox 2055 1957 3665 2032">
     <span class='ocr_line' id='line_1_75' title="bbox 2055 1957 3665 2032; baseline -0.004 -16"><span class='ocrx_word' id='word_1_461' title='bbox 2055 1963 2163 2027; x_wconf 88' lang='lat' dir='ltr'>Qui</span> <span class='ocrx_word' id='word_1_462' title='bbox 2191 1962 2296 2016; x_wconf 88' lang='lat' dir='ltr'>tibi</span> <span class='ocrx_word' id='word_1_463' title='bbox 2327 1966 2455 2032; x_wconf 90' lang='lat' dir='ltr'>post</span> <span class='ocrx_word' id='word_1_464' title='bbox 2488 1964 2748 2015; x_wconf 89' lang='lat' dir='ltr'>nostrum</span> <span class='ocrx_word' id='word_1_465' title='bbox 2780 1961 3084 2013; x_wconf 89' lang='lat' dir='ltr'>miseratus</span> <span class='ocrx_word' id='word_1_466' title='bbox 3117 1960 3274 2012; x_wconf 89' lang='lat' dir='ltr'>misit</span> <span class='ocrx_word' id='word_1_467' title='bbox 3301 1957 3665 2022; x_wconf 81' lang='lat' dir='ltr'>Amandum,</span> 
     </span>
    </p>
   </div>
   <div class='ocr_carea' id='block_1_76' title="bbox 2059 2047 3428 2118">
    <p class='ocr_par' dir='ltr' id='par_1_76' title="bbox 2059 2047 3428 2118">
     <span class='ocr_line' id='line_1_76' title="bbox 2059 2047 3428 2118; baseline -0.004 -14"><span class='ocrx_word' id='word_1_468' title='bbox 2059 2052 2128 2104; x_wconf 91' lang='lat' dir='ltr'>Ut</span> <span class='ocrx_word' id='word_1_469' title='bbox 2159 2051 2338 2104; x_wconf 91' lang='lat' dir='ltr'>solem</span> <span class='ocrx_word' id='word_1_470' title='bbox 2371 2050 2546 2103; x_wconf 91' lang='lat' dir='ltr'>radiis</span> <span class='ocrx_word' id='word_1_471' title='bbox 2571 2065 2811 2118; x_wconf 89' lang='lat' dir='ltr'>operum</span> <span class='ocrx_word' id='word_1_472' title='bbox 2842 2048 3067 2117; x_wconf 86' lang='lat' dir='ltr'>fulgore</span> <span class='ocrx_word' id='word_1_473' title='bbox 3100 2047 3428 2100; x_wconf 89' lang='lat' dir='ltr'>micantem.</span> 
     </span>
    </p>
   </div>
   <div class='ocr_carea' id='block_1_77' title="bbox 2056 2135 3447 2209">
    <p class='ocr_par' dir='ltr' id='par_1_77' title="bbox 2056 2135 3447 2209">
     <span class='ocr_line' id='line_1_77' title="bbox 2056 2135 3447 2209; baseline -0.005 -15"><span class='ocrx_word' id='word_1_474' title='bbox 2056 2140 2164 2195; x_wconf 90' lang='lat' dir='ltr'>Sed</span> <span class='ocrx_word' id='word_1_475' title='bbox 2193 2143 2255 2193; x_wconf 90' lang='lat' dir='ltr'>tu</span> <span class='ocrx_word' id='word_1_476' title='bbox 2287 2139 2444 2209; x_wconf 91' lang='lat' dir='ltr'>lippa</span> <span class='ocrx_word' id='word_1_477' title='bbox 2472 2145 2604 2192; x_wconf 90' lang='lat' dir='ltr'>tuos</span> <span class='ocrx_word' id='word_1_478' title='bbox 2631 2139 2824 2191; x_wconf 91' lang='lat' dir='ltr'>oculos</span> <span class='ocrx_word' id='word_1_479' title='bbox 2856 2138 2993 2190; x_wconf 90' lang='lat' dir='ltr'>dum</span> <span class='ocrx_word' id='word_1_480' title='bbox 3026 2136 3196 2189; x_wconf 89' lang='lat' dir='ltr'>vertis</span> <span class='ocrx_word' id='word_1_481' title='bbox 3228 2135 3297 2188; x_wconf 92' lang='lat' dir='ltr'>ab</span> <span class='ocrx_word' id='word_1_482' title='bbox 3327 2135 3447 2201; x_wconf 91' lang='lat' dir='ltr'>illo,</span> 
     </span>
    </p>
   </div>
   <div class='ocr_carea' id='block_1_78' title="bbox 2059 2223 3388 2298">
    <p class='ocr_par' dir='ltr' id='par_1_78' title="bbox 2059 2223 3388 2298">
     <span class='ocr_line' id='line_1_78' title="bbox 2059 2223 3388 2298; baseline -0.008 -13"><span class='ocrx_word' id='word_1_483' title='bbox 2059 2232 2125 2286; x_wconf 87' lang='lat' dir='ltr'>Et</span> <span class='ocrx_word' id='word_1_484' title='bbox 2154 2231 2358 2284; x_wconf 87' lang='lat' dir='ltr'>densas</span> <span class='ocrx_word' id='word_1_485' title='bbox 2380 2227 2592 2298; x_wconf 89' lang='lat' dir='ltr'>repetis</span> <span class='ocrx_word' id='word_1_486' title='bbox 2622 2227 2806 2280; x_wconf 88' lang='lat' dir='ltr'>noctis</span> <span class='ocrx_word' id='word_1_487' title='bbox 2835 2226 3074 2279; x_wconf 90' lang='lat' dir='ltr'>horrore</span> <span class='ocrx_word' id='word_1_488' title='bbox 3104 2223 3388 2288; x_wconf 90' lang='lat' dir='ltr'>tenebras,</span> 
     </span>
    </p>
   </div>
   <div class='ocr_carea' id='block_1_79' title="bbox 2057 2309 3677 2386">
    <p class='ocr_par' dir='ltr' id='par_1_79' title="bbox 2057 2309 3677 2386">
     <span class='ocr_line' id='line_1_79' title="bbox 2057 2309 3677 2386; baseline -0.008 -12"><span class='ocrx_word' id='word_1_489' title='bbox 2057 2322 2121 2375; x_wconf 94' lang='lat' dir='ltr'>In</span> <span class='ocrx_word' id='word_1_490' title='bbox 2153 2317 2533 2386; x_wconf 89' lang='lat' dir='ltr'>manibusque</span> <span class='ocrx_word' id='word_1_491' title='bbox 2566 2317 2747 2369; x_wconf 89' lang='lat' dir='ltr'>lutum</span> <span class='ocrx_word' id='word_1_492' title='bbox 2781 2315 3013 2379; x_wconf 91' lang='lat' dir='ltr'>retines,</span> <span class='ocrx_word' id='word_1_493' title='bbox 3050 2313 3185 2366; x_wconf 89' lang='lat' dir='ltr'>dum</span> <span class='ocrx_word' id='word_1_494' title='bbox 3220 2311 3439 2364; x_wconf 90' lang='lat' dir='ltr'>lumina</span> <span class='ocrx_word' id='word_1_495' title='bbox 3470 2309 3677 2379; x_wconf 87' lang='lat' dir='ltr'>tergis,</span> 
     </span>
    </p>
   </div>
   <div class='ocr_carea' id='block_1_80' title="bbox 2057 2399 3465 2474">
    <p class='ocr_par' dir='ltr' id='par_1_80' title="bbox 2057 2399 3465 2474">
     <span class='ocr_line' id='line_1_80' title="bbox 2057 2399 3465 2474; baseline -0.007 -13"><span class='ocrx_word' id='word_1_496' title='bbox 2057 2411 2135 2461; x_wconf 86' lang='lat' dir='ltr'>Ac</span> <span class='ocrx_word' id='word_1_497' title='bbox 2162 2406 2273 2461; x_wconf 89' lang='lat' dir='ltr'>luci</span> <span class='ocrx_word' id='word_1_498' title='bbox 2302 2404 2575 2459; x_wconf 89' lang='lat' dir='ltr'>adscribis</span> <span class='ocrx_word' id='word_1_499' title='bbox 2606 2403 2759 2474; x_wconf 93' lang='lat' dir='ltr'>quod</span> <span class='ocrx_word' id='word_1_500' title='bbox 2789 2406 2849 2455; x_wconf 91' lang='lat' dir='ltr'>tu</span> <span class='ocrx_word' id='word_1_501' title='bbox 2881 2401 3070 2455; x_wconf 90' lang='lat' dir='ltr'>minus</span> <span class='ocrx_word' id='word_1_502' title='bbox 3100 2400 3234 2453; x_wconf 91' lang='lat' dir='ltr'>inde</span> <span class='ocrx_word' id='word_1_503' title='bbox 3264 2399 3465 2465; x_wconf 88' lang='lat' dir='ltr'>tueris,</span> 
     </span>
    </p>
   </div>
   <div class='ocr_carea' id='block_1_81' title="bbox 2059 2490 3322 2549">
    <p class='ocr_par' dir='ltr' id='par_1_81' title="bbox 2059 2490 3322 2549">
     <span class='ocr_line' id='line_1_81' title="bbox 2059 2490 3322 2549; baseline -0.009 0"><span class='ocrx_word' id='word_1_504' title='bbox 2059 2495 2117 2549; x_wconf 92' lang='lat' dir='ltr'>Si</span> <span class='ocrx_word' id='word_1_505' title='bbox 2147 2494 2290 2548; x_wconf 89' lang='lat' dir='ltr'>votis</span> <span class='ocrx_word' id='word_1_506' title='bbox 2320 2493 2550 2547; x_wconf 90' lang='lat' dir='ltr'>dimissa</span> <span class='ocrx_word' id='word_1_507' title='bbox 2579 2490 2691 2545; x_wconf 90' lang='lat' dir='ltr'>tuis</span> <span class='ocrx_word' id='word_1_508' title='bbox 2725 2490 2787 2543; x_wconf 91' lang='lat' dir='ltr'>in</span> <span class='ocrx_word' id='word_1_509' title='bbox 2815 2504 3037 2543; x_wconf 90' lang='lat' dir='ltr'>carcere</span> <span class='ocrx_word' id='word_1_510' title='bbox 3067 2503 3211 2540; x_wconf 64' lang='lat' dir='ltr'>cazco</span> <span class='ocrx_word' id='word_1_511' title='bbox 3242 2502 3322 2540; x_wconf 91' lang='lat' dir='ltr'>es.</span> 
     </span>
    </p>
   </div>
   <div class='ocr_carea' id='block_1_82' title="bbox 2062 2574 3648 2645">
    <p class='ocr_par' dir='ltr' id='par_1_82' title="bbox 2062 2574 3648 2645">
     <span class='ocr_line' id='line_1_82' title="bbox 2062 2574 3648 2645; baseline -0.008 -7"><span class='ocrx_word' id='word_1_512' title='bbox 2062 2585 2130 2638; x_wconf 88' lang='lat' dir='ltr'>Ni</span> <span class='ocrx_word' id='word_1_513' title='bbox 2158 2589 2352 2637; x_wconf 87' lang='lat' dir='ltr'>tamen</span> <span class='ocrx_word' id='word_1_514' title='bbox 2380 2582 2492 2635; x_wconf 91' lang='lat' dir='ltr'>huc</span> <span class='ocrx_word' id='word_1_515' title='bbox 2524 2581 2743 2643; x_wconf 88' lang='lat' dir='ltr'>redeas,</span> <span class='ocrx_word' id='word_1_516' title='bbox 2777 2584 2834 2631; x_wconf 90' lang='lat' dir='ltr'>et</span> <span class='ocrx_word' id='word_1_517' title='bbox 2859 2578 3054 2631; x_wconf 89' lang='lat' dir='ltr'>lumen</span> <span class='ocrx_word' id='word_1_518' title='bbox 3086 2576 3330 2628; x_wconf 89' lang='lat' dir='ltr'>amando</span> <span class='ocrx_word' id='word_1_519' title='bbox 3364 2574 3648 2645; x_wconf 88' lang='lat' dir='ltr'>requiras,</span> 
     </span>
    </p>
   </div>
   <div class='ocr_carea' id='block_1_83' title="bbox 2061 2663 3501 2739">
    <p class='ocr_par' dir='ltr' id='par_1_83' title="bbox 2061 2663 3501 2739">
     <span class='ocr_line' id='line_1_83' title="bbox 2061 2663 3501 2739; baseline -0.008 -13"><span class='ocrx_word' id='word_1_520' title='bbox 2061 2672 2220 2737; x_wconf 89' lang='lat' dir='ltr'>Quod</span> <span class='ocrx_word' id='word_1_521' title='bbox 2255 2671 2356 2724; x_wconf 89' lang='lat' dir='ltr'>tibi</span> <span class='ocrx_word' id='word_1_522' title='bbox 2387 2669 2697 2739; x_wconf 89' lang='lat' dir='ltr'>depellens,</span> <span class='ocrx_word' id='word_1_523' title='bbox 2729 2666 2893 2720; x_wconf 91' lang='lat' dir='ltr'>nobis</span> <span class='ocrx_word' id='word_1_524' title='bbox 2923 2663 3246 2719; x_wconf 90' lang='lat' dir='ltr'>miserando</span> <span class='ocrx_word' id='word_1_525' title='bbox 3275 2663 3501 2717; x_wconf 87' lang='lat' dir='ltr'>dedisti.</span> 
     </span>
    </p>
   </div>
   <div class='ocr_carea' id='block_1_84' title="bbox 2062 2750 3586 2827">
    <p class='ocr_par' dir='ltr' id='par_1_84' title="bbox 2062 2750 3586 2827">
     <span class='ocr_line' id='line_1_84' title="bbox 2062 2750 3586 2827; baseline -0.009 -11"><span class='ocrx_word' id='word_1_526' title='bbox 2062 2762 2188 2816; x_wconf 73' lang='lat' dir='ltr'>Non</span> <span class='ocrx_word' id='word_1_527' title='bbox 2216 2760 2351 2814; x_wconf 90' lang='lat' dir='ltr'>hinc</span> <span class='ocrx_word' id='word_1_528' title='bbox 2382 2758 2593 2827; x_wconf 89' lang='lat' dir='ltr'>probra</span> <span class='ocrx_word' id='word_1_529' title='bbox 2621 2755 2746 2822; x_wconf 86' lang='lat' dir='ltr'>tibi,</span> <span class='ocrx_word' id='word_1_530' title='bbox 2781 2771 2884 2807; x_wconf 92' lang='lat' dir='ltr'>nec</span> <span class='ocrx_word' id='word_1_531' title='bbox 2908 2753 3100 2823; x_wconf 89' lang='lat' dir='ltr'>jurgia</span> <span class='ocrx_word' id='word_1_532' title='bbox 3128 2751 3420 2806; x_wconf 87' lang='lat' dir='ltr'>reddimus</span> <span class='ocrx_word' id='word_1_533' title='bbox 3448 2750 3586 2815; x_wconf 87' lang='lat' dir='ltr'>ulla,</span> 
     </span>
    </p>
   </div>
   <div class='ocr_carea' id='block_1_85' title="bbox 2062 2843 3309 2913">
    <p class='ocr_par' dir='ltr' id='par_1_85' title="bbox 2062 2843 3309 2913">
     <span class='ocr_line' id='line_1_85' title="bbox 2062 2843 3309 2913; baseline -0.01 -10"><span class='ocrx_word' id='word_1_534' title='bbox 2062 2848 2217 2904; x_wconf 86' lang='lat' dir='ltr'>Illius</span> <span class='ocrx_word' id='word_1_535' title='bbox 2246 2847 2433 2901; x_wconf 87' lang='lat' dir='ltr'>reditu</span> <span class='ocrx_word' id='word_1_536' title='bbox 2464 2846 2563 2898; x_wconf 90' lang='lat' dir='ltr'>sed</span> <span class='ocrx_word' id='word_1_537' title='bbox 2593 2843 3023 2913; x_wconf 84' lang='lat' dir='ltr'>congaudemus</span> <span class='ocrx_word' id='word_1_538' title='bbox 3056 2845 3309 2894; x_wconf 82' lang='lat' dir='ltr'>ovantes.</span> 
     </span>
    </p>
   </div>
   <div class='ocr_carea' id='block_1_86' title="bbox 2062 2928 3663 3003">
    <p class='ocr_par' dir='ltr' id='par_1_86' title="bbox 2062 2928 3663 3003">
     <span class='ocr_line' id='line_1_86' title="bbox 2062 2928 3663 3003; baseline -0.008 -10"><span class='ocrx_word' id='word_1_539' title='bbox 2062 2940 2223 2993; x_wconf 88' lang='lat' dir='ltr'>Nunc</span> <span class='ocrx_word' id='word_1_540' title='bbox 2256 2951 2408 2989; x_wconf 89' lang='lat' dir='ltr'>nunc</span> <span class='ocrx_word' id='word_1_541' title='bbox 2438 2950 2577 3003; x_wconf 89' lang='lat' dir='ltr'>ergo</span> <span class='ocrx_word' id='word_1_542' title='bbox 2607 2937 2765 2986; x_wconf 90' lang='lat' dir='ltr'>tuam</span> <span class='ocrx_word' id='word_1_543' title='bbox 2795 2932 3096 2999; x_wconf 88' lang='lat' dir='ltr'>detergant</span> <span class='ocrx_word' id='word_1_544' title='bbox 3123 2928 3382 2982; x_wconf 89' lang='lat' dir='ltr'>carmina</span> <span class='ocrx_word' id='word_1_545' title='bbox 3411 2928 3663 2997; x_wconf 88' lang='lat' dir='ltr'>culpam,</span> 
     </span>
    </p>
   </div>
   <div class='ocr_carea' id='block_1_87' title="bbox 1992 3020 3484 3092">
    <p class='ocr_par' dir='ltr' id='par_1_87' title="bbox 1992 3020 3484 3092">
     <span class='ocr_line' id='line_1_87' title="bbox 1992 3020 3484 3092; baseline -0.007 -11"><span class='ocrx_word' id='word_1_546' title='bbox 1992 3032 2031 3086; x_wconf 90' lang='lat' dir='ltr'>C</span> <span class='ocrx_word' id='word_1_547' title='bbox 2064 3025 2353 3091; x_wconf 83' lang='lat' dir='ltr'>Laudibus</span> <span class='ocrx_word' id='word_1_548' title='bbox 2383 3022 2629 3092; x_wconf 84' lang='lat' dir='ltr'>ejectum</span> <span class='ocrx_word' id='word_1_549' title='bbox 2662 3020 2851 3089; x_wconf 90' lang='lat' dir='ltr'>dignis</span> <span class='ocrx_word' id='word_1_550' title='bbox 2881 3033 3143 3072; x_wconf 84' lang='lat' dir='ltr'>revocare</span> <span class='ocrx_word' id='word_1_551' title='bbox 3174 3022 3484 3071; x_wconf 86' lang='lat' dir='ltr'>memento.</span> 
     </span>
    </p>
   </div>
   <div class='ocr_carea' id='block_1_88' title="bbox 2059 3105 3597 3180">
    <p class='ocr_par' dir='ltr' id='par_1_88' title="bbox 2059 3105 3597 3180">
     <span class='ocr_line' id='line_1_88' title="bbox 2059 3105 3597 3180; baseline -0.008 -12"><span class='ocrx_word' id='word_1_552' title='bbox 2059 3113 2339 3168; x_wconf 72' lang='lat' dir='ltr'>Pmniteat</span> <span class='ocrx_word' id='word_1_553' title='bbox 2366 3115 2420 3165; x_wconf 91' lang='lat' dir='ltr'>te</span> <span class='ocrx_word' id='word_1_554' title='bbox 2448 3110 2569 3180; x_wconf 90' lang='lat' dir='ltr'>jam</span> <span class='ocrx_word' id='word_1_555' title='bbox 2600 3108 2848 3173; x_wconf 88' lang='lat' dir='ltr'>sceleris,</span> <span class='ocrx_word' id='word_1_556' title='bbox 2885 3106 3267 3159; x_wconf 90' lang='lat' dir='ltr'>medicamina</span> <span class='ocrx_word' id='word_1_557' title='bbox 3296 3110 3429 3158; x_wconf 89' lang='lat' dir='ltr'>sunt</span> <span class='ocrx_word' id='word_1_558' title='bbox 3459 3105 3597 3158; x_wconf 56' lang='lat' dir='ltr'>hate.</span> 
     </span>
    </p>
   </div>
   <div class='ocr_carea' id='block_1_89' title="bbox 2060 3194 3597 3268">
    <p class='ocr_par' dir='ltr' id='par_1_89' title="bbox 2060 3194 3597 3268">
     <span class='ocr_line' id='line_1_89' title="bbox 2060 3194 3597 3268; baseline -0.008 -11"><span class='ocrx_word' id='word_1_559' title='bbox 2060 3206 2138 3257; x_wconf 81' lang='lat' dir='ltr'>Ac</span> <span class='ocrx_word' id='word_1_560' title='bbox 2168 3201 2233 3268; x_wconf 90' lang='lat' dir='ltr'>si,</span> <span class='ocrx_word' id='word_1_561' title='bbox 2266 3205 2331 3255; x_wconf 95' lang='lat' dir='ltr'>ut</span> <span class='ocrx_word' id='word_1_562' title='bbox 2358 3200 2549 3266; x_wconf 91' lang='lat' dir='ltr'>credo,</span> <span class='ocrx_word' id='word_1_563' title='bbox 2582 3202 2742 3251; x_wconf 91' lang='lat' dir='ltr'>tuam</span> <span class='ocrx_word' id='word_1_564' title='bbox 2772 3197 3069 3266; x_wconf 86' lang='lat' dir='ltr'>placaruut</span> <span class='ocrx_word' id='word_1_565' title='bbox 3099 3194 3337 3247; x_wconf 87' lang='lat' dir='ltr'>vulnera</span> <span class='ocrx_word' id='word_1_566' title='bbox 3367 3208 3597 3257; x_wconf 73' lang='lat' dir='ltr'>noxam,</span> 
     </span>
    </p>
   </div>
   <div class='ocr_carea' id='block_1_90' title="bbox 2062 3282 3387 3357">
    <p class='ocr_par' dir='ltr' id='par_1_90' title="bbox 2062 3282 3387 3357">
     <span class='ocr_line' id='line_1_90' title="bbox 2062 3282 3387 3357; baseline -0.009 -12"><span class='ocrx_word' id='word_1_567' title='bbox 2062 3292 2129 3345; x_wconf 84' lang='lat' dir='ltr'>Et</span> <span class='ocrx_word' id='word_1_568' title='bbox 2156 3288 2335 3343; x_wconf 89' lang='lat' dir='ltr'>sancti</span> <span class='ocrx_word' id='word_1_569' title='bbox 2355 3286 2534 3357; x_wconf 89' lang='lat' dir='ltr'>pietas</span> <span class='ocrx_word' id='word_1_570' title='bbox 2556 3284 2774 3338; x_wconf 90' lang='lat' dir='ltr'>crimen</span> <span class='ocrx_word' id='word_1_571' title='bbox 2804 3282 3084 3337; x_wconf 90' lang='lat' dir='ltr'>concessit</span> <span class='ocrx_word' id='word_1_572' title='bbox 3113 3297 3387 3347; x_wconf 85' lang='lat' dir='ltr'>enorme;</span> 
     </span>
    </p>
   </div>
   <div class='ocr_carea' id='block_1_91' title="bbox 2062 3368 3678 3447">
    <p class='ocr_par' dir='ltr' id='par_1_91' title="bbox 2062 3368 3678 3447">
     <span class='ocr_line' id='line_1_91' title="bbox 2062 3368 3678 3447; baseline -0.008 -15"><span class='ocrx_word' id='word_1_573' title='bbox 2062 3378 2384 3447; x_wconf 81' lang='lat' dir='ltr'>Astipulare</span> <span class='ocrx_word' id='word_1_574' title='bbox 2410 3374 2572 3443; x_wconf 88' lang='lat' dir='ltr'>meis,</span> <span class='ocrx_word' id='word_1_575' title='bbox 2604 3374 2740 3443; x_wconf 91' lang='lat' dir='ltr'>quia</span> <span class='ocrx_word' id='word_1_576' title='bbox 2769 3388 2886 3425; x_wconf 91' lang='lat' dir='ltr'>non</span> <span class='ocrx_word' id='word_1_577' title='bbox 2913 3376 3046 3425; x_wconf 87' lang='lat' dir='ltr'>sunt</span> <span class='ocrx_word' id='word_1_578' title='bbox 3074 3370 3349 3434; x_wconf 87' lang='lat' dir='ltr'>carmina,</span> <span class='ocrx_word' id='word_1_579' title='bbox 3378 3368 3678 3438; x_wconf 80' lang='lat' dir='ltr'>rhythmis.</span> 
     </span>
    </p>
   </div>
   <div class='ocr_carea' id='block_1_92' title="bbox 2061 3459 3521 3530">
    <p class='ocr_par' dir='ltr' id='par_1_92' title="bbox 2061 3459 3521 3530">
     <span class='ocr_line' id='line_1_92' title="bbox 2061 3459 3521 3530; baseline -0.007 -9"><span class='ocrx_word' id='word_1_580' title='bbox 2061 3469 2140 3522; x_wconf 91' lang='lat' dir='ltr'>Tu</span> <span class='ocrx_word' id='word_1_581' title='bbox 2173 3471 2402 3519; x_wconf 86' lang='lat' dir='ltr'>cantare</span> <span class='ocrx_word' id='word_1_582' title='bbox 2431 3464 2608 3528; x_wconf 88' lang='lat' dir='ltr'>vales,</span> <span class='ocrx_word' id='word_1_583' title='bbox 2640 3468 2704 3516; x_wconf 88' lang='lat' dir='ltr'>tu</span> <span class='ocrx_word' id='word_1_584' title='bbox 2734 3462 2894 3515; x_wconf 89' lang='lat' dir='ltr'>docta</span> <span class='ocrx_word' id='word_1_585' title='bbox 2924 3476 2984 3513; x_wconf 90' lang='lat' dir='ltr'>es</span> <span class='ocrx_word' id='word_1_586' title='bbox 3015 3459 3282 3530; x_wconf 89' lang='lat' dir='ltr'>plaudere</span> <span class='ocrx_word' id='word_1_587' title='bbox 3312 3474 3481 3511; x_wconf 91' lang='lat' dir='ltr'>versu</span> <span class='ocrx_word' id='word_1_588' title='bbox 3509 3474 3521 3511; x_wconf 90' lang='lat'><strong>:</strong></span> 
     </span>
    </p>
   </div>
   <div class='ocr_carea' id='block_1_93' title="bbox 2062 3548 3428 3622">
    <p class='ocr_par' dir='ltr' id='par_1_93' title="bbox 2062 3548 3428 3622">
     <span class='ocr_line' id='line_1_93' title="bbox 2062 3548 3428 3622; baseline -0.007 -13"><span class='ocrx_word' id='word_1_589' title='bbox 2062 3557 2143 3610; x_wconf 91' lang='lat' dir='ltr'>Tu</span> <span class='ocrx_word' id='word_1_590' title='bbox 2171 3552 2319 3608; x_wconf 91' lang='lat' dir='ltr'>nosti</span> <span class='ocrx_word' id='word_1_591' title='bbox 2350 3552 2523 3622; x_wconf 90' lang='lat' dir='ltr'>lyrico</span> <span class='ocrx_word' id='word_1_592' title='bbox 2550 3550 2791 3603; x_wconf 88' lang='lat' dir='ltr'>chordas</span> <span class='ocrx_word' id='word_1_593' title='bbox 2821 3549 3155 3618; x_wconf 89' lang='lat' dir='ltr'>contingere</span> <span class='ocrx_word' id='word_1_594' title='bbox 3188 3548 3428 3617; x_wconf 90' lang='lat' dir='ltr'>plectro,</span> 
     </span>
    </p>
   </div>
   <div class='ocr_carea' id='block_1_94' title="bbox 2065 3633 3658 3713">
    <p class='ocr_par' dir='ltr' id='par_1_94' title="bbox 2065 3633 3658 3713">
     <span class='ocr_line' id='line_1_94' title="bbox 2065 3633 3658 3713; baseline -0.008 -16"><span class='ocrx_word' id='word_1_595' title='bbox 2065 3645 2264 3713; x_wconf 91' lang='lat' dir='ltr'>Tuque</span> <span class='ocrx_word' id='word_1_596' title='bbox 2290 3645 2494 3710; x_wconf 90' lang='lat' dir='ltr'>potens</span> <span class='ocrx_word' id='word_1_597' title='bbox 2522 3644 2769 3692; x_wconf 90' lang='lat' dir='ltr'>metrum</span> <span class='ocrx_word' id='word_1_598' title='bbox 2796 3644 3026 3691; x_wconf 91' lang='lat' dir='ltr'>centum</span> <span class='ocrx_word' id='word_1_599' title='bbox 3060 3636 3297 3689; x_wconf 89' lang='lat' dir='ltr'>reboare</span> <span class='ocrx_word' id='word_1_600' title='bbox 3329 3633 3611 3689; x_wconf 70' lang='lat' dir='ltr'>Cammnis</span> <span class='ocrx_word' id='word_1_601' title='bbox 3645 3648 3658 3684; x_wconf 88' lang='lat'><strong>:</strong></span> 
     </span>
    </p>
   </div>
   <div class='ocr_carea' id='block_1_95' title="bbox 2067 3724 3275 3787">
    <p class='ocr_par' dir='ltr' id='par_1_95' title="bbox 2067 3724 3275 3787">
     <span class='ocr_line' id='line_1_95' title="bbox 2067 3724 3275 3787; baseline -0.008 -1"><span class='ocrx_word' id='word_1_602' title='bbox 2067 3730 2228 3787; x_wconf 91' lang='lat' dir='ltr'>Retia</span> <span class='ocrx_word' id='word_1_603' title='bbox 2260 3745 2364 3783; x_wconf 92' lang='lat' dir='ltr'>ceu</span> <span class='ocrx_word' id='word_1_604' title='bbox 2394 3728 2502 3781; x_wconf 85' lang='lat' dir='ltr'>ﬁlis</span> <span class='ocrx_word' id='word_1_605' title='bbox 2533 3727 2612 3779; x_wconf 88' lang='lat' dir='ltr'>sic</span> <span class='ocrx_word' id='word_1_606' title='bbox 2642 3727 2817 3779; x_wconf 88' lang='lat' dir='ltr'>libros</span> <span class='ocrx_word' id='word_1_607' title='bbox 2847 3730 3037 3779; x_wconf 81' lang='lat' dir='ltr'>texere</span> <span class='ocrx_word' id='word_1_608' title='bbox 3068 3724 3275 3777; x_wconf 89' lang='lat' dir='ltr'>verbis.</span> 
     </span>
    </p>
   </div>
   <div class='ocr_carea' id='block_1_96' title="bbox 2067 3813 3532 3876">
    <p class='ocr_par' dir='ltr' id='par_1_96' title="bbox 2067 3813 3532 3876">
     <span class='ocr_line' id='line_1_96' title="bbox 2067 3813 3532 3876; baseline -0.008 -2"><span class='ocrx_word' id='word_1_609' title='bbox 2067 3824 2168 3876; x_wconf 90' lang='lat' dir='ltr'>Ast</span> <span class='ocrx_word' id='word_1_610' title='bbox 2196 3817 2340 3873; x_wconf 90' lang='lat' dir='ltr'>mihi</span> <span class='ocrx_word' id='word_1_611' title='bbox 2369 3816 2457 3869; x_wconf 81' lang='lat' dir='ltr'>vix</span> <span class='ocrx_word' id='word_1_612' title='bbox 2497 3814 2684 3868; x_wconf 89' lang='lat' dir='ltr'>tenuis</span> <span class='ocrx_word' id='word_1_613' title='bbox 2715 3814 2964 3868; x_wconf 90' lang='lat' dir='ltr'>decurrit</span> <span class='ocrx_word' id='word_1_614' title='bbox 2994 3813 3064 3865; x_wconf 92' lang='lat' dir='ltr'>ab</span> <span class='ocrx_word' id='word_1_615' title='bbox 3096 3828 3194 3866; x_wconf 90' lang='lat' dir='ltr'>ore</span> <span class='ocrx_word' id='word_1_616' title='bbox 3224 3826 3490 3864; x_wconf 90' lang='lat' dir='ltr'>susurrus</span> <span class='ocrx_word' id='word_1_617' title='bbox 3518 3826 3532 3863; x_wconf 89' lang='lat'>:</span> 
     </span>
    </p>
   </div>
   <div class='ocr_carea' id='block_1_97' title="bbox 2070 3899 3475 3971">
    <p class='ocr_par' dir='ltr' id='par_1_97' title="bbox 2070 3899 3475 3971">
     <span class='ocr_line' id='line_1_97' title="bbox 2070 3899 3475 3971; baseline -0.006 -10"><span class='ocrx_word' id='word_1_618' title='bbox 2070 3909 2217 3961; x_wconf 91' lang='lat' dir='ltr'>Dum</span> <span class='ocrx_word' id='word_1_619' title='bbox 2247 3910 2443 3959; x_wconf 89' lang='lat' dir='ltr'>tamen</span> <span class='ocrx_word' id='word_1_620' title='bbox 2472 3904 2619 3956; x_wconf 86' lang='lat' dir='ltr'>alma</span> <span class='ocrx_word' id='word_1_621' title='bbox 2655 3901 2766 3955; x_wconf 91' lang='lat' dir='ltr'>tuis</span> <span class='ocrx_word' id='word_1_622' title='bbox 2797 3906 3024 3971; x_wconf 89' lang='lat' dir='ltr'>aptatur</span> <span class='ocrx_word' id='word_1_623' title='bbox 3055 3916 3218 3954; x_wconf 92' lang='lat' dir='ltr'>musa</span> <span class='ocrx_word' id='word_1_624' title='bbox 3247 3899 3475 3953; x_wconf 90' lang='lat' dir='ltr'>libellis.</span> 
     </span>
    </p>
   </div>
   <div class='ocr_carea' id='block_1_98' title="bbox 2071 3988 3552 4053">
    <p class='ocr_par' dir='ltr' id='par_1_98' title="bbox 2071 3988 3552 4053">
     <span class='ocr_line' id='line_1_98' title="bbox 2071 3988 3552 4053; baseline -0.006 -5"><span class='ocrx_word' id='word_1_625' title='bbox 2071 3996 2148 4049; x_wconf 85' lang='lat' dir='ltr'>Ne</span> <span class='ocrx_word' id='word_1_626' title='bbox 2181 3999 2400 4047; x_wconf 90' lang='lat' dir='ltr'>taceam</span> <span class='ocrx_word' id='word_1_627' title='bbox 2431 3990 2663 4045; x_wconf 89' lang='lat' dir='ltr'>laudare</span> <span class='ocrx_word' id='word_1_628' title='bbox 2694 3991 2895 4053; x_wconf 90' lang='lat' dir='ltr'>Deum,</span> <span class='ocrx_word' id='word_1_629' title='bbox 2932 4004 3062 4041; x_wconf 92' lang='lat' dir='ltr'>cum</span> <span class='ocrx_word' id='word_1_630' title='bbox 3091 3988 3315 4041; x_wconf 90' lang='lat' dir='ltr'>debitor</span> <span class='ocrx_word' id='word_1_631' title='bbox 3345 3993 3552 4052; x_wconf 82' lang='lat' dir='ltr'>extem,</span> 
     </span>
    </p>
   </div>
   <div class='ocr_carea' id='block_1_99' title="bbox 2072 4076 3565 4146">
    <p class='ocr_par' dir='ltr' id='par_1_99' title="bbox 2072 4076 3565 4146">
     <span class='ocr_line' id='line_1_99' title="bbox 2072 4076 3565 4146; baseline -0.007 -10"><span class='ocrx_word' id='word_1_632' title='bbox 2072 4084 2270 4136; x_wconf 89' lang='lat' dir='ltr'>Noster</span> <span class='ocrx_word' id='word_1_633' title='bbox 2299 4081 2518 4134; x_wconf 89' lang='lat' dir='ltr'>honore</span> <span class='ocrx_word' id='word_1_634' title='bbox 2550 4078 2651 4132; x_wconf 90' lang='lat' dir='ltr'>Dei</span> <span class='ocrx_word' id='word_1_635' title='bbox 2680 4077 2997 4143; x_wconf 90' lang='lat' dir='ltr'>claudatur,</span> <span class='ocrx_word' id='word_1_636' title='bbox 3035 4091 3228 4146; x_wconf 90' lang='lat' dir='ltr'>posco,</span> <span class='ocrx_word' id='word_1_637' title='bbox 3262 4076 3290 4117; x_wconf 75' lang='grc' dir='ltr'>ά</span> <span class='ocrx_word' id='word_1_638' title='bbox 3320 4076 3565 4129; x_wconf 89' lang='lat' dir='ltr'>libellus.</span> 
     </span>
    </p>
   </div>
   <div class='ocr_carea' id='block_1_100' title="bbox 2072 4162 3662 4237">
    <p class='ocr_par' dir='ltr' id='par_1_100' title="bbox 2072 4162 3662 4237">
     <span class='ocr_line' id='line_1_100' title="bbox 2072 4162 3662 4237; baseline -0.008 -12"><span class='ocrx_word' id='word_1_639' title='bbox 2072 4172 2238 4237; x_wconf 89' lang='lat' dir='ltr'>Laus,</span> <span class='ocrx_word' id='word_1_640' title='bbox 2272 4168 2444 4222; x_wconf 91' lang='lat' dir='ltr'>decus</span> <span class='ocrx_word' id='word_1_641' title='bbox 2474 4165 2811 4236; x_wconf 89' lang='lat' dir='ltr'>imperium,</span> <span class='ocrx_word' id='word_1_642' title='bbox 2846 4163 3189 4228; x_wconf 90' lang='lat' dir='ltr'>benedictio,</span> <span class='ocrx_word' id='word_1_643' title='bbox 3223 4163 3421 4233; x_wconf 89' lang='lat' dir='ltr'>gloria,</span> <span class='ocrx_word' id='word_1_644' title='bbox 3457 4162 3662 4233; x_wconf 88' lang='lat' dir='ltr'>palma,</span> 
     </span>
    </p>
   </div>
   <div class='ocr_carea' id='block_1_101' title="bbox 2073 4250 3499 4328">
    <p class='ocr_par' dir='ltr' id='par_1_101' title="bbox 2073 4250 3499 4328">
     <span class='ocr_line' id='line_1_101' title="bbox 2073 4250 3499 4328; baseline -0.007 -16"><span class='ocrx_word' id='word_1_645' title='bbox 2073 4259 2348 4328; x_wconf 85' lang='lat' dir='ltr'>Majestas,</span> <span class='ocrx_word' id='word_1_646' title='bbox 2383 4260 2439 4308; x_wconf 89' lang='lat' dir='ltr'>et</span> <span class='ocrx_word' id='word_1_647' title='bbox 2467 4255 2672 4319; x_wconf 88' lang='lat' dir='ltr'>honor,</span> <span class='ocrx_word' id='word_1_648' title='bbox 2709 4252 3023 4316; x_wconf 88' lang='lat' dir='ltr'>veneratio,</span> <span class='ocrx_word' id='word_1_649' title='bbox 3055 4251 3261 4321; x_wconf 87' lang='lat' dir='ltr'>gratia,</span> <span class='ocrx_word' id='word_1_650' title='bbox 3292 4250 3499 4315; x_wconf 86' lang='lat' dir='ltr'>virtus;</span> 
     </span>
    </p>
   </div>
   <div class='ocr_carea' id='block_1_102' title="bbox 1999 4338 3480 4422">
    <p class='ocr_par' dir='ltr' id='par_1_102' title="bbox 1999 4338 3480 4422">
     <span class='ocr_line' id='line_1_102' title="bbox 1999 4338 3480 4422; baseline -0.007 -21"><span class='ocrx_word' id='word_1_651' title='bbox 1999 4369 2043 4422; x_wconf 78' lang='grc' dir='ltr'>ι)</span> <span class='ocrx_word' id='word_1_652' title='bbox 2074 4346 2158 4401; x_wconf 92' lang='lat' dir='ltr'>Sit</span> <span class='ocrx_word' id='word_1_653' title='bbox 2188 4342 2339 4398; x_wconf 91' lang='lat' dir='ltr'>Patri</span> <span class='ocrx_word' id='word_1_654' title='bbox 2368 4348 2424 4396; x_wconf 91' lang='lat' dir='ltr'>et</span> <span class='ocrx_word' id='word_1_655' title='bbox 2456 4341 2657 4397; x_wconf 90' lang='lat' dir='ltr'>Genito</span> <span class='ocrx_word' id='word_1_656' title='bbox 2688 4356 2818 4394; x_wconf 84' lang='lat' dir='ltr'>cum</span> <span class='ocrx_word' id='word_1_657' title='bbox 2853 4338 3104 4393; x_wconf 87' lang='lat' dir='ltr'>Flamine</span> <span class='ocrx_word' id='word_1_658' title='bbox 3136 4338 3480 4403; x_wconf 87' lang='lat' dir='ltr'>viviﬁcante,</span> 
     </span>
    </p>
   </div>
   <div class='ocr_carea' id='block_1_103' title="bbox 2076 4426 3617 4500">
    <p class='ocr_par' dir='ltr' id='par_1_103' title="bbox 2076 4426 3617 4500">
     <span class='ocr_line' id='line_1_103' title="bbox 2076 4426 3617 4500; baseline -0.007 -12"><span class='ocrx_word' id='word_1_659' title='bbox 2076 4437 2140 4489; x_wconf 90' lang='lat' dir='ltr'>Et</span> <span class='ocrx_word' id='word_1_660' title='bbox 2170 4449 2324 4487; x_wconf 92' lang='lat' dir='ltr'>nunc</span> <span class='ocrx_word' id='word_1_661' title='bbox 2354 4435 2412 4485; x_wconf 88' lang='lat' dir='ltr'>et</span> <span class='ocrx_word' id='word_1_662' title='bbox 2441 4446 2665 4500; x_wconf 88' lang='lat' dir='ltr'>semper</span> <span class='ocrx_word' id='word_1_663' title='bbox 2697 4430 2832 4483; x_wconf 90' lang='lat' dir='ltr'>dum</span> <span class='ocrx_word' id='word_1_664' title='bbox 2863 4430 3010 4481; x_wconf 91' lang='lat' dir='ltr'>secla</span> <span class='ocrx_word' id='word_1_665' title='bbox 3038 4428 3228 4480; x_wconf 83' lang='lat' dir='ltr'>futura</span> <span class='ocrx_word' id='word_1_666' title='bbox 3259 4426 3574 4479; x_wconf 89' lang='lat' dir='ltr'>manebunt</span> <span class='ocrx_word' id='word_1_667' title='bbox 3606 4442 3617 4477; x_wconf 91' lang='lat'>:</span> 
     </span>
    </p>
   </div>
   <div class='ocr_carea' id='block_1_104' title="bbox 2074 4514 3602 4586">
    <p class='ocr_par' dir='ltr' id='par_1_104' title="bbox 2074 4514 3602 4586">
     <span class='ocr_line' id='line_1_104' title="bbox 2074 4514 3602 4586; baseline -0.007 -10"><span class='ocrx_word' id='word_1_668' title='bbox 2074 4525 2183 4577; x_wconf 93' lang='lat' dir='ltr'>Pro</span> <span class='ocrx_word' id='word_1_669' title='bbox 2215 4519 2434 4574; x_wconf 90' lang='lat' dir='ltr'>meritis</span> <span class='ocrx_word' id='word_1_670' title='bbox 2468 4523 2727 4572; x_wconf 89' lang='lat' dir='ltr'>sanctum</span> <span class='ocrx_word' id='word_1_671' title='bbox 2758 4516 2857 4586; x_wconf 92' lang='lat' dir='ltr'>qui</span> <span class='ocrx_word' id='word_1_672' title='bbox 2887 4514 3225 4586; x_wconf 90' lang='lat' dir='ltr'>gloriﬁcavit</span> <span class='ocrx_word' id='word_1_673' title='bbox 3256 4514 3602 4577; x_wconf 83' lang='lat' dir='ltr'>Amandum,</span> 
     </span>
    </p>
   </div>
   <div class='ocr_carea' id='block_1_105' title="bbox 2074 4602 3635 4673">
    <p class='ocr_par' dir='ltr' id='par_1_105' title="bbox 2074 4602 3635 4673">
     <span class='ocr_line' id='line_1_105' title="bbox 2074 4602 3635 4673; baseline -0.007 -10"><span class='ocrx_word' id='word_1_674' title='bbox 2074 4609 2235 4663; x_wconf 90' lang='lat' dir='ltr'>Clare</span> <span class='ocrx_word' id='word_1_675' title='bbox 2269 4623 2478 4673; x_wconf 88' lang='lat' dir='ltr'>comes,</span> <span class='ocrx_word' id='word_1_676' title='bbox 2510 4620 2704 4659; x_wconf 90' lang='lat' dir='ltr'>curam</span> <span class='ocrx_word' id='word_1_677' title='bbox 2736 4604 2997 4657; x_wconf 86' lang='lat' dir='ltr'>claustris</span> <span class='ocrx_word' id='word_1_678' title='bbox 3022 4602 3343 4657; x_wconf 90' lang='lat' dir='ltr'>concludito</span> <span class='ocrx_word' id='word_1_679' title='bbox 3376 4616 3635 4655; x_wconf 81' lang='lat' dir='ltr'>cannam.</span> 
     </span>
    </p>
   </div>
   <div class='ocr_carea' id='block_1_106' title="bbox 2074 4691 3488 4764">
    <p class='ocr_par' dir='ltr' id='par_1_106' title="bbox 2074 4691 3488 4764">
     <span class='ocr_line' id='line_1_106' title="bbox 2074 4691 3488 4764; baseline -0.007 -12"><span class='ocrx_word' id='word_1_680' title='bbox 2074 4699 2169 4753; x_wconf 90' lang='lat' dir='ltr'>Sat</span> <span class='ocrx_word' id='word_1_681' title='bbox 2197 4696 2397 4750; x_wconf 91' lang='lat' dir='ltr'>sitiens</span> <span class='ocrx_word' id='word_1_682' title='bbox 2427 4695 2641 4749; x_wconf 88' lang='lat' dir='ltr'>etenim</span> <span class='ocrx_word' id='word_1_683' title='bbox 2672 4692 2908 4764; x_wconf 87' lang='lat' dir='ltr'>potavit,</span> <span class='ocrx_word' id='word_1_684' title='bbox 2944 4691 3131 4745; x_wconf 90' lang='lat' dir='ltr'>tollito</span> <span class='ocrx_word' id='word_1_685' title='bbox 3163 4706 3373 4757; x_wconf 89' lang='lat' dir='ltr'>rorem,</span> <span class='ocrx_word' id='word_1_686' title='bbox 3477 4724 3488 4735; x_wconf 84' lang='grc'><strong>-</strong></span> 
     </span>
    </p>
   </div>
   <div class='ocr_carea' id='block_1_107' title="bbox 2078 4777 3519 4853">
    <p class='ocr_par' dir='ltr' id='par_1_107' title="bbox 2078 4777 3519 4853">
     <span class='ocr_line' id='line_1_107' title="bbox 2078 4777 3519 4853; baseline -0.007 -13"><span class='ocrx_word' id='word_1_687' title='bbox 2078 4786 2304 4841; x_wconf 82' lang='lat' dir='ltr'>Flebilis</span> <span class='ocrx_word' id='word_1_688' title='bbox 2334 4790 2392 4838; x_wconf 91' lang='lat' dir='ltr'>et</span> <span class='ocrx_word' id='word_1_689' title='bbox 2423 4800 2491 4837; x_wconf 89' lang='lat' dir='ltr'>ne</span> <span class='ocrx_word' id='word_1_690' title='bbox 2518 4785 2639 4853; x_wconf 89' lang='lat' dir='ltr'>jam</span> <span class='ocrx_word' id='word_1_691' title='bbox 2671 4786 2971 4851; x_wconf 87' lang='lat' dir='ltr'>rumpatur</span> <span class='ocrx_word' id='word_1_692' title='bbox 3000 4780 3307 4843; x_wconf 84' lang='lat' dir='ltr'>anhelitus,</span> <span class='ocrx_word' id='word_1_693' title='bbox 3350 4777 3519 4831; x_wconf 89' lang='lat' dir='ltr'>istinc</span> 
     </span>
    </p>
   </div>
   <div class='ocr_carea' id='block_1_108' title="bbox 2078 4867 3743 4945">
    <p class='ocr_par' dir='ltr' id='par_1_108' title="bbox 2078 4867 3743 4945">
     <span class='ocr_line' id='line_1_108' title="bbox 2078 4867 3743 4945; baseline -0.008 -16"><span class='ocrx_word' id='word_1_694' title='bbox 2078 4875 2215 4944; x_wconf 87' lang='lat' dir='ltr'>Fige</span> <span class='ocrx_word' id='word_1_695' title='bbox 2261 4874 2526 4945; x_wconf 91' lang='lat' dir='ltr'>gradum,</span> <span class='ocrx_word' id='word_1_696' title='bbox 2577 4870 2784 4941; x_wconf 90' lang='lat' dir='ltr'>digitos</span> <span class='ocrx_word' id='word_1_697' title='bbox 2842 4870 2979 4923; x_wconf 90' lang='lat' dir='ltr'>dum</span> <span class='ocrx_word' id='word_1_698' title='bbox 3012 4868 3206 4935; x_wconf 87' lang='lat' dir='ltr'>tendo,</span> <span class='ocrx_word' id='word_1_699' title='bbox 3239 4867 3498 4936; x_wconf 91' lang='lat' dir='ltr'>quiesces</span> <span class='ocrx_word' id='word_1_700' title='bbox 3532 4876 3743 4935; x_wconf 85' lang='lat' dir='ltr'>parum-</span> 
     </span>
    </p>
   </div>
   <div class='ocr_carea' id='block_1_109' title="bbox 3582 4953 3741 5021">
    <p class='ocr_par' dir='ltr' id='par_1_109' title="bbox 3582 4953 3741 5021">
     <span class='ocr_line' id='line_1_109' title="bbox 3582 4953 3741 5021; baseline 0 0"><span class='ocrx_word' id='word_1_701' title='bbox 3582 4953 3692 5021; x_wconf 72' lang='lat' dir='ltr'>[rer</span> <span class='ocrx_word' id='word_1_702' title='bbox 3708 4955 3741 4996; x_wconf 71' lang='grc' dir='ltr'>⁶ο</span> 
     </span>
    </p>
   </div>
   <div class='ocr_carea' id='block_1_110' title="bbox 2077 5121 3743 5202">
    <p class='ocr_par' dir='ltr' id='par_1_110' title="bbox 2077 5121 3743 5202">
     <span class='ocr_line' id='line_1_110' title="bbox 2077 5121 3743 5202; baseline -0.01 -11"><span class='ocrx_word' id='word_1_703' title='bbox 2077 5135 2200 5191; x_wconf 90' lang='lat' dir='ltr'>aliis</span> <span class='ocrx_word' id='word_1_704' title='bbox 2246 5132 2505 5188; x_wconf 87' lang='lat' dir='ltr'>barbaris</span> <span class='ocrx_word' id='word_1_705' title='bbox 2549 5132 2729 5202; x_wconf 87' lang='lat' dir='ltr'>Belgii</span> <span class='ocrx_word' id='word_1_706' title='bbox 2765 5130 3029 5184; x_wconf 85' lang='lat' dir='ltr'>vastitate</span> <span class='ocrx_word' id='word_1_707' title='bbox 3070 5128 3231 5194; x_wconf 89' lang='lat' dir='ltr'>obiit,</span> <span class='ocrx_word' id='word_1_708' title='bbox 3267 5126 3335 5181; x_wconf 90' lang='lat' dir='ltr'>ad</span> <span class='ocrx_word' id='word_1_709' title='bbox 3381 5125 3541 5197; x_wconf 90' lang='lat' dir='ltr'>quod</span> <span class='ocrx_word' id='word_1_710' title='bbox 3571 5126 3655 5180; x_wconf 90' lang='lat' dir='ltr'>hic</span> <span class='ocrx_word' id='word_1_711' title='bbox 3677 5121 3743 5174; x_wconf 85' lang='lat' dir='ltr'>al—</span> 
     </span>
    </p>
   </div>
   <div class='ocr_carea' id='block_1_111' title="bbox 2078 5206 2451 5262">
    <p class='ocr_par' dir='ltr' id='par_1_111' title="bbox 2078 5206 2451 5262">
     <span class='ocr_line' id='line_1_111' title="bbox 2078 5206 2451 5262; baseline -0.016 0"><span class='ocrx_word' id='word_1_712' title='bbox 2078 5207 2224 5262; x_wconf 90' lang='lat' dir='ltr'>ludit</span> <span class='ocrx_word' id='word_1_713' title='bbox 2259 5206 2451 5259; x_wconf 88' lang='lat' dir='ltr'>Poeta.</span> 
     </span>
    </p>
   </div>
   <div class='ocr_carea' id='block_1_112' title="bbox 2149 5273 2815 5330">
    <p class='ocr_par' dir='ltr' id='par_1_112' title="bbox 2149 5273 2815 5330">
     <span class='ocr_line' id='line_1_112' title="bbox 2149 5273 2815 5330; baseline -0.011 1"><span class='ocrx_word' id='word_1_714' title='bbox 2149 5279 2175 5319; x_wconf 81' lang='lat' dir='ltr'>d</span> <span class='ocrx_word' id='word_1_715' title='bbox 2215 5277 2311 5330; x_wconf 89' lang='lat' dir='ltr'>Ms.</span> <span class='ocrx_word' id='word_1_716' title='bbox 2352 5277 2553 5329; x_wconf 89' lang='lat' dir='ltr'>Elnon.</span> <span class='ocrx_word' id='word_1_717' title='bbox 2586 5273 2815 5327; x_wconf 80' lang='lat' dir='ltr'>labellis.</span> 
     </span>
    </p>
   </div>
   <div class='ocr_carea' id='block_1_113' title="bbox 2149 5336 3747 5411">
    <p class='ocr_par' dir='ltr' id='par_1_113' title="bbox 2149 5336 3747 5411">
     <span class='ocr_line' id='line_1_113' title="bbox 2149 5336 3747 5411; baseline -0.007 -10"><span class='ocrx_word' id='word_1_718' title='bbox 2149 5359 2170 5382; x_wconf 71' lang='grc' dir='ltr'><strong>ο</strong></span> <span class='ocrx_word' id='word_1_719' title='bbox 2210 5347 2576 5400; x_wconf 84' lang='lat' dir='ltr'>Addebatur:</span> <span class='ocrx_word' id='word_1_720' title='bbox 2631 5343 2873 5411; x_wconf 71' lang='lat' dir='ltr'>Emplicit</span> <span class='ocrx_word' id='word_1_721' title='bbox 2908 5341 3042 5395; x_wconf 76' lang='lat' dir='ltr'>liber</span> <span class='ocrx_word' id='word_1_722' title='bbox 3072 5344 3123 5406; x_wconf 89' lang='lat'>3,</span> <span class='ocrx_word' id='word_1_723' title='bbox 3158 5340 3316 5394; x_wconf 80' lang='lat' dir='ltr'>habet</span> <span class='ocrx_word' id='word_1_724' title='bbox 3354 5354 3543 5394; x_wconf 81' lang='lat' dir='ltr'>versus</span> <span class='ocrx_word' id='word_1_725' title='bbox 3574 5336 3747 5401; x_wconf 63' lang='lat'>436,61</span> 
     </span>
    </p>
   </div>
   <div class='ocr_carea' id='block_1_114' title="bbox 2077 5412 3116 5489">
    <p class='ocr_par' dir='ltr' id='par_1_114' title="bbox 2077 5412 3116 5489">
     <span class='ocr_line' id='line_1_114' title="bbox 2077 5412 3116 5489; baseline -0.008 -16"><span class='ocrx_word' id='word_1_726' title='bbox 2077 5418 2478 5489; x_wconf 84' lang='lat' dir='ltr'>jungebantur</span> <span class='ocrx_word' id='word_1_727' title='bbox 2506 5416 2630 5469; x_wconf 64' lang='lat' dir='ltr'>hinc</span> <span class='ocrx_word' id='word_1_728' title='bbox 2659 5414 2848 5483; x_wconf 87' lang='lat' dir='ltr'>capita</span> <span class='ocrx_word' id='word_1_729' title='bbox 2875 5412 3007 5466; x_wconf 90' lang='lat' dir='ltr'>libri</span> <span class='ocrx_word' id='word_1_730' title='bbox 3038 5429 3116 5465; x_wconf 83' lang='lat' dir='ltr'>IV.</span> 
     </span>
    </p>
   </div>
  </div>
