3868 6228
1300 316 1392 369 DE
1432 315 1592 371 VITA
1632 316 1687 371 S.
1727 315 2020 369 AMANDI.
2049 343 2121 355 —
2151 315 2276 369 LIB.
2320 314 2416 370 IV.

3501 314 3603 367 958

1446 632 1735 706 LIBER
1804 632 2277 718 QUARTUS.

1599 919 1856 988 Capitula
1885 920 2017 974 libri
2045 937 2119 973 1v.

79 1066 120 1109 ι.
141 1061 481 1137 ἐθήρευε-ηε
503 1067 784 1137 vates‘qluo
814 1063 915 1111 fine
942 1063 1163 1137 Sanctus
1194 1068 1333 1137 astra
1366 1065 1625 1136 petiverit,
1650 1065 1936 1137 admodum
1963 1065 2340 1137 contremiscit,
2373 1078 2603 1137 suosque
2633 1064 2840 1137 libellos
2864 1069 3094 1137 quatuor
3122 1065 3526 1137 Evangeliorum
3552 1066 3609 1113 li-

141 1124 278 1194 bros
314 1126 577 1194 subdens,
608 1125 674 1194 ad
696 1124 863 1173 ’ﬂnem
894 1126 1060 1194 sancti
1089 1127 1314 1194 Amandi
1346 1124 1531 1194 suique
1553 1129 1735 1194 operis
1765 1132 1817 1194 et
1844 1141 1995 1190 prece
2026 1129 2194 1176 tendit
2217 1133 2268 1175 et
2288 1124 2538 1194 carmine.
2567 1154 2628 1163 —
2666 1132 2712 1176 2.
2747 1124 2985 1185 Qualiter
3011 1124 3347 1194 Vasconih'qs
3382 1128 3604 1194 verbum

140 1186 589 1255 Deiuprgedicans
616 1186 847 1255 Sanctus
866 1187 1229 1255 repulsus‘sic,
1262 1186 1691 1255 et_de_m_i_milogo
1723 1204 1753 1236 a
1777 1186 2273 1255 dasmonenarrepto.
2304 1215 2361 1255 -έ-
2389 1192 2433 1255 3.
2470 1190 2541 1238 De
2563 1204 2704 1255 caeco
2730 1203 2792 1237 ex
2821 1204 2975 1251 aqua,
3009 1191 3060 1255 i_n
3080 1204 3184 1251 qua
3204 1190 3284 1255 _vi_r
3302 1190 3394 1255 Dei
3422 1202 3609 1255 manus

141 1248 287 1313 legit
306 1248 635 1313 illuminato.
656 1249 885 1313 —pi._l_)e
909 1249 1081 1313 reditu
1112 1250 1280 1313 ipsius
1307 1251 1360 1297 in
1390 1251 1581 1313 Gallias
1606 1248 1657 1299 et
1678 1252 1921 1300 coenobio
1948 1248 2220 1299 aediﬁcato.
2248 1276 2307 1285 —-
2326 1254 2368 1299 5.
2403 1252 2677 1308 Quomodo
2700 1265 2793 1313 pro
2815 1248 2885 1299 eo'
2902 1252 3042 1313 quod
3073 1248 3418 1310 municipium
3438 1251 3606 1298 Nanto

142 1322 169 1355 ει
204 1309 364 1375 Rege
392 1310 773 1375 impetraverit,
797 1309 1369 1375 Mummulusinsidias
1399 1312 1473 1375 illi
1505 1313 1787 1375 paraverit.
1820 1339 1879 1346 —
1904 1316 1948 1361 6.
1975 1313 2250 1369 Quomodo
2276 1314 2611 1375 carniﬁcibus
2636 1309 2892 1360 divinitus
2918 1309 3126 1360 creastis
3158 1314 3239 1360 vir
3264 1309 3607 1375 Dei’mortem

140 1371 502 1441 evaserit.
531 1374 578 1419 7.
607 1372 891 1441 Convegsio
919 1372 1090 1441 laudis
1119 1387 1210 1435 per
1235 1371 1591 1441 energiamfad
1611 1375 2042 1441 _Sanctu_m._—__8.
2078 1375 2162 1441 De,
2180 1374 2410 1441 muliere.
2430 1388 2569 1441 caeca
2596 1375 2912 1441 illuminata.
2945 1400 3003 1408 —
3031 1377 3077 1441 9.
3110 1375 3402 1441 Allegorice
3428 1373 3609 1441 eadem

143 1446 239 1497 res
261 1434 550 1497 repetitur.
582 1459 643 1468 —
678 1433 753 1497 10.
788 1434 859 1497 De
886 1433 1146 1497 monacho
1176 1449 1269 1497 pro
1300 1433 1658 1484 inobedientia
1684 1436 1911 1497 paralysi
1948 1436 2204 1484 dissoluto
2222 1441 2272 1483 et
2308 1438 2465 1484 verbo
2498 1437 2675 1485 Sancti
2706 1441 2909 1483 sanato.
2936 1462 2998 1470 —
3032 1437 3104 1483 11.
3138 1437 3212 1484 De
3231 1433 3384 1484 bbitu
3405 1435 3497 1497 vel
3529 1450 3607 1482 se-

186 1493 381 1561 nlt_ura
417 1495 603 1556 ipsius.
634 1522 691 1529 —
722 1495 796 1542 12.
837 1496 971 1561 Laus
996 1495 1092 1543 loci
1123 1493 1189 1544 et'
1209 1497 1272 1545 de
1302 1497 1594 1546 elevatione
1621 1493 1855 1560 corporis
1885 1498 2069 1561 ipsius.
2099 1525 2156 1532 —
2189 1498 2264 1545 13.
2294 1497 2469 1546 Oratio
2505 1498 2736 1547 auctoris
2764 1497 2923 1559 hujus
2949 1497 3139 1559 aperis.
3172 1499 3329 1552 -14,
3364 1496 3610 1545 Clausula

146 1508 381 1602 guttura
417 1509 603 1556 lpSlus.
634 1522 691 1529 —
722 1508 796 1542 12.
837 1508 971 1542 Laus
997 1508 1023 1543 ι(

182 1556 341 1603 nalis
372 1570 494 1604 cum
527 1569 680 1618 prece
708 1556 1023 1618 completur.

678 1688 901 1743 CAPUT
942 1689 1234 1745 PRIMUM.

173 1831 460 1885 Vascones
485 1845 521 1883 α
548 1830 605 1885 S.
640 1830 897 1883 Amando
926 1830 1118 1885 edocti.
1154 1832 1332 1887 Caecus
1356 1833 1719 1888 illuminatus.

165 1957 217 2007 ί.
256 1954 554 2008 Hactenus
584 1953 823 2007 eximios
852 1953 1042 2007 Sancti
1067 1959 1323 2008 versatus
1349 1955 1407 2008 in
1439 1960 1596 2009 actus

92 2042 396 2107 Praesulis,
442 2047 500 2095 et
539 2058 870 2112 quanquam
912 2043 1056 2112 pede
1097 2044 1322 2109 claudo,
1365 2060 1594 2097 currere
1627 2044 1803 2115 quivi.

92 2130 201 2183 Sed
235 2145 399 2183 nunc
425 2146 516 2182 res
546 2130 857 2183 metuenda
886 2130 1056 2183 nimis
1086 2131 1402 2199 tractanda,
1433 2148 1538 2185 nec
1570 2133 1699 2186 ullis

102 2217 334 2271 Viribus
366 2217 639 2271 evolitare
665 2217 817 2281 facit,
848 2234 1020 2288 super
1045 2224 1197 2272 astra
1226 2219 1540 2288 petendum
1574 2225 1657 2274 est
1684 2237 1696 2274 ε

102 2308 168 2359 Ut
198 2322 475 2359 sermone
507 2322 732 2375 sequar,
765 2322 881 2375 quo
907 2321 1022 2359 non
1049 2307 1179 2359 licet
1208 2306 1292 2361 ire
1321 2308 1660 2377 pedestrem.

101 2394 283 2447 Primi
313 2410 568 2464 namque
600 2392 713 2447 mei
742 2400 1057 2464 properant
1086 2396 1191 2448 hac
1216 2396 1342 2465 lege
1372 2396 1570 2463 libelli,

103 2483 170 2536 Ut
199 2482 368 2536 labor
399 2488 456 2536 et
477 2483 746 2536 meritum
779 2483 958 2536 sancti
990 2487 1254 2536 noscatur
1284 2483 1529 2537 Amandi
1556 2500 1567 2537 :

105 2570 461 2633 Quartushic
474 2574 747 2635 estnunc,
764 2571 863 2641 qui
876 2571 934 2623 in
951 2571 1213 2625 manibus
1226 2572 1519 2625 cudendus
1532 2571 1808 2640 habetur;

108 2658 230 2721 Quo
264 2658 587 2725 Evangeliis
618 2658 831 2728 subjeci
861 2659 968 2711 rite
998 2659 1309 2729 quaternis.

110 2747 390 2800 Mattheus
414 2746 617 2800 effudit
646 2746 887 2799 donatus
919 2762 1156 2799 munere
1185 2747 1409 2816 primus

113 2835 298 2888 Carne
328 2835 512 2888 Deum
543 2839 763 2897 natum,
796 2834 896 2905 qui
926 2834 1176 2905 Virginis
1206 2835 1382 2889 ubera
1412 2835 1579 2888 suxit.

115 2922 213 2977 Hic
245 2939 479 2994 quoque
519 2923 656 2976 dum
692 2927 899 2976 nostrae
940 2927 1203 2993 penetrat
1232 2923 1548 2993 praecordia
1580 2923 1807 2992 mentis,

119 3008 352 3081 Scripsit
378 3010 674 3064 hominem
703 3011 981 3080 genitum,
1015 3011 1113 3082 qui
1145 3011 1343 3065 matris
1377 3012 1552 3065 ubera
1582 3012 1767 3080 linxit,

117 3098 461 3165 Perfectum,
495 3114 729 3167 purum,
767 3098 1009 3167 justum,
1054 3097 1313 3167 dignum,
1352 3098 1805 3153 immaculatum.

121 3187 503 3256 Excelsusque
523 3185 730 3239 dehinc
760 3185 1019 3239 mandati
1047 3185 1259 3239 famine
1288 3187 1523 3253 Marcus,

121 3276 233 3328 Vox
263 3274 584 3339 clamantis,
625 3273 723 3339 ait,
758 3273 981 3327 deserta
1009 3290 1114 3343 per
1143 3290 1276 3327 arva
1304 3275 1486 3328 leonis

120 3363 397 3428 Insonuit,
430 3363 529 3433 qui
560 3362 623 3415 in
652 3365 837 3415 morte
868 3361 1047 3415 oculis
1079 3362 1350 3416 dormivit
1380 3363 1611 3433 apertis.

125 3453 393 3522 Huncque
419 3466 687 3522 sequens,
723 3454 1001 3520 quantum
1038 3451 1210 3516 valui,
1252 3450 1356 3504 sub
1382 3452 1634 3505 carmine
1670 3450 1808 3517 dixi,

122 3540 508 3603 Quadriﬁdum
551 3538 790 3592 verbum
832 3543 1092 3592 sanctum
1133 3539 1405 3608 sparsisse
1444 3556 1549 3608 per
1588 3538 1807 3593 orbem.

125 3629 595 3698 Consurgensque
624 3626 830 3680 dehinc
860 3627 1011 3697 quod
1047 3627 1233 3696 signat
1263 3627 1498 3682 nomine
1531 3628 1705 3682 Lucas

122 3712 250 3766 Iura
280 3712 583 3765 sacerdotii
609 3711 816 3765 veteris
846 3711 1213 3765 sermonibus
1240 3727 1265 3754 ει
1294 3713 1491 3782 infert,

128 3799 241 3862 Quo
268 3798 468 3863 crucis,
506 3802 570 3850 ut
597 3798 825 3863 vitulus,
859 3798 1117 3852 Christus
1148 3804 1429 3853 mactatur
1457 3800 1518 3853 in
1550 3815 1665 3854 ara.

127 3885 241 3948 Quo
270 3887 437 3952 lecto,
468 3884 661 3938 sedem
691 3884 1005 3937 monstravi
1035 3885 1445 3955 pontificalem,

130 3972 527 4027 Conscendisse
558 3970 765 4038 virum,
794 3971 981 4025 fuerat
1013 3971 1113 4042 qui
1144 3973 1369 4026 victima
1399 3972 1541 4027 viva.

132 4059 391 4115 Flaminis
422 4065 480 4113 et
504 4060 648 4113 sacri
675 4059 810 4130 quia
838 4059 1024 4129 gratia
1053 4060 1180 4113 fusa
1207 4059 1416 4114 Joanni
1446 4067 1550 4129 est,

131 4148 313 4203 Evolat
336 4154 402 4201 ut
429 4148 638 4217 pennis
669 4147 877 4217 aquilae
906 4163 1078 4217 super
1108 4148 1324 4203 aethera
1354 4154 1569 4217 vectus,

1838 1691 1883 1743 Α
1980 1692 2032 1743 2.
2065 1689 2186 1755 Eia,
2230 1704 2356 1760 age,
2396 1691 2564 1743 Vacca
2592 1688 2711 1758 jam
2743 1690 2871 1756 late,
2907 1705 3036 1743 mea
3068 1690 3242 1752 Musa,
3274 1692 3607 1759 vagantem,

1917 1777 2211 1831 Fidentem
2240 1777 2436 1843 frenis,
2470 1782 2837 1848 torquentem
2870 1779 2985 1831 tela
3012 1777 3257 1843 lacertis,

1916 1867 2108 1919 Pande
2138 1882 2279 1935 rogo
2312 1870 2366 1919 et
2397 1867 2565 1937 vulgo
2598 1867 2828 1936 vulgare
2858 1881 2991 1919 voce
3022 1868 3215 1919 notato
3243 1881 3255 1917 :

1917 1952 1974 2007 Si
2007 1953 2200 2007 demas
2232 1959 2533 2024 mutesque
2559 1954 2769 2024 apices,
2798 1953 3096 2006 Wasconia
3126 1953 3327 2005 fertur.

1916 2042 2054 2106 Qum
2087 2057 2227 2109 gens
2260 2041 2403 2095 dura
2433 2042 2587 2107 satis,
2620 2041 2787 2094 variis
2817 2041 3135 2094 incursibus
3162 2041 3397 2106 instans,

1916 2130 2127 2184 Ictibus
2162 2146 2225 2183 ac
2254 2130 2467 2184 crebris
2496 2129 2731 2183 hostilia
2760 2131 2875 2183 tela
2903 2129 3244 2198 rependens,

1913 2218 2192 2272 Extremis
2219 2218 2402 2271 fuerat
2434 2219 2783 2272 Francorum
2816 2218 3029 2272 ﬁnibus
3062 2216 3261 2270 hostis.

1914 2307 2025 2361 Sed
2052 2310 2188 2359 tunc
2218 2304 2503 2359 vulniﬁcis
2536 2306 2852 2359 substracta
2881 2310 2963 2358 est
2989 2304 3226 2375 paciﬁca
3260 2302 3455 2371 armis,

1918 2396 2213 2465 Frenaque
2239 2393 2475 2447 consilio
2506 2394 2738 2448 tandem
2766 2392 3049 2447 conducta
3075 2391 3291 2446 salubri

1917 2484 2040 2537 Non
2069 2482 2245 2536 laniat
2266 2498 2481 2544 morsu,
2507 2483 2603 2535 sed
2631 2485 2655 2524 b
2689 2482 2842 2551 pacis
2872 2481 2931 2534 in
2962 2482 3155 2535 oscula
3186 2483 3413 2534 tractat.

1916 2571 2031 2625 lllis
2062 2571 2436 2642 temporibus,
2470 2570 2599 2640 quis
2621 2570 2859 2624 Sanctus
2889 2570 2947 2623 in
2980 2569 3116 2623 orbe
3145 2568 3435 2636 manebat,

1919 2660 1989 2713 Ut
2017 2659 2188 2713 Gallis
2222 2659 2409 2713 fuerat
2438 2675 2583 2712 saeva
2615 2658 2837 2712 feritate
2867 2658 3114 2723 rebellis,

1917 2746 2006 2801 Sic
2035 2750 2155 2800 erat
2187 2751 2243 2799 et
2281 2746 2524 2812 Christo,
2559 2746 2850 2816 reliquum
2880 2746 2979 2815 qui
3009 2749 3283 2799 straverat
3312 2742 3529 2797 orbem.

1919 2832 2254 2902 Relligionis
2284 2832 2436 2886 enim
2465 2832 2677 2885 nudata
2705 2832 2911 2885 decore
2934 2830 3159 2900 jacebat

1923 2923 1984 2974 In
2012 2920 2194 2974 noctis
2224 2919 2493 2983 tenebris,
2529 2921 2688 2974 nulla
2718 2919 3001 2973 illustrata
3026 2920 3282 2985 lucerna,

1922 3008 2399 3079 Horrendumque
2428 3008 2630 3072 scelus,
2665 3008 2757 3061 cui
2786 3012 2989 3061 cuncta
3019 3006 3283 3060 nocentia
3306 3005 3540 3072 cedunt,

1918 3096 2041 3161 Quo
2072 3096 2343 3167 gignente
2377 3097 2564 3150 solent
2593 3096 2853 3167 reliquiae
2885 3110 3252 3149 concrescere
3285 3098 3495 3165 pestes,

1919 3185 2149 3239 Cultum
2181 3185 2402 3240 Christo
2428 3184 2681 3239 habilem
2707 3190 2867 3238 muta
2887 3184 2954 3237 ad
2983 3183 3289 3238 simulacra
3316 3182 3613 3237 reflectens

1919 3273 2075 3327 ldola
2112 3273 2378 3327 credebat
2407 3289 2621 3326 numen
2652 3272 2886 3326 Deitatis
2916 3272 3145 3325 habere.

1920 3364 2030 3416 Ilos
2063 3362 2161 3416 ubi
2192 3378 2430 3416 vesanos
2462 3377 2714 3415 errorem
2742 3360 3022 3431 comperit
3050 3365 3209 3413 actus

1920 3452 2133 3505 Prmsul
2154 3451 2465 3516 Amandus,
2496 3450 2565 3503 ab
2587 3450 2697 3517 his,
2723 3466 2867 3519 quos
2889 3448 3129 3502 fratrum
3157 3446 3386 3500 nomine
3412 3445 3614 3515 dignos

1922 3540 2172 3605 Fecerat,
2208 3554 2495 3605 accensus,
2529 3538 2737 3591 horum
2768 3538 3081 3589 celeranter
3114 3535 3291 3588 adivit
3335 3604 3348 3614 ν

1920 3625 2166 3697 Belliger
2195 3626 2435 3695 insignis
2462 3630 2642 3678 terras
2667 3641 2679 3678 :
2718 3629 2777 3677 ut
2805 3625 3005 3693 praelia
3035 3622 3240 3677 Christi

1919 3716 2187 3783 Bellaret,
2217 3715 2545 3784 pariterque
2580 3712 2669 3766 sui
2698 3712 2991 3781 signacula
3022 3710 3188 3780 Regis

1921 3803 2166 3857 Invictus
2196 3802 2361 3855 miles
2393 3802 2642 3872 praefatis
2671 3800 2892 3854 inderet
2923 3799 3090 3852 arvis.

1923 3892 1991 3945 Ut
2021 3891 2067 3945 si
2098 3891 2440 3961 multiplices
2466 3906 2581 3943 non
2606 3893 2797 3959 posset
2819 3888 2951 3960 jure
2972 3892 3224 3941 catervas

1923 3979 2181 4045 Vincere,
2214 3981 2299 4033 vel
2331 3978 2631 4049 pulchram
2663 3979 2893 4047 caperet
2930 3992 3032 4045 per
3063 3976 3301 4028 vulnera
3332 3976 3610 4026 mortem:

1924 4068 2185 4137 Dumque
2216 4066 2297 4120 ibi
2320 4065 2557 4119 viviﬁcis
2588 4065 2823 4119 inferret
2852 4064 3069 4134 spicula
3098 4062 3302 4129 contis,

1922 4157 1990 4209 Et
2017 4156 2226 4209 multos
2257 4160 2515 4225 aequaret
2544 4155 2741 4218 humo,
2774 4153 3091 4222 falsamque
3117 4151 3361 4205 deorum

132 4237 469 4307 Principium
499 4236 672 4303 canit,
697 4240 867 4306 atque
888 4240 1017 4290 ante
1046 4236 1240 4289 omnia
1260 4242 1523 4307 tempora
1543 4238 1812 4294 Verbum.
1854 4255 1893 4309 ί]
1922 4245 2214 4299 Sterneret
2240 4245 2305 4297 ad
2341 4248 2552 4296 terram
2583 4247 2909 4296 constanter
2940 4240 3333 4309 relligionem;

136 4324 326 4395 Estque
356 4324 448 4376 via
477 4322 651 4377 simili
680 4338 773 4376 me
804 4339 957 4376 nunc
993 4338 1303 4394 properare
1335 4341 1600 4380 necesse:

135 4413 294 4467 Instat
337 4412 493 4466 enim
530 4427 856 4465 memorare
896 4410 1071 4466 itiner
1109 4428 1224 4482 quo
1256 4418 1483 4467 sanctus
1521 4415 1816 4469 Amandus

134 4501 289 4556 lverit
317 4500 393 4553 ad
425 4500 749 4561 Dominum,
785 4500 1016 4554 meritos
1047 4506 1382 4572 sumpturus
1408 4502 1652 4556 honores
1677 4520 1689 4557 :

137 4589 325 4644 Viserit
352 4594 410 4643 et
440 4589 699 4659 requiem
728 4588 941 4642 caelesti
972 4589 1032 4643 in
1062 4590 1311 4643 culmine
1342 4596 1587 4660 partam,

136 4676 240 4739 Quo
270 4694 364 4731 me
394 4677 555 4730 nulla
584 4677 734 4729 levat
756 4677 1039 4730 factorum
1068 4693 1261 4746 penna
1291 4679 1598 4732 bonorum.

138 4765 271 4821 Velle
305 4782 462 4819 meos
492 4766 717 4818 animos
743 4767 888 4830 urit;
919 4765 1017 4819 sed
1046 4782 1213 4835 posse
1242 4771 1508 4821 retentat.

137 4854 363 4908 Currere
389 4854 591 4924 lingua
620 4853 804 4923 cupit;
838 4854 1043 4908 stridet
1076 4854 1173 4908 sed
1198 4856 1390 4909 nescia
1419 4856 1548 4910 fari.

138 4942 315 4997 Cordis
342 4943 401 4995 in
436 4958 573 4995 aure
604 4946 796 4995 tamen
830 4942 875 4994 si
894 4942 1099 4996 sibilus
1127 4944 1223 4997 ille
1253 4945 1511 5010 resultet,

138 5031 361 5102 Impleat
391 5035 449 5085 et
478 5035 755 5097 montem,
786 5032 1069 5085 calamum
1096 5048 1209 5103 quo
1242 5032 1400 5103 tingo
1429 5032 1669 5103 liquore,

138 5118 228 5182 Qui
257 5120 391 5173 facit
420 5120 704 5173 humanas
737 5118 955 5172 asinam
985 5119 1233 5173 formare
1265 5121 1545 5190 loquelas,

138 5208 548 5278 lndocilemque
578 5206 765 5260 virum
792 5207 1033 5277 querulo
1062 5208 1411 5262 confundere
1440 5209 1740 5278 rhythmo;

140 5295 383 5351 Carmine
412 5295 704 5350 succincto
734 5311 864 5366 qum
893 5300 1113 5349 restant
1141 5301 1301 5366 gesta
1330 5297 1561 5364 notabo,

196 5486 218 5513 a
250 5472 429 5525 Codex
459 5472 671 5536 Elnon,
701 5472 874 5539 eﬂ'ert.

1927 4334 2082 4386 Unus
2109 4331 2282 4397 iners,
2316 4331 2513 4398 facilis,
2548 4332 2694 4384 male
2721 4330 2999 4395 lubricus,
3028 4334 3201 4398 atque
3232 4325 3537 4397 superbus,

1925 4419 2129 4489 Turpis
2159 4426 2216 4473 et
2248 4420 2510 4489 impurus
2539 4418 2801 4472 scurrilia
2827 4418 3036 4486 probra
3059 4432 3379 4481 susurrans,

1925 4509 2107 4573 Quem
2140 4507 2343 4561 merito
2368 4507 2572 4576 vulgus
2598 4506 2806 4559 vocitat
2834 4504 3176 4575 cognomine
3209 4502 3471 4567 mimum,

1925 4596 2155 4651 Obstitit
2182 4596 2379 4649 infelix
2414 4594 2619 4648 stolido
2651 4594 2962 4648 bacchante
2984 4590 3283 4644 cachinno.

1926 4686 2038 4741 Sed
2068 4701 2200 4739 mox
2234 4689 2495 4754 arreptus
2526 4683 2701 4736 miser
2728 4687 2852 4735 atro
2883 4683 3166 4743 daemone,
3198 4678 3407 4747 plenus

1926 4775 2049 4838 Quo
2080 4773 2268 4828 fuerat
2298 4772 2541 4843 pridem,
2578 4786 2708 4823 cum
2742 4769 2871 4821 vitae
2901 4768 3027 4821 risit
3053 4768 3376 4831 alumnum,

1926 4863 2050 4932 Ipse
2085 4861 2200 4915 suis
2230 4860 2495 4915 manibus
2523 4858 2672 4911 male
2705 4873 2841 4909 sano
2875 4856 3133 4909 membra
3161 4854 3354 4907 furore

1928 4949 2221 5020 Discerpit,
2250 4947 2476 5013 scindit,
2512 4944 2836 5015 disrumpit,
2872 4943 3091 5013 diripit,
3121 4942 3254 5003 urit,

1922 5042 2187 5107 Anteque
2218 5051 2390 5105 quam
2421 5033 2648 5104 patulos
2674 5033 2839 5087 Erebi
2872 5034 3219 5085 transcurrat
3245 5028 3454 5093 hiatus,

1927 5127 2030 5179 Dat
2059 5128 2277 5179 certum
2309 5122 2611 5188 indicium,
2647 5122 2787 5175 duce
2821 5137 2932 5191 quo
2965 5119 3238 5173 deductus
3268 5117 3469 5171 abiret.

1924 5213 2033 5268 Ore
2059 5228 2174 5265 uno
2205 5218 2434 5280 stupeas
2466 5210 2727 5264 millenas
2756 5224 2984 5263 currere
3014 5208 3257 5276 linguas.

1922 5301 2173 5355 Tandem
2206 5299 2478 5353 distortus
2502 5304 2772 5352 vacuatus
2800 5302 2855 5350 et
2879 5296 3105 5365 hospite
3135 5299 3191 5347 et
3217 5293 3400 5359 hoste,

1918 5475 2150 5545 jectam,
2204 5474 2451 5544 explicat
2494 5475 2694 5527 Petrus
2735 5474 2803 5527 de
2837 5471 3144 5545 hiariasub
3189 5469 3365 5523 ﬁnem
3399 5469 3527 5525 libri
3572 5485 3611 5539 ι,

197 5544 222 5583 b
251 5543 601 5610 Vasconiam,
635 5558 754 5597 aevo
788 5541 1016 5597 Milonis
1046 5542 1297 5614 Regibus
1325 5544 1649 5614 Aquitaniae
1677 5544 1810 5599 sub-
1855 5544 1896 5597 D
1920 5541 1981 5602 et
2008 5545 2235 5601 initium
2267 5541 2562 5621 sequentis
2597 5545 2801 5600 Histor.
2837 5542 3111 5599 Bearniaa.
