3868 6228
292 281 393 332 959

288 408 395 471 Qui
425 409 684 476 ingratus
717 407 942 460 rediens
969 422 1218 460 animam
1251 406 1530 459 violenter
1553 407 1764 476 abegit,

286 495 699 564 Abducensque
729 495 862 547 facit
891 510 1080 548 secum
1115 499 1413 564 penetrare
1446 496 1790 564 gehennam.

287 583 393 645 Qui
421 583 528 636 fuit
557 583 815 636 incentor
846 584 1049 651 culpai,
1077 583 1144 634 fit
1169 586 1354 635 tortor
1382 583 1442 634 in
1471 583 1622 652 igne.

288 672 351 724 Et
384 670 518 740 quia
542 677 676 724 sunt
703 687 819 724 non
849 671 976 723 laeta
996 671 1154 736 satis,
1187 687 1316 740 qua
1341 671 1659 736 scribimus,
1693 672 1976 740 hincjam,

284 759 562 812 Tristibus
591 760 835 822 omissis,
869 760 939 812 ad
971 759 1155 813 dulcia
1187 764 1389 828 pergat
1418 760 1659 812 arundo.

358 851 408 900 3.
452 849 598 917 Ergo
636 848 736 900 ubi
769 865 909 918 gens
940 854 1133 900 sancto
1169 852 1402 900 vacuata
1433 849 1636 901 decore
1673 847 1869 900 relicta
1896 852 1982 901 est

286 935 551 1004 Antiquis
585 935 856 1001 tenebris,
891 935 1072 988 voluit
1099 936 1236 1005 quia
1266 951 1534 1004 spernere
1573 936 1755 987 lucem

286 1024 700 1077 Transmissam
743 1025 990 1090 sibimet,
1027 1039 1198 1094 quam
1232 1040 1288 1076 se
1315 1024 1676 1076 substernere
1719 1023 1872 1076 luci:

292 1111 512 1165 Lucifer
542 1111 638 1164 ille
667 1113 874 1177 nitens,
905 1128 1035 1164 cum
1060 1112 1180 1180 jam
1211 1111 1512 1181 repedaret
1543 1111 1612 1163 ab
1645 1111 1783 1177 illis,

289 1199 550 1252 Pervenit
581 1200 887 1269 quamdam
923 1200 1154 1252 tandem
1179 1199 1417 1252 lassatus
1446 1199 1516 1252 ad
1545 1199 1764 1258 urbem,

289 1286 462 1356 Cujus
491 1288 821 1340 honorificis
853 1287 1070 1355 excepit
1095 1287 1394 1356 episcopus
1425 1287 1590 1340 illum

288 1375 606 1444 Obsequiis,
645 1376 961 1445 meritoque
989 1375 1181 1428 colens
1213 1381 1537 1428 reverenter
1565 1376 1809 1442 honore,

288 1465 348 1516 In
381 1464 645 1516 manibus
675 1463 846 1516 sacris
877 1463 1066 1516 latices
1097 1463 1370 1533 perfudit,
1403 1467 1459 1516 et
1487 1466 1642 1532 ipsos

288 1551 588 1604 Custodem
623 1551 842 1604 monuit
871 1551 1074 1604 clausis
1107 1551 1315 1604 inferre
1347 1552 1585 1604 sacellis.

287 1639 538 1692 Antistes
568 1655 818 1708 namque
851 1639 896 1692 is
923 1645 1009 1692 sat
1039 1639 1218 1692 fidens
1245 1639 1477 1706 exstitit,
1511 1638 1624 1692 illis

287 1727 550 1796 Optatam
583 1727 846 1780 invalidis
885 1726 1131 1796 praeberi
1160 1743 1326 1797 posse
1357 1727 1657 1779 medelam.

289 1815 430 1883 Spes
461 1831 648 1885 neque
679 1821 794 1868 tam
829 1817 1024 1868 ﬁrmos
1057 1815 1276 1868 animos
1306 1814 1620 1868 certissima
1649 1813 1804 1867 lusit.

286 1904 564 1973 Tempore
600 1919 713 1973 quo
749 1904 983 1974 quidam
1015 1904 1298 1956 residebat
1327 1905 1395 1957 ad
1427 1904 1574 1957 ostia
1605 1904 1805 1973 templi

287 1991 592 2058 Mendicus,
627 1991 796 2044 rebus
821 2007 1058 2060 pauper,
1095 1991 1192 2044 sed
1224 1991 1440 2044 lumine
1473 1991 1676 2044 frontis

285 2079 614 2147 Pauperior,
651 2096 820 2148 quem
853 2079 958 2132 hac
989 2079 1194 2132 affatur
1223 2094 1358 2132 voce
1393 2079 1690 2132 sacerdos:

287 2167 328 2221 Ο
356 2167 548 2233 homo,
582 2166 628 2219 si
659 2167 792 2221 ﬁdei
823 2167 1034 2220 retines
1065 2169 1122 2219 in
1151 2173 1380 2235 pectore
1413 2168 1620 2232 lucem,

285 2252 463 2304 Ablue
496 2268 644 2322 aqua
670 2253 890 2306 clausos
918 2255 1133 2318 oculos,
1167 2269 1280 2322 qua
1311 2259 1539 2306 sanctus
1567 2251 1862 2305 Amandus

287 2339 481 2392 Abluit
517 2340 612 2392 ille
645 2356 885 2394 manus:
927 2342 1034 2394 hoc
1064 2341 1316 2410 spondeo
1348 2347 1402 2393 te
1445 2340 1835 2393 renovandum

289 2427 572 2495 Unguine,
605 2429 700 2480 lux
725 2428 950 2482 rediens
975 2427 1139 2480 caecis
1169 2427 1356 2480 infusa
1381 2428 1641 2480 fenestris

290 2515 640 2580 Monstrabit,
669 2516 858 2569 Sancti
888 2523 1168 2585 quantum
1199 2516 1518 2568 benedictio
1546 2515 1718 2585 digna
1749 2519 1868 2568 est:

289 2603 400 2654 Nec
431 2618 643 2656 vacuus
674 2603 910 2656 credens
939 2603 1070 2656 tidei
1101 2603 1312 2656 virtute
1343 2603 1571 2656 redibis.

289 2691 417 2744 Haec
447 2692 742 2760 promissa,
788 2708 986 2744 carens
1029 2708 1156 2744 mox
1199 2707 1419 2760 pauper
1461 2691 1698 2756 lumine,
1742 2690 1978 2743 credens

288 2779 543 2848 Sumpsit
571 2795 768 2850 aquas,
790 2780 1108 2849 faciemque
1143 2781 1300 2844 lavit,
1338 2779 1618 2833 medicina
1651 2779 1870 2832 lavacro

289 2867 382 2920 Est
409 2867 678 2920 comitata
709 2868 823 2937 pio.
860 2869 902 2922 Ο
937 2885 1128 2920 rerum
1155 2869 1472 2921 conversio!
1515 2867 1660 2921 Cmci

1518 272 1799 328 MILOle
1842 273 2158 328 MONACHI
2197 271 2253 324 S.
2297 270 2562 325 AMANDI
3699 267 3786 316 96H

2017 408 2062 458 A
2092 404 2242 458 Felix
2271 405 2366 457 illa
2399 403 2508 456 fuit
2537 403 2642 456 sub
2673 407 2830 456 tanto
2861 401 3058 455 schola
3092 401 3398 470 magistro,

2091 492 2170 543 De
2203 506 2316 560 qua
2345 491 2689 558 multiplices
2721 490 3038 559 procedunt
3061 491 3190 560 jure
3221 491 3524 560 sophistae,

2089 577 2429 631 Pontificum
2463 593 2770 631 numerosa
2807 578 3028 642 cohors,
3059 578 3327 648 doctique
3360 579 3598 631 Patroni

2091 667 2372 734 Ecclesiae,
2408 668 2595 721 verbis
2624 668 2774 737 puri,
2816 668 3104 737 gestisque
3129 668 3396 722 nitentes.

2091 757 2289 822 Gallia,
2312 757 2432 826 jam
2465 757 2636 810 rediit
2671 757 2932 822 Sanctus,
2963 757 3176 822 laetare,
3209 758 3532 828 benignum
3559 763 3670 820 est,

2088 843 2304 913 Sparge
2333 844 2506 897 alacri
2535 843 2720 908 ﬂores,
2761 845 2986 898 timibet
3013 845 3248 898 salvatio
3281 847 3460 900 venit.

2091 933 2202 986 Hac
2234 931 2446 983 etenim
2477 947 2594 984 non
2619 936 2782 1002 parte
2809 932 2982 996 cadis,
3016 948 3128 1000 qua
3159 933 3336 985 turris
3367 933 3616 1001 Olympo

2090 1020 2298 1072 Contra
2324 1019 2666 1088 sanguineas
2692 1019 2841 1072 acies
2868 1025 2926 1072 et
2955 1019 3103 1072 bella
3133 1020 3395 1073 Damasci

2091 1109 2252 1161 Forte
2283 1107 2416 1160 tulit
2443 1111 2628 1176 caput,
2665 1107 2815 1164 ultra
2843 1112 2900 1160 et
2931 1107 3114 1160 sidera
3140 1107 3399 1160 constitit
3435 1107 3576 1176 ipsa.

2089 1197 2232 1248 Nam
2262 1197 2308 1248 si
2333 1195 2635 1265 pervalidm
2669 1195 2877 1249 Oceani
2909 1195 2977 1248 de
3009 1199 3166 1264 parte
3193 1195 3468 1264 procellae

2087 1284 2385 1352 Irruerint,
2417 1285 2576 1338 nullo
2603 1283 2850 1354 quibunt
2877 1283 3278 1336 transcendere
3309 1287 3498 1352 pacto,
3541 1270 3546 1274 ’

2089 1373 2353 1426 Passibus
2387 1372 2635 1442 egregiis
2666 1387 2780 1441 qua
2811 1387 3070 1441 gressum
3099 1369 3223 1424 ﬁxit
3251 1370 3546 1423 Amandus
3573 1386 3585 1422 :

2086 1460 2144 1514 Si
2177 1467 2368 1514 tamen
2394 1460 2614 1531 egregii
2644 1459 2872 1513 secteris
2891 1459 3050 1528 jussa
3071 1457 3345 1528 Magistri.

2089 1549 2182 1601 Est
2211 1565 2416 1618 neque,
2451 1548 2604 1617 quod
2633 1547 2833 1600 timeas
2867 1547 3110 1600 ferventi
3137 1546 3198 1598 in
3229 1545 3481 1612 turbine,
3509 1545 3653 1598 freta

2087 1637 2206 1690 Hoc
2233 1637 2466 1690 ductore
2497 1641 2618 1700 tuo,
2645 1637 2744 1706 qui
2773 1652 2886 1688 non
2917 1636 3158 1688 debellat
3195 1635 3430 1704 iniquos

2086 1724 2295 1792 Armis,
2327 1725 2423 1778 sed
2451 1723 2670 1777 meritis
2697 1724 2829 1776 hinc
2863 1741 3040 1794 usque
3063 1724 3130 1776 ad
3159 1723 3346 1776 sidera
3375 1721 3542 1775 notis.

2157 1815 2205 1866 5.
2236 1813 2516 1882 Tempore
2543 1828 2658 1881 quo
2681 1813 2945 1882 princeps
2966 1828 3204 1882 regnum
3235 1812 3550 1865 Hildericus
3577 1809 3778 1878 agebat

2087 1901 2427 1970 Invasasque
2461 1901 2619 1970 gravi
2650 1901 2800 1954 bello
2831 1901 3108 1953 tractabat
3137 1899 3413 1966 habenas,

2087 1990 2230 2042 Dum
2262 1989 2576 2042 fremerent
2604 1988 2847 2058 reliquae
2877 1989 3066 2042 Martis
3097 1988 3412 2042 certamine
3444 1991 3653 2057 gentes,

2085 2079 2150 2132 Et
2181 2077 2356 2147 gladii
2385 2077 2623 2146 gladios,
2659 2077 2939 2130 nmbones
2971 2077 3238 2130 redderet
3267 2076 3476 2140 umbo;

2085 2169 2161 2218 Ac
2191 2166 2363 2219 frater
2393 2166 2649 2230 fratrem,
2681 2166 2910 2235 genitus
2943 2169 3233 2233 premeret
3263 2165 3603 2234 genitorem,

2084 2254 2355 2324 Saavaque
2381 2258 2625 2306 vastaret
2657 2255 2900 2322 populos
2927 2254 3222 2324 populatio
3253 2253 3486 2317 multos,

2084 2342 2444 2410 Tempestate
2477 2342 2634 2410 gravi
2667 2345 2850 2394 totum
2883 2347 3175 2409 grassante
3205 2356 3307 2408 per
3333 2339 3562 2404 orbem;

2086 2431 2208 2483 Non
2237 2431 2406 2484 turbo
2435 2430 2526 2482 hic
2557 2429 2758 2495 tenuit,
2791 2429 3053 2498 Justique
3079 2429 3354 2498 ligamine
3385 2427 3565 2480 vinxit

2085 2519 2342 2584 Brachia,
2371 2534 2475 2571 nec
2507 2523 2664 2572 tanta
2688 2534 2882 2570 rerum
2913 2517 3190 2586 vertigine
3221 2517 3423 2584 victus,

2087 2605 2277 2674 Liquit
2302 2621 2447 2674 opus
2479 2611 2747 2674 cceptum,
2782 2605 2953 2658 lucris
2985 2605 3254 2658 ﬁdelibus
3286 2605 3510 2658 ardens.

2085 2692 2195 2746 Sed
2233 2709 2426 2761 regem
2455 2693 2599 2762 petit
2623 2693 2742 2762 jam
2769 2693 2982 2746 dictum
3012 2709 3260 2746 cernuus
3285 2693 3402 2758 ille,

2084 2780 2375 2843 Quatenus
2405 2781 2490 2833 illi
2520 2781 2770 2850 aliquem
2805 2781 3084 2850 praeberet
3111 2782 3241 2850 jure
3271 2781 3551 2834 locellum.

2085 2869 2255 2922 Sacra
2287 2869 2617 2922 monasterii
2650 2874 2898 2922 strueret
2926 2885 3054 2938 quae
3082 2874 3269 2938 coepta
3294 2869 3544 2932 venusti;

289 2956 434 3008 Dum
472 2956 772 3025 splendent
807 2957 976 3022 oculi,
1013 2957 1128 3008 fera
1161 2957 1358 3008 mortis
1389 2956 1581 3026 imago
1615 2957 1842 3025 repulsa
1871 2959 1974 3008 est.
2016 2982 2057 3036 ρ
2087 2957 2268 3020 Quem
2295 2973 2428 3011 mox
2459 2961 2522 3010 ut
2550 2957 2717 3026 petiit
2741 2957 3006 3026 princeps
3037 2956 3222 3022 dedit;
3261 2955 3398 3009 inde
3439 2959 3664 3024 repente

291 3043 403 3110 Dic,
436 3059 599 3112 rogo,
634 3043 892 3113 quisquis
927 3043 1078 3107 ades,
1111 3051 1325 3112 quanta
1351 3043 1558 3096 virtute
1591 3046 1826 3096 Beatum

287 3131 449 3184 Nunc
480 3131 704 3183 fulsisse
739 3117 925 3199 putas,
959 3147 1086 3183 cum
1117 3147 1369 3200 praesens
1398 3147 1638 3198 corpore
1665 3131 1906 3194 adesset,

285 3221 363 3272 Ac
395 3234 560 3287 prece
592 3234 764 3286 quam
797 3220 1039 3271 celerem
1073 3219 1318 3288 quivisse
1357 3219 1570 3272 referre
1601 3219 1904 3286 medelam,

286 3307 460 3375 Cujus
488 3307 726 3376 lympha
753 3322 955 3360 manus
985 3307 1124 3359 lucis
1155 3308 1393 3376 largitur
1422 3306 1741 3359 honorem?

287 3395 434 3448 Cede
465 3395 612 3460 loco,
649 3395 886 3456 medice,
920 3395 1055 3448 trito
1085 3410 1214 3448 cum
1239 3395 1492 3464 pulvere,
1521 3393 1656 3464 quid
1689 3394 1837 3446 stas?

286 3483 524 3536 Pulvere
563 3483 718 3536 enim
750 3483 948 3536 caecari
981 3483 1175 3535 oculos
1203 3498 1291 3535 res
1325 3483 1514 3534 notior
1543 3485 1739 3534 exstat.

287 3572 415 3624 Hinc
447 3570 492 3622 si
518 3571 720 3636 credis,
753 3587 915 3641 aquae
943 3575 1214 3640 superant
1243 3569 1477 3640 collyria
1507 3575 1728 3635 cuncta,

288 3657 474 3720 Quam
507 3658 736 3711 munda:
769 3659 978 3712 sordes.
1007 3658 1049 3713 Ο
1081 3675 1254 3728 quam
1284 3658 1552 3728 purgatio
1583 3663 1751 3727 pura!

286 3746 467 3808 Quam
493 3747 690 3800 doctus
723 3748 992 3812 medicus,
1026 3763 1138 3816 quo
1175 3753 1371 3800 cuncta
1404 3747 1642 3799 obscura
1671 3745 1975 3816 refulgent,

251 3843 257 3848 '
291 3835 368 3887 De
401 3836 562 3904 cujus
591 3835 788 3900 digitis
821 3835 1038 3888 stillant
1067 3835 1446 3888 medicamina
1474 3833 1762 3904 pulchris!

288 3923 446 3976 Talia
472 3923 635 3992 signa
666 3924 754 3975 sui
787 3924 1037 3992 produnt
1063 3923 1298 3991 vestigia
1323 3923 1474 3992 regis

286 4009 446 4072 Quod
482 4010 760 4079 sequitur,
794 4027 998 4080 perpes
1027 4010 1161 4062 hinc
1193 4011 1414 4063 Christo
1445 4009 1628 4078 gloria
1655 4025 1904 4074 summo,

289 4099 508 4167 Dignus
546 4099 733 4150 honor
760 4099 942 4164 Justo,
975 4114 1090 4166 quo
1119 4114 1231 4150 non
1259 4098 1559 4166 pretiosior
1589 4098 1733 4150 alter

289 4186 373 4238 Ad
403 4185 528 4238 caeli
555 4200 796 4252 regnum
827 4186 1106 4238 sociorum
1138 4203 1198 4238 ex
1225 4186 1452 4255 agmine
1485 4185 1657 4238 venit.

291 4273 502 4326 Obvius
535 4278 736 4324 ornata
761 4273 898 4325 dum
933 4289 1139 4341 sponso
1181 4274 1440 4342 lampade
1471 4273 1675 4342 pergit,

291 4362 480 4415 Manat
509 4360 779 4414 oliviferis
811 4377 942 4413 mox
969 4361 1170 4430 igneus
1199 4363 1368 4414 ardor
1393 4362 1462 4414 ab
1497 4361 1670 4425 ulnis,

288 4449 619 4503 Accendens
649 4450 882 4519 propria
909 4449 1260 4518 reliquorum
1293 4451 1361 4502 de
1391 4449 1510 4502 face
1544 4450 1736 4516 taedas,

292 4539 533 4592 Fulserit
560 4543 615 4591 et
643 4543 859 4608 quanto
891 4539 1286 4592 demonstrant
1314 4537 1459 4592 facta
1486 4539 1709 4592 decore.

960 4697 1186 4751 CAPUT
1229 4697 1293 4751 II.

293 4842 622 4896 Monaste-ria
652 4855 686 4893 α
725 4841 780 4896 8.
830 4840 1078 4895 Amando
1109 4844 1404 4894 exstructa.
1451 4839 1756 4892 Periculum
1793 4839 1980 4892 mortis

865 4912 1072 4963 cmlitus
1101 4911 1401 4978 depulsum.

363 5072 414 5122 4.
453 5070 712 5138 Dumque
743 5068 852 5121 iter
879 5069 1188 5138 incmptnm
1211 5067 1380 5121 variis
1410 5065 1714 5120 virtutibus
1745 5067 1872 5132 iret,

296 5159 640 5211 Francorum
672 5157 742 5210 ad
771 5173 1014 5226 regnum
1039 5157 1190 5210 felici
1213 5157 1440 5211 tramite
1473 5156 1646 5222 venit,

295 5245 592 5313 Elegitque
621 5245 828 5310 locum,
862 5261 974 5314 quo
1003 5247 1237 5298 verbum
1272 5251 1567 5315 spargeret
1597 5251 1818 5314 aptum,

297 5331 360 5382 In
385 5347 519 5398 quo,
551 5331 748 5384 devota
773 5333 1010 5386 fratrum
1041 5333 1349 5386 comitante
1379 5333 1628 5401 cohorte,

299 5419 408 5480 Qui
441 5418 623 5470 varias
651 5420 859 5474 Christi
885 5421 1130 5474 tulerant
1156 5437 1257 5490 pro
1292 5421 1523 5474 nomine
1553 5437 1769 5490 poenas,

297 5505 467 5560 Sacra
491 5506 823 5561 monasterii
851 5509 1166 5562 construxit
1187 5509 1433 5562 claustra
1459 5509 1687 5562 novelli.

2087 3045 2320 3099 Talibus
2352 3045 2414 3098 in
2439 3045 2609 3099 rebus
2637 3045 2907 3115 quoniam
2938 3045 3048 3098 fuit
3085 3045 3334 3113 impiger
3365 3043 3464 3096 ille

2090 3133 2352 3187 Ecclesia:
2376 3133 2515 3202 jecit
2543 3133 2881 3186 fundamina
2911 3149 3069 3186 more
3100 3133 3304 3202 sagaci.

2089 3223 2355 3292 Dumque
2381 3222 2596 3275 ibidem
2628 3221 2823 3292 coeptis
2854 3225 3133 3291 perstaret
3157 3223 3350 3274 Justus
3383 3219 3445 3272 in
3475 3218 3605 3284 illis,

2087 3310 2432 3363 Mummulus
2457 3309 2686 3364 invidize
2717 3309 2932 3364 facibus
2959 3311 3289 3362 ﬂammatus
3318 3307 3556 3373 acerbis,

2090 3397 2230 3451 Urbs
2261 3397 2582 3451 Ozindinsis
2608 3399 2770 3467 cujus
2797 3397 3072 3467 subjecta,
3108 3397 3284 3449 sedile

2085 3485 2339 3539 Ornabat
2359 3486 2572 3538 celsum
2599 3487 2888 3539 variorum
2919 3485 3182 3554 gramine
3207 3485 3437 3537 ﬂorum.

2089 3573 2402 3642 Indignans
2430 3574 2677 3642 graviter
2710 3573 2980 3626 Sanctum
3012 3573 3350 3642 impetrasse
3379 3572 3662 3626 locellum.

2089 3661 2348 3714 Evomuit
2379 3661 2542 3714 furiis
2575 3667 2912 3731 conceptum
2947 3665 3135 3714 mente
3166 3677 3476 3724 venenum,

2089 3748 2416 3818 Direxitque
2447 3765 2577 3802 suos
2605 3749 2933 3802 stimulante
2963 3749 3156 3804 furore
3183 3749 3480 3802 ministros

2087 3837 2344 3891 Audaces
2385 3837 2592 3890 animis
2621 3842 2791 3906 atque
2823 3837 2998 3890 armis
3024 3837 3271 3906 amplius
3305 3841 3532 3890 auctos:

2091 3925 2177 3978 [lli
2208 3940 2418 3977 acuens
2452 3924 2694 3994 gladios,
2729 3925 2828 3994 qui
2859 3925 3012 3994 pacis
3043 3926 3190 3978 lator
3220 3925 3282 3977 in
3314 3925 3475 3977 omni

2089 4012 2234 4067 Orbe
2263 4011 2388 4075 fuit,
2420 4012 2610 4082 superi
2644 4013 2743 4082 qui
2773 4013 3050 4082 prompsit
3083 4029 3292 4082 pascua
3313 4012 3496 4082 regni.

2087 4101 2266 4168 Hunc,
2297 4099 2525 4154 inimice
2552 4100 2728 4162 ferox,
2763 4117 2863 4154 cur
2889 4103 2988 4154 tali
3016 4102 3214 4155 fraude
3243 4117 3568 4172 repugnans

2088 4189 2473 4258 Persequeris,
2507 4205 2819 4258 carumque
2856 4191 2970 4242 Deo
3003 4189 3297 4242 insectaris
3337 4189 3666 4242 alumnum?

2021 4269 2062 4322 Ι)
2087 4277 2385 4345 Audieras,
2418 4278 2522 4331 tibi
2560 4295 2687 4347 quae
2719 4295 3024 4330 scansnrus
3055 4278 3124 4330 ad
3157 4284 3310 4330 astra
3341 4277 3608 4346 magister

2091 4365 2363 4420 Paciﬁcus
2395 4366 2615 4420 dederit
2644 4367 2935 4418 servandae
2965 4365 3172 4418 foedera
3195 4364 3352 4435 pacis
3377 4380 3390 4416 :

2089 4455 2200 4510 Cur
2226 4454 2435 4524 pignus
2463 4455 2586 4515 hoc,
2621 4455 2757 4508 dum
2793 4453 3085 4506 meditaris
3112 4453 3325 4520 inania,
3357 4451 3602 4504 scindis?

2089 4543 2200 4597 Cur
2229 4547 2281 4596 te
2313 4546 2469 4595 tanta
2497 4547 2652 4595 tenet
2681 4541 2908 4594 sceleris
2941 4543 3213 4594 scelerata
3237 4540 3485 4608 cupido?

2090 4631 2290 4683 Nonne
2323 4629 2528 4682 decens
2555 4629 2742 4682 fuerat
2771 4630 3005 4681 sudores
3033 4633 3256 4696 tergere
3288 4633 3497 4692 tantos,

2087 4721 2165 4771 Ac
2194 4733 2500 4771 commune
2531 4717 2748 4770 bonum
2783 4717 2976 4770 sociali
3004 4733 3208 4770 ornare
3239 4716 3474 4769 labore?

2089 4806 2194 4870 Qui
2219 4805 2427 4859 facient
2454 4805 2572 4870 alii,
2605 4805 2742 4858 dum
2772 4804 3002 4875 quaaris,
3037 4804 3333 4874 Episcope,
3369 4804 3540 4870 bella,

2087 4899 2165 4948 Ac
2186 4894 2441 4947 humana
2469 4899 2634 4946 tuum
2661 4893 2707 4945 si
2739 4909 2852 4946 non
2884 4897 3086 4945 natura
3116 4897 3336 4944 reatum

2091 4981 2452 5052 Comprimit,
2500 4981 2665 5046 ordo,
2697 4980 2928 5050 gradus,
2965 4996 3152 5049 neque
3185 4987 3238 5034 te
3290 4979 3518 5033 dilectio
3557 4975 3745 5031 frenat?

2088 5069 2344 5139 Suspice,
2371 5069 2638 5124 fulminei
2667 5068 2900 5122 venient
2929 5069 2996 5122 de
3022 5068 3272 5121 nubibus
3299 5067 3528 5130 imbres,

2089 5158 2455 5227 Placabitque
2487 5163 2614 5211 tuos
2641 5156 2880 5211 caelestis
2909 5157 3076 5210 turbo
3107 5155 3346 5220 furores,

2089 5246 2386 5314 Angelicas
2415 5246 2583 5312 acies,
2611 5250 2878 5311 armatas,
2912 5244 3270 5309 auxiliantes,

2091 5335 2258 5388 Ferre
2287 5331 2502 5386 videbis
2532 5349 2699 5402 opem
2729 5333 2906 5403 signis
2933 5331 3257 5384 victricibus
3283 5331 3553 5400 amplam.

2093 5422 2260 5474 Ferre
2291 5435 2490 5472 necem
2513 5420 2640 5473 telis
2669 5421 2760 5473 cui
2795 5435 2944 5474 nunc
2975 5419 3260 5472 minitaris
3285 5419 3520 5489 iniquis.

2093 5507 2398 5563 Carniﬁces
2441 5523 2673 5578 quoque
2709 5508 2877 5577 pulso
2905 5508 3170 5577 loquens,
3207 5507 3308 5577 qui
3331 5507 3494 5576 jussa
3515 5503 3734 5560 volebant
