3868 6228
65 310 165 356 aut

64 438 326 500 Patrare,
357 441 415 489 et
446 436 678 489 sceleris
709 436 927 506 pariter
960 436 1243 489 consortia
1272 436 1419 490 ferre
1446 454 1457 489 :

66 525 232 585 Quos
260 524 446 576 aliena
476 540 603 577 reos
633 524 872 577 adduxit
896 524 1092 576 missio
1126 540 1306 588 noxae,

66 614 179 675 Qui
217 613 456 665 callente
485 612 617 665 dolo
648 629 706 665 se
740 612 934 666 fallere
970 629 1133 682 posse
1160 618 1425 682 putantes

72 704 261 765 Illum,
296 702 498 770 plenus
530 706 653 753 erat
684 701 782 770 qui
814 702 944 770 puri
978 702 1231 753 lluminis
1263 701 1489 753 haustu.

73 791 396 859 Fingebam
426 790 568 841 falso
604 790 836 842 fallaces
864 790 1075 842 famine
1108 790 1265 853 falsa,

71 884 333 948 Aptaque
366 894 501 930 rura
530 878 667 930 satis
698 894 755 929 se
786 876 989 930 Sancto
1024 878 1321 930 ostendere
1356 893 1519 946 posse
1549 893 1560 930 :

71 966 128 1018 Si
160 966 469 1019 comitetur
497 981 595 1018 eos
628 981 825 1018 caussa
856 966 1160 1035 studioque
1193 965 1407 1019 tuendi.

75 1053 324 1105 Callidus
361 1058 419 1106 et
447 1068 781 1122 quanquam
815 1053 977 1106 miles
1007 1054 1361 1106 simulaverit
1394 1069 1511 1119 ore,

76 1142 325 1195 Finxerit
353 1146 408 1194 et
440 1146 599 1193 tanto
629 1142 924 1194 mendacia
958 1142 1108 1194 dicta
1142 1142 1464 1211 Prophetas,

72 1230 253 1291 Quem
290 1232 649 1281 monstrante
681 1229 791 1281 Deo
823 1228 903 1280 nil
929 1228 1205 1293 clausum,
1236 1228 1431 1297 nilquo
1462 1226 1672 1281 latebat

77 1318 374 1369 Uccultum
407 1316 588 1380 fibris,
625 1316 703 1368 nil
735 1320 949 1368 tectum
981 1315 1226 1385 pectoris
1257 1316 1453 1369 antris.

77 1406 322 1458 Auribus
350 1405 410 1456 in
438 1406 603 1473 cujus
634 1404 712 1456 sic
743 1420 901 1457 mens
932 1410 996 1456 ut
1028 1404 1224 1473 lingua
1253 1406 1529 1469 sonabat;

82 1494 209 1545 Non
239 1502 429 1545 tamen
460 1493 691 1561 injustis
721 1492 998 1545 scelerum
1029 1492 1309 1545 latoribus
1341 1492 1460 1561 ipse

79 1581 327 1643 Ubstitit,
358 1586 455 1633 aut
483 1580 649 1632 suavis
680 1580 1017 1632 monstravit
1047 1586 1207 1648 terga
1234 1579 1525 1633 ministris.

80 1669 254 1720 Tanta
283 1685 385 1721 nec
418 1669 659 1721 invictos
694 1668 916 1720 animos
944 1667 1190 1719 formido
1222 1683 1526 1736 pererrans

82 1756 348 1823 Dispulit,
374 1764 471 1808 aut
501 1755 762 1808 stabilem
796 1754 966 1824 liquit
992 1756 1310 1807 constantia
1340 1761 1593 1808 mentem
1620 1771 1631 1809 :

80 1844 326 1912 Martyrii
352 1844 572 1913 jugiter
604 1842 880 1912 quoniam
912 1843 1164 1895 fervebat
1194 1860 1409 1895 amore.

84 1934 141 1983 lit
174 1949 502 2002 quanquam
533 1932 755 1985 dederit
784 1948 935 1984 nunc
977 1933 1255 2000 temporis
1287 1933 1443 2001 optio
1475 1939 1670 1987 votum

86 2020 356 2089 Martyris,
392 2020 635 2073 emerito
666 2036 781 2073 non
814 2025 899 2072 est
929 2020 1222 2077 fraudatus
1255 2021 1492 2075 honore.

86 2109 221 2160 Hinc
252 2108 473 2177 superis
506 2108 690 2177 magis
715 2112 799 2160 est
832 2108 1119 2161 laudanda
1152 2109 1411 2177 potentia
1439 2110 1666 2172 Christi,

83 2197 238 2258 Quod
272 2196 428 2249 dedit
459 2196 592 2249 huic
629 2196 880 2265 palmam
914 2196 1093 2265 gratis
1123 2197 1243 2249 sine
1287 2198 1519 2250 vulnere
1554 2197 1772 2251 mortis.

156 2324 206 2370 ti.
236 2319 474 2387 Jamque
507 2318 876 2387 supercilium
904 2318 1117 2371 montis
1147 2319 1241 2388 pia
1271 2319 1497 2373 victima
1520 2320 1698 2374 adivit

88 2409 489 2476 Percussorque
525 2406 698 2471 ferus,
733 2423 836 2460 ceu
868 2408 1161 2476 quondam
1192 2414 1419 2461 sanctus
1445 2409 1619 2475 Isaac,

94 2497 261 2564 [tque
294 2496 549 2563 maligna
578 2512 780 2547 manus
808 2496 1055 2549 nimium
1089 2497 1330 2549 crudelis
1363 2498 1545 2550 Iesum

88 2584 311 2645 Quando
341 2584 538 2637 furore
570 2584 777 2649 calens,
811 2585 881 2637 ad
912 2586 1120 2637 montis
1152 2586 1403 2638 culmina
1432 2591 1640 2639 nostra:

92 2676 381 2724 Auctorem
411 2672 543 2724 vitm
575 2673 854 2740 pertraxit
885 2673 1382 2742 praecipitandum,

90 2759 139 2811 Si
171 2766 295 2812 tunc
324 2776 512 2828 posse,
536 2761 693 2813 velut
721 2760 1093 2814 furibundum
1128 2762 1289 2827 velle,
1323 2762 1628 2816 habuisset.

96 2848 241 2900 Haud
270 2864 426 2901 secus
458 2848 552 2901 hic
580 2849 792 2914 Justus,
829 2865 958 2901 cum
990 2854 1163 2902 staret
1192 2850 1366 2915 mitis,
1404 2855 1466 2904 ut
1499 2866 1700 2919 agnus.

95 2935 388 2989 Subvacuis
418 2936 629 3005 pietate
662 2937 832 3005 lupis,
871 2954 1002 2990 mox
1029 2938 1249 2991 caelitus
1291 2943 1427 2992 atrae

95 3023 338 3077 l‘ollecta:
368 3024 550 3077 nubes
583 3025 776 3077 oculos
806 3026 1060 3078 clausere
1093 3027 1397 3093 malorum,

94 3111 194 3163 Nec
221 3112 461 3181 phmbea
500 3117 654 3181 patet
686 3112 859 3182 digno
892 3114 1025 3165 satis
1057 3114 1258 3167 ordine
1288 3116 1507 3184 lampas
1540 3134 1555 3168 :

96 3198 179 3250 llis
208 3198 445 3251 retrahit
470 3198 643 3267 jubar
670 3204 725 3251 et
754 3199 941 3252 radios
972 3201 1250 3254 convertit
1278 3202 1335 3253 in
1368 3202 1617 3267 umbras,

92 3286 189 3349 Qui
216 3288 383 3340 rutilo
412 3286 661 3356 spoliare
692 3286 923 3340 student
953 3288 1255 3356 splendore
1286 3290 1593 3352 lucernam,

94 3376 288 3429 Lucida
317 3376 631 3444 diffugiunt
663 3375 859 3440 oculis,
883 3392 993 3428 nox
1022 3376 1240 3445 ingruit
1271 3378 1461 3447 ampla
1491 3397 1506 3431 :

89 3464 515 3534 Tempestasque
548 3463 663 3516 ruit
692 3464 993 3517 commisto
1026 3466 1305 3534 grandine
1338 3466 1591 3535 grandis.

92 3553 221 3621 Ergo
256 3553 375 3605 solo
405 3552 569 3604 strati
597 3552 825 3621 culpam
855 3552 1195 3622 justumque
1226 3554 1475 3606 fatentur

93 3637 451 3709 Supplicium,
488 3640 714 3693 veniam
746 3642 999 3710 rogitant
1036 3658 1047 3694 :
1084 3648 1349 3695 curvatur
1379 3644 1618 3697 adorans

95 3729 145 3779 In
171 3734 376 3781 terram
406 3730 621 3795 Justus,
650 3729 878 3798 pietatis
904 3746 1097 3784 amore
1128 3732 1380 3799 repletus
1415 3750 1427 3785 :

95 3818 160 3866 .tc
190 3817 441 3869 membra
474 3817 794 3886 herbigeris
827 3818 1141 3886 prosternit
1166 3820 1225 3871 in
1254 3836 1462 3889 aggere
1494 3820 1703 3890 glebis;

95 3902 190 3955 Nec
218 3904 373 3974 prius
404 3904 625 3957 absistit
656 3904 844 3957 studio
878 3910 1123 3975 votoque
1154 3908 1443 3976 precandi,

96 3989 263 4043 Donec
290 3992 524 4045 aetherei
553 4008 611 4045 se
642 3992 956 4045 submisere
988 3993 1231 4059 furores,

100 4078 415 4133 Nimborum
438 4079 805 4150 tonitrusque
830 4082 1002 4134 etiam
1036 4098 1251 4135 cessere
1283 4083 1557 4153 fragores.

99 4166 342 4237 Dumque
372 4184 573 4221 serena
602 4168 713 4221 illis
738 4186 795 4222 se
829 4170 1072 4223 reddunt
1103 4172 1315 4225 aethera
1351 4172 1647 4239 ministris,

99 4250 327 4305 Noscant
366 4270 542 4323 quam
581 4255 785 4308 merito
825 4256 896 4307 sit
934 4256 1172 4309 Sanctus
1215 4258 1426 4310 honore
1471 4259 1768 4313 verendus.

100 4338 166 4391 Ite
194 4341 427 4395 domum
460 4342 637 4403 missi,
673 4344 999 4413 factumque
1034 4345 1238 4398 referte
1272 4348 1539 4407 Patrono,

100 4427 383 4483 Carnifices
412 4430 555 4483 alios
585 4447 656 4483 ne
685 4437 815 4500 post
838 4448 935 4485 vos
967 4432 1155 4486 mittat
1184 4436 1465 4489 Amando.

154 4556 203 4604 7.
236 4553 277 4606 Ο
308 4553 575 4620 nimium,
604 4554 806 4608 dilecte
837 4557 971 4621 Deo,
1006 4556 1096 4609 cui
1128 4557 1334 4610 militat
1364 4558 1561 4625 aether,

101 4640 251 4708 Cujus
276 4641 332 4694 in
363 4642 571 4695 auxilio
603 4644 845 4695 caelestis
875 4645 1133 4697 machina
1165 4646 1431 4699 frendens

102 4726 233 4781 Bella
262 4736 441 4798 parat,
478 4732 674 4783 lumen
700 4732 957 4797 retrahit,
996 4734 1328 4803 lethumque
1359 4735 1629 4789 minatur.

101 4814 188 4869 Pro
216 4817 371 4871 lituis
403 4819 669 4885 tonitrus,
714 4836 816 4888 pro
856 4820 982 4873 telis
1014 4821 1219 4890 igneus
1252 4823 1453 4891 imber,

101 4904 187 4956 Pro
214 4906 425 4974 parmis
456 4923 729 4977 quassans
760 4907 1167 4962 immurmurat
1195 4911 1406 4964 arduus
1438 4912 1575 4964 axis.

100 4992 221 5052 Quid
252 4995 461 5047 mirum
487 5004 572 5047 est
604 4996 839 5048 servisse
871 4997 983 5049 tuis
1015 4999 1515 5067 terrestriajussis,

100 5079 312 5141 Quando
349 5084 635 5136 elementa
664 5084 832 5136 simul
866 5085 1227 5154 quatiuntur,
1262 5088 1439 5140 fervet
1480 5088 1771 5157 Olympus.

103 5168 218 5221 Cum
251 5171 372 5235 tibi,
408 5172 520 5225 tida
554 5173 667 5224 tuis
698 5188 842 5241 spes,
873 5188 1026 5227 mors
1059 5174 1269 5243 injuste
1298 5182 1549 5245 paratur.

103 5253 151 5308 Et
172 5274 495 5329 quanquam
528 5260 645 5313 sint
675 5276 883 5330 magna
903 5262 1056 5327 satis,
1090 5280 1218 5333 qua:
1248 5264 1488 5333 gesserit
1515 5269 1667 5330 ante,

158 5400 287 5453 aita
340 5402 458 5466 Ms.,
526 5403 729 5455 Elnon.
801 5404 1041 5457 alterum
1108 5405 1275 5458 habet
1327 5408 1662 5466 Rossomtus;
1720 5411 1777 5459 at

107 5469 406 5547 Ressonlum,
445 5489 548 5525 seu
592 5475 901 5539 Ressonum,
942 5476 1183 5543 posteris
1234 5476 1345 5529 dici
1390 5493 1561 5545 supra
1606 5482 1774 5530 nota—

107 5553 277 5593 VlmllS.

1272 308 1361 361 DE
1405 308 1561 360 VITA
1594 310 1650 360 S.
1694 307 1982 362 AMANDI.
2010 308 2227 361 —LlB.
2274 309 2359 361 ιν.

3479 315 3581 365 962

1813 441 1858 491 Α
1886 439 2019 491 Plus
2054 443 2243 490 tamen
2285 438 2391 491 ista
2436 437 2637 503 nitent,
2672 454 2800 508 quae
2849 439 2974 491 coeli
3005 456 3071 491 ex
3116 454 3243 492 arce
3277 440 3578 511 refulgent.

1890 527 2131 579 Pulcher
2157 526 2391 595 ubique,
2426 528 2573 595 polo,
2604 533 2775 591 terra,
2808 532 3100 596 pontoque
3131 543 3454 593 coruscans,

1890 614 2124 683 Respice
2155 614 2392 667 dill‘usos
2412 614 2651 682 jamjam
2682 615 2999 667 miserando
3030 615 3255 681 tideles;

1890 704 2103 773 Hisque
2128 703 2330 771 jugem
2366 702 2629 771 precibus
2660 702 2831 754 sacris
2861 703 3099 771 deposce
3132 705 3399 768 salutem;

1887 790 2181 851 Quatenus
2209 789 2447 842 invictas
2472 789 2779 842 retinentes
2809 796 3032 858 pectore
3062 790 3226 852 vires,

1892 877 2002 929 Nec
2046 878 2198 929 mala
2246 892 2350 930 nos
2396 876 2683 945 frangant,
2738 893 2842 929 nec
2876 884 3125 931 mentem
3174 895 3444 949 prospera
3490 896 3581 933 ra-

3378 966 3578 1037 [ptent

2554 1072 2777 1125 CAPUT
2820 1072 2917 1124 IlI.

1888 1176 2133 1230 Caacitate
2162 1179 2211 1227 et
2240 1175 2491 1243 paralysi
2529 1177 2733 1242 puniti,
2772 1180 3043 1227 sanantur
3080 1190 3176 1244 0pc
3215 1178 3271 1230 S.
3316 1177 3575 1230 Amandi.

1960 1302 2011 1353 8.
2050 1301 2233 1352 lnstar
2264 1300 2391 1366 iter,
2416 1299 2773 1369 jamjamque
2807 1300 3107 1369 sequentia
3132 1306 3471 1371 retorquent

1887 1389 2165 1441 Carminis
2194 1403 2515 1455 excursum,
2541 1389 2763 1439 canitur
2798 1404 2888 1440 res
2922 1388 3096 1456 digna
3129 1389 3333 1442 relatu.

1895 1476 2099 1529 Mentio
2130 1492 2377 1544 namque
2410 1476 2516 1527 viri
2542 1477 2881 1529 venerandis
2915 1477 3175 1529 laudibus
3206 1483 3339 1546 apta
3370 1483 3476 1544 est,

1890 1567 2145 1632 Namque
2176 1565 2549 1631 Evangelium
2584 1565 2793 1633 populo
2825 1565 2960 1616 dum
2994 1565 3264 1632 praedicat
3294 1567 3472 1630 omni,

1889 1652 2119 1704 Nescius
2150 1652 2378 1721 inccrpti
2412 1668 2606 1704 curam
2637 1653 2823 1703 laxare
2856 1652 3084 1717 laboris,

1819 1729 1861 1782 Β
1894 1742 2259 1809 Lassatosque
2293 1746 2447 1792 artus
2490 1740 2709 1792 modica
2744 1756 3005 1808 reparare
3037 1743 3250 1809 quiete,

1888 1830 2243 1881 Perlustrans
2275 1828 2406 1897 pagi
2430 1827 2677 1880 confinia
2706 1826 3154 1893 Bcllovacensis;

1885 1926 1909 1949 α
1936 1918 2250 1969 Rossontus
2282 1918 2439 1968 locus
2468 1922 2571 1981 est,
2604 1933 2716 1985 quo
2750 1916 2987 1969 Sanctus
3017 1917 3168 1969 venit
3202 1917 3439 1970 anhelus

1885 2006 2005 2067 Qua
2039 2004 2294 2057 modicus
2321 2005 2461 2073 ripis
2496 2004 2699 2067 refluit,
2734 2005 2833 2057 sed
2863 2020 3081 2057 massus
3113 2006 3317 2073 opimis
3347 2009 3371 2048 b

1888 2094 2066 2146 Ubere
2094 2093 2367 2146 frumenti
2394 2092 2607 2161 cepiosi
2641 2098 2697 2145 et
2728 2108 2966 2145 munere
2994 2094 3194 2145 Bacchi
3229 2110 3241 2146 :

1885 2184 1991 2233 Nec
2021 2183 2217 2249 procul
2251 2198 2281 2233 a
2312 2186 2515 2244 tractu,
2560 2195 2732 2248 quem
2761 2196 2959 2232 cursus
2999 2182 3245 2249 complet
3275 2194 3294 2215 ε
3331 2183 3579 2236 Oronuze

1888 2269 1985 2321 Hic
2016 2270 2201 2322 fuerat
2231 2269 2437 2321 mulier
2466 2268 2710 2337 geminis
2740 2268 2971 2321 viduata
2993 2269 3237 2321 lucernis
3270 2286 3281 2322 :

1888 2358 2091 2410 Fronte
2124 2357 2472 2409 subobscure
2502 2356 2683 2408 noctis
2714 2356 3003 2409 simulatio
3031 2372 3178 2419 vera,

1884 2446 2055 2514 Cujus
2085 2461 2292 2513 nempe
2326 2445 2560 2496 modum
2595 2444 2730 2497 dum
2755 2445 2945 2496 Justus
2974 2444 3236 2497 cominus
3267 2444 3483 2499 instans

1884 2535 2197 2600 Scrutatur,
2228 2534 2428 2586 didicit
2459 2548 2654 2585 causas
2684 2538 3026 2601 tempusque
3058 2538 3277 2601 negata:

1885 2622 2075 2683 Ducis,
2107 2627 2163 2673 et
2192 2620 2447 2689 auguriis
2475 2622 2658 2688 justas
2689 2619 2959 2689 quaesisse
2991 2620 3274 2683 tenebras,

1886 2709 2273 2763 Frondicomm
2307 2711 2435 2762 Dea:
2466 2725 2523 2761 se
2556 2708 2869 2760 deseruisse
2899 2723 3219 2761 renarrans.

1884 2798 2047 2852 Ducit
2076 2813 2199 2851 eam
2227 2797 2426 2867 rigidis
2455 2812 2746 2849 ramorum
2782 2795 3017 2848 flexibus
3053 2796 3243 2863 arbor,

1883 2887 2005 2950 Quo
2036 2892 2204 2956 caput
2234 2886 2514 2939 extulerat
2547 2900 2809 2953 perversa
2839 2883 3001 2953 fruge
3033 2885 3249 2937 colonis

1885 2975 2059 3029 Noxia
2088 2974 2416 3028 lethiferum
2449 2974 2690 3044 gignens
2721 2973 2907 3027 radice
2939 2988 3240 3035 venenum,

1884 3064 2114 3117 Rustica
2139 3063 2298 3133 plebs
2328 3060 2514 3131 prisco
2537 3078 2710 3132 quam
2740 3066 3167 3115 consecraverat
3194 3060 3357 3114 hosti.

1884 3152 2053 3205 Fudit
2082 3157 2139 3205 et
2177 3156 2240 3204 ut
2272 3152 2478 3203 mulier
2510 3153 2783 3221 plangens
2827 3151 3258 3220 lacrymansque
3294 3149 3575 3219 querelas,

1884 3240 2151 3294 Reddidit
2176 3240 2264 3292 his
2294 3240 2532 3293 Sanctus
2562 3240 2857 3292 miseranti
2888 3244 3113 3307 pectore
3137 3255 3298 3292 voces
3332 3254 3342 3292 :

1886 3330 2007 3383 Non
2039 3328 2302 3381 miranda
2328 3328 2523 3391 refers,
2558 3327 2766 3379 mulier
2795 3331 3000 3379 caecata
3034 3332 3194 3380 reatu

1882 3415 2023 3469 Cum
2050 3415 2282 3483 proprio
2319 3414 2540 3484 plangis
2573 3413 2902 3467 discrimina
2923 3413 3161 3466 crimine
3193 3420 3363 3466 creta.

1882 3504 2079 3573 Magna
2108 3503 2207 3556 sed
2240 3502 2491 3555 admiror
2521 3517 2697 3571 quam
2719 3502 2789 3553 sit
2810 3502 3113 3554 clementia
3136 3501 3363 3565 Christi,

1882 3590 2051 3657 Cujus
2080 3591 2239 3660 larga
2271 3590 2440 3642 nimis
2470 3595 2523 3642 te
2548 3590 2670 3657 jam
2699 3587 2975 3657 patientia
3004 3592 3212 3657 portat,

1883 3678 2055 3748 Cujus
2087 3677 2157 3730 ad
2186 3678 2462 3730 offensam
2494 3675 2724 3745 proprio
2756 3677 3101 3728 famulabilis
3134 3676 3283 3729 hosti

1884 3767 2197 3820 Emeritum
2226 3766 2433 3818 retines
2464 3765 3092 3833 damnumjustumque
3122 3764 3421 3834 pudorem.

1884 3860 1951 3910 At
1980 3856 2085 3909 tibi
2116 3855 2161 3907 si
2193 3859 2452 3923 superest
2480 3854 2700 3905 amissae
2733 3868 2867 3905 cura
2898 3852 3095 3904 salutis

1882 3947 2190 3997 Assensum
2224 3943 2562 4011 nostrisjam
2592 3947 2728 3993 tunc
2750 3941 3000 4009 praebere
3028 3940 3290 4011 loquelis.

1883 4034 2066 4103 Ocyus
2098 4033 2363 4086 audacter
2396 4033 2508 4084 Dea
2537 4046 2652 4101 quo
2684 4034 2795 4083 stat
2824 4029 3113 4098 pestifera,
3145 4030 3247 4091 ito,

1887 4122 1996 4191 Spe
2043 4121 2229 4174 stabili
2272 4120 2546 4173 confirma
2586 4118 2864 4181 animum,
2903 4118 3276 4187 dextramque
3318 4117 3576 4187 bipenni,

1882 4209 2064 4264 Arbor
2095 4216 2157 4262 ut
2188 4209 2255 4261 ad
2291 4208 2606 4277 terrasjam
2639 4212 2871 4277 proruat
2900 4212 3025 4259 acta
3052 4207 3255 4272 securi,

1814 4313 1857 4365 Β
1883 4298 2062 4361 Quam
2095 4298 2381 4350 veneraris
2413 4315 2428 4349 :
2466 4296 2621 4349 enim
2652 4296 2818 4349 citius
2850 4296 3122 4365 promitto
3149 4296 3411 4349 futurum

1886 4387 2126 4441 Credula
2156 4386 2201 4438 si
2232 4386 2429 4452 fueris,
2462 4386 2649 4439 felicia
2677 4391 2805 4438 vota
2837 4390 3152 4455 reportans,

1886 4474 2048 4537 Quod
2079 4474 2267 4544 capies
2296 4473 2537 4527 celerem
2584 4473 2977 4526 membrorum
3016 4472 3337 4540 animasque
3384 4471 3579 4524 mede-

3420 4559 3578 4626 [lam,

1890 4651 2002 4704 Nec
2032 4666 2192 4703 mora
2217 4650 2356 4703 dum
2389 4651 2654 4717 properat
2680 4646 2906 4711 mulier,
2935 4645 3177 4697 ducente
3209 4644 3419 4713 puella,

1884 4738 2197 4791 Arboream
2228 4742 2490 4789 truncare
2524 4736 2716 4796 Deam,
2749 4732 3133 4800 frondensque
3160 4747 3431 4785 cacumen

1886 4825 2203 4894 Relligione
2232 4838 2427 4876 carens
2449 4820 2726 4873 succisum
2751 4818 2972 4872 tradere
3000 4818 3274 4885 ﬂammis;

1883 4912 2236 4982 Pcrspiciens
2261 4910 2495 4963 Sanctus
2526 4906 2659 4959 fidei
2691 4905 3010 4959 venerabile
3041 4906 3239 4958 lumen

1886 4999 2126 5052 Interius
2156 4999 2391 5066 fulgere,
2425 4994 2602 5048 crucis
2624 4994 2963 5047 celebrabile
2994 4994 3224 5063 signum

1885 5089 1947 5140 In
1980 5086 2180 5139 frontis
2212 5086 2398 5138 medio
2425 5083 2653 5153 gemina
2679 5083 2828 5136 inter
2860 5086 3119 5151 tempora
3146 5082 3401 5150 sculpsit,

1886 5177 2009 5228 Mox
2041 5189 2266 5244 quoque
2298 5173 2634 5240 conspicuus
2669 5173 2889 5224 delatus
2919 5172 3139 5223 caelitus
3171 5171 3319 5241 ignis

1882 5262 2200 5331 Splenduit,
2236 5265 2292 5314 et
2316 5261 2519 5313 clausm
2549 5264 2787 5328 patuere
2816 5259 2873 5311 in
2901 5259 3085 5312 fronte
3118 5260 3397 5312 fenestrae.

1954 5402 2238 5473 bMargini
2280 5403 2511 5456 alterius
2550 5403 2671 5468 Ms,
2726 5403 3075 5472 adscriptum
3125 5409 3264 5469 erat,
3305 5406 3574 5472 ﬂuviolus.

1954 5482 1972 5506 ε
2003 5474 2142 5540 Imo,
2173 5475 2427 5539 Arondaz,
2464 5478 2525 5526 ut
2555 5490 2731 5543 supra
2759 5475 3115 5528 adnotatum.
