3868 6228
288 294 389 344 963
1518 285 1800 341 MILONIS
1841 284 2156 341 MONACHI
2196 284 2256 340 S.
2306 287 2580 341 AMANDI
3699 288 3788 339 963

292 422 383 477 Sic
409 420 731 476 veneranda
759 434 961 472 manus
981 416 1155 486 jubar
1184 415 1374 479 infert,
1398 418 1569 485 atque
1594 416 1871 486 relinquit

297 513 411 564 Nox
445 510 666 573 oculos,
700 508 970 576 exsulque
1003 506 1124 559 dies
1154 504 1440 557 illuminat
1470 504 1657 571 orbes,

293 601 370 651 Ac
395 596 598 651 mediis
627 594 875 648 tenebris
906 608 1113 647 aurora
1143 594 1474 662 crepuscula
1503 592 1769 658 fundens,

296 687 527 739 Miratur
558 683 745 737 radios
766 683 924 736 frons
950 683 1237 736 illustrata
1267 698 1515 747 serenos,

294 774 473 837 Quam
517 777 709 825 tamen
747 771 1084 824 instructam
1115 775 1333 823 veteres
1363 774 1730 823 contemnere
1758 769 1980 839 culpas;

292 860 468 914 Noxia
499 860 626 930 quis
656 859 876 930 pridem
904 862 1205 912 creverunt
1234 858 1472 911 vulnera
1502 857 1561 910 in
1589 858 1704 923 illa,

292 949 644 1003 Incolumem
672 948 955 1018 linquens,
988 946 1240 1016 reliquos
1268 946 1492 999 visurus
1519 945 1754 1010 amicos,

295 1038 521 1091 Dimisit
549 1038 808 1101 Sanctus,
842 1036 987 1090 tanti
1014 1035 1253 1105 largitor
1282 1034 1537 1089 honoris.

362 1183 413 1235 9.
445 1178 711 1233 Historiae
738 1178 1038 1231 manifesta
1069 1176 1230 1242 ﬁdes,
1266 1176 1361 1229 sed
1392 1174 1662 1245 mysticus
1691 1175 1774 1229 illi

292 1269 614 1322 Intellectus
636 1267 783 1321 inest
802 1266 958 1320 silvis
988 1266 1283 1319 umbratus
1315 1264 1524 1334 opacis,

294 1358 472 1421 Quem
502 1356 732 1410 tentabo
764 1356 1004 1425 loquens
1033 1353 1237 1407 festino
1273 1368 1523 1422 pangere
1555 1368 1721 1405 versu
1757 1368 1770 1406 :

294 1447 363 1500 Ut
391 1459 663 1499 resonans
695 1443 930 1512 antiqua
961 1458 1108 1495 novo
1140 1440 1483 1511 symphonia
1510 1440 1647 1493 ﬂatu

290 1534 531 1603 Impleat
562 1535 785 1584 arentes
816 1546 1023 1600 supero
1054 1529 1366 1598 spiramine
1399 1544 1611 1582 versus.

290 1620 474 1673 Arbor
499 1618 681 1690 prisca
708 1617 835 1683 fuit,
866 1633 980 1687 qua
1010 1617 1182 1669 vitam
1215 1615 1463 1685 perdidit
1494 1616 1624 1681 Eva,

294 1710 514 1763 Nomen
541 1707 757 1761 habens
787 1707 937 1769 vitae,
962 1706 1009 1758 si
1031 1705 1213 1773 culpis
1245 1703 1628 1757 abstinuisset.

292 1797 401 1848 Pro
427 1793 614 1848 dolor!
645 1792 899 1863 anguino
929 1792 1173 1846 nimium
1200 1793 1436 1861 decepta
1467 1808 1634 1845 suasu

293 1885 359 1936 In
387 1883 606 1936 lethum
637 1883 796 1951 lapsa
826 1886 931 1943 est,
960 1880 1199 1933 vetitum
1233 1881 1370 1934 dum
1398 1881 1646 1949 sumpsit
1675 1880 1986 1947 edendum,

292 1971 376 2027 Ad
408 1976 623 2025 certum
655 1986 758 2040 per
792 1971 946 2023 lucra
983 1984 1156 2023 ruens
1182 1970 1327 2022 male
1358 1967 1587 2021 credula
1619 1968 1916 2022 damnum.

293 2060 402 2114 Sed
433 2059 615 2113 crucis
648 2060 707 2111 in
738 2059 896 2128 ligno
922 2057 1039 2110 vita
1068 2057 1368 2120 moriente,
1398 2055 1539 2125 piati

293 2148 435 2202 Sunt
463 2148 742 2202 scelerum
773 2146 979 2211 morbi,
1016 2149 1071 2199 et
1100 2145 1259 2198 vetiti
1288 2143 1669 2214 transgressio
1702 2144 1881 2215 pomi.

292 2236 509 2306 Aspicis
541 2236 835 2305 antiquam
866 2232 1137 2304 praesenti
1169 2234 1227 2286 in
1254 2232 1445 2302 stipite
1476 2232 1743 2297 formam,

291 2324 559 2395 Auguriis
591 2324 796 2377 mulier
834 2322 925 2375 cui
954 2323 1088 2375 dum
1114 2321 1424 2374 famulatur
1456 2320 1691 2389 ineptis,

293 2414 443 2468 Scire
472 2413 667 2466 futura
696 2412 912 2477 volens,
940 2416 997 2463 et
1021 2411 1139 2480 jam
1167 2408 1473 2478 praesentia
1494 2407 1703 2477 perdit,

292 2504 370 2554 Ac
402 2499 635 2554 meritas
664 2504 870 2552 caecata
900 2500 1051 2566 capit
1084 2515 1189 2568 pro
1218 2499 1341 2551 luce
1374 2498 1662 2551 tenebras.

294 2589 402 2643 Sed
436 2589 671 2642 Sanctus
707 2586 939 2640 veniens
966 2603 1188 2640 errores
1211 2586 1446 2655 dispulit
1471 2591 1645 2651 atros,

292 2675 520 2731 Arboris
546 2680 600 2729 et
632 2675 824 2729 docuit
852 2675 1029 2727 ﬂexus
1060 2674 1349 2727 succidere
1380 2674 1550 2741 ferro,

298 2765 374 2817 De
407 2780 521 2833 quo
556 2763 894 2832 magniﬁcus
929 2762 1133 2815 cecinit
1156 2762 1404 2831 Baptista
1430 2762 1694 2825 Joannes,

292 2850 531 2904 Arboris
562 2849 830 2904 eximiam
864 2849 1040 2903 radici
1072 2850 1285 2903 instare
1318 2849 1563 2903 securim

292 2939 555 3008 Fulgenti
583 2954 792 2993 nocuos
825 2954 954 3008 quae
984 2943 1211 2991 truncat
1244 2938 1508 2991 acumine
1542 2953 1758 3003 succos,

293 3028 359 3080 Et
389 3031 620 3096 reparat
649 3028 889 3080 celerem
922 3026 1017 3095 pia
1041 3042 1143 3095 per
1162 3027 1399 3095 collyria
1426 3026 1629 3091 visum,

294 3116 566 3186 Unguifer
608 3120 663 3168 et
694 3114 949 3168 medicus
981 3114 1060 3167 sic
1090 3114 1311 3168 lumina
1340 3114 1532 3168 reddit
1558 3113 1875 3167 Amandus.

367 3238 450 3290 10.
510 3238 736 3306 Hocque
794 3236 948 3306 quod
976 3236 1365 3303 laccumulans
1411 3236 1647 3289 laudum
1698 3236 1986 3307 praeconia

295 3324 604 3395 Magniﬁcis
660 3324 833 3393 gestis
881 3323 1205 3393 complevit,
1256 3323 1365 3377 rite
1422 3340 1713 3378 canamus.
1758 3324 1983 3397 [Justus,

293 3414 353 3466 In
386 3430 558 3483 grege
592 3412 894 3482 multiplici
920 3412 1149 3467 Domini
1179 3429 1351 3482 quem
1378 3412 1508 3466 fecit
1533 3413 1800 3467 alumnus

294 3501 520 3555 Divium
552 3505 781 3570 portare
808 3501 1034 3570 jugum,
1070 3500 1280 3554 servire
1308 3501 1574 3568 Tonanti,

293 3590 448 3643 Unus
479 3595 598 3642 erat
624 3589 857 3659 reliquis
888 3590 1157 3659 praelatus
1186 3590 1403 3643 honore
1435 3590 1695 3656 catervis,
1725 3650 1731 3656 _

294 3677 364 3731 Ut
392 3678 599 3731 victum
632 3678 799 3731 sociis
830 3682 885 3731 et
913 3693 1169 3747 congrua
1197 3683 1400 3732 cuncta
1430 3683 1658 3749 pararet
1686 3695 1698 3731 :

292 3765 398 3829 Qui
432 3766 569 3820 dum
602 3771 793 3820 monte
829 3770 1057 3820 tumens
1084 3766 1257 3835 jussis
1286 3783 1488 3837 parere
1521 3766 1780 3837 magistri

291 3854 535 3923 Despicit
568 3860 625 3907 et
654 3855 850 3908 vinum
882 3855 1149 3925 plaustris
1179 3856 1539 3925 portantibus
1571 3861 1737 3909 utens

287 3942 373 3996 Ad
406 3944 625 3996 Fratres
656 3942 875 3996 deferre
907 3959 1038 3996 suos
1068 3943 1389 4014 Sancteque
1422 3960 1652 4014 negare,

288 4031 449 4094 Quod
481 4031 709 4085 sibimet
740 4031 1001 4085 deessent
1031 4033 1273 4101 quaesita
1304 4032 1577 4096 vehicula,
1614 4032 1823 4103 pergit,

291 4118 575 4172 Sternitur
593 4118 787 4171 infelix
821 4119 995 4172 subiti
1026 4119 1354 4174 discrimine
1388 4121 1596 4188 morbi,

290 4208 356 4259 Et
385 4207 504 4259 fera
534 4206 809 4276 paralysis
838 4212 1062 4260 vastans
1096 4208 1402 4262 crudeliter
1427 4214 1582 4262 artus

291 4294 554 4363 Occupat,
590 4298 647 4347 et
674 4293 811 4347 laxis
841 4293 899 4347 in
934 4296 1208 4348 membris
1240 4302 1445 4365 regnat
1477 4297 1753 4367 habenis;

290 4383 559 4453 Elataque
592 4382 764 4435 nimis
791 4388 1047 4453 sumptos
1077 4384 1293 4436 cervice
1323 4384 1540 4453 rigores

289 4470 471 4541 Ocyus
499 4470 789 4525 excutiens
818 4471 1009 4524 herbis
1040 4470 1403 4525 ﬂaccentibus
1438 4477 1628 4542 aequat
1664 4488 1676 4525 :

299 4561 377 4612 Ac
396 4558 670 4613 miserum
703 4576 907 4629 corpus
938 4559 1131 4612 lethali
1159 4559 1316 4613 clade
1343 4565 1646 4629 gravatum

288 4648 467 4702 Pestis
497 4648 699 4701 acerba
726 4647 860 4701 feris
882 4646 1109 4717 stringit
1134 4647 1268 4700 hinc
1297 4647 1431 4701 inde
1463 4647 1698 4715 catenis,

288 4736 587 4806 Sanguinis
610 4735 846 4789 arebant
876 4736 1082 4789 siccato
1106 4735 1347 4788 ﬂumine
1375 4751 1557 4800 venae,

288 4824 582 4895 Languida
613 4828 668 4877 et
699 4824 949 4877 attractis
985 4823 1313 4877 marcebant
1344 4823 1576 4877 brachia
1605 4823 1827 4891 nervis;

284 4914 362 4966 Ac
388 4917 619 4966 tenuem
656 4912 854 4966 ﬂatum
882 4913 950 4966 de
982 4928 1118 4965 nare
1143 4912 1501 4982 frequentius
1534 4912 1755 4979 efﬂans,

287 5000 579 5072 Singultus
607 5002 843 5055 miseros
865 5006 1056 5055 mutus
1084 5016 1346 5055 sermone
1363 5002 1625 5056 iterabat.

286 5092 408 5145 Jam
441 5106 669 5162 quoque
701 5090 1078 5160 progrediens
1105 5090 1312 5144 animae
1336 5091 1488 5144 calor
1512 5090 1655 5144 ostia
1678 5090 1807 5145 vitae

287 5179 586 5233 Transibat
610 5198 625 5245 ;
654 5180 754 5232 sed
780 5178 969 5233 adhuc
1001 5179 1258 5232 medicus
1286 5178 1512 5233 vivebat
1540 5179 1853 5248 Amandus,

292 5265 463 5334 Cujus
485 5270 605 5317 erat
633 5264 853 5318 meritis
883 5281 1035 5336 aegro
1066 5265 1373 5319 tribuenda
1403 5266 1643 5321 medela.

293 5353 347 5404 Is
377 5352 721 5406 monasterio
755 5354 1012 5407 Fratrum
1045 5353 1359 5407 famulante
1379 5355 1629 5409 cohorte.

365 5531 388 5557 ⁸
421 5525 545 5589 Ms.,
568 5523 767 5578 Elnon.
794 5525 991 5592 pudor.

2013 419 2057 470 A
2088 415 2325 484 Navigio
2358 416 2632 469 deductus
2659 419 2799 481 erat,
2832 430 2964 469 cum
2980 415 3089 469 rite
3117 417 3363 486 peractis

2093 504 2322 570 Ofﬁciis,
2358 505 2569 558 mensis
2590 504 2864 558 resideret
2890 503 3149 571 Sanctus,
3182 505 3420 559 edendis

2093 593 2358 646 Esuriens
2392 593 2595 663 epulis,
2633 594 2894 662 dapibus,
2920 594 3015 647 sed
3047 600 3243 663 pastus
3266 595 3505 664 olympi.

2097 682 2478 752 Discipulique
2506 684 2671 736 Pater
2700 698 2939 736 noscens
2971 682 3295 737 miserabile
3329 684 3563 747 vulnus,

2098 772 2321 824 Leniter
2355 771 2613 825 arridens
2648 771 2944 825 miseranti
2974 776 3203 841 pectore
3229 772 3382 825 fatur
3416 788 3431 824 :

2092 860 2294 930 Magna
2317 859 2553 929 quidem
2587 861 2824 930 patitur,
2856 860 2953 914 sed
2986 859 3170 914 adhuc
3190 860 3416 931 potiora
3449 864 3724 926 meretur,

2094 949 2255 1002 Hunc
2287 950 2559 1018 quoniam
2592 948 2758 1001 nobis
2780 948 3054 1017 jactantia
3071 964 3217 1002 vana
3237 948 3513 1002 rebellem

2094 1038 2584 1108 Contemptusque
2614 1038 2766 1103 facit,
2801 1038 3047 1092 nimium
3080 1039 3209 1109 quis
3240 1039 3470 1093 deditus
3504 1044 3675 1093 extat.

2092 1126 2244 1180 Dixit
2270 1132 2327 1181 et
2355 1128 2598 1181 electum
2631 1128 2889 1181 Fratrum
2921 1128 2988 1181 de
3019 1127 3185 1197 plebe
3215 1128 3467 1198 benigna

2094 1216 2516 1285 Presbyterum,
2551 1220 2757 1284 optatae
2792 1216 3057 1285 gerulum
3081 1216 3247 1285 jubet
3274 1232 3397 1270 esse
3428 1216 3689 1281 medelas,

2095 1306 2259 1358 Parte
2289 1305 2419 1359 data
2450 1305 2635 1374 panis,
2669 1304 2856 1358 calicis
2877 1320 3107 1375 quoque
3136 1305 3341 1374 pocula
3372 1306 3509 1372 lati,

2095 1393 2266 1457 Vade,
2304 1393 2403 1459 ait,
2437 1397 2491 1445 et
2524 1394 2803 1447 monacho
2835 1393 2919 1447 fer
2951 1395 3071 1447 haec
3102 1394 3373 1447 mandata
3396 1393 3632 1463 jacenti,

2098 1481 2333 1536 Ilauriat
2370 1485 2431 1534 ut
2462 1481 2695 1535 calicem
2726 1498 2854 1534 cum
2889 1481 3049 1535 missi
3083 1481 3365 1551 fragmine
3396 1482 3578 1552 panis,

2098 1568 2354 1623 Crastina
2382 1585 2627 1639 cumque
2658 1568 2778 1623 dies
2806 1575 3114 1623 nocturnas
3144 1569 3414 1638 sparserit
3444 1569 3692 1633 umbras,

2099 1658 2163 1709 Et
2187 1657 2265 1709 sol
2289 1656 2709 1709 ﬂammicomus
2738 1672 2883 1725 puro
2916 1656 3235 1710 rutilaverit
3265 1661 3421 1721 ortu,

2028 1714 2067 1766 Β
2098 1746 2446 1815 Visurusque
2481 1744 2647 1798 illum
2679 1745 2845 1799 celeri
2881 1760 3257 1815 properavero
3280 1760 3508 1814 gressu;

2101 1834 2376 1887 Excussus
2406 1834 2656 1903 propriis
2686 1834 2853 1903 pulso
2888 1834 3166 1901 languore
3200 1833 3474 1901 grabatis,

2100 1922 2406 1975 Incolumis
2438 1927 2635 1991 surgat
2664 1922 2938 1988 solidatis,
2974 1921 3218 1991 impero,
3254 1922 3463 1986 nervis,

2099 2009 2309 2063 Obvius
2340 2026 2402 2062 ac
2441 2025 2579 2062 sano
2610 2009 2879 2079 procedat
2907 2025 3144 2078 corpore
3179 2008 3365 2062 nobis.

2097 2097 2241 2161 Quid
2275 2113 2542 2151 sermone
2572 2113 2783 2161 moror,
2816 2113 2947 2150 cum
2976 2113 3089 2150 non
3112 2097 3398 2150 medicina
3431 2098 3712 2152 moretur?

2098 2186 2263 2240 Missa
2295 2186 2506 2239 etenim
2540 2186 2819 2240 monacho
2852 2185 3034 2239 Patris
3063 2185 3381 2239 benedictio
3411 2186 3579 2239 vitam

2100 2274 2385 2334 Reddidit.
2419 2279 2475 2329 et
2505 2274 2652 2328 vires
2683 2274 2903 2328 medico
2935 2273 3242 2328 mandante
3273 2275 3500 2343 recepit.

2100 2362 2241 2416 Hinc
2271 2363 2419 2416 celer
2449 2363 2631 2417 exiliit
2655 2379 2879 2415 summo
2909 2363 3206 2416 conamine
3239 2362 3430 2432 (tellus

2097 2453 2219 2505 Jam
2250 2467 2430 2521 prope
2462 2451 2674 2518 functa,
2710 2451 2827 2504 suis
2859 2451 3017 2504 enisa
3045 2451 3267 2505 adstare
3300 2450 3599 2519 columnis)

2101 2540 2211 2592 Nec
2237 2544 2531 2593 cunctatus
2560 2538 2671 2592 iter
2696 2540 2921 2609 jussum
2952 2554 3263 2609 properare
3292 2539 3497 2604 viator,

2101 2627 2455 2681 Adventante
2486 2627 2605 2680 viro
2637 2628 2948 2697 procedens
2977 2627 3176 2679 obvius
3198 2628 3349 2680 almo

2099 2715 2357 2769 Occurrit
2394 2732 2585 2782 sanus,
2620 2720 2924 2786 gratesque
2952 2715 3215 2785 rependit
3244 2714 3465 2785 opimas
3496 2730 3507 2768 :

2100 2804 2445 2875 Linguaque
2466 2820 2735 2873 percussa
2765 2804 2903 2857 dum
2934 2803 3146 2857 format
3176 2804 3346 2857 verba
3367 2804 3574 2873 palato,

2098 2893 2357 2945 Insonuit
2384 2908 2571 2945 sermo
2605 2892 2755 2944 claro
2790 2891 2860 2944 de
2890 2891 3051 2944 fauce
3084 2891 3396 2961 loquentis,

2026 3003 2066 3055 ρ
2099 2979 2421 3034 Surrexisse
2448 2980 2656 3034 dehinc
2685 2979 2797 3033 vita
2826 2984 3119 3033 remeante
3142 2979 3400 3033 cadaver.

2094 3068 2402 3122 Admirans
2435 3068 2695 3121 Fratrum
2727 3067 2932 3121 cecinit
2957 3083 3088 3121 cum
3118 3068 3288 3122 laude
3318 3072 3559 3121 caterva.

2094 3156 2203 3220 Qui
2232 3160 2423 3211 tamen
2455 3156 2780 3209 admonitus
2811 3171 2997 3209 mores
3029 3162 3253 3209 mutare
3286 3162 3579 3226 protervos

2097 3244 2305 3314 Sospes
2339 3260 2469 3298 cum
2500 3243 2666 3297 venia
2696 3243 2863 3297 sociis
2896 3244 3240 3297 mirantibus
3269 3244 3391 3309 ivit,

2096 3333 2341 3387 Materiae
2367 3334 2525 3387 locus
2553 3336 2637 3386 est
2660 3332 3007 3402 triplicatum
3032 3338 3224 3386 texere
3249 3332 3471 3401 funem,

2095 3421 2310 3491 Pagina
2342 3421 2437 3474 sed
2472 3422 2653 3474 multo
2674 3436 2841 3474 versu
2871 3421 3153 3489 completa
3185 3420 3489 3474 redundat.

2095 3510 2205 3562 Nec
2234 3508 2387 3579 capit
2416 3508 2653 3561 ulterius
2683 3508 2872 3561 ﬁnalis
2903 3509 3158 3562 clausula
3186 3508 3340 3573 libri,

2094 3596 2359 3651 Pluribus
2392 3601 2450 3650 et
2474 3613 2806 3667 quanquam
2835 3596 3181 3651 studuissem
3212 3612 3466 3666 pangere
3497 3596 3675 3650 verbis

2096 3686 2262 3739 Gesta
2291 3684 2417 3749 viri,
2452 3684 2700 3754 quivisse
2721 3690 2917 3739 tamen
2944 3701 3063 3738 non
3084 3690 3285 3738 cuncta
3308 3691 3512 3739 notare

2096 3772 2382 3828 Conﬁteor
2416 3789 2429 3825 :
2460 3788 2563 3826 nec
2593 3772 2750 3826 enim
2776 3777 2895 3826 tam
2926 3788 3100 3842 parva
3132 3772 3374 3843 peregit,
3407 3776 3473 3826 ut
3495 3772 3623 3826 ullis

2096 3862 2292 3915 Dicere
2326 3860 2603 3914 sufﬁciam
2636 3861 2859 3931 scriptis
2889 3864 2987 3914 aut
3017 3876 3287 3930 promere
3318 3861 3548 3927 metris;

2094 3948 2256 4012 Quod
2290 3947 2423 4003 ﬁdei
2454 3948 2694 4015 donum,
2729 3948 3001 4002 meritum
3030 3963 3330 4018 moresque
3359 3947 3616 4018 benigni;

2096 4038 2318 4101 Quanta
2349 4053 2449 4107 per
2480 4042 2720 4107 aegrotos
2751 4037 2994 4101 curatio,
3025 4036 3208 4106 gratia
3235 4042 3473 4106 quanta,

2092 4127 2304 4193 Virtus,
2338 4126 2509 4192 bella,
2542 4126 2720 4193 labor,
2754 4125 3053 4195 patientia,
3086 4126 3296 4195 palma,
3333 4124 3672 4195 triumphus.

2773 4231 2995 4284 CAPUT
3036 4230 3123 4283 IV.

2236 4316 2293 4369 S.
2327 4314 2571 4370 Amandi
2590 4329 2752 4375 mors,
2780 4316 3079 4382 sepultura.
3111 4312 3355 4368 Elevatio
3385 4316 3639 4383 corporis.

2797 4386 3077 4452 Epilogus.

2169 4478 2250 4527 Η.
2286 4475 2565 4527 Hactenus
2594 4473 2666 4527 ad
2687 4472 2862 4526 ﬁnem
2896 4473 3151 4526 celerans
3177 4472 3360 4525 oratio
3392 4472 3559 4526 ducta
3587 4489 3640 4525 es

2010 4568 2020 4579 ’
2093 4562 2343 4616 Tramite
2368 4560 2607 4625 difﬁcili,
2641 4561 2737 4614 sed
2768 4575 2923 4613 nunc
2950 4576 3054 4629 per
3086 4559 3249 4612 devia
3276 4564 3531 4629 coeptum

2097 4650 2296 4705 Flectis
2326 4649 2456 4717 iter,
2480 4649 2714 4703 tumidis
2744 4653 2801 4702 et
2828 4655 2884 4701 te
2914 4648 3194 4701 convertis
3220 4648 3459 4701 habenis
3491 4665 3504 4701 :

2096 4741 2309 4793 Forsan
2342 4738 2414 4791 ob
2439 4739 2567 4806 hoc,
2591 4736 2864 4791 subtriste
2877 4736 3093 4806 aliquid
3109 4735 3245 4805 quia
3266 4740 3426 4805 gesta
3447 4736 3753 4806 loquuntur,

2094 4828 2246 4882 Proh
2269 4837 2292 4861 α
2321 4827 2515 4882 dolor!
2551 4831 2633 4880 est
2665 4826 2838 4880 rutilo
2871 4830 3165 4895 comptum
3192 4824 3417 4894 fulgore
3448 4825 3685 4887 beatum,

2097 4917 2365 4987 Egregios
2396 4916 2558 4985 cujus
2593 4930 2780 4968 mores
2813 4913 3219 4983 descripsimus
3252 4928 3433 4982 usque
3467 4914 3574 4966 huc

2095 5003 2349 5066 Qualiter
2375 5004 2447 5058 ad
2473 5002 2647 5056 vitam
2674 5018 2777 5072 per
2807 5001 3008 5055 mortis
3037 5002 3212 5054 limen
3245 5002 3437 5055 eundo

2095 5092 2422 5159 Transierit,
2450 5092 2645 5167 superi
2674 5091 2971 5161 ponendus
3001 5090 3060 5143 in
3092 5090 3322 5144 aetheris
3352 5092 3506 5156 aula,

2095 5182 2403 5251 Diffugere,
2441 5184 2497 5235 et
2525 5180 2699 5233 ﬁnem
2732 5181 3046 5250 lacrymoso
3080 5194 3331 5248 pangere
3366 5184 3533 5232 cantu

2097 5271 2431 5325 Calcetenus
2457 5269 2693 5323 ductum
2722 5272 2985 5322 metuens
3015 5267 3356 5321 concludere
3384 5271 3615 5321 textum.

2096 5355 2153 5410 Si
2189 5355 2406 5425 refugis
2437 5356 2719 5423 functum,
2743 5356 2827 5410 vel
2855 5354 2944 5409 dic
2972 5370 3075 5425 per
3099 5354 3307 5407 saecula
3331 5353 3471 5407 vivit
3497 5370 3509 5406 :
