  <div class='ocr_page' id='page_1' title='image "/cluster/home/n/w/nwhite01/storage/ocr_20150623/121/uva.x000827051/494.png"; bbox 0 0 3868 6228; ppageno 0'>
   <div class='ocr_carea' id='block_1_1' title="bbox 112 246 212 293">
    <p class='ocr_par' dir='ltr' id='par_1_1' title="bbox 112 246 212 293">
     <span class='ocr_line' id='line_1_1' title="bbox 112 246 212 293; baseline 0.02 -2"><span class='ocrx_word' id='word_1_1' title='bbox 112 246 212 293; x_wconf 79' lang='lat'>965</span> 
     </span>
    </p>
   </div>
   <div class='ocr_carea' id='block_1_2' title="bbox 117 378 1460 451">
    <p class='ocr_par' dir='ltr' id='par_1_2' title="bbox 117 378 1460 451">
     <span class='ocr_line' id='line_1_2' title="bbox 117 378 1460 451; baseline 0.004 -23"><span class='ocrx_word' id='word_1_2' title='bbox 117 378 265 433; x_wconf 82' lang='lat' dir='ltr'>Vivit</span> <span class='ocrx_word' id='word_1_3' title='bbox 300 380 456 433; x_wconf 88' lang='lat' dir='ltr'>enim</span> <span class='ocrx_word' id='word_1_4' title='bbox 486 381 763 451; x_wconf 75' lang='lat' dir='ltr'>angelicis</span> <span class='ocrx_word' id='word_1_5' title='bbox 790 380 1032 434; x_wconf 82' lang='lat' dir='ltr'>sociatus</span> <span class='ocrx_word' id='word_1_6' title='bbox 1063 380 1169 432; x_wconf 91' lang='lat' dir='ltr'>rite</span> <span class='ocrx_word' id='word_1_7' title='bbox 1204 380 1460 434; x_wconf 79' lang='lat' dir='ltr'>catervis.</span> 
     </span>
    </p>
   </div>
   <div class='ocr_carea' id='block_1_3' title="bbox 113 467 1714 538">
    <p class='ocr_par' dir='ltr' id='par_1_3' title="bbox 113 467 1714 538">
     <span class='ocr_line' id='line_1_3' title="bbox 113 467 1714 538; baseline 0.001 -19"><span class='ocrx_word' id='word_1_8' title='bbox 113 467 423 519; x_wconf 76' lang='lat' dir='ltr'>Tristitiam</span> <span class='ocrx_word' id='word_1_9' title='bbox 458 469 630 538; x_wconf 82' lang='lat' dir='ltr'>liquit</span> <span class='ocrx_word' id='word_1_10' title='bbox 665 469 936 537; x_wconf 90' lang='lat' dir='ltr'>moriens,</span> <span class='ocrx_word' id='word_1_11' title='bbox 968 468 1381 538; x_wconf 88' lang='lat' dir='ltr'>planctumque</span> <span class='ocrx_word' id='word_1_12' title='bbox 1412 485 1515 537; x_wconf 84' lang='lat' dir='ltr'>per</span> <span class='ocrx_word' id='word_1_13' title='bbox 1544 485 1714 522; x_wconf 88' lang='lat' dir='ltr'>arva:</span> 
     </span>
    </p>
   </div>
   <div class='ocr_carea' id='block_1_4' title="bbox 118 556 1492 624">
    <p class='ocr_par' dir='ltr' id='par_1_4' title="bbox 118 556 1492 624">
     <span class='ocr_line' id='line_1_4' title="bbox 118 556 1492 624; baseline 0.002 -18"><span class='ocrx_word' id='word_1_14' title='bbox 118 556 398 608; x_wconf 66' lang='lat' dir='ltr'>Laetitiam</span> <span class='ocrx_word' id='word_1_15' title='bbox 430 558 561 609; x_wconf 72' lang='lat' dir='ltr'>fecit</span> <span class='ocrx_word' id='word_1_16' title='bbox 589 558 910 610; x_wconf 75' lang='lat' dir='ltr'>coelestibus</span> <span class='ocrx_word' id='word_1_17' title='bbox 941 557 1164 609; x_wconf 83' lang='lat' dir='ltr'>arcibus</span> <span class='ocrx_word' id='word_1_18' title='bbox 1196 557 1444 624; x_wconf 82' lang='lat' dir='ltr'>amplam</span> <span class='ocrx_word' id='word_1_19' title='bbox 1481 574 1492 609; x_wconf 94' lang='lat'><strong>:</strong></span> 
     </span>
    </p>
   </div>
   <div class='ocr_carea' id='block_1_5' title="bbox 118 644 1589 713">
    <p class='ocr_par' dir='ltr' id='par_1_5' title="bbox 118 644 1589 713">
     <span class='ocr_line' id='line_1_5' title="bbox 118 644 1589 713; baseline 0.001 -19"><span class='ocrx_word' id='word_1_20' title='bbox 118 644 292 695; x_wconf 82' lang='lat' dir='ltr'>Terra</span> <span class='ocrx_word' id='word_1_21' title='bbox 322 646 482 696; x_wconf 90' lang='lat' dir='ltr'>tenet</span> <span class='ocrx_word' id='word_1_22' title='bbox 512 649 748 710; x_wconf 89' lang='lat' dir='ltr'>terram,</span> <span class='ocrx_word' id='word_1_23' title='bbox 778 644 1086 698; x_wconf 80' lang='lat' dir='ltr'>concrescit</span> <span class='ocrx_word' id='word_1_24' title='bbox 1118 645 1350 713; x_wconf 82' lang='lat' dir='ltr'>pulvere</span> <span class='ocrx_word' id='word_1_25' title='bbox 1381 645 1589 713; x_wconf 81' lang='lat' dir='ltr'>pulvis,</span> 
     </span>
    </p>
   </div>
   <div class='ocr_carea' id='block_1_6' title="bbox 122 732 1654 801">
    <p class='ocr_par' dir='ltr' id='par_1_6' title="bbox 122 732 1654 801">
     <span class='ocr_line' id='line_1_6' title="bbox 122 732 1654 801; baseline -0.001 -17"><span class='ocrx_word' id='word_1_26' title='bbox 122 732 373 784; x_wconf 73' lang='lat' dir='ltr'>Mortuus</span> <span class='ocrx_word' id='word_1_27' title='bbox 406 733 466 783; x_wconf 89' lang='lat' dir='ltr'>in</span> <span class='ocrx_word' id='word_1_28' title='bbox 498 734 724 785; x_wconf 87' lang='lat' dir='ltr'>tumulo</span> <span class='ocrx_word' id='word_1_29' title='bbox 755 732 1035 785; x_wconf 80' lang='lat' dir='ltr'>recubans</span> <span class='ocrx_word' id='word_1_30' title='bbox 1066 748 1171 801; x_wconf 90' lang='lat' dir='ltr'>per</span> <span class='ocrx_word' id='word_1_31' title='bbox 1200 732 1349 784; x_wconf 85' lang='lat' dir='ltr'>dona</span> <span class='ocrx_word' id='word_1_32' title='bbox 1376 736 1654 784; x_wconf 82' lang='lat' dir='ltr'>coruscat.</span> 
     </span>
    </p>
   </div>
   <div class='ocr_carea' id='block_1_7' title="bbox 121 820 1707 889">
    <p class='ocr_par' dir='ltr' id='par_1_7' title="bbox 121 820 1707 889">
     <span class='ocr_line' id='line_1_7' title="bbox 121 820 1707 889; baseline 0.001 -19"><span class='ocrx_word' id='word_1_33' title='bbox 121 822 217 871; x_wconf 70' lang='lat' dir='ltr'>Ast</span> <span class='ocrx_word' id='word_1_34' title='bbox 250 822 511 888; x_wconf 88' lang='lat' dir='ltr'>speciosa</span> <span class='ocrx_word' id='word_1_35' title='bbox 542 821 729 873; x_wconf 88' lang='lat' dir='ltr'>choris</span> <span class='ocrx_word' id='word_1_36' title='bbox 759 820 952 873; x_wconf 86' lang='lat' dir='ltr'>anima</span> <span class='ocrx_word' id='word_1_37' title='bbox 983 825 1066 872; x_wconf 89' lang='lat' dir='ltr'>est</span> <span class='ocrx_word' id='word_1_38' title='bbox 1096 822 1395 889; x_wconf 84' lang='lat' dir='ltr'>conjuncta</span> <span class='ocrx_word' id='word_1_39' title='bbox 1426 820 1707 889; x_wconf 87' lang='lat' dir='ltr'>supernis.</span> 
     </span>
    </p>
   </div>
   <div class='ocr_carea' id='block_1_8' title="bbox 194 905 1819 977">
    <p class='ocr_par' dir='ltr' id='par_1_8' title="bbox 194 905 1819 977">
     <span class='ocr_line' id='line_1_8' title="bbox 194 905 1819 977; baseline -0.001 -18"><span class='ocrx_word' id='word_1_40' title='bbox 194 910 279 959; x_wconf 77' lang='lat' dir='ltr'>l2.</span> <span class='ocrx_word' id='word_1_41' title='bbox 314 908 531 976; x_wconf 86' lang='lat' dir='ltr'>Nempe</span> <span class='ocrx_word' id='word_1_42' title='bbox 563 908 926 962; x_wconf 82' lang='lat' dir='ltr'>monasteriis</span> <span class='ocrx_word' id='word_1_43' title='bbox 956 924 1058 976; x_wconf 92' lang='lat' dir='ltr'>per</span> <span class='ocrx_word' id='word_1_44' title='bbox 1088 924 1222 960; x_wconf 90' lang='lat' dir='ltr'>rura</span> <span class='ocrx_word' id='word_1_45' title='bbox 1250 923 1351 973; x_wconf 85' lang='lat' dir='ltr'>per</span> <span class='ocrx_word' id='word_1_46' title='bbox 1371 908 1581 977; x_wconf 92' lang='lat' dir='ltr'>oppida</span> <span class='ocrx_word' id='word_1_47' title='bbox 1611 905 1819 976; x_wconf 82' lang='lat' dir='ltr'>sparsis</span> 
     </span>
    </p>
   </div>
   <div class='ocr_carea' id='block_1_9' title="bbox 125 995 1366 1050">
    <p class='ocr_par' dir='ltr' id='par_1_9' title="bbox 125 995 1366 1050">
     <span class='ocr_line' id='line_1_9' title="bbox 125 995 1366 1050; baseline 0.001 -3"><span class='ocrx_word' id='word_1_48' title='bbox 125 996 339 1048; x_wconf 82' lang='lat' dir='ltr'>Celsior</span> <span class='ocrx_word' id='word_1_49' title='bbox 370 1001 429 1048; x_wconf 91' lang='lat' dir='ltr'>et</span> <span class='ocrx_word' id='word_1_50' title='bbox 458 996 665 1050; x_wconf 79' lang='lat' dir='ltr'>melior</span> <span class='ocrx_word' id='word_1_51' title='bbox 692 1012 813 1049; x_wconf 90' lang='lat' dir='ltr'>sese</span> <span class='ocrx_word' id='word_1_52' title='bbox 844 1001 1128 1050; x_wconf 79' lang='lat' dir='ltr'>structura</span> <span class='ocrx_word' id='word_1_53' title='bbox 1159 995 1366 1048; x_wconf 83' lang='lat' dir='ltr'>levavit</span> 
     </span>
    </p>
   </div>
   <div class='ocr_carea' id='block_1_10' title="bbox 127 1083 1597 1148">
    <p class='ocr_par' dir='ltr' id='par_1_10' title="bbox 127 1083 1597 1148">
     <span class='ocr_line' id='line_1_10' title="bbox 127 1083 1597 1148; baseline -0.001 -12"><span class='ocrx_word' id='word_1_54' title='bbox 127 1083 397 1137; x_wconf 83' lang='lat' dir='ltr'>Helnonis</span> <span class='ocrx_word' id='word_1_55' title='bbox 430 1086 653 1137; x_wconf 89' lang='lat' dir='ltr'>nostris.</span> <span class='ocrx_word' id='word_1_56' title='bbox 691 1086 869 1138; x_wconf 88' lang='lat' dir='ltr'>Locus</span> <span class='ocrx_word' id='word_1_57' title='bbox 899 1090 985 1137; x_wconf 92' lang='lat' dir='ltr'>est</span> <span class='ocrx_word' id='word_1_58' title='bbox 1018 1084 1086 1137; x_wconf 90' lang='lat' dir='ltr'>de</span> <span class='ocrx_word' id='word_1_59' title='bbox 1120 1083 1358 1137; x_wconf 79' lang='lat' dir='ltr'>flumine</span> <span class='ocrx_word' id='word_1_60' title='bbox 1390 1083 1597 1148; x_wconf 90' lang='lat' dir='ltr'>dictus,</span> 
     </span>
    </p>
   </div>
   <div class='ocr_carea' id='block_1_11' title="bbox 126 1171 1656 1244">
    <p class='ocr_par' dir='ltr' id='par_1_11' title="bbox 126 1171 1656 1244">
     <span class='ocr_line' id='line_1_11' title="bbox 126 1171 1656 1244; baseline 0 -21"><span class='ocrx_word' id='word_1_61' title='bbox 126 1172 286 1234; x_wconf 84' lang='lat' dir='ltr'>Quod</span> <span class='ocrx_word' id='word_1_62' title='bbox 324 1173 531 1244; x_wconf 80' lang='lat' dir='ltr'>recipit</span> <span class='ocrx_word' id='word_1_63' title='bbox 561 1173 833 1244; x_wconf 87' lang='lat' dir='ltr'>largoque</span> <span class='ocrx_word' id='word_1_64' title='bbox 862 1173 992 1226; x_wconf 89' lang='lat' dir='ltr'>sinu</span> <span class='ocrx_word' id='word_1_65' title='bbox 1022 1173 1192 1227; x_wconf 88' lang='lat' dir='ltr'>Scarb</span> <span class='ocrx_word' id='word_1_66' title='bbox 1220 1171 1421 1241; x_wconf 88' lang='lat' dir='ltr'>purior</span> <span class='ocrx_word' id='word_1_67' title='bbox 1451 1171 1613 1224; x_wconf 82' lang='lat' dir='ltr'>etl‘ert</span> <span class='ocrx_word' id='word_1_68' title='bbox 1644 1187 1656 1224; x_wconf 91' lang='lat'>:</span> 
     </span>
    </p>
   </div>
   <div class='ocr_carea' id='block_1_12' title="bbox 124 1259 1557 1330">
    <p class='ocr_par' dir='ltr' id='par_1_12' title="bbox 124 1259 1557 1330">
     <span class='ocr_line' id='line_1_12' title="bbox 124 1259 1557 1330; baseline 0.001 -19"><span class='ocrx_word' id='word_1_69' title='bbox 124 1259 230 1322; x_wconf 88' lang='lat' dir='ltr'>Qui</span> <span class='ocrx_word' id='word_1_70' title='bbox 260 1260 418 1314; x_wconf 87' lang='lat' dir='ltr'>fonte</span> <span class='ocrx_word' id='word_1_71' title='bbox 448 1277 515 1314; x_wconf 77' lang='lat' dir='ltr'>ex</span> <span class='ocrx_word' id='word_1_72' title='bbox 548 1261 777 1330; x_wconf 90' lang='lat' dir='ltr'>gemino</span> <span class='ocrx_word' id='word_1_73' title='bbox 807 1262 1066 1315; x_wconf 73' lang='lat' dir='ltr'>Iordanis</span> <span class='ocrx_word' id='word_1_74' title='bbox 1094 1276 1253 1314; x_wconf 91' lang='lat' dir='ltr'>more</span> <span class='ocrx_word' id='word_1_75' title='bbox 1287 1265 1557 1323; x_wconf 85' lang='lat' dir='ltr'>meantes,</span> 
     </span>
    </p>
   </div>
   <div class='ocr_carea' id='block_1_13' title="bbox 127 1348 1477 1419">
    <p class='ocr_par' dir='ltr' id='par_1_13' title="bbox 127 1348 1477 1419">
     <span class='ocr_line' id='line_1_13' title="bbox 127 1348 1477 1419; baseline 0 -19"><span class='ocrx_word' id='word_1_76' title='bbox 127 1348 324 1401; x_wconf 86' lang='lat' dir='ltr'>Dulcia</span> <span class='ocrx_word' id='word_1_77' title='bbox 350 1349 670 1402; x_wconf 88' lang='lat' dir='ltr'>commistis</span> <span class='ocrx_word' id='word_1_78' title='bbox 701 1350 1061 1419; x_wconf 88' lang='lat' dir='ltr'>conjungunt</span> <span class='ocrx_word' id='word_1_79' title='bbox 1094 1349 1251 1401; x_wconf 90' lang='lat' dir='ltr'>basia</span> <span class='ocrx_word' id='word_1_80' title='bbox 1284 1348 1477 1401; x_wconf 84' lang='lat' dir='ltr'>lauris.</span> 
     </span>
    </p>
   </div>
   <div class='ocr_carea' id='block_1_14' title="bbox 125 1435 1694 1497">
    <p class='ocr_par' dir='ltr' id='par_1_14' title="bbox 125 1435 1694 1497">
     <span class='ocr_line' id='line_1_14' title="bbox 125 1435 1694 1497; baseline 0 -9"><span class='ocrx_word' id='word_1_81' title='bbox 125 1436 245 1497; x_wconf 90' lang='lat' dir='ltr'>Quo</span> <span class='ocrx_word' id='word_1_82' title='bbox 276 1437 569 1489; x_wconf 88' lang='lat' dir='ltr'>tumulum</span> <span class='ocrx_word' id='word_1_83' title='bbox 605 1437 814 1489; x_wconf 87' lang='lat' dir='ltr'>retinet</span> <span class='ocrx_word' id='word_1_84' title='bbox 846 1438 1084 1491; x_wconf 88' lang='lat' dir='ltr'>Sanctus</span> <span class='ocrx_word' id='word_1_85' title='bbox 1114 1435 1416 1489; x_wconf 83' lang='lat' dir='ltr'>virtutibus</span> <span class='ocrx_word' id='word_1_86' title='bbox 1448 1439 1694 1489; x_wconf 92' lang='lat' dir='ltr'>auctum.</span> 
     </span>
    </p>
   </div>
   <div class='ocr_carea' id='block_1_15' title="bbox 126 1524 1594 1590">
    <p class='ocr_par' dir='ltr' id='par_1_15' title="bbox 126 1524 1594 1590">
     <span class='ocr_line' id='line_1_15' title="bbox 126 1524 1594 1590; baseline 0.001 -15"><span class='ocrx_word' id='word_1_87' title='bbox 126 1524 230 1585; x_wconf 90' lang='lat' dir='ltr'>Qui</span> <span class='ocrx_word' id='word_1_88' title='bbox 263 1526 424 1578; x_wconf 91' lang='lat' dir='ltr'>locus</span> <span class='ocrx_word' id='word_1_89' title='bbox 450 1525 736 1578; x_wconf 88' lang='lat' dir='ltr'>immenso</span> <span class='ocrx_word' id='word_1_90' title='bbox 768 1525 1067 1578; x_wconf 90' lang='lat' dir='ltr'>decoratus</span> <span class='ocrx_word' id='word_1_91' title='bbox 1097 1526 1315 1577; x_wconf 87' lang='lat' dir='ltr'>honore</span> <span class='ocrx_word' id='word_1_92' title='bbox 1349 1524 1594 1590; x_wconf 81' lang='lat' dir='ltr'>nitescit,</span> 
     </span>
    </p>
   </div>
   <div class='ocr_carea' id='block_1_16' title="bbox 126 1612 1589 1681">
    <p class='ocr_par' dir='ltr' id='par_1_16' title="bbox 126 1612 1589 1681">
     <span class='ocr_line' id='line_1_16' title="bbox 126 1612 1589 1681; baseline 0.001 -18"><span class='ocrx_word' id='word_1_93' title='bbox 126 1613 235 1664; x_wconf 82' lang='lat' dir='ltr'>Pax</span> <span class='ocrx_word' id='word_1_94' title='bbox 272 1612 510 1677; x_wconf 89' lang='lat' dir='ltr'>ibidem,</span> <span class='ocrx_word' id='word_1_95' title='bbox 547 1612 750 1681; x_wconf 90' lang='lat' dir='ltr'>pietas,</span> <span class='ocrx_word' id='word_1_96' title='bbox 786 1613 1031 1679; x_wconf 89' lang='lat' dir='ltr'>bonitas,</span> <span class='ocrx_word' id='word_1_97' title='bbox 1064 1612 1365 1665; x_wconf 89' lang='lat' dir='ltr'>concordia</span> <span class='ocrx_word' id='word_1_98' title='bbox 1392 1612 1589 1681; x_wconf 88' lang='lat' dir='ltr'>pollet,</span> 
     </span>
    </p>
   </div>
   <div class='ocr_carea' id='block_1_17' title="bbox 126 1699 1654 1770">
    <p class='ocr_par' dir='ltr' id='par_1_17' title="bbox 126 1699 1654 1770">
     <span class='ocr_line' id='line_1_17' title="bbox 126 1699 1654 1770; baseline 0 -18"><span class='ocrx_word' id='word_1_99' title='bbox 126 1699 400 1770; x_wconf 84' lang='lat' dir='ltr'>Spesque,</span> <span class='ocrx_word' id='word_1_100' title='bbox 430 1700 591 1765; x_wconf 91' lang='lat' dir='ltr'>ﬁdes,</span> <span class='ocrx_word' id='word_1_101' title='bbox 626 1699 909 1753; x_wconf 86' lang='lat' dir='ltr'>fraternus</span> <span class='ocrx_word' id='word_1_102' title='bbox 940 1716 1121 1765; x_wconf 89' lang='lat' dir='ltr'>amor,</span> <span class='ocrx_word' id='word_1_103' title='bbox 1152 1700 1380 1753; x_wconf 88' lang='lat' dir='ltr'>dilectio</span> <span class='ocrx_word' id='word_1_104' title='bbox 1413 1715 1654 1753; x_wconf 89' lang='lat' dir='ltr'>summa.</span> 
     </span>
    </p>
   </div>
   <div class='ocr_carea' id='block_1_18' title="bbox 125 1787 1660 1851">
    <p class='ocr_par' dir='ltr' id='par_1_18' title="bbox 125 1787 1660 1851">
     <span class='ocr_line' id='line_1_18' title="bbox 125 1787 1660 1851; baseline 0 -10"><span class='ocrx_word' id='word_1_105' title='bbox 125 1787 307 1842; x_wconf 91' lang='lat' dir='ltr'>Omne</span> <span class='ocrx_word' id='word_1_106' title='bbox 336 1788 550 1841; x_wconf 89' lang='lat' dir='ltr'>bonum</span> <span class='ocrx_word' id='word_1_107' title='bbox 585 1788 861 1851; x_wconf 81' lang='lat' dir='ltr'>retinens,</span> <span class='ocrx_word' id='word_1_108' title='bbox 892 1789 962 1842; x_wconf 88' lang='lat' dir='ltr'>ad</span> <span class='ocrx_word' id='word_1_109' title='bbox 988 1788 1116 1842; x_wconf 61' lang='grc' dir='ltr'>εαξιί</span> <span class='ocrx_word' id='word_1_110' title='bbox 1144 1788 1397 1842; x_wconf 90' lang='lat' dir='ltr'>culmina</span> <span class='ocrx_word' id='word_1_111' title='bbox 1426 1788 1614 1841; x_wconf 89' lang='lat' dir='ltr'>tendis</span> <span class='ocrx_word' id='word_1_112' title='bbox 1648 1804 1660 1841; x_wconf 91' lang='lat'><strong>:</strong></span> 
     </span>
    </p>
   </div>
   <div class='ocr_carea' id='block_1_19' title="bbox 128 1876 1573 1946">
    <p class='ocr_par' dir='ltr' id='par_1_19' title="bbox 128 1876 1573 1946">
     <span class='ocr_line' id='line_1_19' title="bbox 128 1876 1573 1946; baseline -0.001 -16"><span class='ocrx_word' id='word_1_113' title='bbox 128 1877 312 1931; x_wconf 88' lang='lat' dir='ltr'>Omne</span> <span class='ocrx_word' id='word_1_114' title='bbox 342 1877 558 1930; x_wconf 88' lang='lat' dir='ltr'>malum</span> <span class='ocrx_word' id='word_1_115' title='bbox 591 1876 795 1941; x_wconf 82' lang='lat' dir='ltr'>vitans,</span> <span class='ocrx_word' id='word_1_116' title='bbox 831 1876 1163 1930; x_wconf 87' lang='lat' dir='ltr'>discrimina</span> <span class='ocrx_word' id='word_1_117' title='bbox 1195 1876 1364 1929; x_wconf 81' lang='lat' dir='ltr'>noxia</span> <span class='ocrx_word' id='word_1_118' title='bbox 1394 1876 1573 1946; x_wconf 90' lang='lat' dir='ltr'>pellit.</span> 
     </span>
    </p>
   </div>
   <div class='ocr_carea' id='block_1_20' title="bbox 128 1963 1650 2034">
    <p class='ocr_par' dir='ltr' id='par_1_20' title="bbox 128 1963 1650 2034">
     <span class='ocr_line' id='line_1_20' title="bbox 128 1963 1650 2034; baseline -0.001 -17"><span class='ocrx_word' id='word_1_119' title='bbox 128 1964 293 2017; x_wconf 66' lang='lat' dir='ltr'>Nulla</span> <span class='ocrx_word' id='word_1_120' title='bbox 322 1965 537 2033; x_wconf 87' lang='lat' dir='ltr'>pericla</span> <span class='ocrx_word' id='word_1_121' title='bbox 568 1981 797 2034; x_wconf 86' lang='lat' dir='ltr'>pavens,</span> <span class='ocrx_word' id='word_1_122' title='bbox 832 1964 933 2018; x_wconf 91' lang='lat' dir='ltr'>ubi</span> <span class='ocrx_word' id='word_1_123' title='bbox 962 1964 1163 2018; x_wconf 89' lang='lat' dir='ltr'>debilis</span> <span class='ocrx_word' id='word_1_124' title='bbox 1191 1963 1377 2016; x_wconf 90' lang='lat' dir='ltr'>omnis</span> <span class='ocrx_word' id='word_1_125' title='bbox 1408 1969 1465 2017; x_wconf 92' lang='lat' dir='ltr'>et</span> <span class='ocrx_word' id='word_1_126' title='bbox 1495 1979 1650 2033; x_wconf 67' lang='lat' dir='ltr'>aeger</span> 
     </span>
    </p>
   </div>
   <div class='ocr_carea' id='block_1_21' title="bbox 134 2053 1643 2123">
    <p class='ocr_par' dir='ltr' id='par_1_21' title="bbox 134 2053 1643 2123">
     <span class='ocr_line' id='line_1_21' title="bbox 134 2053 1643 2123; baseline -0.001 -18"><span class='ocrx_word' id='word_1_127' title='bbox 134 2053 271 2106; x_wconf 77' lang='lat' dir='ltr'>Vota</span> <span class='ocrx_word' id='word_1_128' title='bbox 305 2054 503 2123; x_wconf 89' lang='lat' dir='ltr'>petita,</span> <span class='ocrx_word' id='word_1_129' title='bbox 536 2053 649 2106; x_wconf 87' lang='lat' dir='ltr'>ﬁde</span> <span class='ocrx_word' id='word_1_130' title='bbox 675 2054 736 2106; x_wconf 89' lang='lat' dir='ltr'>in</span> <span class='ocrx_word' id='word_1_131' title='bbox 764 2053 1020 2106; x_wconf 89' lang='lat' dir='ltr'>medium</span> <span class='ocrx_word' id='word_1_132' title='bbox 1049 2057 1333 2117; x_wconf 82' lang='lat' dir='ltr'>currente,</span> <span class='ocrx_word' id='word_1_133' title='bbox 1369 2055 1643 2121; x_wconf 87' lang='lat' dir='ltr'>reportat.</span> 
     </span>
    </p>
   </div>
   <div class='ocr_carea' id='block_1_22' title="bbox 133 2140 1456 2211">
    <p class='ocr_par' dir='ltr' id='par_1_22' title="bbox 133 2140 1456 2211">
     <span class='ocr_line' id='line_1_22' title="bbox 133 2140 1456 2211; baseline 0 -18"><span class='ocrx_word' id='word_1_134' title='bbox 133 2141 172 2194; x_wconf 91' lang='grc' dir='ltr'><strong>Ο</strong></span> <span class='ocrx_word' id='word_1_135' title='bbox 204 2140 396 2194; x_wconf 88' lang='lat' dir='ltr'>locus!</span> <span class='ocrx_word' id='word_1_136' title='bbox 432 2158 464 2193; x_wconf 91' lang='grc' dir='ltr'>ο</span> <span class='ocrx_word' id='word_1_137' title='bbox 497 2140 633 2194; x_wconf 82' lang='lat' dir='ltr'>felix</span> <span class='ocrx_word' id='word_1_138' title='bbox 663 2140 906 2195; x_wconf 89' lang='lat' dir='ltr'>fecundo</span> <span class='ocrx_word' id='word_1_139' title='bbox 935 2141 1195 2211; x_wconf 75' lang='lat' dir='ltr'>germine</span> <span class='ocrx_word' id='word_1_140' title='bbox 1228 2140 1456 2210; x_wconf 84' lang='lat' dir='ltr'>cespes!</span> 
     </span>
    </p>
   </div>
   <div class='ocr_carea' id='block_1_23' title="bbox 134 2228 1549 2283">
    <p class='ocr_par' dir='ltr' id='par_1_23' title="bbox 134 2228 1549 2283">
     <span class='ocr_line' id='line_1_23' title="bbox 134 2228 1549 2283; baseline 0 -2"><span class='ocrx_word' id='word_1_141' title='bbox 134 2230 361 2281; x_wconf 80' lang='lat' dir='ltr'>Cunctis</span> <span class='ocrx_word' id='word_1_142' title='bbox 389 2233 574 2282; x_wconf 89' lang='lat' dir='ltr'>macte</span> <span class='ocrx_word' id='word_1_143' title='bbox 606 2229 773 2282; x_wconf 85' lang='lat' dir='ltr'>bonis</span> <span class='ocrx_word' id='word_1_144' title='bbox 803 2234 1018 2283; x_wconf 61' lang='lat' dir='ltr'>interna</span> <span class='ocrx_word' id='word_1_145' title='bbox 1051 2229 1109 2281; x_wconf 92' lang='lat' dir='ltr'>in</span> <span class='ocrx_word' id='word_1_146' title='bbox 1142 2229 1348 2282; x_wconf 71' lang='lat' dir='ltr'>saecula</span> <span class='ocrx_word' id='word_1_147' title='bbox 1380 2228 1549 2281; x_wconf 89' lang='lat' dir='ltr'>salve.</span> 
     </span>
    </p>
   </div>
   <div class='ocr_carea' id='block_1_24' title="bbox 138 2313 1827 2386">
    <p class='ocr_par' dir='ltr' id='par_1_24' title="bbox 138 2313 1827 2386">
     <span class='ocr_line' id='line_1_24' title="bbox 138 2313 1827 2386; baseline 0 -19"><span class='ocrx_word' id='word_1_148' title='bbox 138 2318 316 2384; x_wconf 72' lang='lat' dir='ltr'>Veste,</span> <span class='ocrx_word' id='word_1_149' title='bbox 350 2334 475 2385; x_wconf 88' lang='lat' dir='ltr'>ove,</span> <span class='ocrx_word' id='word_1_150' title='bbox 515 2334 719 2384; x_wconf 86' lang='lat' dir='ltr'>messe,</span> <span class='ocrx_word' id='word_1_151' title='bbox 754 2318 913 2384; x_wconf 87' lang='lat' dir='ltr'>bove,</span> <span class='ocrx_word' id='word_1_152' title='bbox 962 2317 1117 2386; x_wconf 87' lang='lat' dir='ltr'>alite,</span> <span class='ocrx_word' id='word_1_153' title='bbox 1168 2316 1359 2383; x_wconf 81' lang='lat' dir='ltr'>melle,</span> <span class='ocrx_word' id='word_1_154' title='bbox 1420 2332 1543 2386; x_wconf 90' lang='lat' dir='ltr'>ape,</span> <span class='ocrx_word' id='word_1_155' title='bbox 1591 2313 1827 2368; x_wconf 87' lang='lat' dir='ltr'>flumine</span> 
     </span>
    </p>
   </div>
   <div class='ocr_carea' id='block_1_25' title="bbox 1634 2402 1828 2472">
    <p class='ocr_par' dir='ltr' id='par_1_25' title="bbox 1634 2402 1828 2472">
     <span class='ocr_line' id='line_1_25' title="bbox 1634 2402 1828 2472; baseline -0.005 -17"><span class='ocrx_word' id='word_1_156' title='bbox 1634 2402 1804 2472; x_wconf 90' lang='lat' dir='ltr'>[pisce</span> <span class='ocrx_word' id='word_1_157' title='bbox 1815 2444 1828 2471; x_wconf 93' lang='lat'>,</span> 
     </span>
    </p>
   </div>
   <div class='ocr_carea' id='block_1_26' title="bbox 137 2491 1688 2563">
    <p class='ocr_par' dir='ltr' id='par_1_26' title="bbox 137 2491 1688 2563">
     <span class='ocr_line' id='line_1_26' title="bbox 137 2491 1688 2563; baseline -0.001 -18"><span class='ocrx_word' id='word_1_158' title='bbox 137 2493 365 2557; x_wconf 83' lang='lat' dir='ltr'>Glande,</span> <span class='ocrx_word' id='word_1_159' title='bbox 394 2509 515 2557; x_wconf 91' lang='lat' dir='ltr'>sue,</span> <span class='ocrx_word' id='word_1_160' title='bbox 551 2492 713 2560; x_wconf 86' lang='lat' dir='ltr'>ﬂore,</span> <span class='ocrx_word' id='word_1_161' title='bbox 741 2493 957 2556; x_wconf 88' lang='lat' dir='ltr'>fronde,</span> <span class='ocrx_word' id='word_1_162' title='bbox 988 2491 1193 2559; x_wconf 89' lang='lat' dir='ltr'>imber,</span> <span class='ocrx_word' id='word_1_163' title='bbox 1229 2492 1508 2563; x_wconf 82' lang='lat' dir='ltr'>gramine,</span> <span class='ocrx_word' id='word_1_164' title='bbox 1546 2492 1688 2557; x_wconf 87' lang='lat' dir='ltr'>vite;</span> 
     </span>
    </p>
   </div>
   <div class='ocr_carea' id='block_1_27' title="bbox 136 2581 1503 2651">
    <p class='ocr_par' dir='ltr' id='par_1_27' title="bbox 136 2581 1503 2651">
     <span class='ocr_line' id='line_1_27' title="bbox 136 2581 1503 2651; baseline -0.001 -16"><span class='ocrx_word' id='word_1_165' title='bbox 136 2582 413 2635; x_wconf 88' lang='lat' dir='ltr'>Omnibus</span> <span class='ocrx_word' id='word_1_166' title='bbox 445 2582 535 2635; x_wconf 89' lang='lat' dir='ltr'>his</span> <span class='ocrx_word' id='word_1_167' title='bbox 566 2582 751 2651; x_wconf 90' lang='lat' dir='ltr'>polles</span> <span class='ocrx_word' id='word_1_168' title='bbox 780 2581 879 2635; x_wconf 86' lang='lat' dir='ltr'>tali</span> <span class='ocrx_word' id='word_1_169' title='bbox 911 2581 1247 2635; x_wconf 88' lang='lat' dir='ltr'>moderante</span> <span class='ocrx_word' id='word_1_170' title='bbox 1282 2582 1503 2634; x_wconf 86' lang='lat' dir='ltr'>colono.</span> 
     </span>
    </p>
   </div>
   <div class='ocr_carea' id='block_1_28' title="bbox 142 2670 1588 2723">
    <p class='ocr_par' dir='ltr' id='par_1_28' title="bbox 142 2670 1588 2723">
     <span class='ocr_line' id='line_1_28' title="bbox 142 2670 1588 2723; baseline -0.001 0"><span class='ocrx_word' id='word_1_171' title='bbox 142 2671 415 2723; x_wconf 84' lang='lat' dir='ltr'>Omnibus</span> <span class='ocrx_word' id='word_1_172' title='bbox 441 2670 530 2723; x_wconf 86' lang='lat' dir='ltr'>his</span> <span class='ocrx_word' id='word_1_173' title='bbox 565 2670 776 2723; x_wconf 87' lang='lat' dir='ltr'>retines</span> <span class='ocrx_word' id='word_1_174' title='bbox 807 2670 911 2722; x_wconf 90' lang='lat' dir='ltr'>hoc</span> <span class='ocrx_word' id='word_1_175' title='bbox 942 2670 1287 2723; x_wconf 89' lang='lat' dir='ltr'>fecundante</span> <span class='ocrx_word' id='word_1_176' title='bbox 1320 2671 1588 2723; x_wconf 85' lang='lat' dir='ltr'>Patrono.</span> 
     </span>
    </p>
   </div>
   <div class='ocr_carea' id='block_1_29' title="bbox 142 2758 1702 2828">
    <p class='ocr_par' dir='ltr' id='par_1_29' title="bbox 142 2758 1702 2828">
     <span class='ocr_line' id='line_1_29' title="bbox 142 2758 1702 2828; baseline -0.002 -17"><span class='ocrx_word' id='word_1_177' title='bbox 142 2759 403 2811; x_wconf 87' lang='lat' dir='ltr'>Flumina</span> <span class='ocrx_word' id='word_1_178' title='bbox 432 2759 574 2811; x_wconf 90' lang='lat' dir='ltr'>dant</span> <span class='ocrx_word' id='word_1_179' title='bbox 602 2758 809 2828; x_wconf 86' lang='lat' dir='ltr'>pisces,</span> <span class='ocrx_word' id='word_1_180' title='bbox 843 2763 1063 2828; x_wconf 80' lang='lat' dir='ltr'>segetes</span> <span class='ocrx_word' id='word_1_181' title='bbox 1097 2758 1389 2811; x_wconf 80' lang='lat' dir='ltr'>terrestria</span> <span class='ocrx_word' id='word_1_182' title='bbox 1424 2758 1655 2810; x_wconf 87' lang='lat' dir='ltr'>solvunt</span> <span class='ocrx_word' id='word_1_183' title='bbox 1690 2771 1702 2808; x_wconf 89' lang='lat'><strong>:</strong></span> 
     </span>
    </p>
   </div>
   <div class='ocr_carea' id='block_1_30' title="bbox 141 2845 1642 2917">
    <p class='ocr_par' dir='ltr' id='par_1_30' title="bbox 141 2845 1642 2917">
     <span class='ocr_line' id='line_1_30' title="bbox 141 2845 1642 2917; baseline -0.002 -18"><span class='ocrx_word' id='word_1_184' title='bbox 141 2846 289 2899; x_wconf 82' lang='lat' dir='ltr'>Escis</span> <span class='ocrx_word' id='word_1_185' title='bbox 315 2862 525 2917; x_wconf 89' lang='lat' dir='ltr'>nempe</span> <span class='ocrx_word' id='word_1_186' title='bbox 551 2862 711 2899; x_wconf 89' lang='lat' dir='ltr'>cares</span> <span class='ocrx_word' id='word_1_187' title='bbox 742 2846 935 2910; x_wconf 91' lang='lat' dir='ltr'>nullis,</span> <span class='ocrx_word' id='word_1_188' title='bbox 971 2846 1109 2916; x_wconf 89' lang='lat' dir='ltr'>quia</span> <span class='ocrx_word' id='word_1_189' title='bbox 1138 2846 1300 2915; x_wconf 84' lang='lat' dir='ltr'>fruge</span> <span class='ocrx_word' id='word_1_190' title='bbox 1334 2845 1642 2898; x_wconf 90' lang='lat' dir='ltr'>redundas.</span> 
     </span>
    </p>
   </div>
   <div class='ocr_carea' id='block_1_31' title="bbox 143 2929 1784 3004">
    <p class='ocr_par' dir='ltr' id='par_1_31' title="bbox 143 2929 1784 3004">
     <span class='ocr_line' id='line_1_31' title="bbox 143 2929 1784 3004; baseline -0.002 -17"><span class='ocrx_word' id='word_1_191' title='bbox 143 2935 329 2987; x_wconf 88' lang='lat' dir='ltr'>Incola</span> <span class='ocrx_word' id='word_1_192' title='bbox 360 2951 609 3004; x_wconf 87' lang='lat' dir='ltr'>namque</span> <span class='ocrx_word' id='word_1_193' title='bbox 639 2934 849 2987; x_wconf 89' lang='lat' dir='ltr'>famem</span> <span class='ocrx_word' id='word_1_194' title='bbox 882 2950 996 2988; x_wconf 93' lang='lat' dir='ltr'>non</span> <span class='ocrx_word' id='word_1_195' title='bbox 1025 2950 1145 2997; x_wconf 86' lang='lat' dir='ltr'>ore,</span> <span class='ocrx_word' id='word_1_196' title='bbox 1178 2934 1273 2987; x_wconf 91' lang='lat' dir='ltr'>sed</span> <span class='ocrx_word' id='word_1_197' title='bbox 1307 2933 1540 2987; x_wconf 87' lang='lat' dir='ltr'>auribus</span> <span class='ocrx_word' id='word_1_198' title='bbox 1573 2929 1784 2984; x_wconf 88' lang='lat' dir='ltr'>haurit.</span> 
     </span>
    </p>
   </div>
   <div class='ocr_carea' id='block_1_32' title="bbox 142 3018 1740 3093">
    <p class='ocr_par' dir='ltr' id='par_1_32' title="bbox 142 3018 1740 3093">
     <span class='ocr_line' id='line_1_32' title="bbox 142 3018 1740 3093; baseline -0.003 -16"><span class='ocrx_word' id='word_1_199' title='bbox 142 3024 279 3077; x_wconf 79' lang='lat' dir='ltr'>Rem</span> <span class='ocrx_word' id='word_1_200' title='bbox 308 3024 568 3077; x_wconf 90' lang='lat' dir='ltr'>canimus</span> <span class='ocrx_word' id='word_1_201' title='bbox 601 3022 829 3089; x_wconf 84' lang='lat' dir='ltr'>miram,</span> <span class='ocrx_word' id='word_1_202' title='bbox 865 3039 994 3093; x_wconf 63' lang='lat' dir='ltr'>quae</span> <span class='ocrx_word' id='word_1_203' title='bbox 1024 3023 1255 3076; x_wconf 93' lang='lat' dir='ltr'>credula</span> <span class='ocrx_word' id='word_1_204' title='bbox 1281 3021 1452 3075; x_wconf 90' lang='lat' dir='ltr'>corda</span> <span class='ocrx_word' id='word_1_205' title='bbox 1477 3018 1740 3090; x_wconf 89' lang='lat' dir='ltr'>requirit,</span> 
     </span>
    </p>
   </div>
   <div class='ocr_carea' id='block_1_33' title="bbox 143 3110 1605 3180">
    <p class='ocr_par' dir='ltr' id='par_1_33' title="bbox 143 3110 1605 3180">
     <span class='ocr_line' id='line_1_33' title="bbox 143 3110 1605 3180; baseline -0.002 -17"><span class='ocrx_word' id='word_1_206' title='bbox 143 3112 339 3164; x_wconf 83' lang='lat' dir='ltr'>Vivere</span> <span class='ocrx_word' id='word_1_207' title='bbox 367 3115 499 3180; x_wconf 88' lang='lat' dir='ltr'>post</span> <span class='ocrx_word' id='word_1_208' title='bbox 528 3115 773 3164; x_wconf 90' lang='lat' dir='ltr'>mortem</span> <span class='ocrx_word' id='word_1_209' title='bbox 800 3111 1016 3180; x_wconf 90' lang='lat' dir='ltr'>poteris</span> <span class='ocrx_word' id='word_1_210' title='bbox 1048 3111 1154 3164; x_wconf 91' lang='lat' dir='ltr'>hac</span> <span class='ocrx_word' id='word_1_211' title='bbox 1179 3110 1320 3163; x_wconf 90' lang='lat' dir='ltr'>scire</span> <span class='ocrx_word' id='word_1_212' title='bbox 1351 3112 1605 3163; x_wconf 90' lang='lat' dir='ltr'>Beatum.</span> 
     </span>
    </p>
   </div>
   <div class='ocr_carea' id='block_1_34' title="bbox 144 3199 1637 3267">
    <p class='ocr_par' dir='ltr' id='par_1_34' title="bbox 144 3199 1637 3267">
     <span class='ocr_line' id='line_1_34' title="bbox 144 3199 1637 3267; baseline -0.003 -15"><span class='ocrx_word' id='word_1_213' title='bbox 144 3208 167 3232; x_wconf 78' lang='grc'><strong>⁸</strong></span> <span class='ocrx_word' id='word_1_214' title='bbox 195 3199 489 3253; x_wconf 87' lang='lat' dir='ltr'>Curricula</span> <span class='ocrx_word' id='word_1_215' title='bbox 520 3214 806 3252; x_wconf 89' lang='lat' dir='ltr'>annorum</span> <span class='ocrx_word' id='word_1_216' title='bbox 840 3203 1069 3252; x_wconf 91' lang='lat' dir='ltr'>centum</span> <span class='ocrx_word' id='word_1_217' title='bbox 1104 3202 1374 3267; x_wconf 85' lang='lat' dir='ltr'>vergente</span> <span class='ocrx_word' id='word_1_218' title='bbox 1405 3212 1637 3250; x_wconf 88' lang='lat' dir='ltr'>recursu</span> 
     </span>
    </p>
   </div>
   <div class='ocr_carea' id='block_1_35' title="bbox 145 3284 1643 3357">
    <p class='ocr_par' dir='ltr' id='par_1_35' title="bbox 145 3284 1643 3357">
     <span class='ocr_line' id='line_1_35' title="bbox 145 3284 1643 3357; baseline -0.002 -17"><span class='ocrx_word' id='word_1_219' title='bbox 145 3288 521 3353; x_wconf 87' lang='lat' dir='ltr'>Transierant,</span> <span class='ocrx_word' id='word_1_220' title='bbox 555 3302 834 3341; x_wconf 90' lang='lat' dir='ltr'>numerus</span> <span class='ocrx_word' id='word_1_221' title='bbox 865 3286 1082 3357; x_wconf 90' lang='lat' dir='ltr'>pariter</span> <span class='ocrx_word' id='word_1_222' title='bbox 1112 3285 1354 3356; x_wconf 88' lang='lat' dir='ltr'>partitus</span> <span class='ocrx_word' id='word_1_223' title='bbox 1385 3289 1441 3338; x_wconf 89' lang='lat' dir='ltr'>et</span> <span class='ocrx_word' id='word_1_224' title='bbox 1471 3284 1643 3338; x_wconf 91' lang='lat' dir='ltr'>idem.</span> 
     </span>
    </p>
   </div>
   <div class='ocr_carea' id='block_1_36' title="bbox 145 3372 1729 3446">
    <p class='ocr_par' dir='ltr' id='par_1_36' title="bbox 145 3372 1729 3446">
     <span class='ocr_line' id='line_1_36' title="bbox 145 3372 1729 3446; baseline -0.003 -17"><span class='ocrx_word' id='word_1_225' title='bbox 145 3376 387 3429; x_wconf 88' lang='lat' dir='ltr'>Transiit</span> <span class='ocrx_word' id='word_1_226' title='bbox 416 3375 727 3429; x_wconf 70' lang='lat' dir='ltr'>zetheream</span> <span class='ocrx_word' id='word_1_227' title='bbox 760 3391 874 3446; x_wconf 92' lang='lat' dir='ltr'>quo</span> <span class='ocrx_word' id='word_1_228' title='bbox 906 3374 994 3427; x_wconf 89' lang='lat' dir='ltr'>vir</span> <span class='ocrx_word' id='word_1_229' title='bbox 1018 3373 1383 3428; x_wconf 86' lang='lat' dir='ltr'>venerandus</span> <span class='ocrx_word' id='word_1_230' title='bbox 1414 3372 1484 3426; x_wconf 92' lang='lat' dir='ltr'>ad</span> <span class='ocrx_word' id='word_1_231' title='bbox 1519 3373 1729 3439; x_wconf 91' lang='lat' dir='ltr'>aulam,</span> 
     </span>
    </p>
   </div>
   <div class='ocr_carea' id='block_1_37' title="bbox 146 3461 1482 3533">
    <p class='ocr_par' dir='ltr' id='par_1_37' title="bbox 146 3461 1482 3533">
     <span class='ocr_line' id='line_1_37' title="bbox 146 3461 1482 3533; baseline -0.002 -17"><span class='ocrx_word' id='word_1_232' title='bbox 146 3464 278 3517; x_wconf 90' lang='lat' dir='ltr'>Cum</span> <span class='ocrx_word' id='word_1_233' title='bbox 310 3480 518 3533; x_wconf 85' lang='lat' dir='ltr'>corpus</span> <span class='ocrx_word' id='word_1_234' title='bbox 551 3462 761 3516; x_wconf 90' lang='lat' dir='ltr'>tumuli</span> <span class='ocrx_word' id='word_1_235' title='bbox 791 3463 1024 3532; x_wconf 87' lang='lat' dir='ltr'>disjecta</span> <span class='ocrx_word' id='word_1_236' title='bbox 1057 3463 1203 3515; x_wconf 90' lang='lat' dir='ltr'>mole</span> <span class='ocrx_word' id='word_1_237' title='bbox 1233 3461 1482 3515; x_wconf 90' lang='lat' dir='ltr'>levatum</span> 
     </span>
    </p>
   </div>
   <div class='ocr_carea' id='block_1_38' title="bbox 148 3548 1655 3617">
    <p class='ocr_par' dir='ltr' id='par_1_38' title="bbox 148 3548 1655 3617">
     <span class='ocr_line' id='line_1_38' title="bbox 148 3548 1655 3617; baseline -0.002 -14"><span class='ocrx_word' id='word_1_238' title='bbox 148 3552 431 3605; x_wconf 87' lang='lat' dir='ltr'>Incolume</span> <span class='ocrx_word' id='word_1_239' title='bbox 462 3552 763 3604; x_wconf 89' lang='lat' dir='ltr'>inventum</span> <span class='ocrx_word' id='word_1_240' title='bbox 795 3555 897 3617; x_wconf 91' lang='lat' dir='ltr'>est,</span> <span class='ocrx_word' id='word_1_241' title='bbox 924 3554 979 3603; x_wconf 92' lang='lat' dir='ltr'>et</span> <span class='ocrx_word' id='word_1_242' title='bbox 1001 3550 1141 3603; x_wconf 90' lang='lat' dir='ltr'>dens</span> <span class='ocrx_word' id='word_1_243' title='bbox 1170 3549 1423 3602; x_wconf 89' lang='lat' dir='ltr'>sublatus</span> <span class='ocrx_word' id='word_1_244' title='bbox 1456 3548 1524 3602; x_wconf 87' lang='lat' dir='ltr'>ab</span> <span class='ocrx_word' id='word_1_245' title='bbox 1558 3564 1655 3601; x_wconf 90' lang='lat' dir='ltr'>ore</span> 
     </span>
    </p>
   </div>
   <div class='ocr_carea' id='block_1_39' title="bbox 148 3639 1503 3709">
    <p class='ocr_par' dir='ltr' id='par_1_39' title="bbox 148 3639 1503 3709">
     <span class='ocr_line' id='line_1_39' title="bbox 148 3639 1503 3709; baseline -0.001 -16"><span class='ocrx_word' id='word_1_246' title='bbox 148 3640 307 3693; x_wconf 81' lang='lat' dir='ltr'>Fudit</span> <span class='ocrx_word' id='word_1_247' title='bbox 341 3640 690 3709; x_wconf 89' lang='lat' dir='ltr'>sanguineas</span> <span class='ocrx_word' id='word_1_248' title='bbox 722 3642 785 3692; x_wconf 93' lang='lat' dir='ltr'>ut</span> <span class='ocrx_word' id='word_1_249' title='bbox 813 3639 938 3692; x_wconf 91' lang='lat' dir='ltr'>vivo</span> <span class='ocrx_word' id='word_1_250' title='bbox 970 3654 999 3691; x_wconf 91' lang='lat' dir='ltr'>e</span> <span class='ocrx_word' id='word_1_251' title='bbox 1026 3654 1261 3707; x_wconf 91' lang='lat' dir='ltr'>corpore</span> <span class='ocrx_word' id='word_1_252' title='bbox 1292 3641 1503 3707; x_wconf 87' lang='lat' dir='ltr'>guttas.</span> 
     </span>
    </p>
   </div>
   <div class='ocr_carea' id='block_1_40' title="bbox 146 3722 1685 3797">
    <p class='ocr_par' dir='ltr' id='par_1_40' title="bbox 146 3722 1685 3797">
     <span class='ocr_line' id='line_1_40' title="bbox 146 3722 1685 3797; baseline -0.003 -17"><span class='ocrx_word' id='word_1_253' title='bbox 146 3727 395 3797; x_wconf 82' lang='lat' dir='ltr'>Abneget</span> <span class='ocrx_word' id='word_1_254' title='bbox 423 3728 534 3780; x_wconf 92' lang='lat' dir='ltr'>hoc</span> <span class='ocrx_word' id='word_1_255' title='bbox 561 3725 727 3779; x_wconf 88' lang='lat' dir='ltr'>facile</span> <span class='ocrx_word' id='word_1_256' title='bbox 761 3730 863 3793; x_wconf 88' lang='lat' dir='ltr'>est,</span> <span class='ocrx_word' id='word_1_257' title='bbox 897 3724 1155 3795; x_wconf 90' lang='lat' dir='ltr'>quisquis</span> <span class='ocrx_word' id='word_1_258' title='bbox 1188 3724 1255 3777; x_wconf 90' lang='lat' dir='ltr'>de</span> <span class='ocrx_word' id='word_1_259' title='bbox 1288 3738 1525 3793; x_wconf 89' lang='lat' dir='ltr'>corpore</span> <span class='ocrx_word' id='word_1_260' title='bbox 1557 3722 1685 3775; x_wconf 87' lang='lat' dir='ltr'>Jesu</span> 
     </span>
    </p>
   </div>
   <div class='ocr_carea' id='block_1_41' title="bbox 146 3813 1385 3884">
    <p class='ocr_par' dir='ltr' id='par_1_41' title="bbox 146 3813 1385 3884">
     <span class='ocr_line' id='line_1_41' title="bbox 146 3813 1385 3884; baseline -0.002 -16"><span class='ocrx_word' id='word_1_261' title='bbox 146 3815 206 3867; x_wconf 87' lang='lat' dir='ltr'>ln</span> <span class='ocrx_word' id='word_1_262' title='bbox 236 3831 401 3868; x_wconf 88' lang='lat' dir='ltr'>cruce</span> <span class='ocrx_word' id='word_1_263' title='bbox 432 3813 645 3867; x_wconf 80' lang='lat' dir='ltr'>conﬁxi</span> <span class='ocrx_word' id='word_1_264' title='bbox 672 3830 939 3884; x_wconf 91' lang='lat' dir='ltr'>percusso</span> <span class='ocrx_word' id='word_1_265' title='bbox 970 3813 1172 3866; x_wconf 89' lang='lat' dir='ltr'>militis</span> <span class='ocrx_word' id='word_1_266' title='bbox 1202 3814 1385 3873; x_wconf 87' lang='lat' dir='ltr'>hasta,</span> 
     </span>
    </p>
   </div>
   <div class='ocr_carea' id='block_1_42' title="bbox 148 3900 1761 3971">
    <p class='ocr_par' dir='ltr' id='par_1_42' title="bbox 148 3900 1761 3971">
     <span class='ocr_line' id='line_1_42' title="bbox 148 3900 1761 3971; baseline -0.001 -16"><span class='ocrx_word' id='word_1_267' title='bbox 148 3903 269 3956; x_wconf 83' lang='lat' dir='ltr'>Non</span> <span class='ocrx_word' id='word_1_268' title='bbox 300 3903 481 3956; x_wconf 88' lang='lat' dir='ltr'>credit</span> <span class='ocrx_word' id='word_1_269' title='bbox 511 3918 770 3956; x_wconf 77' lang='lat' dir='ltr'>manasse</span> <span class='ocrx_word' id='word_1_270' title='bbox 800 3918 986 3956; x_wconf 89' lang='lat' dir='ltr'>sacras</span> <span class='ocrx_word' id='word_1_271' title='bbox 1010 3917 1138 3953; x_wconf 90' lang='lat' dir='ltr'>cum</span> <span class='ocrx_word' id='word_1_272' title='bbox 1170 3901 1447 3970; x_wconf 88' lang='lat' dir='ltr'>sanguine</span> <span class='ocrx_word' id='word_1_273' title='bbox 1478 3900 1761 3971; x_wconf 80' lang='lat' dir='ltr'>lymphas.</span> 
     </span>
    </p>
   </div>
   <div class='ocr_carea' id='block_1_43' title="bbox 147 3989 1391 4061">
    <p class='ocr_par' dir='ltr' id='par_1_43' title="bbox 147 3989 1391 4061">
     <span class='ocr_line' id='line_1_43' title="bbox 147 3989 1391 4061; baseline -0.002 -18"><span class='ocrx_word' id='word_1_274' title='bbox 147 3990 199 4043; x_wconf 89' lang='lat' dir='ltr'>Si</span> <span class='ocrx_word' id='word_1_275' title='bbox 228 3991 443 4061; x_wconf 66' lang='lat' dir='ltr'>quaeris</span> <span class='ocrx_word' id='word_1_276' title='bbox 472 3996 671 4058; x_wconf 88' lang='lat' dir='ltr'>testes,</span> <span class='ocrx_word' id='word_1_277' title='bbox 706 3990 839 4044; x_wconf 86' lang='lat' dir='ltr'>ﬁdei</span> <span class='ocrx_word' id='word_1_278' title='bbox 866 3990 1071 4043; x_wconf 89' lang='lat' dir='ltr'>virtute</span> <span class='ocrx_word' id='word_1_279' title='bbox 1101 3989 1391 4054; x_wconf 88' lang='lat' dir='ltr'>vacillans,</span> 
     </span>
    </p>
   </div>
   <div class='ocr_carea' id='block_1_44' title="bbox 149 4078 1589 4149">
    <p class='ocr_par' dir='ltr' id='par_1_44' title="bbox 149 4078 1589 4149">
     <span class='ocr_line' id='line_1_44' title="bbox 149 4078 1589 4149; baseline -0.001 -18"><span class='ocrx_word' id='word_1_280' title='bbox 149 4078 262 4131; x_wconf 84' lang='lat' dir='ltr'>Huc</span> <span class='ocrx_word' id='word_1_281' title='bbox 292 4079 506 4144; x_wconf 84' lang='lat' dir='ltr'>venias,</span> <span class='ocrx_word' id='word_1_282' title='bbox 541 4094 780 4145; x_wconf 88' lang='lat' dir='ltr'>moneo;</span> <span class='ocrx_word' id='word_1_283' title='bbox 812 4078 1053 4149; x_wconf 88' lang='lat' dir='ltr'>aspicies</span> <span class='ocrx_word' id='word_1_284' title='bbox 1083 4078 1305 4131; x_wconf 85' lang='lat' dir='ltr'>diversa</span> <span class='ocrx_word' id='word_1_285' title='bbox 1335 4078 1589 4130; x_wconf 84' lang='lat' dir='ltr'>virorum</span> 
     </span>
    </p>
   </div>
   <div class='ocr_carea' id='block_1_45' title="bbox 147 4165 1632 4237">
    <p class='ocr_par' dir='ltr' id='par_1_45' title="bbox 147 4165 1632 4237">
     <span class='ocr_line' id='line_1_45' title="bbox 147 4165 1632 4237; baseline -0.002 -17"><span class='ocrx_word' id='word_1_286' title='bbox 147 4167 390 4237; x_wconf 78' lang='lat' dir='ltr'>Agmina</span> <span class='ocrx_word' id='word_1_287' title='bbox 419 4166 885 4237; x_wconf 88' lang='lat' dir='ltr'>multiplicesque</span> <span class='ocrx_word' id='word_1_288' title='bbox 918 4182 1080 4219; x_wconf 90' lang='lat' dir='ltr'>senes</span> <span class='ocrx_word' id='word_1_289' title='bbox 1110 4170 1273 4219; x_wconf 73' lang='lat' dir='ltr'>aetate</span> <span class='ocrx_word' id='word_1_290' title='bbox 1304 4165 1584 4218; x_wconf 91' lang='lat' dir='ltr'>verendos</span> <span class='ocrx_word' id='word_1_291' title='bbox 1619 4181 1632 4217; x_wconf 91' lang='lat'><strong>:</strong></span> 
     </span>
    </p>
   </div>
   <div class='ocr_carea' id='block_1_46' title="bbox 150 4253 1705 4325">
    <p class='ocr_par' dir='ltr' id='par_1_46' title="bbox 150 4253 1705 4325">
     <span class='ocr_line' id='line_1_46' title="bbox 150 4253 1705 4325; baseline -0.001 -19"><span class='ocrx_word' id='word_1_292' title='bbox 150 4254 247 4307; x_wconf 81' lang='lat' dir='ltr'>Vas</span> <span class='ocrx_word' id='word_1_293' title='bbox 276 4270 511 4324; x_wconf 87' lang='lat' dir='ltr'>quoque</span> <span class='ocrx_word' id='word_1_294' title='bbox 544 4259 834 4325; x_wconf 88' lang='lat' dir='ltr'>susceptos</span> <span class='ocrx_word' id='word_1_295' title='bbox 864 4253 1076 4324; x_wconf 88' lang='lat' dir='ltr'>poterit</span> <span class='ocrx_word' id='word_1_296' title='bbox 1108 4256 1424 4307; x_wconf 89' lang='lat' dir='ltr'>monstrare</span> <span class='ocrx_word' id='word_1_297' title='bbox 1456 4269 1705 4306; x_wconf 90' lang='lat' dir='ltr'>cruores.</span> 
     </span>
    </p>
   </div>
   <div class='ocr_carea' id='block_1_47' title="bbox 220 4341 1750 4413">
    <p class='ocr_par' dir='ltr' id='par_1_47' title="bbox 220 4341 1750 4413">
     <span class='ocr_line' id='line_1_47' title="bbox 220 4341 1750 4413; baseline 0 -18"><span class='ocrx_word' id='word_1_298' title='bbox 220 4346 300 4397; x_wconf 86' lang='lat' dir='ltr'>l3.</span> <span class='ocrx_word' id='word_1_299' title='bbox 336 4344 381 4396; x_wconf 93' lang='grc' dir='ltr'><strong>Ο</strong></span> <span class='ocrx_word' id='word_1_300' title='bbox 411 4342 660 4410; x_wconf 85' lang='lat' dir='ltr'>genitor,</span> <span class='ocrx_word' id='word_1_301' title='bbox 694 4347 906 4413; x_wconf 85' lang='lat' dir='ltr'>pastor,</span> <span class='ocrx_word' id='word_1_302' title='bbox 942 4342 1156 4405; x_wconf 91' lang='lat' dir='ltr'>doctor,</span> <span class='ocrx_word' id='word_1_303' title='bbox 1192 4342 1462 4407; x_wconf 88' lang='lat' dir='ltr'>nutritor,</span> <span class='ocrx_word' id='word_1_304' title='bbox 1499 4341 1750 4395; x_wconf 87' lang='lat' dir='ltr'>amator!</span> 
     </span>
    </p>
   </div>
   <div class='ocr_carea' id='block_1_48' title="bbox 148 4429 1607 4494">
    <p class='ocr_par' dir='ltr' id='par_1_48' title="bbox 148 4429 1607 4494">
     <span class='ocr_line' id='line_1_48' title="bbox 148 4429 1607 4494; baseline 0 -11"><span class='ocrx_word' id='word_1_305' title='bbox 148 4431 262 4494; x_wconf 88' lang='lat' dir='ltr'>Quo</span> <span class='ocrx_word' id='word_1_306' title='bbox 294 4432 450 4484; x_wconf 90' lang='lat' dir='ltr'>locus</span> <span class='ocrx_word' id='word_1_307' title='bbox 480 4431 585 4484; x_wconf 90' lang='lat' dir='ltr'>iste</span> <span class='ocrx_word' id='word_1_308' title='bbox 614 4431 760 4484; x_wconf 88' lang='lat' dir='ltr'>nitet</span> <span class='ocrx_word' id='word_1_309' title='bbox 788 4434 1077 4484; x_wconf 90' lang='lat' dir='ltr'>tantorum</span> <span class='ocrx_word' id='word_1_310' title='bbox 1112 4429 1269 4483; x_wconf 88' lang='lat' dir='ltr'>dives</span> <span class='ocrx_word' id='word_1_311' title='bbox 1300 4429 1607 4483; x_wconf 90' lang='lat' dir='ltr'>honorum.</span> 
     </span>
    </p>
   </div>
   <div class='ocr_carea' id='block_1_49' title="bbox 148 4517 1601 4588">
    <p class='ocr_par' dir='ltr' id='par_1_49' title="bbox 148 4517 1601 4588">
     <span class='ocr_line' id='line_1_49' title="bbox 148 4517 1601 4588; baseline -0.001 -16"><span class='ocrx_word' id='word_1_312' title='bbox 148 4520 320 4583; x_wconf 85' lang='lat' dir='ltr'>Quem</span> <span class='ocrx_word' id='word_1_313' title='bbox 349 4518 475 4572; x_wconf 58' lang='lat' dir='ltr'>caeli</span> <span class='ocrx_word' id='word_1_314' title='bbox 506 4534 753 4588; x_wconf 88' lang='lat' dir='ltr'>regnum</span> <span class='ocrx_word' id='word_1_315' title='bbox 786 4517 1111 4574; x_wconf 87' lang='lat' dir='ltr'>veneranda</span> <span class='ocrx_word' id='word_1_316' title='bbox 1139 4533 1277 4587; x_wconf 87' lang='lat' dir='ltr'>pace</span> <span class='ocrx_word' id='word_1_317' title='bbox 1306 4521 1601 4585; x_wconf 88' lang='lat' dir='ltr'>receptum</span> 
     </span>
    </p>
   </div>
   <div class='ocr_carea' id='block_1_50' title="bbox 149 4606 1619 4673">
    <p class='ocr_par' dir='ltr' id='par_1_50' title="bbox 149 4606 1619 4673">
     <span class='ocr_line' id='line_1_50' title="bbox 149 4606 1619 4673; baseline -0.001 -12"><span class='ocrx_word' id='word_1_318' title='bbox 149 4608 382 4673; x_wconf 68' lang='lat' dir='ltr'>Exaltat,</span> <span class='ocrx_word' id='word_1_319' title='bbox 417 4606 670 4672; x_wconf 88' lang='lat' dir='ltr'>decorat,</span> <span class='ocrx_word' id='word_1_320' title='bbox 703 4606 1006 4669; x_wconf 89' lang='lat' dir='ltr'>collaudat,</span> <span class='ocrx_word' id='word_1_321' title='bbox 1041 4606 1307 4671; x_wconf 86' lang='lat' dir='ltr'>honorat,</span> <span class='ocrx_word' id='word_1_322' title='bbox 1335 4606 1574 4659; x_wconf 89' lang='lat' dir='ltr'>adornat</span> <span class='ocrx_word' id='word_1_323' title='bbox 1606 4622 1619 4659; x_wconf 73' lang='grc' dir='ltr'><strong>ε</strong></span> 
     </span>
    </p>
   </div>
   <div class='ocr_carea' id='block_1_51' title="bbox 148 4694 1388 4764">
    <p class='ocr_par' dir='ltr' id='par_1_51' title="bbox 148 4694 1388 4764">
     <span class='ocr_line' id='line_1_51' title="bbox 148 4694 1388 4764; baseline -0.002 -16"><span class='ocrx_word' id='word_1_324' title='bbox 148 4695 437 4749; x_wconf 89' lang='lat' dir='ltr'>Intercede</span> <span class='ocrx_word' id='word_1_325' title='bbox 469 4695 580 4764; x_wconf 90' lang='lat' dir='ltr'>piis</span> <span class='ocrx_word' id='word_1_326' title='bbox 612 4695 793 4748; x_wconf 75' lang='lat' dir='ltr'>veniae</span> <span class='ocrx_word' id='word_1_327' title='bbox 822 4694 1165 4748; x_wconf 87' lang='lat' dir='ltr'>commercia</span> <span class='ocrx_word' id='word_1_328' title='bbox 1194 4694 1388 4759; x_wconf 90' lang='lat' dir='ltr'>servis,</span> 
     </span>
    </p>
   </div>
   <div class='ocr_carea' id='block_1_52' title="bbox 148 4781 1375 4853">
    <p class='ocr_par' dir='ltr' id='par_1_52' title="bbox 148 4781 1375 4853">
     <span class='ocr_line' id='line_1_52' title="bbox 148 4781 1375 4853; baseline -0.002 -16"><span class='ocrx_word' id='word_1_329' title='bbox 148 4784 220 4837; x_wconf 85' lang='lat' dir='ltr'>Ac</span> <span class='ocrx_word' id='word_1_330' title='bbox 248 4784 459 4853; x_wconf 89' lang='lat' dir='ltr'>largire</span> <span class='ocrx_word' id='word_1_331' title='bbox 493 4782 602 4836; x_wconf 87' lang='lat' dir='ltr'>tuis</span> <span class='ocrx_word' id='word_1_332' title='bbox 626 4783 909 4836; x_wconf 91' lang='lat' dir='ltr'>consortia</span> <span class='ocrx_word' id='word_1_333' title='bbox 938 4783 1080 4835; x_wconf 91' lang='lat' dir='ltr'>lucis</span> <span class='ocrx_word' id='word_1_334' title='bbox 1110 4781 1375 4835; x_wconf 90' lang='lat' dir='ltr'>alumnis.</span> 
     </span>
    </p>
   </div>
   <div class='ocr_carea' id='block_1_53' title="bbox 147 4868 1775 4942">
    <p class='ocr_par' dir='ltr' id='par_1_53' title="bbox 147 4868 1775 4942">
     <span class='ocr_line' id='line_1_53' title="bbox 147 4868 1775 4942; baseline -0.001 -18"><span class='ocrx_word' id='word_1_335' title='bbox 147 4871 398 4942; x_wconf 88' lang='lat' dir='ltr'>Cumque</span> <span class='ocrx_word' id='word_1_336' title='bbox 432 4872 582 4924; x_wconf 91' lang='lat' dir='ltr'>Deus</span> <span class='ocrx_word' id='word_1_337' title='bbox 612 4870 849 4925; x_wconf 89' lang='lat' dir='ltr'>veniens</span> <span class='ocrx_word' id='word_1_338' title='bbox 879 4876 1148 4924; x_wconf 91' lang='lat' dir='ltr'>cunctum</span> <span class='ocrx_word' id='word_1_339' title='bbox 1178 4869 1524 4923; x_wconf 90' lang='lat' dir='ltr'>concusserit</span> <span class='ocrx_word' id='word_1_340' title='bbox 1553 4868 1775 4937; x_wconf 90' lang='lat' dir='ltr'>orbem,</span> 
     </span>
    </p>
   </div>
   <div class='ocr_carea' id='block_1_54' title="bbox 147 4956 1575 5027">
    <p class='ocr_par' dir='ltr' id='par_1_54' title="bbox 147 4956 1575 5027">
     <span class='ocr_line' id='line_1_54' title="bbox 147 4956 1575 5027; baseline -0.003 -14"><span class='ocrx_word' id='word_1_341' title='bbox 147 4961 279 5014; x_wconf 89' lang='lat' dir='ltr'>Cum</span> <span class='ocrx_word' id='word_1_342' title='bbox 308 4958 623 5012; x_wconf 88' lang='lat' dir='ltr'>tremulam</span> <span class='ocrx_word' id='word_1_343' title='bbox 656 4963 869 5011; x_wconf 90' lang='lat' dir='ltr'>terram</span> <span class='ocrx_word' id='word_1_344' title='bbox 901 4958 1061 5011; x_wconf 77' lang='lat' dir='ltr'>velox</span> <span class='ocrx_word' id='word_1_345' title='bbox 1097 4957 1375 5010; x_wconf 82' lang='lat' dir='ltr'>exusserit</span> <span class='ocrx_word' id='word_1_346' title='bbox 1404 4956 1575 5027; x_wconf 91' lang='lat' dir='ltr'>ignis,</span> 
     </span>
    </p>
   </div>
   <div class='ocr_carea' id='block_1_55' title="bbox 147 5045 1384 5111">
    <p class='ocr_par' dir='ltr' id='par_1_55' title="bbox 147 5045 1384 5111">
     <span class='ocr_line' id='line_1_55' title="bbox 147 5045 1384 5111; baseline -0.003 -9"><span class='ocrx_word' id='word_1_347' title='bbox 147 5049 208 5102; x_wconf 84' lang='lat' dir='ltr'>Et</span> <span class='ocrx_word' id='word_1_348' title='bbox 240 5048 321 5101; x_wconf 91' lang='lat' dir='ltr'>sol</span> <span class='ocrx_word' id='word_1_349' title='bbox 351 5047 607 5101; x_wconf 89' lang='lat' dir='ltr'>detracta</span> <span class='ocrx_word' id='word_1_350' title='bbox 642 5061 747 5099; x_wconf 87' lang='lat' dir='ltr'>ceu</span> <span class='ocrx_word' id='word_1_351' title='bbox 772 5061 965 5099; x_wconf 88' lang='lat' dir='ltr'>saccus</span> <span class='ocrx_word' id='word_1_352' title='bbox 995 5047 1117 5099; x_wconf 92' lang='lat' dir='ltr'>luce</span> <span class='ocrx_word' id='word_1_353' title='bbox 1150 5045 1384 5111; x_wconf 86' lang='lat' dir='ltr'>carebit,</span> 
     </span>
    </p>
   </div>
   <div class='ocr_carea' id='block_1_56' title="bbox 148 5132 1517 5205">
    <p class='ocr_par' dir='ltr' id='par_1_56' title="bbox 148 5132 1517 5205">
     <span class='ocr_line' id='line_1_56' title="bbox 148 5132 1517 5205; baseline -0.004 -15"><span class='ocrx_word' id='word_1_354' title='bbox 148 5136 497 5205; x_wconf 89' lang='lat' dir='ltr'>Lunarisque</span> <span class='ocrx_word' id='word_1_355' title='bbox 527 5133 736 5204; x_wconf 87' lang='lat' dir='ltr'>globus</span> <span class='ocrx_word' id='word_1_356' title='bbox 764 5133 927 5187; x_wconf 86' lang='lat' dir='ltr'>furvo</span> <span class='ocrx_word' id='word_1_357' title='bbox 962 5132 1259 5188; x_wconf 81' lang='lat' dir='ltr'>claudatur</span> <span class='ocrx_word' id='word_1_358' title='bbox 1288 5132 1517 5200; x_wconf 88' lang='lat' dir='ltr'>amictu,</span> 
     </span>
    </p>
   </div>
   <div class='ocr_carea' id='block_1_57' title="bbox 213 5272 1838 5345">
    <p class='ocr_par' dir='ltr' id='par_1_57' title="bbox 213 5272 1838 5345">
     <span class='ocr_line' id='line_1_57' title="bbox 213 5272 1838 5345; baseline -0.002 -14"><span class='ocrx_word' id='word_1_359' title='bbox 213 5286 237 5310; x_wconf 79' lang='grc'><strong>⁸</strong></span> <span class='ocrx_word' id='word_1_360' title='bbox 264 5277 422 5331; x_wconf 83' lang='lat' dir='ltr'>Hanc</span> <span class='ocrx_word' id='word_1_361' title='bbox 471 5274 853 5329; x_wconf 83' lang='lat' dir='ltr'>elevationem</span> <span class='ocrx_word' id='word_1_362' title='bbox 905 5275 1209 5345; x_wconf 87' lang='lat' dir='ltr'>contigisse</span> <span class='ocrx_word' id='word_1_363' title='bbox 1258 5290 1349 5329; x_wconf 89' lang='lat' dir='ltr'>an.</span> <span class='ocrx_word' id='word_1_364' title='bbox 1394 5277 1510 5339; x_wconf 79' lang='lat'>123,</span> <span class='ocrx_word' id='word_1_365' title='bbox 1551 5277 1678 5344; x_wconf 90' lang='lat' dir='ltr'>post</span> <span class='ocrx_word' id='word_1_366' title='bbox 1710 5272 1838 5327; x_wconf 90' lang='lat' dir='ltr'>obi-</span> 
     </span>
    </p>
   </div>
   <div class='ocr_carea' id='block_1_58' title="bbox 150 5346 908 5417">
    <p class='ocr_par' dir='ltr' id='par_1_58' title="bbox 150 5346 908 5417">
     <span class='ocr_line' id='line_1_58' title="bbox 150 5346 908 5417; baseline -0.008 -15"><span class='ocrx_word' id='word_1_367' title='bbox 150 5353 264 5402; x_wconf 87' lang='lat' dir='ltr'>tum</span> <span class='ocrx_word' id='word_1_368' title='bbox 287 5350 410 5417; x_wconf 90' lang='lat' dir='ltr'>ejus</span> <span class='ocrx_word' id='word_1_369' title='bbox 449 5346 724 5410; x_wconf 83' lang='lat' dir='ltr'>diximus,</span> <span class='ocrx_word' id='word_1_370' title='bbox 760 5346 787 5411; x_wconf 85' lang='lat'><strong>§</strong></span> <span class='ocrx_word' id='word_1_371' title='bbox 829 5348 908 5417; x_wconf 78' lang='lat' dir='ltr'>l5.</span> 
     </span>
    </p>
   </div>
   <div class='ocr_carea' id='block_1_59' title="bbox 213 5414 1838 5483">
    <p class='ocr_par' dir='ltr' id='par_1_59' title="bbox 213 5414 1838 5483">
     <span class='ocr_line' id='line_1_59' title="bbox 213 5414 1838 5483; baseline -0.002 -11"><span class='ocrx_word' id='word_1_372' title='bbox 213 5421 234 5461; x_wconf 84' lang='lat' dir='ltr'>b</span> <span class='ocrx_word' id='word_1_373' title='bbox 270 5414 613 5472; x_wconf 81' lang='lat' dir='ltr'>Addebatur</span> <span class='ocrx_word' id='word_1_374' title='bbox 646 5431 659 5468; x_wconf 91' lang='lat'><strong>:</strong></span> <span class='ocrx_word' id='word_1_375' title='bbox 697 5416 940 5483; x_wconf 67' lang='lat' dir='ltr'>Emplicit</span> <span class='ocrx_word' id='word_1_376' title='bbox 975 5416 1103 5469; x_wconf 85' lang='lat' dir='ltr'>Vita</span> <span class='ocrx_word' id='word_1_377' title='bbox 1125 5415 1195 5470; x_wconf 87' lang='grc' dir='ltr'>Β.</span> <span class='ocrx_word' id='word_1_378' title='bbox 1230 5414 1479 5469; x_wconf 80' lang='lat' dir='ltr'>Amandi</span> <span class='ocrx_word' id='word_1_379' title='bbox 1497 5416 1838 5481; x_wconf 66' lang='lat' dir='ltr'>Con/&#39;essoris</span> 
     </span>
    </p>
   </div>
   <div class='ocr_carea' id='block_1_60' title="bbox 148 5486 1838 5557">
    <p class='ocr_par' dir='ltr' id='par_1_60' title="bbox 148 5486 1838 5557">
     <span class='ocr_line' id='line_1_60' title="bbox 148 5486 1838 5557; baseline -0.002 -14"><span class='ocrx_word' id='word_1_380' title='bbox 148 5490 370 5557; x_wconf 77' lang='lat' dir='ltr'>Christi,</span> <span class='ocrx_word' id='word_1_381' title='bbox 409 5488 476 5541; x_wconf 86' lang='lat' dir='ltr'>de</span> <span class='ocrx_word' id='word_1_382' title='bbox 497 5500 673 5555; x_wconf 77' lang='lat' dir='ltr'>prosa</span> <span class='ocrx_word' id='word_1_383' title='bbox 702 5487 944 5539; x_wconf 83' lang='lat' dir='ltr'>oratione</span> <span class='ocrx_word' id='word_1_384' title='bbox 964 5487 1022 5538; x_wconf 81' lang='lat' dir='ltr'>in</span> <span class='ocrx_word' id='word_1_385' title='bbox 1046 5486 1345 5540; x_wconf 75' lang='lat' dir='ltr'>Heroicum</span> <span class='ocrx_word' id='word_1_386' title='bbox 1374 5500 1587 5540; x_wconf 78' lang='lat' dir='ltr'>carmen</span> <span class='ocrx_word' id='word_1_387' title='bbox 1619 5487 1838 5539; x_wconf 79' lang='lat' dir='ltr'>metrico</span> 
     </span>
    </p>
   </div>
   <div class='ocr_carea' id='block_1_61' title="bbox 1295 245 2413 301">
    <p class='ocr_par' dir='ltr' id='par_1_61' title="bbox 1295 245 2413 301">
     <span class='ocr_line' id='line_1_61' title="bbox 1295 245 2413 301; baseline 0 -3"><span class='ocrx_word' id='word_1_388' title='bbox 1295 245 1382 299; x_wconf 88' lang='lat' dir='ltr'>DE</span> <span class='ocrx_word' id='word_1_389' title='bbox 1425 245 1581 299; x_wconf 82' lang='lat' dir='ltr'>VITA</span> <span class='ocrx_word' id='word_1_390' title='bbox 1627 246 1680 299; x_wconf 90' lang='lat' dir='ltr'>S.</span> <span class='ocrx_word' id='word_1_391' title='bbox 1725 245 2016 301; x_wconf 78' lang='lat' dir='ltr'>AMANDI.</span> <span class='ocrx_word' id='word_1_392' title='bbox 2046 275 2114 284; x_wconf 92' lang='lat'>—</span> <span class='ocrx_word' id='word_1_393' title='bbox 2154 245 2284 300; x_wconf 84' lang='lat' dir='ltr'><strong>LIB.</strong></span> <span class='ocrx_word' id='word_1_394' title='bbox 2327 246 2413 301; x_wconf 80' lang='lat' dir='ltr'>IV.</span> 
     </span>
    </p>
   </div>
   <div class='ocr_carea' id='block_1_62' title="bbox 3517 254 3619 303">
    <p class='ocr_par' dir='ltr' id='par_1_62' title="bbox 3517 254 3619 303">
     <span class='ocr_line' id='line_1_62' title="bbox 3517 254 3619 303; baseline 0 0"><span class='ocrx_word' id='word_1_395' title='bbox 3517 254 3619 303; x_wconf 80' lang='grc'>966</span> 
     </span>
    </p>
   </div>
   <div class='ocr_carea' id='block_1_63' title="bbox 1848 382 3501 453">
    <p class='ocr_par' dir='ltr' id='par_1_63' title="bbox 1848 382 3501 453">
     <span class='ocr_line' id='line_1_63' title="bbox 1848 382 3501 453; baseline 0.003 -19"><span class='ocrx_word' id='word_1_396' title='bbox 1848 385 1893 434; x_wconf 86' lang='grc' dir='ltr'>Α</span> <span class='ocrx_word' id='word_1_397' title='bbox 1918 382 2184 451; x_wconf 89' lang='lat' dir='ltr'>Sulphur,</span> <span class='ocrx_word' id='word_1_398' title='bbox 2221 384 2335 452; x_wconf 80' lang='lat' dir='ltr'>pix,</span> <span class='ocrx_word' id='word_1_399' title='bbox 2367 384 2589 449; x_wconf 88' lang='lat' dir='ltr'>horror,</span> <span class='ocrx_word' id='word_1_400' title='bbox 2622 389 2822 450; x_wconf 89' lang='lat' dir='ltr'>tortor,</span> <span class='ocrx_word' id='word_1_401' title='bbox 2858 390 3166 451; x_wconf 89' lang='lat' dir='ltr'>tormenta,</span> <span class='ocrx_word' id='word_1_402' title='bbox 3222 387 3501 453; x_wconf 89' lang='lat' dir='ltr'>caminus,</span> 
     </span>
    </p>
   </div>
   <div class='ocr_carea' id='block_1_64' title="bbox 1927 470 3335 543">
    <p class='ocr_par' dir='ltr' id='par_1_64' title="bbox 1927 470 3335 543">
     <span class='ocr_line' id='line_1_64' title="bbox 1927 470 3335 543; baseline 0.004 -21"><span class='ocrx_word' id='word_1_403' title='bbox 1927 470 2225 535; x_wconf 75' lang='lat' dir='ltr'>Alfuerint,</span> <span class='ocrx_word' id='word_1_404' title='bbox 2256 473 2549 542; x_wconf 83' lang='lat' dir='ltr'>Judexque</span> <span class='ocrx_word' id='word_1_405' title='bbox 2589 474 2790 526; x_wconf 90' lang='lat' dir='ltr'>sedens</span> <span class='ocrx_word' id='word_1_406' title='bbox 2810 473 3164 543; x_wconf 87' lang='lat' dir='ltr'>justissimus</span> <span class='ocrx_word' id='word_1_407' title='bbox 3198 473 3335 539; x_wconf 88' lang='lat' dir='ltr'>illic,</span> 
     </span>
    </p>
   </div>
   <div class='ocr_carea' id='block_1_65' title="bbox 1927 559 3353 628">
    <p class='ocr_par' dir='ltr' id='par_1_65' title="bbox 1927 559 3353 628">
     <span class='ocr_line' id='line_1_65' title="bbox 1927 559 3353 628; baseline 0.004 -17"><span class='ocrx_word' id='word_1_408' title='bbox 1927 559 2382 628; x_wconf 86' lang='lat' dir='ltr'>Sanctorumque</span> <span class='ocrx_word' id='word_1_409' title='bbox 2412 561 2612 613; x_wconf 88' lang='lat' dir='ltr'>cohors</span> <span class='ocrx_word' id='word_1_410' title='bbox 2641 566 2838 614; x_wconf 89' lang='lat' dir='ltr'>ornata</span> <span class='ocrx_word' id='word_1_411' title='bbox 2873 562 3074 615; x_wconf 89' lang='lat' dir='ltr'>sedilia</span> <span class='ocrx_word' id='word_1_412' title='bbox 3106 562 3353 627; x_wconf 83' lang='lat' dir='ltr'>habebit,</span> 
     </span>
    </p>
   </div>
   <div class='ocr_carea' id='block_1_66' title="bbox 1928 646 3435 717">
    <p class='ocr_par' dir='ltr' id='par_1_66' title="bbox 1928 646 3435 717">
     <span class='ocr_line' id='line_1_66' title="bbox 1928 646 3435 717; baseline 0.003 -18"><span class='ocrx_word' id='word_1_413' title='bbox 1928 646 2083 699; x_wconf 89' lang='lat' dir='ltr'>Inter</span> <span class='ocrx_word' id='word_1_414' title='bbox 2112 650 2166 698; x_wconf 85' lang='lat' dir='ltr'>et</span> <span class='ocrx_word' id='word_1_415' title='bbox 2197 646 2298 699; x_wconf 89' lang='lat' dir='ltr'>bos</span> <span class='ocrx_word' id='word_1_416' title='bbox 2330 663 2590 715; x_wconf 87' lang='lat' dir='ltr'>proceres</span> <span class='ocrx_word' id='word_1_417' title='bbox 2620 664 2747 701; x_wconf 92' lang='lat' dir='ltr'>cum</span> <span class='ocrx_word' id='word_1_418' title='bbox 2782 649 2993 701; x_wconf 86' lang='lat' dir='ltr'>celsum</span> <span class='ocrx_word' id='word_1_419' title='bbox 3024 650 3152 717; x_wconf 88' lang='lat' dir='ltr'>jure</span> <span class='ocrx_word' id='word_1_420' title='bbox 3184 650 3435 703; x_wconf 88' lang='lat' dir='ltr'>tribunal</span> 
     </span>
    </p>
   </div>
   <div class='ocr_carea' id='block_1_67' title="bbox 1929 734 3328 803">
    <p class='ocr_par' dir='ltr' id='par_1_67' title="bbox 1929 734 3328 803">
     <span class='ocr_line' id='line_1_67' title="bbox 1929 734 3328 803; baseline 0.002 -17"><span class='ocrx_word' id='word_1_421' title='bbox 1929 734 2268 787; x_wconf 89' lang='lat' dir='ltr'>Consulibus</span> <span class='ocrx_word' id='word_1_422' title='bbox 2294 734 2508 803; x_wconf 89' lang='lat' dir='ltr'>junctis</span> <span class='ocrx_word' id='word_1_423' title='bbox 2542 736 2863 788; x_wconf 85' lang='lat' dir='ltr'>consederis</span> <span class='ocrx_word' id='word_1_424' title='bbox 2899 736 3120 789; x_wconf 75' lang='lat' dir='ltr'>Arbiter</span> <span class='ocrx_word' id='word_1_425' title='bbox 3151 737 3328 803; x_wconf 88' lang='lat' dir='ltr'>orbis,</span> 
     </span>
    </p>
   </div>
   <div class='ocr_carea' id='block_1_68' title="bbox 1926 821 3344 893">
    <p class='ocr_par' dir='ltr' id='par_1_68' title="bbox 1926 821 3344 893">
     <span class='ocr_line' id='line_1_68' title="bbox 1926 821 3344 893; baseline 0.002 -18"><span class='ocrx_word' id='word_1_426' title='bbox 1926 821 2207 875; x_wconf 71' lang='lat' dir='ltr'>Iudicium</span> <span class='ocrx_word' id='word_1_427' title='bbox 2244 827 2300 875; x_wconf 92' lang='lat' dir='ltr'>et</span> <span class='ocrx_word' id='word_1_428' title='bbox 2321 822 2543 892; x_wconf 89' lang='lat' dir='ltr'>justum</span> <span class='ocrx_word' id='word_1_429' title='bbox 2576 823 2766 875; x_wconf 90' lang='lat' dir='ltr'>liberis</span> <span class='ocrx_word' id='word_1_430' title='bbox 2798 824 3082 892; x_wconf 88' lang='lat' dir='ltr'>pandetur</span> <span class='ocrx_word' id='word_1_431' title='bbox 3112 825 3344 893; x_wconf 91' lang='lat' dir='ltr'>apertis,</span> 
     </span>
    </p>
   </div>
   <div class='ocr_carea' id='block_1_69' title="bbox 1930 909 3459 979">
    <p class='ocr_par' dir='ltr' id='par_1_69' title="bbox 1930 909 3459 979">
     <span class='ocr_line' id='line_1_69' title="bbox 1930 909 3459 979; baseline 0.001 -16"><span class='ocrx_word' id='word_1_432' title='bbox 1930 911 2087 963; x_wconf 83' lang='lat' dir='ltr'>Eheu</span> <span class='ocrx_word' id='word_1_433' title='bbox 2118 909 2254 979; x_wconf 90' lang='lat' dir='ltr'>quid</span> <span class='ocrx_word' id='word_1_434' title='bbox 2284 910 2489 963; x_wconf 88' lang='lat' dir='ltr'>faciam</span> <span class='ocrx_word' id='word_1_435' title='bbox 2523 909 2697 962; x_wconf 84' lang='lat' dir='ltr'>tunc?</span> <span class='ocrx_word' id='word_1_436' title='bbox 2729 926 2819 962; x_wconf 90' lang='lat' dir='ltr'>me</span> <span class='ocrx_word' id='word_1_437' title='bbox 2854 910 2981 979; x_wconf 89' lang='lat' dir='ltr'>quis</span> <span class='ocrx_word' id='word_1_438' title='bbox 3008 910 3244 963; x_wconf 89' lang='lat' dir='ltr'>Sanctus</span> <span class='ocrx_word' id='word_1_439' title='bbox 3273 912 3342 964; x_wconf 90' lang='lat' dir='ltr'>ab</span> <span class='ocrx_word' id='word_1_440' title='bbox 3372 911 3459 964; x_wconf 91' lang='lat' dir='ltr'>ira</span> 
     </span>
    </p>
   </div>
   <div class='ocr_carea' id='block_1_70' title="bbox 1930 997 3280 1068">
    <p class='ocr_par' dir='ltr' id='par_1_70' title="bbox 1930 997 3280 1068">
     <span class='ocr_line' id='line_1_70' title="bbox 1930 997 3280 1068; baseline -0.001 -16"><span class='ocrx_word' id='word_1_441' title='bbox 1930 998 2205 1068; x_wconf 87' lang='lat' dir='ltr'>Conteget</span> <span class='ocrx_word' id='word_1_442' title='bbox 2235 998 2509 1052; x_wconf 85' lang='lat' dir='ltr'>instanti?</span> <span class='ocrx_word' id='word_1_443' title='bbox 2541 1014 2670 1068; x_wconf 71' lang='lat' dir='ltr'>qua:</span> <span class='ocrx_word' id='word_1_444' title='bbox 2704 1014 2793 1051; x_wconf 89' lang='lat' dir='ltr'>me</span> <span class='ocrx_word' id='word_1_445' title='bbox 2827 997 3079 1051; x_wconf 83' lang='lat' dir='ltr'>defensio</span> <span class='ocrx_word' id='word_1_446' title='bbox 3111 999 3280 1051; x_wconf 87' lang='lat' dir='ltr'>tantis</span> 
     </span>
    </p>
   </div>
   <div class='ocr_carea' id='block_1_71' title="bbox 1930 1085 3331 1157">
    <p class='ocr_par' dir='ltr' id='par_1_71' title="bbox 1930 1085 3331 1157">
     <span class='ocr_line' id='line_1_71' title="bbox 1930 1085 3331 1157; baseline -0.001 -16"><span class='ocrx_word' id='word_1_447' title='bbox 1930 1087 2193 1141; x_wconf 87' lang='lat' dir='ltr'>Cladibus</span> <span class='ocrx_word' id='word_1_448' title='bbox 2224 1087 2465 1157; x_wconf 84' lang='lat' dir='ltr'>eripiet?</span> <span class='ocrx_word' id='word_1_449' title='bbox 2498 1088 2670 1156; x_wconf 88' lang='lat' dir='ltr'>Cujus</span> <span class='ocrx_word' id='word_1_450' title='bbox 2698 1087 2799 1139; x_wconf 91' lang='lat' dir='ltr'>sub</span> <span class='ocrx_word' id='word_1_451' title='bbox 2833 1086 3085 1155; x_wconf 88' lang='lat' dir='ltr'>tegmine</span> <span class='ocrx_word' id='word_1_452' title='bbox 3121 1085 3331 1139; x_wconf 88' lang='lat' dir='ltr'>montis</span> 
     </span>
    </p>
   </div>
   <div class='ocr_carea' id='block_1_72' title="bbox 1928 1172 3434 1239">
    <p class='ocr_par' dir='ltr' id='par_1_72' title="bbox 1928 1172 3434 1239">
     <span class='ocr_line' id='line_1_72' title="bbox 1928 1172 3434 1239; baseline -0.001 -13"><span class='ocrx_word' id='word_1_453' title='bbox 1928 1173 2375 1226; x_wconf 85' lang='lat' dir='ltr'>Abscondendus</span> <span class='ocrx_word' id='word_1_454' title='bbox 2398 1189 2516 1239; x_wconf 92' lang='lat' dir='ltr'>ero,</span> <span class='ocrx_word' id='word_1_455' title='bbox 2548 1172 2796 1225; x_wconf 79' lang='lat' dir='ltr'>flammis</span> <span class='ocrx_word' id='word_1_456' title='bbox 2830 1188 2899 1225; x_wconf 91' lang='lat' dir='ltr'>ne</span> <span class='ocrx_word' id='word_1_457' title='bbox 2931 1188 3139 1225; x_wconf 84' lang='lat' dir='ltr'>exurar</span> <span class='ocrx_word' id='word_1_458' title='bbox 3171 1172 3434 1226; x_wconf 84' lang='lat' dir='ltr'>acerbis?</span> 
     </span>
    </p>
   </div>
   <div class='ocr_carea' id='block_1_73' title="bbox 1931 1259 3348 1330">
    <p class='ocr_par' dir='ltr' id='par_1_73' title="bbox 1931 1259 3348 1330">
     <span class='ocr_line' id='line_1_73' title="bbox 1931 1259 3348 1330; baseline 0 -17"><span class='ocrx_word' id='word_1_459' title='bbox 1931 1260 2093 1324; x_wconf 87' lang='lat' dir='ltr'>Quod</span> <span class='ocrx_word' id='word_1_460' title='bbox 2123 1276 2211 1313; x_wconf 92' lang='lat' dir='ltr'>me</span> <span class='ocrx_word' id='word_1_461' title='bbox 2240 1265 2372 1313; x_wconf 91' lang='lat' dir='ltr'>tunc</span> <span class='ocrx_word' id='word_1_462' title='bbox 2405 1260 2594 1329; x_wconf 90' lang='lat' dir='ltr'>operis</span> <span class='ocrx_word' id='word_1_463' title='bbox 2620 1259 2762 1328; x_wconf 89' lang='lat' dir='ltr'>justi</span> <span class='ocrx_word' id='word_1_464' title='bbox 2792 1260 3054 1312; x_wconf 88' lang='lat' dir='ltr'>velamen</span> <span class='ocrx_word' id='word_1_465' title='bbox 3085 1265 3348 1330; x_wconf 86' lang='lat' dir='ltr'>Opertum</span> 
     </span>
    </p>
   </div>
   <div class='ocr_carea' id='block_1_74' title="bbox 1934 1347 3249 1417">
    <p class='ocr_par' dir='ltr' id='par_1_74' title="bbox 1934 1347 3249 1417">
     <span class='ocr_line' id='line_1_74' title="bbox 1934 1347 3249 1417; baseline -0.002 -16"><span class='ocrx_word' id='word_1_466' title='bbox 1934 1348 2150 1401; x_wconf 83' lang='lat' dir='ltr'>Eximet</span> <span class='ocrx_word' id='word_1_467' title='bbox 2178 1352 2235 1400; x_wconf 90' lang='lat' dir='ltr'>et</span> <span class='ocrx_word' id='word_1_468' title='bbox 2264 1348 2407 1401; x_wconf 86' lang='lat' dir='ltr'>tanti</span> <span class='ocrx_word' id='word_1_469' title='bbox 2440 1353 2699 1401; x_wconf 87' lang='lat' dir='ltr'>secernet</span> <span class='ocrx_word' id='word_1_470' title='bbox 2731 1347 2800 1400; x_wconf 89' lang='lat' dir='ltr'>ab</span> <span class='ocrx_word' id='word_1_471' title='bbox 2833 1347 2964 1417; x_wconf 90' lang='lat' dir='ltr'>igne</span> <span class='ocrx_word' id='word_1_472' title='bbox 2995 1347 3249 1400; x_wconf 89' lang='lat' dir='ltr'>camini?</span> 
     </span>
    </p>
   </div>
   <div class='ocr_carea' id='block_1_75' title="bbox 1932 1435 3361 1504">
    <p class='ocr_par' dir='ltr' id='par_1_75' title="bbox 1932 1435 3361 1504">
     <span class='ocr_line' id='line_1_75' title="bbox 1932 1435 3361 1504; baseline -0.001 -15"><span class='ocrx_word' id='word_1_473' title='bbox 1932 1436 2065 1501; x_wconf 90' lang='lat' dir='ltr'>Oro,</span> <span class='ocrx_word' id='word_1_474' title='bbox 2106 1436 2190 1489; x_wconf 92' lang='lat' dir='ltr'>tui</span> <span class='ocrx_word' id='word_1_475' title='bbox 2222 1440 2375 1500; x_wconf 92' lang='lat' dir='ltr'>tunc,</span> <span class='ocrx_word' id='word_1_476' title='bbox 2410 1440 2599 1488; x_wconf 88' lang='lat' dir='ltr'>sancte</span> <span class='ocrx_word' id='word_1_477' title='bbox 2634 1436 2817 1497; x_wconf 79' lang='lat' dir='ltr'>Pater,</span> <span class='ocrx_word' id='word_1_478' title='bbox 2853 1435 3123 1487; x_wconf 86' lang='lat' dir='ltr'>miserere</span> <span class='ocrx_word' id='word_1_479' title='bbox 3156 1438 3361 1504; x_wconf 65' lang='lat' dir='ltr'>poetae,</span> 
     </span>
    </p>
   </div>
   <div class='ocr_carea' id='block_1_76' title="bbox 1934 1522 3433 1594">
    <p class='ocr_par' dir='ltr' id='par_1_76' title="bbox 1934 1522 3433 1594">
     <span class='ocr_line' id='line_1_76' title="bbox 1934 1522 3433 1594; baseline 0.001 -18"><span class='ocrx_word' id='word_1_480' title='bbox 1934 1522 2159 1576; x_wconf 80' lang='lat' dir='ltr'>Dextris</span> <span class='ocrx_word' id='word_1_481' title='bbox 2194 1529 2362 1594; x_wconf 87' lang='lat' dir='ltr'>atque</span> <span class='ocrx_word' id='word_1_482' title='bbox 2393 1528 2554 1576; x_wconf 87' lang='lat' dir='ltr'>tuum</span> <span class='ocrx_word' id='word_1_483' title='bbox 2589 1523 2794 1576; x_wconf 76' lang='lat' dir='ltr'>turmis</span> <span class='ocrx_word' id='word_1_484' title='bbox 2824 1522 3108 1592; x_wconf 87' lang='lat' dir='ltr'>conjunge</span> <span class='ocrx_word' id='word_1_485' title='bbox 3140 1524 3433 1578; x_wconf 85' lang='lat' dir='ltr'>Milonem.</span> 
     </span>
    </p>
   </div>
   <div class='ocr_carea' id='block_1_77' title="bbox 1880 1611 3381 1665">
    <p class='ocr_par' dir='ltr' id='par_1_77' title="bbox 1880 1611 3381 1665">
     <span class='ocr_line' id='line_1_77' title="bbox 1880 1611 3381 1665; baseline -0.001 0"><span class='ocrx_word' id='word_1_486' title='bbox 1880 1634 1883 1641; x_wconf 64' lang='grc' dir='ltr'><em>υ</em></span> <span class='ocrx_word' id='word_1_487' title='bbox 1936 1613 2259 1665; x_wconf 85' lang='lat' dir='ltr'>Extremum</span> <span class='ocrx_word' id='word_1_488' title='bbox 2290 1617 2377 1664; x_wconf 89' lang='lat' dir='ltr'>sat</span> <span class='ocrx_word' id='word_1_489' title='bbox 2405 1611 2513 1665; x_wconf 88' lang='lat' dir='ltr'>erit</span> <span class='ocrx_word' id='word_1_490' title='bbox 2540 1612 2625 1663; x_wconf 87' lang='lat' dir='ltr'>vel</span> <span class='ocrx_word' id='word_1_491' title='bbox 2659 1612 3064 1665; x_wconf 89' lang='lat' dir='ltr'>commeruisse</span> <span class='ocrx_word' id='word_1_492' title='bbox 3094 1612 3381 1665; x_wconf 87' lang='lat' dir='ltr'>locellum.</span> 
     </span>
    </p>
   </div>
   <div class='ocr_carea' id='block_1_78' title="bbox 1860 1672 3278 1769">
    <p class='ocr_par' dir='ltr' id='par_1_78' title="bbox 1860 1672 3278 1769">
     <span class='ocr_line' id='line_1_78' title="bbox 1860 1672 3278 1769; baseline -0.002 -15"><span class='ocrx_word' id='word_1_493' title='bbox 1860 1672 1904 1727; x_wconf 80' lang='grc' dir='ltr'>Β</span> <span class='ocrx_word' id='word_1_494' title='bbox 1936 1703 2034 1754; x_wconf 90' lang='lat' dir='ltr'>Est</span> <span class='ocrx_word' id='word_1_495' title='bbox 2063 1700 2238 1753; x_wconf 89' lang='lat' dir='ltr'>etiam</span> <span class='ocrx_word' id='word_1_496' title='bbox 2265 1699 2532 1753; x_wconf 88' lang='lat' dir='ltr'>mihimet</span> <span class='ocrx_word' id='word_1_497' title='bbox 2560 1699 2770 1752; x_wconf 83' lang='lat' dir='ltr'>ﬁducia</span> <span class='ocrx_word' id='word_1_498' title='bbox 2798 1715 3005 1769; x_wconf 88' lang='lat' dir='ltr'>magna</span> <span class='ocrx_word' id='word_1_499' title='bbox 3037 1699 3278 1764; x_wconf 88' lang='lat' dir='ltr'>misello,</span> 
     </span>
    </p>
   </div>
   <div class='ocr_carea' id='block_1_79' title="bbox 1934 1786 3357 1857">
    <p class='ocr_par' dir='ltr' id='par_1_79' title="bbox 1934 1786 3357 1857">
     <span class='ocr_line' id='line_1_79' title="bbox 1934 1786 3357 1857; baseline -0.002 -15"><span class='ocrx_word' id='word_1_500' title='bbox 1934 1790 2049 1842; x_wconf 88' lang='lat' dir='ltr'>Hoc</span> <span class='ocrx_word' id='word_1_501' title='bbox 2080 1803 2253 1857; x_wconf 88' lang='lat' dir='ltr'>opere</span> <span class='ocrx_word' id='word_1_502' title='bbox 2285 1788 2603 1841; x_wconf 90' lang='lat' dir='ltr'>horrendos</span> <span class='ocrx_word' id='word_1_503' title='bbox 2636 1786 2891 1856; x_wconf 83' lang='lat' dir='ltr'>extingui</span> <span class='ocrx_word' id='word_1_504' title='bbox 2923 1803 3089 1857; x_wconf 91' lang='lat' dir='ltr'>posse</span> <span class='ocrx_word' id='word_1_505' title='bbox 3119 1786 3357 1851; x_wconf 88' lang='lat' dir='ltr'>furores,</span> 
     </span>
    </p>
   </div>
   <div class='ocr_carea' id='block_1_80' title="bbox 1933 1873 3483 1945">
    <p class='ocr_par' dir='ltr' id='par_1_80' title="bbox 1933 1873 3483 1945">
     <span class='ocr_line' id='line_1_80' title="bbox 1933 1873 3483 1945; baseline -0.003 -16"><span class='ocrx_word' id='word_1_506' title='bbox 1933 1876 2229 1930; x_wconf 90' lang='lat' dir='ltr'>Schemate</span> <span class='ocrx_word' id='word_1_507' title='bbox 2262 1876 2413 1945; x_wconf 90' lang='lat' dir='ltr'>quod</span> <span class='ocrx_word' id='word_1_508' title='bbox 2444 1874 2543 1927; x_wconf 89' lang='lat' dir='ltr'>vili</span> <span class='ocrx_word' id='word_1_509' title='bbox 2574 1874 2848 1944; x_wconf 91' lang='lat' dir='ltr'>scriptum</span> <span class='ocrx_word' id='word_1_510' title='bbox 2891 1879 3004 1940; x_wconf 85' lang='lat' dir='ltr'>est;</span> <span class='ocrx_word' id='word_1_511' title='bbox 3034 1874 3131 1929; x_wconf 91' lang='lat' dir='ltr'>sed</span> <span class='ocrx_word' id='word_1_512' title='bbox 3157 1878 3279 1927; x_wconf 90' lang='lat' dir='ltr'>vate</span> <span class='ocrx_word' id='word_1_513' title='bbox 3309 1873 3483 1928; x_wconf 87' lang='lat' dir='ltr'>ﬁdeli.</span> 
     </span>
    </p>
   </div>
   <div class='ocr_carea' id='block_1_81' title="bbox 1934 1963 3623 2034">
    <p class='ocr_par' dir='ltr' id='par_1_81' title="bbox 1934 1963 3623 2034">
     <span class='ocr_line' id='line_1_81' title="bbox 1934 1963 3623 2034; baseline -0.001 -16"><span class='ocrx_word' id='word_1_514' title='bbox 1934 1968 2145 2019; x_wconf 90' lang='lat' dir='ltr'>Parvus</span> <span class='ocrx_word' id='word_1_515' title='bbox 2176 1965 2361 2018; x_wconf 92' lang='lat' dir='ltr'>honor</span> <span class='ocrx_word' id='word_1_516' title='bbox 2390 1980 2621 2017; x_wconf 87' lang='lat' dir='ltr'>carmen</span> <span class='ocrx_word' id='word_1_517' title='bbox 2652 1964 2923 2017; x_wconf 90' lang='lat' dir='ltr'>stolidum</span> <span class='ocrx_word' id='word_1_518' title='bbox 2951 1968 3052 2027; x_wconf 89' lang='lat' dir='ltr'>est,</span> <span class='ocrx_word' id='word_1_519' title='bbox 3087 1964 3183 2017; x_wconf 87' lang='lat' dir='ltr'>sed</span> <span class='ocrx_word' id='word_1_520' title='bbox 3206 1963 3442 2034; x_wconf 86' lang='lat' dir='ltr'>grandia</span> <span class='ocrx_word' id='word_1_521' title='bbox 3470 1978 3623 2016; x_wconf 88' lang='lat' dir='ltr'>amo-</span> 
     </span>
    </p>
   </div>
   <div class='ocr_carea' id='block_1_82' title="bbox 1934 2051 3625 2122">
    <p class='ocr_par' dir='ltr' id='par_1_82' title="bbox 1934 2051 3625 2122">
     <span class='ocr_line' id='line_1_82' title="bbox 1934 2051 3625 2122; baseline -0.003 -14"><span class='ocrx_word' id='word_1_522' title='bbox 1934 2054 2080 2108; x_wconf 91' lang='lat' dir='ltr'>Sunt</span> <span class='ocrx_word' id='word_1_523' title='bbox 2107 2053 2249 2106; x_wconf 91' lang='lat' dir='ltr'>mihi</span> <span class='ocrx_word' id='word_1_524' title='bbox 2281 2057 2408 2106; x_wconf 88' lang='lat' dir='ltr'>vota</span> <span class='ocrx_word' id='word_1_525' title='bbox 2439 2052 2551 2105; x_wconf 90' lang='lat' dir='ltr'>tuis</span> <span class='ocrx_word' id='word_1_526' title='bbox 2580 2052 2638 2104; x_wconf 93' lang='lat' dir='ltr'>in</span> <span class='ocrx_word' id='word_1_527' title='bbox 2670 2052 2959 2117; x_wconf 84' lang='lat' dir='ltr'>laudibus,</span> <span class='ocrx_word' id='word_1_528' title='bbox 2992 2052 3208 2122; x_wconf 85' lang='lat' dir='ltr'>optime</span> <span class='ocrx_word' id='word_1_529' title='bbox 3243 2054 3452 2106; x_wconf 87' lang='lat' dir='ltr'>Pastor.</span> <span class='ocrx_word' id='word_1_530' title='bbox 3526 2051 3625 2119; x_wconf 83' lang='lat' dir='ltr'>[ris</span> 
     </span>
    </p>
   </div>
   <div class='ocr_carea' id='block_1_83' title="bbox 1941 2140 3171 2211">
    <p class='ocr_par' dir='ltr' id='par_1_83' title="bbox 1941 2140 3171 2211">
     <span class='ocr_line' id='line_1_83' title="bbox 1941 2140 3171 2211; baseline -0.003 -14"><span class='ocrx_word' id='word_1_531' title='bbox 1941 2144 2006 2197; x_wconf 84' lang='lat' dir='ltr'>Et</span> <span class='ocrx_word' id='word_1_532' title='bbox 2036 2143 2083 2196; x_wconf 89' lang='lat' dir='ltr'>si</span> <span class='ocrx_word' id='word_1_533' title='bbox 2115 2142 2384 2211; x_wconf 88' lang='lat' dir='ltr'>respicias</span> <span class='ocrx_word' id='word_1_534' title='bbox 2414 2140 2591 2194; x_wconf 90' lang='lat' dir='ltr'>animi</span> <span class='ocrx_word' id='word_1_535' title='bbox 2623 2140 2941 2211; x_wconf 67' lang='lat' dir='ltr'>praecordia</span> <span class='ocrx_word' id='word_1_536' title='bbox 2971 2140 3171 2194; x_wconf 90' lang='lat' dir='ltr'>nostri.</span> 
     </span>
    </p>
   </div>
   <div class='ocr_carea' id='block_1_84' title="bbox 1938 2228 3236 2301">
    <p class='ocr_par' dir='ltr' id='par_1_84' title="bbox 1938 2228 3236 2301">
     <span class='ocr_line' id='line_1_84' title="bbox 1938 2228 3236 2301; baseline -0.002 -17"><span class='ocrx_word' id='word_1_537' title='bbox 1938 2232 2003 2284; x_wconf 89' lang='lat' dir='ltr'>In</span> <span class='ocrx_word' id='word_1_538' title='bbox 2039 2230 2127 2284; x_wconf 89' lang='lat' dir='ltr'>his</span> <span class='ocrx_word' id='word_1_539' title='bbox 2158 2246 2285 2301; x_wconf 67' lang='lat' dir='ltr'>qua:</span> <span class='ocrx_word' id='word_1_540' title='bbox 2317 2230 2503 2283; x_wconf 85' lang='lat' dir='ltr'>fuerat</span> <span class='ocrx_word' id='word_1_541' title='bbox 2532 2228 2698 2282; x_wconf 83' lang='lat' dir='ltr'>nobis</span> <span class='ocrx_word' id='word_1_542' title='bbox 2729 2229 2932 2281; x_wconf 89' lang='lat' dir='ltr'>devota</span> <span class='ocrx_word' id='word_1_543' title='bbox 2954 2229 3236 2294; x_wconf 85' lang='lat' dir='ltr'>voluntas,</span> 
     </span>
    </p>
   </div>
   <div class='ocr_carea' id='block_1_85' title="bbox 1941 2315 3615 2386">
    <p class='ocr_par' dir='ltr' id='par_1_85' title="bbox 1941 2315 3615 2386">
     <span class='ocr_line' id='line_1_85' title="bbox 1941 2315 3615 2386; baseline -0.001 -14"><span class='ocrx_word' id='word_1_544' title='bbox 1941 2320 2065 2372; x_wconf 85' lang='lat' dir='ltr'>Non</span> <span class='ocrx_word' id='word_1_545' title='bbox 2096 2318 2419 2371; x_wconf 88' lang='lat' dir='ltr'>damnanda</span> <span class='ocrx_word' id='word_1_546' title='bbox 2444 2317 2645 2382; x_wconf 91' lang='lat' dir='ltr'>aderit,</span> <span class='ocrx_word' id='word_1_547' title='bbox 2681 2317 2834 2370; x_wconf 90' lang='lat' dir='ltr'>velut</span> <span class='ocrx_word' id='word_1_548' title='bbox 2865 2318 3103 2381; x_wconf 53' lang='lat' dir='ltr'>aestimo,</span> <span class='ocrx_word' id='word_1_549' title='bbox 3141 2332 3313 2386; x_wconf 87' lang='lat' dir='ltr'>parva</span> <span class='ocrx_word' id='word_1_550' title='bbox 3356 2315 3615 2370; x_wconf 87' lang='lat' dir='ltr'>facultas.</span> 
     </span>
    </p>
   </div>
   <div class='ocr_carea' id='block_1_86' title="bbox 1937 2405 3623 2475">
    <p class='ocr_par' dir='ltr' id='par_1_86' title="bbox 1937 2405 3623 2475">
     <span class='ocr_line' id='line_1_86' title="bbox 1937 2405 3623 2475; baseline -0.002 -15"><span class='ocrx_word' id='word_1_551' title='bbox 1937 2407 2100 2462; x_wconf 89' lang='lat' dir='ltr'>Orbis</span> <span class='ocrx_word' id='word_1_552' title='bbox 2128 2407 2336 2470; x_wconf 91' lang='lat' dir='ltr'>honor,</span> <span class='ocrx_word' id='word_1_553' title='bbox 2373 2410 2745 2475; x_wconf 90' lang='lat' dir='ltr'>nostrumque</span> <span class='ocrx_word' id='word_1_554' title='bbox 2783 2405 2973 2459; x_wconf 87' lang='lat' dir='ltr'>decus.</span> <span class='ocrx_word' id='word_1_555' title='bbox 3011 2407 3176 2458; x_wconf 87' lang='lat' dir='ltr'>Pater</span> <span class='ocrx_word' id='word_1_556' title='bbox 3206 2405 3374 2469; x_wconf 89' lang='lat' dir='ltr'>alme,</span> <span class='ocrx_word' id='word_1_557' title='bbox 3418 2405 3623 2469; x_wconf 87' lang='lat' dir='ltr'>valeto,</span> 
     </span>
    </p>
   </div>
   <div class='ocr_carea' id='block_1_87' title="bbox 1940 2493 3451 2564">
    <p class='ocr_par' dir='ltr' id='par_1_87' title="bbox 1940 2493 3451 2564">
     <span class='ocr_line' id='line_1_87' title="bbox 1940 2493 3451 2564; baseline -0.003 -15"><span class='ocrx_word' id='word_1_558' title='bbox 1940 2500 2085 2549; x_wconf 80' lang='lat' dir='ltr'>Ante</span> <span class='ocrx_word' id='word_1_559' title='bbox 2118 2499 2277 2548; x_wconf 90' lang='lat' dir='ltr'>tuum</span> <span class='ocrx_word' id='word_1_560' title='bbox 2308 2495 2595 2547; x_wconf 90' lang='lat' dir='ltr'>tumulum</span> <span class='ocrx_word' id='word_1_561' title='bbox 2621 2494 2837 2564; x_wconf 89' lang='lat' dir='ltr'>jugiter</span> <span class='ocrx_word' id='word_1_562' title='bbox 2866 2493 3206 2555; x_wconf 89' lang='lat' dir='ltr'>rccinemus,</span> <span class='ocrx_word' id='word_1_563' title='bbox 3240 2496 3416 2547; x_wconf 80' lang='lat' dir='ltr'>Aveto</span> <span class='ocrx_word' id='word_1_564' title='bbox 3438 2534 3451 2559; x_wconf 92' lang='lat'>,</span> 
     </span>
    </p>
   </div>
   <div class='ocr_carea' id='block_1_88' title="bbox 1939 2582 3178 2653">
    <p class='ocr_par' dir='ltr' id='par_1_88' title="bbox 1939 2582 3178 2653">
     <span class='ocr_line' id='line_1_88' title="bbox 1939 2582 3178 2653; baseline -0.003 -15"><span class='ocrx_word' id='word_1_565' title='bbox 1939 2586 2017 2638; x_wconf 91' lang='lat' dir='ltr'>Tu</span> <span class='ocrx_word' id='word_1_566' title='bbox 2052 2584 2260 2653; x_wconf 88' lang='lat' dir='ltr'>dignus</span> <span class='ocrx_word' id='word_1_567' title='bbox 2284 2583 2456 2649; x_wconf 87' lang='lat' dir='ltr'>salve,</span> <span class='ocrx_word' id='word_1_568' title='bbox 2492 2582 2654 2635; x_wconf 89' lang='lat' dir='ltr'>nobis</span> <span class='ocrx_word' id='word_1_569' title='bbox 2684 2582 2939 2652; x_wconf 58' lang='lat' dir='ltr'>praebeto</span> <span class='ocrx_word' id='word_1_570' title='bbox 2973 2582 3178 2635; x_wconf 84' lang='lat' dir='ltr'>valere.</span> 
     </span>
    </p>
   </div>
   <div class='ocr_carea' id='block_1_89' title="bbox 2013 2669 3629 2741">
    <p class='ocr_par' dir='ltr' id='par_1_89' title="bbox 2013 2669 3629 2741">
     <span class='ocr_line' id='line_1_89' title="bbox 2013 2669 3629 2741; baseline -0.002 -16"><span class='ocrx_word' id='word_1_571' title='bbox 2013 2674 2098 2725; x_wconf 81' lang='grc'>14.</span> <span class='ocrx_word' id='word_1_572' title='bbox 2158 2673 2239 2725; x_wconf 88' lang='lat' dir='ltr'>En</span> <span class='ocrx_word' id='word_1_573' title='bbox 2291 2688 2457 2741; x_wconf 89' lang='lat' dir='ltr'>opus,</span> <span class='ocrx_word' id='word_1_574' title='bbox 2508 2672 2654 2723; x_wconf 90' lang='lat' dir='ltr'>alme</span> <span class='ocrx_word' id='word_1_575' title='bbox 2704 2671 2868 2737; x_wconf 91' lang='lat' dir='ltr'>Deus,</span> <span class='ocrx_word' id='word_1_576' title='bbox 2922 2670 3221 2724; x_wconf 89' lang='lat' dir='ltr'>hominum</span> <span class='ocrx_word' id='word_1_577' title='bbox 3256 2669 3419 2724; x_wconf 91' lang='lat' dir='ltr'>Sator</span> <span class='ocrx_word' id='word_1_578' title='bbox 3460 2674 3629 2740; x_wconf 89' lang='lat' dir='ltr'>atque</span> 
     </span>
    </p>
   </div>
   <div class='ocr_carea' id='block_1_90' title="bbox 3224 2757 3630 2829">
    <p class='ocr_par' dir='ltr' id='par_1_90' title="bbox 3224 2757 3630 2829">
     <span class='ocr_line' id='line_1_90' title="bbox 3224 2757 3630 2829; baseline -0.002 -17"><span class='ocrx_word' id='word_1_579' title='bbox 3224 2757 3630 2829; x_wconf 83' lang='lat' dir='ltr'>[Redemptor;</span> 
     </span>
    </p>
   </div>
   <div class='ocr_carea' id='block_1_91' title="bbox 1938 2845 3406 2915">
    <p class='ocr_par' dir='ltr' id='par_1_91' title="bbox 1938 2845 3406 2915">
     <span class='ocr_line' id='line_1_91' title="bbox 1938 2845 3406 2915; baseline -0.002 -13"><span class='ocrx_word' id='word_1_580' title='bbox 1938 2847 2019 2902; x_wconf 85' lang='lat' dir='ltr'>Ad</span> <span class='ocrx_word' id='word_1_581' title='bbox 2049 2846 2279 2900; x_wconf 90' lang='lat' dir='ltr'>laudem</span> <span class='ocrx_word' id='word_1_582' title='bbox 2312 2845 2623 2899; x_wconf 88' lang='lat' dir='ltr'>obtulimus</span> <span class='ocrx_word' id='word_1_583' title='bbox 2652 2846 2910 2915; x_wconf 67' lang='lat' dir='ltr'>praeclari</span> <span class='ocrx_word' id='word_1_584' title='bbox 2942 2845 3203 2915; x_wconf 69' lang='lat' dir='ltr'>praesulis</span> <span class='ocrx_word' id='word_1_585' title='bbox 3231 2845 3406 2913; x_wconf 89' lang='lat' dir='ltr'>istud,</span> 
     </span>
    </p>
   </div>
   <div class='ocr_carea' id='block_1_92' title="bbox 1939 2934 3263 3005">
    <p class='ocr_par' dir='ltr' id='par_1_92' title="bbox 1939 2934 3263 3005">
     <span class='ocr_line' id='line_1_92' title="bbox 1939 2934 3263 3005; baseline -0.002 -16"><span class='ocrx_word' id='word_1_586' title='bbox 1939 2937 2363 3005; x_wconf 80' lang='lat' dir='ltr'>Acceptumque</span> <span class='ocrx_word' id='word_1_587' title='bbox 2394 2934 2507 2987; x_wconf 91' lang='lat' dir='ltr'>tuis</span> <span class='ocrx_word' id='word_1_588' title='bbox 2542 2938 2602 2987; x_wconf 90' lang='lat' dir='ltr'>ut</span> <span class='ocrx_word' id='word_1_589' title='bbox 2625 2934 2697 2987; x_wconf 89' lang='lat' dir='ltr'>sit</span> <span class='ocrx_word' id='word_1_590' title='bbox 2726 2934 3123 3004; x_wconf 89' lang='lat' dir='ltr'>conspectibus</span> <span class='ocrx_word' id='word_1_591' title='bbox 3164 2950 3263 2987; x_wconf 91' lang='lat' dir='ltr'>oro</span> 
     </span>
    </p>
   </div>
   <div class='ocr_carea' id='block_1_93' title="bbox 1942 3020 3476 3077">
    <p class='ocr_par' dir='ltr' id='par_1_93' title="bbox 1942 3020 3476 3077">
     <span class='ocr_line' id='line_1_93' title="bbox 1942 3020 3476 3077; baseline -0.001 -1"><span class='ocrx_word' id='word_1_592' title='bbox 1942 3024 2139 3077; x_wconf 89' lang='lat' dir='ltr'>Omnis</span> <span class='ocrx_word' id='word_1_593' title='bbox 2165 3022 2223 3076; x_wconf 92' lang='lat' dir='ltr'>in</span> <span class='ocrx_word' id='word_1_594' title='bbox 2256 3022 2553 3076; x_wconf 91' lang='lat' dir='ltr'>ecclesiam</span> <span class='ocrx_word' id='word_1_595' title='bbox 2590 3022 2838 3075; x_wconf 90' lang='lat' dir='ltr'>mundus</span> <span class='ocrx_word' id='word_1_596' title='bbox 2868 3038 2970 3075; x_wconf 90' lang='lat' dir='ltr'>sua</span> <span class='ocrx_word' id='word_1_597' title='bbox 3004 3037 3244 3075; x_wconf 89' lang='lat' dir='ltr'>munera</span> <span class='ocrx_word' id='word_1_598' title='bbox 3276 3020 3476 3075; x_wconf 90' lang='lat' dir='ltr'>defert.</span> 
     </span>
    </p>
   </div>
   <div class='ocr_carea' id='block_1_94' title="bbox 1941 3110 3281 3173">
    <p class='ocr_par' dir='ltr' id='par_1_94' title="bbox 1941 3110 3281 3173">
     <span class='ocr_line' id='line_1_94' title="bbox 1941 3110 3281 3173; baseline -0.001 -9"><span class='ocrx_word' id='word_1_599' title='bbox 1941 3113 2040 3165; x_wconf 91' lang='lat' dir='ltr'>llle</span> <span class='ocrx_word' id='word_1_600' title='bbox 2068 3111 2212 3165; x_wconf 91' lang='lat' dir='ltr'>nitet</span> <span class='ocrx_word' id='word_1_601' title='bbox 2241 3126 2410 3164; x_wconf 88' lang='lat' dir='ltr'>sensu</span> <span class='ocrx_word' id='word_1_602' title='bbox 2437 3112 2590 3164; x_wconf 89' lang='lat' dir='ltr'>velut</span> <span class='ocrx_word' id='word_1_603' title='bbox 2620 3126 2780 3173; x_wconf 90' lang='lat' dir='ltr'>auro,</span> <span class='ocrx_word' id='word_1_604' title='bbox 2817 3126 3024 3163; x_wconf 90' lang='lat' dir='ltr'>munus</span> <span class='ocrx_word' id='word_1_605' title='bbox 3051 3114 3107 3162; x_wconf 91' lang='lat' dir='ltr'>et</span> <span class='ocrx_word' id='word_1_606' title='bbox 3136 3110 3281 3163; x_wconf 88' lang='lat' dir='ltr'>alter</span> 
     </span>
    </p>
   </div>
   <div class='ocr_carea' id='block_1_95' title="bbox 1940 3198 3314 3270">
    <p class='ocr_par' dir='ltr' id='par_1_95' title="bbox 1940 3198 3314 3270">
     <span class='ocr_line' id='line_1_95' title="bbox 1940 3198 3314 3270; baseline -0.002 -17"><span class='ocrx_word' id='word_1_607' title='bbox 1940 3200 2177 3269; x_wconf 83' lang='lat' dir='ltr'>Argenti</span> <span class='ocrx_word' id='word_1_608' title='bbox 2210 3199 2437 3270; x_wconf 90' lang='lat' dir='ltr'>eloquio</span> <span class='ocrx_word' id='word_1_609' title='bbox 2468 3203 2702 3269; x_wconf 90' lang='lat' dir='ltr'>portans</span> <span class='ocrx_word' id='word_1_610' title='bbox 2732 3198 3020 3251; x_wconf 89' lang='lat' dir='ltr'>candescit</span> <span class='ocrx_word' id='word_1_611' title='bbox 3053 3198 3314 3265; x_wconf 91' lang='lat' dir='ltr'>honesto,</span> 
     </span>
    </p>
   </div>
   <div class='ocr_carea' id='block_1_96' title="bbox 1943 3286 3256 3358">
    <p class='ocr_par' dir='ltr' id='par_1_96' title="bbox 1943 3286 3256 3358">
     <span class='ocr_line' id='line_1_96' title="bbox 1943 3286 3256 3358; baseline -0.002 -16"><span class='ocrx_word' id='word_1_612' title='bbox 1943 3288 2370 3358; x_wconf 89' lang='lat' dir='ltr'>Cantorumque</span> <span class='ocrx_word' id='word_1_613' title='bbox 2401 3288 2607 3341; x_wconf 91' lang='lat' dir='ltr'>chorus</span> <span class='ocrx_word' id='word_1_614' title='bbox 2637 3286 2813 3341; x_wconf 86' lang='lat' dir='ltr'>vocali</span> <span class='ocrx_word' id='word_1_615' title='bbox 2847 3286 3095 3340; x_wconf 91' lang='lat' dir='ltr'>concinit</span> <span class='ocrx_word' id='word_1_616' title='bbox 3124 3302 3256 3351; x_wconf 61' lang='lat' dir='ltr'>agre,</span> 
     </span>
    </p>
   </div>
   <div class='ocr_carea' id='block_1_97' title="bbox 1944 3374 3472 3445">
    <p class='ocr_par' dir='ltr' id='par_1_97' title="bbox 1944 3374 3472 3445">
     <span class='ocr_line' id='line_1_97' title="bbox 1944 3374 3472 3445; baseline -0.002 -15"><span class='ocrx_word' id='word_1_617' title='bbox 1944 3378 2144 3430; x_wconf 86' lang='lat' dir='ltr'>Fertur</span> <span class='ocrx_word' id='word_1_618' title='bbox 2176 3377 2245 3430; x_wconf 92' lang='lat' dir='ltr'>ab</span> <span class='ocrx_word' id='word_1_619' title='bbox 2271 3377 2377 3429; x_wconf 93' lang='lat' dir='ltr'>hoc</span> <span class='ocrx_word' id='word_1_620' title='bbox 2407 3392 2605 3429; x_wconf 91' lang='lat' dir='ltr'>coccus</span> <span class='ocrx_word' id='word_1_621' title='bbox 2634 3374 2867 3445; x_wconf 88' lang='lat' dir='ltr'>gemino</span> <span class='ocrx_word' id='word_1_622' title='bbox 2896 3375 2984 3428; x_wconf 92' lang='lat' dir='ltr'>bis</span> <span class='ocrx_word' id='word_1_623' title='bbox 3014 3374 3224 3428; x_wconf 90' lang='lat' dir='ltr'>tinctus</span> <span class='ocrx_word' id='word_1_624' title='bbox 3256 3389 3472 3441; x_wconf 88' lang='lat' dir='ltr'>amore,</span> 
     </span>
    </p>
   </div>
   <div class='ocr_carea' id='block_1_98' title="bbox 1942 3463 3287 3533">
    <p class='ocr_par' dir='ltr' id='par_1_98' title="bbox 1942 3463 3287 3533">
     <span class='ocr_line' id='line_1_98' title="bbox 1942 3463 3287 3533; baseline -0.003 -14"><span class='ocrx_word' id='word_1_625' title='bbox 1942 3465 2120 3519; x_wconf 80' lang='lat' dir='ltr'>Offert</span> <span class='ocrx_word' id='word_1_626' title='bbox 2151 3470 2208 3518; x_wconf 91' lang='lat' dir='ltr'>et</span> <span class='ocrx_word' id='word_1_627' title='bbox 2236 3469 2443 3518; x_wconf 88' lang='lat' dir='ltr'>tortam</span> <span class='ocrx_word' id='word_1_628' title='bbox 2475 3464 2662 3517; x_wconf 89' lang='lat' dir='ltr'>carnis</span> <span class='ocrx_word' id='word_1_629' title='bbox 2694 3463 3001 3516; x_wconf 90' lang='lat' dir='ltr'>maceratio</span> <span class='ocrx_word' id='word_1_630' title='bbox 3033 3463 3287 3533; x_wconf 79' lang='lat' dir='ltr'>byssum,</span> 
     </span>
    </p>
   </div>
   <div class='ocr_carea' id='block_1_99' title="bbox 1944 3549 3633 3624">
    <p class='ocr_par' dir='ltr' id='par_1_99' title="bbox 1944 3549 3633 3624">
     <span class='ocr_line' id='line_1_99' title="bbox 1944 3549 3633 3624; baseline -0.004 -17"><span class='ocrx_word' id='word_1_631' title='bbox 1944 3554 2189 3624; x_wconf 88' lang='lat' dir='ltr'>Lignum</span> <span class='ocrx_word' id='word_1_632' title='bbox 2217 3552 2616 3622; x_wconf 90' lang='lat' dir='ltr'>incorruptum</span> <span class='ocrx_word' id='word_1_633' title='bbox 2648 3550 2740 3604; x_wconf 91' lang='lat' dir='ltr'>hic</span> <span class='ocrx_word' id='word_1_634' title='bbox 2770 3566 2973 3620; x_wconf 90' lang='lat' dir='ltr'>corpus</span> <span class='ocrx_word' id='word_1_635' title='bbox 3003 3550 3152 3620; x_wconf 89' lang='lat' dir='ltr'>gerit</span> <span class='ocrx_word' id='word_1_636' title='bbox 3178 3549 3633 3613; x_wconf 90' lang='lat' dir='ltr'>immaculatum,</span> 
     </span>
    </p>
   </div>
   <div class='ocr_carea' id='block_1_100' title="bbox 1945 3636 3342 3708">
    <p class='ocr_par' dir='ltr' id='par_1_100' title="bbox 1945 3636 3342 3708">
     <span class='ocr_line' id='line_1_100' title="bbox 1945 3636 3342 3708; baseline -0.003 -14"><span class='ocrx_word' id='word_1_637' title='bbox 1945 3641 2178 3694; x_wconf 87' lang='lat' dir='ltr'>Actibus</span> <span class='ocrx_word' id='word_1_638' title='bbox 2204 3639 2301 3693; x_wconf 92' lang='lat' dir='ltr'>ille</span> <span class='ocrx_word' id='word_1_639' title='bbox 2329 3639 2439 3708; x_wconf 91' lang='lat' dir='ltr'>piis</span> <span class='ocrx_word' id='word_1_640' title='bbox 2470 3655 2571 3692; x_wconf 92' lang='lat' dir='ltr'>ceu</span> <span class='ocrx_word' id='word_1_641' title='bbox 2603 3639 2843 3707; x_wconf 87' lang='lat' dir='ltr'>pulchro</span> <span class='ocrx_word' id='word_1_642' title='bbox 2877 3636 3141 3707; x_wconf 86' lang='lat' dir='ltr'>splendet</span> <span class='ocrx_word' id='word_1_643' title='bbox 3173 3637 3342 3701; x_wconf 89' lang='lat' dir='ltr'>olivo,</span> 
     </span>
    </p>
   </div>
   <div class='ocr_carea' id='block_1_101' title="bbox 1944 3725 3500 3798">
    <p class='ocr_par' dir='ltr' id='par_1_101' title="bbox 1944 3725 3500 3798">
     <span class='ocr_line' id='line_1_101' title="bbox 1944 3725 3500 3798; baseline -0.004 -16"><span class='ocrx_word' id='word_1_644' title='bbox 1944 3728 2361 3798; x_wconf 89' lang='lat' dir='ltr'>Perfusumque</span> <span class='ocrx_word' id='word_1_645' title='bbox 2389 3727 2541 3781; x_wconf 91' lang='lat' dir='ltr'>bono</span> <span class='ocrx_word' id='word_1_646' title='bbox 2575 3732 2635 3779; x_wconf 92' lang='lat' dir='ltr'>ut</span> <span class='ocrx_word' id='word_1_647' title='bbox 2664 3725 3024 3779; x_wconf 89' lang='lat' dir='ltr'>thimiamato</span> <span class='ocrx_word' id='word_1_648' title='bbox 3056 3726 3273 3794; x_wconf 87' lang='lat' dir='ltr'>fragrat</span> <span class='ocrx_word' id='word_1_649' title='bbox 3304 3725 3500 3779; x_wconf 91' lang='lat' dir='ltr'>odore.</span> 
     </span>
    </p>
   </div>
   <div class='ocr_carea' id='block_1_102' title="bbox 1942 3814 3341 3886">
    <p class='ocr_par' dir='ltr' id='par_1_102' title="bbox 1942 3814 3341 3886">
     <span class='ocr_line' id='line_1_102' title="bbox 1942 3814 3341 3886; baseline -0.003 -16"><span class='ocrx_word' id='word_1_650' title='bbox 1942 3819 2042 3871; x_wconf 82' lang='lat' dir='ltr'>Ast</span> <span class='ocrx_word' id='word_1_651' title='bbox 2080 3832 2217 3886; x_wconf 89' lang='lat' dir='ltr'>ergo</span> <span class='ocrx_word' id='word_1_652' title='bbox 2251 3814 2535 3869; x_wconf 83' lang='lat' dir='ltr'>muniﬁcis</span> <span class='ocrx_word' id='word_1_653' title='bbox 2565 3814 2851 3868; x_wconf 90' lang='lat' dir='ltr'>commisti</span> <span class='ocrx_word' id='word_1_654' title='bbox 2881 3814 3115 3867; x_wconf 76' lang='lat' dir='ltr'>coetibus</span> <span class='ocrx_word' id='word_1_655' title='bbox 3152 3830 3341 3866; x_wconf 89' lang='lat' dir='ltr'>assum</span> 
     </span>
    </p>
   </div>
   <div class='ocr_carea' id='block_1_103' title="bbox 1945 3901 3631 3977">
    <p class='ocr_par' dir='ltr' id='par_1_103' title="bbox 1945 3901 3631 3977">
     <span class='ocr_line' id='line_1_103' title="bbox 1945 3901 3631 3977; baseline -0.004 -17"><span class='ocrx_word' id='word_1_656' title='bbox 1945 3908 2190 3977; x_wconf 90' lang='lat' dir='ltr'>Pauper,</span> <span class='ocrx_word' id='word_1_657' title='bbox 2208 3920 2441 3975; x_wconf 90' lang='lat' dir='ltr'>egenus,</span> <span class='ocrx_word' id='word_1_658' title='bbox 2459 3904 2642 3974; x_wconf 91' lang='lat' dir='ltr'>inops,</span> <span class='ocrx_word' id='word_1_659' title='bbox 2663 3902 2975 3972; x_wconf 89' lang='lat' dir='ltr'>trepidans,</span> <span class='ocrx_word' id='word_1_660' title='bbox 2997 3901 3287 3967; x_wconf 83' lang='lat' dir='ltr'>confusus,</span> <span class='ocrx_word' id='word_1_661' title='bbox 3304 3906 3359 3955; x_wconf 92' lang='lat' dir='ltr'>et</span> <span class='ocrx_word' id='word_1_662' title='bbox 3379 3917 3631 3971; x_wconf 92' lang='lat' dir='ltr'>augens:</span> 
     </span>
    </p>
   </div>
   <div class='ocr_carea' id='block_1_104' title="bbox 1945 3990 3511 4063">
    <p class='ocr_par' dir='ltr' id='par_1_104' title="bbox 1945 3990 3511 4063">
     <span class='ocr_line' id='line_1_104' title="bbox 1945 3990 3511 4063; baseline -0.003 -15"><span class='ocrx_word' id='word_1_663' title='bbox 1945 3995 2053 4059; x_wconf 87' lang='lat' dir='ltr'>Qui</span> <span class='ocrx_word' id='word_1_664' title='bbox 2082 3994 2201 4047; x_wconf 81' lang='lat' dir='ltr'>fero</span> <span class='ocrx_word' id='word_1_665' title='bbox 2233 3994 2312 4046; x_wconf 92' lang='lat' dir='ltr'>nil</span> <span class='ocrx_word' id='word_1_666' title='bbox 2340 3993 2635 4063; x_wconf 87' lang='lat' dir='ltr'>placitum,</span> <span class='ocrx_word' id='word_1_667' title='bbox 2669 3993 2820 4062; x_wconf 90' lang='lat' dir='ltr'>quod</span> <span class='ocrx_word' id='word_1_668' title='bbox 2848 3991 2905 4043; x_wconf 91' lang='lat' dir='ltr'>in</span> <span class='ocrx_word' id='word_1_669' title='bbox 2938 4008 3035 4044; x_wconf 86' lang='lat' dir='ltr'>ara</span> <span class='ocrx_word' id='word_1_670' title='bbox 3062 4006 3275 4061; x_wconf 90' lang='lat' dir='ltr'>ponere</span> <span class='ocrx_word' id='word_1_671' title='bbox 3310 3990 3390 4043; x_wconf 87' lang='lat' dir='ltr'>fas</span> <span class='ocrx_word' id='word_1_672' title='bbox 3422 3990 3511 4043; x_wconf 91' lang='lat' dir='ltr'>sit.</span> 
     </span>
    </p>
   </div>
   <div class='ocr_carea' id='block_1_105' title="bbox 1948 4078 3562 4150">
    <p class='ocr_par' dir='ltr' id='par_1_105' title="bbox 1948 4078 3562 4150">
     <span class='ocr_line' id='line_1_105' title="bbox 1948 4078 3562 4150; baseline -0.004 -14"><span class='ocrx_word' id='word_1_673' title='bbox 1948 4082 2117 4136; x_wconf 89' lang='lat' dir='ltr'>Pellis</span> <span class='ocrx_word' id='word_1_674' title='bbox 2144 4082 2215 4135; x_wconf 93' lang='lat' dir='ltr'>ob</span> <span class='ocrx_word' id='word_1_675' title='bbox 2256 4082 2365 4135; x_wconf 90' lang='lat' dir='ltr'>hoc</span> <span class='ocrx_word' id='word_1_676' title='bbox 2395 4080 2534 4134; x_wconf 89' lang='lat' dir='ltr'>mihi</span> <span class='ocrx_word' id='word_1_677' title='bbox 2567 4080 2739 4133; x_wconf 88' lang='lat' dir='ltr'>rubra</span> <span class='ocrx_word' id='word_1_678' title='bbox 2779 4096 2952 4150; x_wconf 91' lang='lat' dir='ltr'>genas</span> <span class='ocrx_word' id='word_1_679' title='bbox 2984 4080 3327 4133; x_wconf 90' lang='lat' dir='ltr'>verecundia</span> <span class='ocrx_word' id='word_1_680' title='bbox 3356 4078 3562 4150; x_wconf 79' lang='lat' dir='ltr'>pingit.</span> 
     </span>
    </p>
   </div>
   <div class='ocr_carea' id='block_1_106' title="bbox 1946 4168 3232 4245">
    <p class='ocr_par' dir='ltr' id='par_1_106' title="bbox 1946 4168 3232 4245">
     <span class='ocr_line' id='line_1_106' title="bbox 1946 4168 3232 4245; baseline -0.004 -20"><span class='ocrx_word' id='word_1_681' title='bbox 1946 4172 2061 4245; x_wconf 86' lang='lat' dir='ltr'>Hoc</span> <span class='ocrx_word' id='word_1_682' title='bbox 2090 4186 2320 4224; x_wconf 87' lang='lat' dir='ltr'>carmen</span> <span class='ocrx_word' id='word_1_683' title='bbox 2350 4174 2569 4223; x_wconf 87' lang='lat' dir='ltr'>textum</span> <span class='ocrx_word' id='word_1_684' title='bbox 2597 4168 2845 4239; x_wconf 87' lang='lat' dir='ltr'>caprinis</span> <span class='ocrx_word' id='word_1_685' title='bbox 2875 4168 3049 4222; x_wconf 83' lang='lat' dir='ltr'>offero</span> <span class='ocrx_word' id='word_1_686' title='bbox 3080 4168 3232 4238; x_wconf 86' lang='lat' dir='ltr'>pilis,</span> 
     </span>
    </p>
   </div>
   <div class='ocr_carea' id='block_1_107' title="bbox 1877 4256 3520 4330">
    <p class='ocr_par' dir='ltr' id='par_1_107' title="bbox 1877 4256 3520 4330">
     <span class='ocr_line' id='line_1_107' title="bbox 1877 4256 3520 4330; baseline -0.004 -14"><span class='ocrx_word' id='word_1_687' title='bbox 1877 4263 1922 4317; x_wconf 92' lang='lat' dir='ltr'><strong>D</strong></span> <span class='ocrx_word' id='word_1_688' title='bbox 1950 4260 2147 4330; x_wconf 85' lang='lat' dir='ltr'>Meque</span> <span class='ocrx_word' id='word_1_689' title='bbox 2180 4258 2351 4312; x_wconf 91' lang='lat' dir='ltr'>simul</span> <span class='ocrx_word' id='word_1_690' title='bbox 2374 4258 2599 4311; x_wconf 91' lang='lat' dir='ltr'>hircum</span> <span class='ocrx_word' id='word_1_691' title='bbox 2629 4274 2733 4327; x_wconf 89' lang='lat' dir='ltr'>pro</span> <span class='ocrx_word' id='word_1_692' title='bbox 2765 4257 3004 4311; x_wconf 90' lang='lat' dir='ltr'>crimine</span> <span class='ocrx_word' id='word_1_693' title='bbox 3039 4256 3520 4311; x_wconf 88' lang='lat' dir='ltr'>mortiﬁcandum.</span> 
     </span>
    </p>
   </div>
   <div class='ocr_carea' id='block_1_108' title="bbox 1949 4344 3435 4418">
    <p class='ocr_par' dir='ltr' id='par_1_108' title="bbox 1949 4344 3435 4418">
     <span class='ocr_line' id='line_1_108' title="bbox 1949 4344 3435 4418; baseline -0.003 -16"><span class='ocrx_word' id='word_1_694' title='bbox 1949 4348 2057 4402; x_wconf 91' lang='lat' dir='ltr'>Sed</span> <span class='ocrx_word' id='word_1_695' title='bbox 2090 4347 2188 4418; x_wconf 89' lang='lat' dir='ltr'>qui</span> <span class='ocrx_word' id='word_1_696' title='bbox 2220 4363 2324 4417; x_wconf 89' lang='lat' dir='ltr'>pro</span> <span class='ocrx_word' id='word_1_697' title='bbox 2359 4347 2598 4399; x_wconf 90' lang='lat' dir='ltr'>minimo</span> <span class='ocrx_word' id='word_1_698' title='bbox 2628 4346 2855 4400; x_wconf 91' lang='lat' dir='ltr'>viduam</span> <span class='ocrx_word' id='word_1_699' title='bbox 2888 4346 3205 4417; x_wconf 89' lang='lat' dir='ltr'>quadrante</span> <span class='ocrx_word' id='word_1_700' title='bbox 3232 4344 3435 4409; x_wconf 90' lang='lat' dir='ltr'>beasti,</span> 
     </span>
    </p>
   </div>
   <div class='ocr_carea' id='block_1_109' title="bbox 1946 4435 3245 4506">
    <p class='ocr_par' dir='ltr' id='par_1_109' title="bbox 1946 4435 3245 4506">
     <span class='ocr_line' id='line_1_109' title="bbox 1946 4435 3245 4506; baseline -0.002 -18"><span class='ocrx_word' id='word_1_701' title='bbox 1946 4437 2179 4489; x_wconf 89' lang='lat' dir='ltr'>Munera</span> <span class='ocrx_word' id='word_1_702' title='bbox 2209 4452 2338 4506; x_wconf 66' lang='lat' dir='ltr'>quae</span> <span class='ocrx_word' id='word_1_703' title='bbox 2371 4436 2527 4489; x_wconf 93' lang='lat' dir='ltr'>solvo</span> <span class='ocrx_word' id='word_1_704' title='bbox 2559 4435 2781 4505; x_wconf 89' lang='lat' dir='ltr'>placato</span> <span class='ocrx_word' id='word_1_705' title='bbox 2814 4435 3034 4503; x_wconf 89' lang='lat' dir='ltr'>suspice</span> <span class='ocrx_word' id='word_1_706' title='bbox 3066 4435 3245 4500; x_wconf 89' lang='lat' dir='ltr'>vultu,</span> 
     </span>
    </p>
   </div>
   <div class='ocr_carea' id='block_1_110' title="bbox 1950 4508 3404 4593">
    <p class='ocr_par' dir='ltr' id='par_1_110' title="bbox 1950 4508 3404 4593">
     <span class='ocr_line' id='line_1_110' title="bbox 1950 4508 3404 4593; baseline -0.003 -16"><span class='ocrx_word' id='word_1_707' title='bbox 1950 4524 2014 4577; x_wconf 88' lang='lat' dir='ltr'>Et</span> <span class='ocrx_word' id='word_1_708' title='bbox 2038 4528 2136 4577; x_wconf 89' lang='lat' dir='ltr'>tua</span> <span class='ocrx_word' id='word_1_709' title='bbox 2169 4524 2291 4577; x_wconf 89' lang='lat' dir='ltr'>laus</span> <span class='ocrx_word' id='word_1_710' title='bbox 2323 4508 2518 4577; x_wconf 72' lang='lat' dir='ltr'>nostro</span> <span class='ocrx_word' id='word_1_711' title='bbox 2548 4524 2817 4593; x_wconf 90' lang='lat' dir='ltr'>perduret</span> <span class='ocrx_word' id='word_1_712' title='bbox 2845 4522 2906 4575; x_wconf 91' lang='lat' dir='ltr'>in</span> <span class='ocrx_word' id='word_1_713' title='bbox 2936 4538 3032 4576; x_wconf 92' lang='lat' dir='ltr'>ore</span> <span class='ocrx_word' id='word_1_714' title='bbox 3063 4538 3166 4591; x_wconf 90' lang='lat' dir='ltr'>per</span> <span class='ocrx_word' id='word_1_715' title='bbox 3196 4535 3404 4587; x_wconf 62' lang='lat' dir='ltr'>aevum,</span> 
     </span>
    </p>
   </div>
   <div class='ocr_carea' id='block_1_111' title="bbox 1948 4611 3543 4682">
    <p class='ocr_par' dir='ltr' id='par_1_111' title="bbox 1948 4611 3543 4682">
     <span class='ocr_line' id='line_1_111' title="bbox 1948 4611 3543 4682; baseline -0.004 -17"><span class='ocrx_word' id='word_1_716' title='bbox 1948 4611 2055 4675; x_wconf 87' lang='lat' dir='ltr'>Qui</span> <span class='ocrx_word' id='word_1_717' title='bbox 2086 4611 2271 4665; x_wconf 86' lang='lat' dir='ltr'>solum</span> <span class='ocrx_word' id='word_1_718' title='bbox 2304 4627 2665 4682; x_wconf 88' lang='lat' dir='ltr'>regnumque</span> <span class='ocrx_word' id='word_1_719' title='bbox 2696 4616 2855 4664; x_wconf 90' lang='lat' dir='ltr'>tenes</span> <span class='ocrx_word' id='word_1_720' title='bbox 2883 4625 2987 4679; x_wconf 90' lang='lat' dir='ltr'>per</span> <span class='ocrx_word' id='word_1_721' title='bbox 3018 4611 3179 4661; x_wconf 83' lang='lat' dir='ltr'>saecla</span> <span class='ocrx_word' id='word_1_722' title='bbox 3208 4620 3543 4677; x_wconf 88' lang='lat' dir='ltr'>supernum.</span> 
     </span>
    </p>
   </div>
   <div class='ocr_carea' id='block_1_112' title="bbox 1946 4695 3523 4767">
    <p class='ocr_par' dir='ltr' id='par_1_112' title="bbox 1946 4695 3523 4767">
     <span class='ocr_line' id='line_1_112' title="bbox 1946 4695 3523 4767; baseline -0.005 -14"><span class='ocrx_word' id='word_1_723' title='bbox 1946 4699 2146 4765; x_wconf 88' lang='lat' dir='ltr'>Cbare,</span> <span class='ocrx_word' id='word_1_724' title='bbox 2178 4715 2373 4753; x_wconf 88' lang='lat' dir='ltr'>meum</span> <span class='ocrx_word' id='word_1_725' title='bbox 2407 4698 2727 4767; x_wconf 90' lang='lat' dir='ltr'>completur</span> <span class='ocrx_word' id='word_1_726' title='bbox 2755 4698 2886 4765; x_wconf 90' lang='lat' dir='ltr'>iter,</span> <span class='ocrx_word' id='word_1_727' title='bbox 2912 4696 3229 4765; x_wconf 86' lang='lat' dir='ltr'>requiesce,</span> <span class='ocrx_word' id='word_1_728' title='bbox 3264 4695 3447 4748; x_wconf 89' lang='lat' dir='ltr'>viator</span> <span class='ocrx_word' id='word_1_729' title='bbox 3479 4696 3523 4745; x_wconf 84' lang='lat' dir='ltr'>b.</span> 
     </span>
    </p>
   </div>
   <div class='ocr_carea' id='block_1_113' title="bbox 2080 4934 3509 5061">
    <p class='ocr_par' dir='ltr' id='par_1_113' title="bbox 2080 4934 3509 5061">
     <span class='ocr_line' id='line_1_113' title="bbox 2080 4934 3509 5061; baseline -0.005 -67"><span class='ocrx_word' id='word_1_730' title='bbox 2080 4938 2439 4995; x_wconf 82' lang='lat' dir='ltr'><strong>VERSICULI</strong></span> <span class='ocrx_word' id='word_1_731' title='bbox 2479 4936 2906 5061; x_wconf 55' lang='lat' dir='ltr'><strong>WLFAOIII)</strong></span> <span class='ocrx_word' id='word_1_732' title='bbox 2940 4934 3509 4989; x_wconf 82' lang='lat' dir='ltr'>CONFIRMATIONE</span> 
     </span>
    </p>
   </div>
   <div class='ocr_carea' id='block_1_114' title="bbox 1949 5127 3359 5196">
    <p class='ocr_par' dir='ltr' id='par_1_114' title="bbox 1949 5127 3359 5196">
     <span class='ocr_line' id='line_1_114' title="bbox 1949 5127 3359 5196; baseline -0.006 -9"><span class='ocrx_word' id='word_1_733' title='bbox 1949 5132 2217 5187; x_wconf 90' lang='lat' dir='ltr'>Carmina</span> <span class='ocrx_word' id='word_1_734' title='bbox 2245 5130 2464 5185; x_wconf 91' lang='lat' dir='ltr'>sideros</span> <span class='ocrx_word' id='word_1_735' title='bbox 2494 5127 2702 5182; x_wconf 88' lang='lat' dir='ltr'>merito</span> <span class='ocrx_word' id='word_1_736' title='bbox 2744 5127 3075 5182; x_wconf 90' lang='lat' dir='ltr'>scandentia</span> <span class='ocrx_word' id='word_1_737' title='bbox 3105 5142 3359 5196; x_wconf 89' lang='lat' dir='ltr'>campos,</span> 
     </span>
    </p>
   </div>
   <div class='ocr_carea' id='block_1_115' title="bbox 1945 5266 3640 5339">
    <p class='ocr_par' dir='ltr' id='par_1_115' title="bbox 1945 5266 3640 5339">
     <span class='ocr_line' id='line_1_115' title="bbox 1945 5266 3640 5339; baseline -0.004 -13"><span class='ocrx_word' id='word_1_738' title='bbox 1945 5272 2083 5339; x_wconf 87' lang='lat' dir='ltr'>stle</span> <span class='ocrx_word' id='word_1_739' title='bbox 2114 5271 2416 5335; x_wconf 79' lang='lat' dir='ltr'>transfusa,</span> <span class='ocrx_word' id='word_1_740' title='bbox 2451 5267 2650 5321; x_wconf 72' lang='lat' dir='ltr'>habens</span> <span class='ocrx_word' id='word_1_741' title='bbox 2684 5267 2891 5321; x_wconf 81' lang='lat' dir='ltr'>libellos</span> <span class='ocrx_word' id='word_1_742' title='bbox 2944 5268 2997 5334; x_wconf 79' lang='grc'>4,</span> <span class='ocrx_word' id='word_1_743' title='bbox 3032 5270 3089 5320; x_wconf 81' lang='lat' dir='ltr'>in</span> <span class='ocrx_word' id='word_1_744' title='bbox 3120 5266 3315 5334; x_wconf 72' lang='lat' dir='ltr'>quibus</span> <span class='ocrx_word' id='word_1_745' title='bbox 3362 5267 3640 5320; x_wconf 79' lang='lat' dir='ltr'>continen-</span> 
     </span>
    </p>
   </div>
   <div class='ocr_carea' id='block_1_116' title="bbox 1947 5342 2439 5396">
    <p class='ocr_par' dir='ltr' id='par_1_116' title="bbox 1947 5342 2439 5396">
     <span class='ocr_line' id='line_1_116' title="bbox 1947 5342 2439 5396; baseline -0.01 0"><span class='ocrx_word' id='word_1_746' title='bbox 1947 5348 2038 5396; x_wconf 83' lang='lat' dir='ltr'>tur</span> <span class='ocrx_word' id='word_1_747' title='bbox 2066 5355 2249 5394; x_wconf 76' lang='lat' dir='ltr'>versus</span> <span class='ocrx_word' id='word_1_748' title='bbox 2285 5342 2439 5393; x_wconf 78' lang='grc'>1818.</span> 
     </span>
    </p>
   </div>
   <div class='ocr_carea' id='block_1_117' title="bbox 2020 5405 3643 5479">
    <p class='ocr_par' dir='ltr' id='par_1_117' title="bbox 2020 5405 3643 5479">
     <span class='ocr_line' id='line_1_117' title="bbox 2020 5405 3643 5479; baseline -0.001 -18"><span class='ocrx_word' id='word_1_749' title='bbox 2020 5420 2040 5445; x_wconf 74' lang='grc' dir='ltr'>ε</span> <span class='ocrx_word' id='word_1_750' title='bbox 2080 5411 2314 5479; x_wconf 85' lang='lat' dir='ltr'>Wlfajus</span> <span class='ocrx_word' id='word_1_751' title='bbox 2372 5408 2706 5474; x_wconf 88' lang='lat' dir='ltr'>monachus,</span> <span class='ocrx_word' id='word_1_752' title='bbox 2765 5408 2814 5461; x_wconf 91' lang='lat' dir='ltr'>al</span> <span class='ocrx_word' id='word_1_753' title='bbox 2850 5408 3155 5479; x_wconf 20' lang='lat' dir='ltr'>ng/‘agus,</span> <span class='ocrx_word' id='word_1_754' title='bbox 3216 5405 3643 5479; x_wconf 84' lang='lat' dir='ltr'>condiscipulus</span> 
     </span>
    </p>
   </div>
   <div class='ocr_carea' id='block_1_118' title="bbox 1945 5477 3642 5548">
    <p class='ocr_par' dir='ltr' id='par_1_118' title="bbox 1945 5477 3642 5548">
     <span class='ocr_line' id='line_1_118' title="bbox 1945 5477 3642 5548; baseline -0.004 -11"><span class='ocrx_word' id='word_1_755' title='bbox 1945 5487 2075 5537; x_wconf 91' lang='lat' dir='ltr'>ante</span> <span class='ocrx_word' id='word_1_756' title='bbox 2119 5477 2339 5535; x_wconf 82' lang='lat' dir='ltr'>Milonis</span> <span class='ocrx_word' id='word_1_757' title='bbox 2388 5480 2492 5533; x_wconf 88' lang='lat' dir='ltr'>sub</span> <span class='ocrx_word' id='word_1_758' title='bbox 2525 5480 2808 5533; x_wconf 79' lang='lat' dir='ltr'>Haimino.</span> <span class='ocrx_word' id='word_1_759' title='bbox 2841 5478 3169 5532; x_wconf 89' lang='lat' dir='ltr'>Subsecutis</span> <span class='ocrx_word' id='word_1_760' title='bbox 3213 5493 3345 5533; x_wconf 82' lang='lat' dir='ltr'>mox</span> <span class='ocrx_word' id='word_1_761' title='bbox 3391 5477 3642 5548; x_wconf 89' lang='lat' dir='ltr'>tempori</span> 
     </span>
    </p>
   </div>
  </div>
