3868 6228
1432 282 1719 337 ADDITIO
1757 284 1851 336 AD
1897 282 2102 336 VITAM
2144 280 2197 334 S.
2241 281 2506 335 AMANDI
3671 287 3774 337 988

1968 418 2013 468 Α
2116 410 2385 479 Afﬂigens
2416 409 2606 479 digitis
2633 411 2871 480 pulchra
2901 412 3181 466 elementa
3214 414 3353 467 suis.

2048 501 2174 552 Haec
2200 505 2363 568 pater
2393 504 2449 552 et
2472 504 2666 568 pastor
2692 500 2841 553 clero
2874 501 3243 569 gravissimus
3274 503 3440 556 omni

2118 588 2260 640 Mitis
2279 588 2305 627 ἀ
2336 587 2651 640 Adalardus
2679 589 2881 641 extulit
2907 606 3001 642 ore
3029 590 3147 659 pio.

2047 677 2172 728 Haec
2199 679 2330 727 tuus
2356 674 2591 744 hzecque
2622 691 2782 728 meus
2813 686 2833 710 ο
2863 677 3303 747 Haiminusjure
3336 679 3655 749 magister,

2114 764 2235 827 Quo
2266 764 2407 817 duce
2440 764 2689 817 ﬁrmavit
2718 764 2882 819 devia
2909 782 3079 819 nemo
3107 768 3269 836 petit.

2044 851 2289 920 Corpore
2313 852 2711 921 praemodicus,
2737 854 2833 906 sed
2865 854 3073 907 mentis
3103 855 3365 908 acumine
3393 871 3682 925 magnus.

2114 938 2133 973 ί
2158 940 2488 1009 Teudingus
2516 941 2771 993 dextram
2795 942 3041 1010 prazbuit
3067 942 3189 1011 ipse
3217 960 3404 1009 suam,

2042 1028 2177 1091 Quae
2201 1028 2424 1093 domus,
2451 1044 2575 1094 oro,
2608 1034 2736 1082 ruat
2766 1030 2939 1083 tantis
2967 1031 3195 1084 suffulta
3226 1032 3535 1099 columnis,

2115 1116 2375 1170 Flumina
2396 1117 2553 1169 nulla
2576 1122 2762 1186 pavet,
2792 1118 3029 1171 ﬂamina
3054 1120 3213 1173 nulla
3240 1120 3422 1173 timet.

2042 1204 2151 1259 Sed
2175 1209 2366 1258 tamen
2395 1209 2456 1257 ut
2480 1220 2752 1259 numerus
2775 1210 3043 1275 septenus
3074 1207 3147 1260 sit
3175 1208 3485 1277 perfectus,

2111 1292 2366 1361 Septima
2388 1308 2513 1345 sum
2538 1296 2704 1354 tecto,
2738 1294 2889 1357 Milo,
2917 1295 3187 1348 columna
3214 1301 3330 1349 tuo.

2041 1380 2184 1433 Sunt
2213 1380 2478 1448 equidem
2504 1386 2700 1434 nostro
2730 1385 2827 1434 tua
2853 1382 3109 1435 carmina
3139 1383 3314 1453 digna
3340 1389 3618 1454 patrono,

2112 1468 2329 1521 Judicio
2354 1473 2569 1533 nostro,
2602 1469 2765 1537 cujus
2807 1470 3023 1523 honore
3053 1470 3287 1525 micant.

2042 1556 2259 1625 Virgilii
2283 1556 2520 1625 pulchro
2554 1556 2708 1610 furas
2728 1558 2847 1627 jam
2875 1558 3038 1628 cinge
3069 1560 3373 1625 cothurno,

1972 1703 2011 1756 Β
2116 1644 2223 1697 Sed
2257 1660 2464 1713 supera
2485 1644 2689 1697 falsum
2714 1662 2844 1698 vera
2873 1647 3127 1700 canendo
3159 1648 3367 1700 virum.

2040 1772 2189 1840 apud
2246 1773 2619 1825 Heremaaum.
2676 1772 2835 1825 Alius
2886 1773 2991 1825 fuit
3042 1773 3357 1827 Adalardus
3387 1773 3563 1827 abbas
3619 1790 3756 1827 mo-

2039 1843 2271 1895 nasterii
2303 1842 2353 1895 S.
2409 1843 2621 1895 Bertini
2662 1843 2815 1911 apud
2855 1843 3221 1907 Sithivenses,
3272 1845 3331 1897 in
3384 1846 3756 1898 monasterio

2042 1914 2240 1965 Elnon.
2276 1919 2535 1965 mortuus
2564 1930 2655 1965 an.
2684 1915 2806 1966 864.
2863 1915 2937 1966 De
2965 1930 3029 1965 eo
3083 1914 3202 1983 agis
3247 1917 3395 1983 Iper.
3432 1917 3495 1967 in
3525 1916 3751 1968 Chron.

2040 1984 2383 2055 BertintMs.
2440 1985 2879 2055 capi.l3,147et
2941 1987 3020 2037 15.
3076 1984 3281 2055 Eodem
3323 1990 3587 2055 tempore
3654 1988 3756 2038 El-

2038 2054 2388 2106 nonensibus
2412 2054 2702 2121 praefuisse
2734 2054 3087 2107 Adalardum
3115 2054 3399 2120 abbatem,
3443 2054 3507 2108 ac
3536 2058 3753 2108 deces-

2036 2124 2171 2175 sisse
2203 2140 2294 2176 an.
2330 2126 2452 2187 863,
2485 2124 2681 2176 scribit
2710 2126 2791 2177 Jo.
2824 2126 3130 2193 Cognatus,
3165 2127 3198 2178 Ι.
3226 2142 3285 2192 u,
3317 2127 3449 2178 hist.
3494 2128 3750 2179 'l‘ornac.

2037 2211 2099 2265 ex
2129 2194 2349 2265 Chron.
2374 2196 2571 2246 Elnon.
2607 2199 2689 2261 ut,
2725 2195 2834 2246 nisi
2868 2210 2973 2263 per
3016 2210 3268 2247 errorem
3314 2196 3609 2265 aliquibus
3660 2204 3750 2248 ta-

2034 2264 2183 2317 bulis
2227 2264 2298 2316 sit
2336 2264 2613 2328 intrusus,
2656 2265 3015 2333 suspicemur
3045 2268 3313 2318 eumdem
3361 2264 3503 2318 esse.
3558 2268 3749 2320 Paulo

248 292 351 340 967

324 422 390 474 Ut
419 418 611 489 vigent
640 421 858 481 nostro,
889 414 1018 468 Milo
1052 414 1241 467 favore
1264 412 1430 482 petis.

249 509 500 572 Quorum
543 507 627 560 vis
656 509 813 557 tanta
845 508 947 570 est,
983 503 1197 572 talique
1228 502 1475 569 refulget
1502 502 1742 567 honore,

320 598 387 650 Ut
420 598 709 664 nequeant
740 596 936 645 nostro
968 591 1144 645 dicier
1175 590 1425 660 eloquio.

246 688 428 738 Aurea
460 682 727 735 materies
758 686 995 749 argento
1029 678 1281 748 cingitur
1311 678 1462 741 albo,

317 772 492 825 Ornat
513 774 567 823 et
598 769 896 839 eloquium
922 767 1109 821 lucida
1141 782 1323 819 massa
1353 781 1540 818 suum.

246 859 369 911 Non
399 873 542 927 opus
572 862 637 909 ut
666 855 845 909 nostri
879 854 1219 908 decorentur
1250 852 1464 905 famine
1497 850 1671 903 verbi.

316 946 448 1015 Ejus
480 946 695 999 honore
728 944 942 1012 vigent,
977 944 1138 1011 cujus
1168 956 1361 994 amore
1393 939 1597 992 nitent.

246 1036 373 1089 Haec
401 1033 771 1103 archiprazsul
796 1036 913 1085 toto
948 1030 1274 1084 notissimus
1306 1030 1441 1081 orbe

314 1134 336 1158 τι
377 1122 723 1191 Hingmarus
756 1120 944 1173 verbis
971 1119 1202 1173 sustulit
1231 1116 1477 1170 eximiis.

246 1214 373 1267 Haec
404 1213 572 1265 Pater
604 1215 659 1263 et
691 1209 965 1263 Dominus
997 1208 1314 1262 Cameracae
1347 1205 1530 1274 gloria
1555 1204 1737 1274 plebis

315 1301 464 1353 Mitis
496 1298 810 1352 Adalardus
841 1296 1041 1349 extulit
1073 1311 1169 1347 ore
1201 1295 1316 1364 pio.

312 1392 336 1430 ί)
374 1388 683 1441 Teudricus
715 1386 813 1438 tali
850 1386 1016 1437 laude
1048 1384 1234 1436 beavit
1264 1398 1436 1435 ovans
1468 1398 1479 1434 :

243 1476 507 1528 Carmina
529 1474 824 1527 dulcisono
852 1472 1099 1524 nimium
1130 1470 1418 1523 currentia
1449 1470 1679 1537 plectro,

312 1563 496 1632 Digna
525 1563 717 1631 palere
750 1561 900 1630 polo,
939 1564 1122 1612 macta
1150 1559 1335 1611 valere
1370 1559 1505 1610 Deo.

240 1652 489 1705 Praebuit
518 1651 606 1704 his
637 1651 905 1719 stipulam
936 1649 1244 1718 praeclarus
1278 1648 1588 1715 Episcopus
1617 1655 1635 1679 ε
1672 1647 1884 1709 Emme,

239 1776 344 1828 bus
400 1774 571 1826 fuisse
618 1772 869 1841 aliquem
924 1770 1227 1823 Vulfadum
1282 1769 1546 1822 abbatem
1593 1770 1926 1823 monasterii

244 1845 607 1897 Resbacensis
636 1844 810 1895 tradit
839 1843 1037 1897 Claud.
1078 1843 1280 1894 ltober.
1316 1856 1489 1908 agens
1519 1841 1586 1892 de
1627 1856 1693 1892 eo
1726 1856 1927 1893 mona-

241 1916 450 1968 sterio:
487 1930 549 1967 ac
578 1915 755 1966 alium
800 1913 1182 1981 Vulphadum,
1244 1927 1339 1962 seu
1373 1911 1798 1978 Vulphandum,
1832 1928 1928 1963 ar-

238 1986 423 2055 chiep.
460 1985 688 2036 Bituric.
722 1983 1020 2052 proferunt
1056 1982 1207 2055 idem
1243 1982 1520 2033 Robertus
1570 1986 1625 2033 et
1652 1983 1733 2035 Jo.
1784 1982 1925 2035 Che-

238 2073 316 2108 nu
350 2052 536 2124 {quos
568 2055 637 2107 ab
664 2055 771 2107 hoc
803 2054 1055 2107 diversos
1081 2052 1445 2124 arbitramur.

306 2136 329 2159 ³
370 2121 706 2179 Hincmarus
741 2124 991 2192 archiep.
1032 2123 1368 2176 Rhemensis
1400 2121 1545 2175 sedit
1593 2121 1661 2175 ab
1694 2138 1788 2175 an.
1823 2124 1925 2175 835

235 2197 864 2320 adb8183g'l‘beodericus
924 2280 1013 2331 ep.
1074 2264 1360 2317 Camerac.
1425 2263 1494 2316 ab
1550 2280 1639 2316 an.
1705 2264 1808 2316 832
1857 2263 1925 2316 ad

235 2341 355 2391 863.
392 2342 641 2406 Agemus
672 2337 739 2388 de
773 2352 838 2387 eo
870 2338 898 2387 ὅ
930 2334 1187 2406 Augusti.

303 2417 323 2442 θ
368 2404 583 2472 Enimo,
639 2407 724 2459 vel
784 2407 902 2458 Imo
963 2422 1050 2473 ep.
1114 2404 1529 2473 Noviomensis,
1592 2404 1924 2458 interfectus

235 2496 264 2530 a
298 2477 641 2531 Normaunis
671 2493 761 2529 an.
797 2478 921 2539 859,
958 2481 1056 2527 aut
1086 2491 1245 2543 sequ.

305 2550 330 2589 ιι
373 2548 521 2601 Varii
554 2564 619 2600 eo
652 2553 908 2615 tempore
943 2547 1177 2598 fuerunt
1196 2544 1465 2597 Adalardi
1498 2544 1749 2598 abbates.
1779 2547 1922 2599 Tem—

226 2619 454 2687 poribus
514 2619 759 2671 Lothan‘z’
807 2620 996 2684 imper.
1042 2616 1255 2668 devenit
1304 2615 1551 2687 Aebutia
1580 2616 1635 2669 S.
1678 2616 1919 2680 Vedasti,

232 2692 288 2742 in
328 2704 520 2742 manus
555 2688 836 2740 Adulardi‘
867 2689 1115 2739 comitis:
1169 2692 1224 2738 et
1255 2686 1485 2754 quidem
1538 2702 1627 2738 an.
1679 2688 1784 2737 852
1826 2687 1922 2738 sub

232 2761 349 2827 ejus
397 2764 658 2828 potestate
707 2758 975 2828 camebitae
1014 2762 1195 2821 erant,
1250 2756 1332 2807 uti
1385 2756 1597 2808 dictum
1653 2757 1922 2828 sultrain

233 2830 365 2883 hist.
403 2827 813 2883 miraculorum
844 2827 899 2881 S.
936 2827 1182 2879 Vedasti.
1218 2829 1461 2879 Prmerat
1493 2832 1548 2878 et
1576 2842 1742 2879 comes
1766 2827 1920 2879 Ada-

232 2901 423 2954 lardus
475 2900 703 2953 εαξηοὸίο
752 2900 805 2952 S.
865 2899 1139 2968 (memini,
1195 2900 1351 2963 regni
1400 2898 1581 2951 Caroli
1618 2896 1774 2952 Calui
1835 2899 1917 2962 13,

2034 2335 2121 2387 his
2140 2335 2499 2403 antiquiores
2524 2334 2701 2387 fuere.
2733 2335 2788 2389 S.
2819 2336 3143 2389 Adalardus
3168 2336 3420 2389 Corbeiaa
3450 2338 3745 2389 Francicm

2034 2405 2240 2470 Abbas,
2274 2406 2435 2473 cujus
2474 2405 2647 2457 vitam
2682 2405 2944 2457 dedimus
2981 2409 3033 2457 2.
3091 2407 3216 2459 Jan.
3273 2408 3513 2476 ejusque
3558 2408 3744 2460 disci-

2033 2477 2200 2545 pulus
2252 2475 2589 2540 Adalardus,
2618 2475 2900 2546 rCorbeize
2932 2476 3223 2529 Saxonica)
3267 2475 3491 2546 primus
3534 2479 3741 2530 abbas.

2104 2554 2124 2579 ε
2157 2547 2213 2598 F.
2259 2545 2553 2597 llaiminus
2599 2545 2913 2615 discipulus
2957 2546 3201 2611 Alcuini,
3256 2545 3570 2600 monachus
3626 2550 3743 2599 Ve-

2011 2610 2311 2680 'dastinus,
2344 2617 2504 2683 cujus
2537 2610 3037 2669 calamddedimus
3079 2610 3252 2685 supra
3295 2617 3583 2686 descripta
3629 2619 3743 2670 mi-

2033 2687 2225 2738 racula
2256 2686 2311 2739 S.
2338 2686 2561 2738 Vedasti
2590 2702 2601 2738 :
2633 2686 2731 2738 ubi
2764 2686 3011 2739 diximus
3044 2687 3251 2739 obiisse
3277 2704 3427 2740 anno
3452 2690 3574 2741 843.

2104 2755 2123 2791 ί
2162 2758 2226 2809 In
2259 2757 2496 2825 antiquo
2523 2756 2787 2811 Chronici
2823 2758 3216 2810 Blandinensis
3256 2759 3597 2827 Fragmenta
3644 2758 3738 2810 in-

2033 2827 2117 2878 fra
2170 2829 2238 2879 de
2284 2844 2351 2879 eo
2396 2828 2607 2895 agitur,
2659 2833 2713 2878 et
2742 2828 3005 2892 traditur,
3050 2844 3191 2881 anno
3254 2830 3375 2881 850.
3438 2832 3739 2895 Teutingus

2031 2897 2316 2951 ordinatus
2352 2914 2447 2949 vui
2472 2898 2609 2950 Idus
2636 2900 2843 2950 martii.

1682 3095 2275 3203 ADDITIO

918 3272 1053 3342 AD
1140 3270 1681 3342 LIBELLUM
1754 3271 2035 3341 νΙΤίΕ
2113 3271 2500 3343 SANCTI
2581 3272 3031 3352 AMANDI.

1405 3405 1579 3468 (Apud
1605 3405 1798 3453 Mabill.
1829 3405 1956 3453 Acta
1986 3404 2074 3453 SS.
2100 3405 2215 3454 0rd.
2248 3404 2300 3454 S.
2332 3406 2545 3467 Bened.)

302 3592 348 3644 1.
385 3589 625 3642 Prrelato
646 3587 840 3640 libello
869 3586 937 3639 de
962 3585 1267 3639 virtutibus
1295 3584 1485 3638 Sancti
1511 3584 1715 3651 edicto,
1744 3585 1919 3638 scien-
1959 3584 1997 3637 C
2029 3585 2162 3638 viris
2192 3589 2246 3638 et
2269 3586 2491 3640 Christo
2533 3586 2750 3642 sincere
2790 3588 3244 3642 desiderantibus
3273 3589 3548 3656 militare,
3608 3608 3727 3644 mo-

229 3679 363 3731 dum
392 3681 475 3730 est
504 3680 752 3746 quantus
786 3675 872 3727 vir
901 3675 1075 3739 idem,
1110 3678 1167 3726 et
1211 3673 1373 3743 cujus
1404 3673 1640 3726 honoris
1692 3673 1919 3743 habitus

228 3769 312 3818 est
338 3765 484 3834 apud
504 3763 790 3830 homines,
822 3762 953 3815 licet
977 3762 1099 3831 ipse
1119 3761 1405 3813 declinare
1437 3760 1686 3813 honores
1716 3760 1921 3813 mundi

228 3868 453 3923 semper
483 3851 853 3904 desideraret.
891 3851 1032 3902 Nam
1072 3864 1233 3918 reges
1268 3853 1324 3901 et
1369 3847 1583 3917 reginas
1614 3848 1921 3917 pluresque

228 3941 478 3994 illustres
507 3940 613 3992 viri
645 3940 697 3992 ei
739 3938 1166 3991 venerationem
1218 3942 1273 3989 et
1321 3937 1561 4005 gratiam
1604 3936 1919 4006 plurimum

230 4029 561 4098 impendere
598 4027 965 4091 studuerunt,
1011 4029 1063 4076 et
1113 4024 1181 4076 de
1225 4023 1589 4076 facultatibus
1636 4022 1752 4075 suis
1797 4023 1921 4076 vivo

230 4116 412 4169 adhuc
444 4116 607 4167 illum
643 4114 699 4166 in
731 4129 964 4181 corpore
996 4115 1328 4164 manentem
1369 4127 1480 4164 non
1511 4111 1729 4163 modice
1774 4111 1918 4163 dita-

228 4209 461 4267 verunt;
499 4203 662 4255 villas
695 4217 923 4270 quoque
954 4204 1008 4251 et
1038 4199 1253 4267 praedia
1290 4214 1353 4251 ac
1384 4198 1646 4268 proprias
1678 4198 1918 4252 haeredi-

229 4299 392 4353 tates,
428 4291 842 4360 cognoscentes
873 4302 1003 4338 eum
1038 4301 1157 4338 esse
1201 4303 1427 4340 servum
1474 4287 1725 4352 Domini,
1771 4287 1920 4341 ﬁde-

229 4382 447 4436 lissima
479 4377 783 4434 devotione
817 4374 867 4427 ei
900 4390 956 4427 se
989 4374 1249 4427 conferre
1280 4375 1625 4444 gaudebant.
1664 4375 1767 4429 Ubi
1798 4376 1919 4445 ipse

228 4473 314 4526 vir
345 4467 574 4524 Domini
618 4464 908 4519 Amandus
956 4461 1317 4532 sagacissima
1349 4462 1626 4515 industria
1654 4462 1921 4517 ﬁdelibus

298 4606 321 4630 α
346 4598 556 4649 Praeter
588 4590 999 4645 monasterium
1040 4587 1401 4642 Blandinium
1437 4588 1490 4641 S.
1534 4587 1828 4640 Amandus
1860 4587 1922 4642 in

227 4674 409 4721 castro
441 4664 703 4719 Gandavo
734 4660 1051 4714 construxit
1080 4659 1401 4712 crenobium
1443 4658 1697 4711 Gandam
1728 4660 1923 4728 appel-

228 4740 428 4801 latum,
462 4740 660 4805 postea
784 4730 1021 4805 Bavonis
1052 4730 1287 4805 dictum.
1342 4730 1415 4805 De
1454 4729 1825 4805 Marcianensi
1862 4730 1921 4782 in

225 4809 375 4862 Actis
405 4799 797 4866 Sillictrudis,
827 4803 895 4855 de
927 4802 1201 4854 Lutofano
1254 4800 1312 4851 in
1346 4799 1642 4852 Hannonia
1702 4804 1759 4852 et
1784 4800 1918 4853 Rot-

2030 3673 2277 3726 nasterio
2314 3675 2697 3728 construendo
2742 3675 3158 3729 studiosissime
3189 3676 3544 3731 elaborabat.
3590 3680 3725 3732 Nam

2030 3762 2441 3815 monasterium
2502 3764 2652 3833 quod
2709 3763 2917 3817 dicitur
2981 3764 3365 3832 Blandinium,
3424 3767 3483 3819 in
3534 3768 3726 3821 Castro

2030 3848 2294 3902 Gandavo
2323 3849 2517 3917 situm,
2545 3859 2569 3882 τι
2599 3850 2869 3921 aliudque
2909 3852 3061 3921 quod
3110 3857 3336 3906 vocatur
3393 3854 3725 3921 Marcianas,

2030 3952 2257 3990 necnon
2279 3941 2335 3990 et
2369 3936 2515 3990 illud
2556 3938 2647 3991 cui
2673 3938 2794 4008 ipse
2834 3944 3059 3992 sanctus
3115 3940 3200 3993 vir
3254 3943 3454 3995 Lotosa
3507 3959 3724 3996 nomen

2029 4024 2337 4094 imposuit;
2369 4042 2469 4079 seu
2498 4027 2770 4093 Rotnace,
2800 4028 2951 4097 quod
2979 4033 3062 4081 est
3093 4028 3330 4099 przrfato
3358 4046 3507 4099 pene
3540 4032 3723 4084 conti-

2030 4129 2243 4183 guum;
2295 4114 2676 4184 cellulamque
2724 4131 2851 4185 quae
2895 4121 3259 4186 nuncupatur
3310 4118 3629 4171 Barisiacus
3680 4123 3723 4184 Iv,

2032 4218 2205 4272 quem
2236 4203 2422 4256 locum
2465 4220 2596 4256 cum
2642 4204 3033 4273 adjacentibus
3064 4205 3172 4258 sibi
3210 4206 3568 4274 appendiciis
3618 4209 3724 4261 Hil-

2028 4291 2251 4345 dericus
2301 4300 2437 4345 rex°
2468 4296 2523 4345 et
2568 4292 2978 4347 Himnechildis
3010 4293 3209 4362 regina
3254 4295 3359 4346 visi
3403 4299 3537 4347 sunt
3588 4312 3722 4349 con-

2031 4380 2313 4433 donasse:
2374 4384 2575 4433 cuncta
2632 4380 2755 4434 haec
2812 4381 2882 4433 ab
2948 4381 3072 4450 ipso
3123 4380 3220 4436 Dei
3270 4380 3392 4434 viro
3442 4382 3726 4436 aediﬁcata

2029 4467 2203 4522 fuisse
2234 4483 2377 4537 pene
2411 4468 2683 4522 omnibus
2710 4474 2909 4522 notum
2938 4473 3041 4535 est,
3086 4470 3146 4522 in
3192 4469 3399 4539 quibus
3446 4469 3555 4523 loci
3592 4472 3722 4524 Fra-

2099 4595 2125 4635 b
2154 4594 2215 4645 In
2245 4593 2368 4646 vico
2403 4593 2703 4659 Barisiaco,
2736 4596 2969 4662 Barysy,
3022 4592 3280 4647 dicecesis
3330 4594 3725 4648 Laudunensis

2030 4663 2101 4716 ab
2132 4663 2357 4732 oppidis
2387 4664 2620 4717 Cociaco
2661 4671 2718 4717 et
2774 4665 3003 4717 Calneio
3052 4680 3114 4716 ac
3167 4664 3339 4717 tluvio
3390 4665 3555 4718 Oesia
3611 4682 3725 4719 una

2030 4734 2147 4787 fere
2180 4737 2336 4786 leuca
2368 4734 2653 4803 disparato
2691 4739 2871 4787 exstat
2919 4735 3088 4786 etiam
3119 4750 3270 4786 nunc
3308 4735 3597 4804 prioralus
3634 4738 3725 4788 ab-

2031 4804 2198 4857 batiaa
2256 4805 2563 4857 Elnouensi
2617 4821 2712 4856 seu
2757 4804 2810 4858 S.
2849 4805 3091 4857 Amandi
3121 4804 3463 4857 attributus:
3496 4806 3585 4858 cui
3615 4810 3724 4860 ΑΠ-

225 4877 483 4933 nascensi
538 4876 597 4927 in
638 4875 949 4927 Bracbanto
982 4871 1337 4943 constitutis,
1372 4886 1519 4943 quae
1579 4885 1735 4943 nunc
1784 4875 1915 4943 sunt
1954 4882 1996 4934 D
2033 4874 2270 4928 dreasS.
2294 4874 2886 4943 Amandidiscipulus,
2916 4880 3111 4942 postea
3148 4875 3484 4927 Elnonensis
3524 4876 3719 4941 abbas,

224 4949 465 5018 collegia
506 4946 936 5018 canonicorum,
980 4942 1257 5018 legendus
1292 4940 1821 5018 Baldericusepisc.
1855 4941 1914 4994 in

222 5011 432 5073 Chron.
486 5019 773 5070 Camerac.
810 5018 866 5066 et
912 5014 1108 5065 Atreb.
1166 5012 1268 5063 lib.
1324 5028 1380 5071 II,
1417 5026 1540 5079 cap.
1604 5011 1670 5064 43
1706 5014 1761 5064 et
1791 5026 1911 5080 seq.

222 5091 324 5143 His
353 5090 589 5157 insuper
624 5086 678 5139 S.
713 5083 957 5157 Amandi
988 5082 1223 5157 consilio
1257 5086 1313 5134 et
1358 5082 1646 5157 instinctu
1683 5082 1761 5157 S.‘
1786 5081 1914 5157 Vin:

222 5161 441 5213 centius
470 5152 571 5210 s'eu
610 5154 989 5223 Madelgarius
1041 5152 1356 5223 Sogniense
1404 5152 1460 5204 in
1495 5152 1805 5205 Bracbanto
1846 5152 1912 5205 ad

224 5230 461 5283 ﬂuvium
491 5228 766 5289 Sennam;
802 5222 872 5277 SS.
911 5222 1205 5277 Gertrudis
1257 5222 1572 5275 Nivialense
1626 5223 1825 5276 itidem
1854 5223 1914 5276 in

226 5297 564 5359 Brabantia;
599 5296 655 5349 S.
698 5296 962 5348 Gistenus
996 5294 1250 5346 Cellense
1280 5292 1339 5344 in
1394 5294 1710 5358 Hannonia,
1762 5310 1914 5346 nunc

222 5367 537 5422 conditoris
568 5366 653 5417 sui
678 5365 907 5418 nomine
932 5364 1291 5425 decoratum;
1318 5362 1372 5416 S.
1401 5362 1776 5416 Waldetrudis
1808 5365 1911 5418 Ca-

224 5438 581 5499 strilocense;
616 5435 668 5488 S.
700 5435 989 5487 Vicentius
1021 5434 1145 5501 ejus
1194 5433 1434 5485 maritus
1467 5434 1908 5499 Altimontense;

222 5509 277 5562 S.
317 5504 668 5572 Aldegundis
714 5503 1121 5567 Melbodiense,
1173 5508 1230 5556 et
1260 5502 1358 5554 alii
1400 5502 1509 5554 alia
1565 5505 1911 5556 monasteria

221 5573 628 5633 condiderunt,
662 5579 725 5626 ut
748 5574 807 5625 in
841 5572 1088 5640 propriis
1121 5586 1320 5624 eorum
1351 5572 1499 5624 Actis
1527 5572 1758 5641 legitur.

2024 4946 2094 4999 ab
2120 4945 2244 5013 ipso
2264 4946 2523 4997 Amando
2557 4945 2775 5013 primus
2797 4945 3098 5013 praefectus
3128 4951 3231 4997 est.

2094 5024 2115 5048 ο
2152 5015 2288 5077 Quis
2317 5016 2389 5067 sit
2439 5015 2754 5086 Hildericus
2808 5016 3005 5086 isteiet
3046 5015 3463 5086 rHimnechildis
3519 5017 3719 5086 regina

2022 5084 2093 5136 lis
2124 5090 2206 5138 est
2234 5086 2381 5137 inter
2407 5085 2678 5138 eruditos.
2740 5085 3129 5137 llenschenius
3180 5085 3239 5137 in
3280 5084 3611 5138 Comment:
3661 5088 3720 5139 in

2022 5156 2206 5207 Vitam
2238 5155 2292 5208 S.
2322 5155 2587 5221 Amandi,
2636 5172 2795 5208 num.
2845 5158 2908 5208 lO
2943 5160 3000 5207 et
3045 5155 3204 5221 alibi,
3246 5161 3441 5208 censet
3485 5157 3719 5210 Childe-

2022 5225 2203 5277 ricum
2234 5226 2404 5278 istum
2438 5242 2557 5278 esse
2607 5226 2875 5294 Sigiberti
2918 5225 3123 5290 ﬁlium,
3158 5226 3255 5294 qui
3304 5242 3433 5278 cum
3484 5227 3720 5281 Himne-

2022 5295 2205 5349 childe
2244 5300 2424 5349 matre
2453 5300 2580 5364 post
2611 5295 2877 5364 Sigiberti
2911 5295 3130 5348 obitum
3180 5297 3504 5349 Austrasios
3560 5314 3720 5351 rexe-

2023 5366 2114 5418 rit.
2169 5366 2279 5418 Alii
2308 5366 2695 5419 Childericum
2726 5382 2849 5418 esse
2878 5367 3077 5418 volunt
3126 5366 3435 5419 Chlodovei
3488 5369 3720 5421 secundi

2024 5436 2249 5487 tilium:
2300 5439 2357 5489 et
2410 5436 2818 5489 llimnecbildis
2858 5437 2981 5488 loco
3038 5437 3429 5504 reponendam
3481 5454 3604 5490 esse
3637 5440 3717 5491 vel

2024 5506 2363 5578 Balthildem
2416 5512 2658 5559 matrem
2706 5507 2794 5560 vel
2830 5505 3237 5560 Blidechildem
3281 5507 3591 5561 Childerici
3632 5509 3713 5578 ip-

2023 5591 2141 5629 SlllS
2171 5591 2427 5630 uxorem.
