3868 6228
6 286 99 337 96‘.)
1230 287 1515 344 ADDITIO
1554 290 1646 341 AD
1688 289 1900 345 VITAM
1940 289 1994 344 S.
2036 290 2327 346 AMANDI.

3423 298 3525 348 970

6 416 179 467 tribus
233 419 332 471 vel
380 419 679 473 monachis
710 417 812 471 sub
848 418 1095 489 regulari
1137 434 1335 471 norma
1366 419 1711 485 constitutis,
1753 425 1798 474 Α
1826 420 1994 473 latam
2044 421 2216 474 ﬁdem
2260 423 2448 476 conati
2477 428 2611 477 sunt
2639 422 2956 479 innectere.
2992 423 3215 496 Quippe
3251 426 3527 496 quoniam

5 508 516 578 superpositisque
572 510 871 562 abbatibus
929 513 983 560 et
1045 508 1313 561 omnibus
1369 507 1515 561 bene
1564 508 1716 561 ordi-

6 597 168 657 natis,
232 598 315 649 ad
379 604 738 667 postremum
798 596 1053 649 Helnone
1104 596 1361 649 coenobio
1418 598 1717 662 aediﬁcato,

6 682 116 751 ipse
166 683 408 737 ibidem
454 702 587 739 cum
633 686 747 738 suis
794 701 974 755 usque
1020 685 1091 738 ad
1138 685 1479 737 sanctissimi
1530 686 1720 739 obitus

6 770 147 823 diem
182 773 432 825 Christo
461 773 705 827 feliciter
738 773 1024 826 militavit.

72 858 222 928 Ergo
284 866 351 913 et
414 861 566 930 apud
626 862 929 914 Martinum
984 861 1404 914 sanctissimum
1466 876 1530 912 ac
1587 860 1717 914 bea-

6 948 301 1001 tissimum
357 965 567 1019 papam
621 956 829 1002 sancta:
881 955 935 1001 et
980 950 1301 1019 apostolicae
1357 950 1507 1001 sedis
1566 949 1722 1001 urbis

6 1036 230 1101 Romae,
270 1039 380 1107 qui
411 1030 872 1108 septuagesimus
902 1038 1135 1108 quintus
1159 1043 1287 1107 post
1321 1039 1551 1090 Petrum
1581 1053 1721 1107 apo-

6 1126 218 1178 stolum
267 1128 599 1181 Romanam
642 1128 782 1180 rexit
832 1128 1157 1191 Ecclesiam,
1208 1128 1514 1196 plurimam
1551 1126 1721 1178 fami-

8 1213 280 1265 liaritatis
334 1231 402 1268 ac
448 1215 783 1270 reverentia}
820 1216 1063 1284 gratiam
1099 1216 1362 1268 obtinuit.
1400 1215 1502 1269 Cui
1552 1216 1723 1267 etiam

8 1303 286 1373 prastfatus
342 1304 687 1373 apostolicus
742 1304 891 1356 inter
936 1309 1141 1357 castora
1178 1307 1350 1356 tantae
1405 1302 1724 1356 dilectionis

11 1392 180 1461 digna
215 1396 458 1458 exenia,
496 1392 705 1446 direxit
749 1393 1018 1445 volumen
1060 1392 1421 1461 synodalium
1468 1392 1721 1445 decreto-

9 1495 131 1531 rum
164 1496 312 1549 que
367 1482 490 1549 ipse
521 1481 723 1546 edidit,
769 1486 969 1550 utpote
1002 1485 1197 1549 pastor
1231 1479 1721 1548 vigilantissimus,

12 1569 350 1621 custodiens
402 1585 531 1622 cum
576 1585 801 1622 summa
844 1568 1224 1621 sollicitudine
1268 1568 1325 1619 in
1359 1573 1522 1621 nocte
1554 1568 1724 1635 hujus

13 1657 202 1709 saeculi
251 1657 487 1728 vigilias
517 1673 691 1727 supra
721 1673 954 1727 gregem
992 1656 1349 1710 Dominicum
1390 1656 1497 1708 sibi
1541 1656 1723 1708 credi-

14 1751 127 1798 tum
186 1746 473 1799 adversus
525 1748 689 1815 lupos
733 1762 796 1799 ac
841 1746 1191 1815 przedatores
1237 1744 1495 1799 Ecclesiae
1546 1745 1724 1797 hare-

14 1834 148 1885 ticos
178 1834 404 1902 Cyrum
433 1834 883 1887 Alexandrinum
912 1835 1267 1903 episcopum,
1300 1832 1563 1902 Sergium
1590 1835 1728 1885 Con-

19 1923 603 1992 stantinopolitanum
644 1922 1001 1993 episcopum,
1038 1922 1340 1990 Pyrrhum,
1372 1922 1725 1990 Paulumque

17 2010 432 2077 patriarcham,
495 2026 846 2064 successores
910 2010 1105 2079 ipsius,
1170 2015 1573 2062 concurrentes
1622 2009 1728 2061 sibi

24 2099 272 2152 vicissim
328 2100 387 2151 in
457 2103 565 2153 hoc
620 2106 929 2164 certamen,
990 2114 1161 2151 unam
1224 2098 1619 2166 operationem
1667 2097 1727 2149 in

24 2187 247 2241 Christo
298 2188 544 2241 Domino
596 2193 787 2240 nostro
838 2188 948 2240 Deo
991 2186 1306 2240 divinitatis
1352 2190 1407 2238 et
1455 2184 1726 2238 humani-

28 2276 149 2327 tatis
181 2277 449 2346 proﬁteri
482 2278 791 2329 audentes:
838 2292 969 2328 cum
1002 2274 1325 2328 orthodoxa
1356 2274 1498 2326 ﬁdes
1534 2273 1729 2326 Eccle-

30 2366 118 2417 siae
164 2366 467 2419 catholicas
514 2366 612 2435 pio
654 2381 824 2418 sensu
859 2365 1198 2417 conﬁteatur
1241 2363 1381 2416 duas
1412 2363 1470 2415 in
1509 2363 1730 2416 Christo

32 2454 434 2507 convenientes
464 2459 698 2506 naturas
726 2459 782 2506 et
811 2453 1193 2521 operationes.
1233 2451 1513 2521 Operatur
1540 2451 1730 2521 itaque

37 2549 273 2612 utraque
318 2544 510 2595 forma
543 2542 737 2595 divina
786 2548 957 2611 atque
988 2541 1239 2593 humana
1270 2541 1328 2593 in
1377 2556 1489 2592 una
1537 2540 1727 2593 Salva-

36 2630 166 2682 toris
208 2632 390 2683 nostri
420 2646 671 2701 persona
702 2646 832 2683 cum
865 2629 1101 2682 alterius
1133 2629 1541 2682 communione
1576 2628 1731 2697 quod

38 2720 332 2788 proprium
379 2724 483 2785 est,
535 2719 718 2771 Verbo
765 2718 999 2788 quidem
1046 2723 1321 2787 operante
1372 2718 1525 2787 quod
1571 2717 1734 2769 Verbi

42 2813 134 2869 est,
199 2822 372 2860 carne
425 2812 621 2860 autem
674 2811 1020 2875 exsequente
1071 2806 1225 2877 quod
1279 2804 1465 2858 carnis
1513 2810 1625 2870 est;
1679 2809 1735 2857 et

44 2911 211 2948 unum
256 2896 467 2948 horum
498 2900 759 2948 coruscat
803 2893 1117 2956 miraculis,
1165 2893 1319 2946 aliud
1365 2899 1551 2946 autem
1606 2909 1729 2945 suc-

1829 509 2012 578 ipsam
2034 510 2329 563 excludere
2347 519 2737 581 properantes,
2756 514 3157 567 hazreticorum
3181 515 3520 584 dogmatum

1831 605 2030 649 contra
2069 600 2405 652 catholicam
2453 601 2551 653 Dei
2599 602 2898 655 Ecclesiam
2932 603 3329 657 confusionem
3378 619 3522 657 con-

1830 686 2226 752 cinnaverunt,
2261 689 2640 741 anathematis
2676 690 2892 743 ultione
2919 692 3171 759 percussi
3202 696 3354 745 sunt.

1904 775 2188 828 Praeterea
2276 776 2548 829 Martinus
2632 793 2780 846 papa
2865 779 3225 833 beatissimus
3310 779 3522 833 faciens

1832 863 2183 931 exemplaria
2216 864 2475 931 prmdicti
2512 866 2819 918 voluminis
2846 866 3153 935 synodalis,
3187 884 3291 937 per
3324 884 3525 922 omnes

1833 956 2045 1004 tractus
2077 952 2326 1017 Orientis
2359 959 2413 1005 et
2443 953 2767 1007 Occidentis
2796 954 3027 1019 direxit,
3067 971 3247 1026 eaque
3276 972 3379 1025 per
3414 973 3529 1010 ma-

1835 1054 1939 1090 nus
1966 1040 2416 1093 orthodoxorum
2441 1042 2695 1094 ﬁdelium
2724 1040 3136 1097 disseminavit.
3162 1044 3335 1112 Cujus
3355 1046 3525 1098 etiam

1833 1127 2126 1196 exemplar
2178 1128 2236 1180 in
2286 1129 2554 1198 papyreis
2598 1129 2819 1183 schedis
2863 1130 3079 1183 editum
3128 1132 3283 1184 Patri
3332 1139 3527 1187 nostro

1834 1216 1940 1267 sibi
1983 1214 2351 1269 dilectissimo
2395 1217 2655 1286 pontiﬁci
2691 1218 2899 1272 direxit
2926 1219 3204 1286 Amando,
3248 1226 3530 1290 quatenus

1833 1302 2011 1372 ipsius
2040 1303 2391 1357 industriosa
2428 1305 2814 1359 sollicitudine
2858 1307 3111 1376 ejusdem
3161 1314 3531 1362 sacrosancta;

1834 1395 1891 1443 et
1943 1391 2297 1444 intemeratas
2353 1392 2486 1445 ﬁdei
2536 1393 3029 1463 promulgationes
3078 1395 3390 1450 Galliarum
3441 1412 3529 1451 ec-

1832 1479 2016 1532 clesiis
2049 1480 2439 1549 vulgarentur.
2472 1480 2535 1533 In
2579 1482 2747 1551 hujus
2778 1483 3013 1552 insuper
3052 1486 3164 1537 ﬁne
3198 1485 3528 1550 voluminis,

1834 1569 1989 1637 quod
2020 1584 2132 1620 uno
2175 1568 2409 1636 quidem
2445 1585 2703 1639 corpore,
2740 1571 2833 1624 sed
2867 1572 3121 1641 quinque
3154 1573 3529 1627 incisionibus

1837 1657 2113 1709 librorum
2139 1656 2381 1709 divisum
2420 1663 2523 1722 est,
2558 1659 2893 1728 smpedictus
2927 1661 3197 1713 Martinus
3228 1662 3528 1731 episcopus

1836 1749 2044 1798 sanctae
2093 1745 2241 1797 sedis
2286 1746 2609 1814 apostolicae
2660 1748 2832 1799 etiam
2880 1749 3179 1818 specialem
3228 1751 3528 1819 epistolam

1837 1832 1960 1888 viro
2016 1833 2112 1885 Dei
2156 1833 2471 1887 transmisit
2501 1835 2779 1900 Amando,
2824 1852 2927 1905 per
2967 1853 3138 1907 quam
3183 1838 3408 1891 decreta
3440 1856 3529 1909 sy-

1838 1921 2083 1985 nodalia,
2120 1937 2398 1992 suamque
2438 1938 2575 1991 erga
2607 1924 2793 1993 ipsum
2827 1925 3137 1995 benignam
3172 1926 3533 1980 dilectionem

1838 2009 1973 2061 satis
2013 2009 2355 2079 abundeque
2404 2012 2759 2075 monstravit,
2812 2028 2874 2064 ac
2906 2029 2974 2066 ne
3024 2014 3395 2067 alilictionum
3430 2030 3530 2067 an-

1838 2097 2072 2167 goribus
2113 2102 2429 2152 coarctatus
2459 2114 2491 2150 a
2538 2098 2635 2167 pio
2670 2100 2879 2154 mentis
2918 2102 3213 2171 proposito
3244 2103 3535 2156 recederet

1840 2186 2158 2250 admonuit,
2219 2192 2274 2239 et
2324 2187 2680 2240 sermonibus
2730 2188 2970 2258 insuper
3018 2190 3417 2244 exhortatoriis
3462 2192 3533 2245 ad

1838 2273 2201 2326 tolerantiam
2233 2273 2672 2327 tribulationum
2706 2275 2912 2343 quibus
2943 2293 2972 2328 a
3004 2276 3302 2330 contrariis
3326 2276 3533 2330 divine

1840 2361 2103 2430 religioni
2135 2361 2476 2431 presbyteris
2506 2378 2606 2415 seu
2660 2362 3011 2431 diaconibus,
3056 2364 3296 2434 aliisque
3351 2381 3533 2418 sacer-

1842 2449 2047 2502 dotalis
2079 2450 2252 2502 ofﬁcii
2290 2450 2570 2502 ministris
2602 2450 2965 2519 gravabatur,
3000 2451 3255 2505 animare
3294 2453 3531 2507 studuit.

1843 2540 1951 2591 Pro
1993 2553 2239 2609 quorum
2289 2545 2486 2607 postea
2530 2539 2971 2608 augescentibus
3020 2541 3079 2593 in
3122 2540 3375 2596 deterius
3416 2558 3535 2595 sce-

1841 2626 2151 2679 leratorum
2203 2633 2435 2679 actuum
2485 2626 2972 2697 incorrigibilibus
3012 2629 3336 2682 excessibus
3377 2630 3539 2697 (sicut

1842 2714 2054 2767 librum
2100 2715 2225 2767 vita;
2263 2715 2386 2783 ejus
2415 2714 2739 2783 legentibus
2772 2715 2974 2785 liquet)
3006 2717 3178 2770 ctiam
3207 2717 3537 2771 cathedram

1843 2802 2118 2871 episcopii
2172 2802 2281 2855 sibi
2325 2803 2613 2855 commissi
2664 2803 2933 2869 deseruit,
2980 2806 3391 2875 pulveremqne
3429 2823 3533 2876 pe-

1844 2890 1979 2945 dum
2022 2906 2257 2943 suorum
2293 2906 2469 2960 super
2496 2896 2913 2961 contemptores
2959 2909 3076 2945 suae
3108 2894 3537 2963 praedicationis

44 2983 249 3036 cumbit
304 2984 579 3052 injuriis:
643 2988 704 3035 ut
756 2983 829 3036 sit
876 2982 1195 3052 proprietas
1252 2981 1456 3035 divinas
1514 2988 1732 3034 naturae
1772 2978 2001 3069 Cjuxta
2026 2978 2418 3048 evangelicum
2443 2978 2668 3032 Domini
2693 2984 3035 3050 praeceptum
3061 2980 3118 3033 in
3145 2981 3538 3035 testimonium

47 3070 262 3136 Christi,
303 3071 577 3124 divinitus
622 3086 752 3123 eum
787 3072 925 3123 velle
974 3076 1032 3124 et
1074 3070 1298 3139 operari
1341 3069 1559 3135 divina;
1596 3086 1733 3140 pro-

46 3159 245 3226 prietas
292 3176 426 3213 vero
462 3161 732 3213 humanae
762 3163 1003 3225 naturas,
1042 3160 1295 3212 humana
1329 3158 1468 3211 velle
1501 3164 1556 3211 et
1598 3175 1733 3228 ope-

46 3250 147 3300 rari
180 3248 455 3314 humane,
487 3254 553 3301 ut
582 3248 935 3317 approbctur
964 3248 1021 3300 in
1056 3263 1169 3299 una
1201 3246 1434 3317 quidem
1467 3262 1729 3315 persona,

47 3336 131 3387 sed
164 3336 220 3389 in
250 3337 474 3391 duabus
506 3335 727 3389 naturis
758 3337 900 3388 Deus
931 3341 989 3388 et
1016 3336 1189 3388 homo
1223 3335 1561 3387 naturaliter
1592 3350 1731 3387 esse.

46 3422 213 3485 Quam
268 3427 598 3477 columnam
653 3423 981 3476 orthodoxae
1044 3421 1177 3475 fidei
1241 3427 1435 3474 sancta
1482 3422 1733 3491 synodus

49 3512 510 3566 Chalcedonensis
551 3512 768 3574 statuit,
813 3512 1327 3580 universorumque
1366 3510 1572 3563 chorus
1625 3511 1735 3563 Pa-

48 3604 185 3654 trum
215 3601 631 3655 catholicorum
664 3600 1040 3653 conﬁrmavit.

110 3688 167 3741 ln
234 3690 685 3743 destructionem
750 3689 943 3759 itaque
999 3686 1393 3756 suprascripta;
1449 3687 1735 3740 haereseos

51 3780 203 3845 atque
234 3778 728 3848 expugnationem
761 3775 1043 3846 superbiae
1083 3781 1278 3828 contra
1306 3774 1599 3828 scientiam
1638 3775 1735 3827 Dei

55 3880 102 3917 se
147 3868 435 3932 elevantis,
474 3883 574 3919 seu
607 3872 663 3919 et
691 3864 1188 3919 conﬁrmationem
1222 3864 1556 3933 dogmatum
1593 3863 1733 3916 divi-

55 3968 263 4022 norum,
298 3971 476 4026 supra
500 3954 833 4007 nominatus
865 3952 1139 4006 Martinus
1166 3952 1391 4022 pietatis
1413 3952 1735 4016 advocatus,

59 4040 180 4095 sicut
215 4045 275 4096 in
303 4042 487 4098 Gestis
512 4041 941 4112 pontiﬁcalibus
969 4041 1196 4109 legitur,
1232 4041 1387 4092 misit
1418 4045 1473 4093 et
1503 4054 1739 4108 congre-

56 4132 188 4196 gavit
217 4132 275 4184 in
311 4133 453 4185 urbe
484 4132 668 4184 Roma
691 4130 991 4199 episcopos
1019 4135 1249 4181 centum
1280 4133 1333 4181 et
1369 4128 1649 4197 quinque,
1683 4134 1739 4180 et

59 4215 169 4271 fecit
215 4220 503 4289 synodum
566 4218 884 4272 secundum
934 4217 1194 4270 instituta
1252 4218 1484 4269 Patrum
1539 4216 1735 4267 ortho-

62 4303 504 4378 doxornmjnxta
533 4306 895 4377 episcopium
927 4307 1327 4370 Lateranense,
1360 4302 1739 4357 residentibus

60 4396 338 4466 episcopis,
373 4396 725 4467 presbyteris
764 4394 1084 4448 astantibus
1116 4393 1452 4447 diaconibus
1484 4408 1546 4445 ac
1586 4393 1737 4444 clero

62 4481 296 4537 universo
325 4501 337 4538 :
374 4488 429 4537 et
458 4484 992 4537 condemnaverunt
1026 4482 1255 4551 Cyrum,
1290 4479 1740 4535 Alexandrinum

62 4570 389 4642 episcopum,
415 4578 471 4626 et
492 4573 776 4642 Sergium,
802 4570 1497 4639 Constantinopolitanum
1521 4568 1741 4638 episco-

65 4674 193 4726 pum,
229 4662 516 4732 Pyrrhum
548 4661 721 4713 etiam
752 4674 1134 4713 successorem
1166 4659 1308 4727 ejus,
1345 4658 1581 4711 Paulum
1607 4673 1743 4727 quo-

66 4762 151 4815 que
179 4750 439 4819 ejusdem
471 4749 632 4802 urbis
662 4747 1070 4818 patriarcham,
1098 4747 1220 4817 qui,
1246 4745 1428 4798 inﬂati
1457 4745 1742 4815 superbiai

69 4837 261 4904 spiritu,
303 4839 581 4891 adversus
626 4842 778 4889 recta
808 4842 1018 4889 sanctae
1054 4834 1151 4887 Dei
1188 4832 1445 4887 Ecclesiae
1474 4833 1744 4902 dogmata

69 4925 305 4979 audacter
338 4928 833 4997 praesumpserunt
865 4924 1116 4993 paternis
1146 4921 1577 4976 deﬁnitionibus
1610 4936 1743 4972 con-

71 5015 229 5079 traire,
272 5021 446 5085 atque
478 5014 751 5067 novitatis
782 5016 1177 5065 commentum
1218 5014 1417 5063 contra
1466 5009 1740 5061 immacu-

124 5129 143 5152 δ
186 5122 281 5173 Hic
325 5121 601 5179 calculus,
667 5117 1034 5189 quantumvis
1097 5116 1359 5193 studiose
1398 5113 1466 5166 ab
1515 5119 1745 5193 auctore

74 5187 365 5261 indagatus,
396 5198 549 5243 stare
583 5186 732 5242 haud
758 5204 1046 5261 quaquam
1080 5194 1285 5261 potest.
1322 5186 1647 5261 Cvrm_enim
1678 5200 1745 5236 ex

78 5256 471 5333 Baud'emuudo
517 5261 667 5333 (vide
714 5256 1081 5333 Putrologiuni
1104 5256 1202 5333 -ρά
1245 5271 1335 5333 an.
1371 5257 1551 5333 .679),
1585 5262 1647 5333 et.
1680 5270 1745 5306 ex

77 5330 173 5397 ipso
218 5334 422 5387 Milone
459 5331 633 5394 infra,
668 5331 959 5382 Amandus
1003 5329 1073 5380 ad
1104 5328 1750 5397 'l‘lieodoriciprincipa-

77 5396 169 5455 tum
202 5404 553 5475 pervenerit,
587 5400 1077 5475 supervixeritque
1100 5396 1591 5475 Childericohaud
1619 5400 1748 5475 ante

78 5466 259 5527 annum
312 5476 417 5527 6l3
453 5466 775 5537 interfecto,
823 5485 1060 5522 omnino
1091 5466 1357 5537 Amandi
1381 5466 1568 5518 obitus
1605 5467 1750 5537 ultra

80 5538 218 5598 istum
261 5560 483 5597 annum
538 5534 943 5611 producendus
993 5544 1095 5591 est.
1148 5538 1239 5591 Sic
1284 5536 1461 5611 igitur
1504 5534 1749 5588 Amandi

80 5619 185 5667 atas
220 5608 649 5685 componenda.
697 5612 952 5665 Mortuus
1002 5614 1085 5662 est
1135 5608 1429 5660 Amandus
1474 5610 1749 5674 regnante

402 5706 687 5768 PATBOL.
743 5700 949 5766 CXXI.

1843 3067 1955 3120 illis
2019 3066 2330 3133 excutiens,
2382 3067 2455 3121 ad
2511 3067 2632 3121 loca
2675 3068 2785 3121 alia
2830 3069 3189 3139 demigravit.
3262 3071 3540 3124 Praeterea

1845 3156 2016 3209 etiam
2030 3155 2153 3225 jam
2175 3156 2356 3209 dictus
2375 3155 2726 3226 apostolicus
2745 3156 2998 3226 ejusdem
3026 3158 3203 3211 Patris
3219 3174 3369 3213 curas
3384 3158 3543 3229 Sige-

1843 3243 2070 3297 bertum
2102 3244 2406 3313 Dagoberti
2432 3245 2639 3313 ﬁlium,
2674 3260 2868 3315 regem
2899 3246 3160 3299 videlicet
3197 3247 3540 3301 Francorum

1844 3331 2245 3385 commendare
2277 3332 2520 3398 studuit,
2544 3334 2643 3403 qui
2673 3334 2807 3385 olim
2837 3334 3024 3387 adhuc
3056 3334 3261 3401 infans,
3295 3336 3543 3389 necdum

1847 3419 2031 3473 adhuc
2062 3420 2585 3489 quadragenarium
2637 3421 2859 3474 dierum
2891 3422 3165 3475 excedens
3210 3438 3538 3489 numerum,

1850 3508 1987 3561 dum
2020 3524 2051 3561 a
2092 3508 2149 3560 Β.
2200 3508 2463 3561 Amando
2494 3508 2949 3575 benediceretur,
2983 3514 3152 3565 Amen
3196 3511 3359 3564 dulce
3390 3511 3543 3581 quod

1846 3596 2088 3651 necdum
2135 3595 2389 3665 corporis
2432 3612 2536 3649 usu
2578 3596 2868 3662 didicerat,
2906 3613 3011 3665 pro
3064 3598 3205 3651 tanti
3238 3599 3538 3669 paedagogi

1848 3684 2052 3737 merito
2081 3683 2441 3749 declarando,
2474 3684 2625 3736 clara
2655 3701 2786 3737 voce
2831 3690 2959 3754 post
2988 3702 3160 3738 sacrae
3203 3685 3378 3739 ﬁnem
3410 3703 3539 3740 ora-

1848 3771 2018 3824 tionis
2050 3770 2459 3840 pronuntiavit.
2513 3771 2579 3823 Ut
2617 3787 2749 3823 vero
2785 3772 3071 3841 praedictae
3104 3774 3403 3826 locutionis
3437 3789 3539 3827 no-

1848 3864 1977 3912 stra:
2018 3858 2251 3911 assertio
2290 3858 2514 3911 deterso
2556 3857 2861 3911 dubietatis
2905 3859 3102 3912 nubilo
3148 3861 3538 3925 conﬁrmetur,

1847 3948 2144 4017 prasfatam
2179 3945 2481 4015 epistolam
2515 3946 2771 4014 ejusdem
2802 3963 2963 4016 papae
3004 3948 3074 4001 ad
3110 3950 3166 4002 Β.
3214 3950 3540 4003 Amandum

1850 4036 2123 4090 directam
2174 4035 2307 4088 huic
2367 4040 2563 4088 nostro
2612 4036 2862 4089 sermoni
2909 4036 3257 4108 subjungere
3302 4039 3540 4108 placuit,

1849 4124 2009 4193 cujus
2050 4124 2152 4176 iste
2186 4123 2389 4175 modus
2427 4128 2546 4176 est:

1926 4233 1947 4260 ι
1996 4212 2371 4265 Dilectissimo
2405 4211 2568 4265 fratri
2598 4215 2834 4266 Aumno
2874 4213 3173 4269 MARTINUS.

1931 4322 1959 4348 ‹‹
2002 4300 2395 4353 Fraternitatis
2439 4307 2574 4362 tuas,
2624 4320 2649 4351 ι)
2704 4308 2808 4356 etc.
2860 4303 3024 4371 (Vide
3077 4305 3215 4357 hanc
3266 4306 3546 4373 epistolam

1846 4390 1988 4440 inter
2014 4388 2192 4455 Opera
2221 4388 2276 4441 S.
2303 4389 2538 4442 Martini
2558 4404 2719 4457 papae
2740 4391 2784 4454 Ι,
2808 4391 3013 4444 Patrol.
3040 4397 3160 4446 tom.
3210 4394 3543 4462 LXXXVII,

1848 4477 1946 4529 col.
1982 4477 2127 4546 135.)

1854 4632 2116 4672 TITULUS
2176 4632 2249 4671 ΒΕ
2311 4631 2501 4672 οΒιΤυ
2556 4633 2744 4671 BBATI
2793 4632 3031 4672 AMANDI
3090 4634 3542 4677 CONFESSORIS.

1920 4744 2086 4795 Anno
2127 4741 2533 4794 incarnationis
2567 4740 2793 4793 Domini
2823 4740 3005 4794 nostri
3033 4742 3165 4795 Jesu
3196 4742 3403 4796 Christi
3428 4761 3549 4799 sex-

1852 4830 2163 4884 centesimo
2229 4830 2576 4900 sexagesimo
2624 4828 2811 4897 primo
2854 4838 2898 4893 ⁸,
2953 4830 3265 4885 indictione
3323 4840 3545 4903 quarta,

1854 4925 2052 4989 epacta
2085 4918 2285 4988 quinta
2332 4917 2571 4981 decima,
2624 4924 2997 4971 concurrente
3048 4926 3272 4989 quarto,
3298 4923 3547 4977 termino

1856 5006 2194 5062 duodecimo
2238 5006 2517 5059 Kalendas
2565 5005 2791 5074 Aprilis,
2828 5006 3041 5060 Pascha
3090 5008 3292 5078 quinto
3333 5011 3546 5066 Kalen-

1855 5117 1987 5185 post
2005 5110 2414 5185 “Childericum
2449 5109 2819 5185 'ljheodorico,
2863 5112 3160 5185 exkdictis,
3210 5120 3267 5168 et
3314 5115 3546 5185 quidem

1857 5181 1947 5236 die
2002 5182 2296 5234 Dominica
2346 5182 2403 5231 in
2454 5181 2607 5233 diem
2658 5187 2874 5232 sextum
2931 5182 3225 5237 Februarii
3276 5181 3463 5239 littera
3509 5189 3548 5240 Β

1900 5252 2160 5305 rmdituui
2199 5250 2501 5315 incidente,
2539 5258 2598 5302 ut
2631 5251 2963 5319 praelaudati
2988 5264 3247 5308 auctores
3273 5257 3548 5311 scribunt.

1900 5328 1994 5375 oto
2041 5320 2933 5401 Theo-dorici“regis‘priucipatu
2981 5325 3101 5376 dies
3150 5326 3443 5380 Durniuica
3492 5328 3552 5382 in

1857 5397 2075 5445 sextum
2115 5390 2408 5443 Februarii
2455 5390 2655 5444 incidit
2683 5393 2846 5444 annis
2885 5394 3162 5447 duntaxat
3194 5399 3296 5451 679
3343 5404 3397 5451 et
3427 5401 3551 5453 690.

1859 5466 2143 5538 Posterior
2182 5477 2369 5538 annus
2400 5462 2645 5538 Amandi
2674 5462 2893 5515 obitum
2926 5468 3109 5538 serius
3151 5468 3378 5538 diﬁ‘ert:
3427 5485 3555 5538 pro-

1858 5533 1991 5587 inde
2040 5530 2373 5585 retincndus
2431 5533 2732 5602 posterior,
2784 5536 3267 5602 quemadmodum
3323 5530 3557 5593 Carolus

1860 5605 1930 5657 Le
1965 5604 2145 5657 Coiute
2170 5610 2320 5657 recte
2346 5603 2563 5658 statuit.

3125 5706 3199 5762 31
