3868 6228
327 287 420 338 971
1531 280 1810 336 ADDITIO
1850 280 1942 333 AD
1980 278 2192 334 VITAM
2232 278 2284 334 S.
2324 281 2613 334 AMANDI.
3738 288 3818 338 972

328 421 529 474 darum
562 418 862 488 Aprilium,
908 418 1042 469 luna
1085 416 1350 468 vicesima
1380 416 1585 485 prima,
1639 420 1835 469 octavo
1885 415 2015 469 ldus
2054 414 2297 480 Arium,
2345 415 2578 468 tertium
2626 416 2980 481 Mauricium,
3030 423 3299 486 quartum
3348 421 3641 483 Pbocam,
3694 420 3830 486 cujus

328 507 638 572 Februarii,
674 506 764 559 die
798 505 1111 571 Dominica,
1148 505 1278 556 luna
1304 504 1508 574 prima,
1542 504 1684 557 obiit
1713 504 1765 558 S.
1800 506 2016 558 Aman-

324 596 430 649 dus
459 609 740 649 annorum
773 593 998 646 circiter
1025 592 1360 662 nonaginta.

325 707 686 746 ARGUMENTUM
747 706 855 751 QUO
906 706 1151 743 TEMPORE
1210 706 1419 744 BEATUS
1472 705 1777 743 CONFESSOR
1836 705 2018 743 AMAN-

644 778 745 815 DUS
784 777 884 815 νει
923 777 1089 815 NATUS
1134 777 1228 814 νει
1266 777 1567 815 DEFUNCTUS
1608 778 1703 813 SIT.

399 863 474 916 De
502 866 763 931 tempore
809 858 1120 913 nativitatis
1160 865 1216 911 et
1247 874 1414 911 cursu
1464 858 1593 911 vita:
1636 863 1805 928 atque
1859 857 2021 911 obitu

324 950 480 1003 beati
507 947 793 1019 pontiﬁcis
824 947 1031 1001 Christi
1072 945 1334 1011 Amandi,
1375 945 1568 1015 aliqua
1600 944 1832 998 lectioni
1862 944 2019 997 inse-

326 1055 450 1092 rere
483 1038 556 1091 ob
606 1037 835 1107 plenam
866 1034 1255 1104 cognitionem
1288 1034 1601 1103 legentium
1636 1033 2018 1086 necessarium

327 1126 632 1181 duximus:
668 1125 767 1195 qui
801 1124 944 1178 sicut
978 1122 1263 1194 probabili
1289 1127 1633 1192 argumento
1668 1120 1923 1175 historiis
1959 1135 2021 1173 ac

327 1214 608 1269 chronicis
643 1214 752 1267 sibi
786 1211 1217 1266 concinentibus
1248 1211 1734 1280 investigavimus,
1769 1225 1919 1263 anno
1951 1209 2021 1262 ab

328 1302 725 1357 lncarnatione
758 1300 985 1354 Domini
1015 1300 1195 1353 nostri
1225 1302 1351 1353 Jesu
1383 1299 1586 1355 Christi
1617 1300 2019 1369 quinquagen-

326 1392 531 1446 tesimo
553 1390 972 1459 septuagesimo
988 1388 1194 1457 primo,
1220 1388 1391 1441 Nonis
1412 1388 1540 1441 Maii
1561 1387 1791 1454 mensis,
1813 1387 1872 1439 in
1894 1403 2023 1456 pro-

326 1479 509 1533 vincia
556 1478 1020 1548 Aquitaniorum,
1073 1482 1127 1529 et
1159 1492 1307 1545 pago
1340 1475 1588 1546 praefatae
1624 1476 1874 1544 regionis
1925 1492 2019 1528 vo-

327 1568 527 1621 cabulo
560 1566 923 1631 Herbatilico,
950 1582 1015 1618 ex
1053 1570 1216 1634 patre
1246 1565 1480 1630 Sereno,
1510 1565 1785 1634 genitrice
1812 1568 2019 1618 Aman-

325 1656 432 1721 tia;
464 1654 772 1709 nativitatis
819 1654 1048 1707 initium
1081 1653 1297 1713 habuit.
1342 1669 1492 1706 anno
1525 1652 1739 1706 scilicet
1782 1652 2021 1721 septimo

328 1760 441 1814 quo
469 1743 773 1797 Justiniani
800 1757 1091 1795 successor
1121 1741 1377 1794 Justinus
1408 1740 1614 1803 minor,
1647 1757 1777 1794 cum
1812 1740 2023 1809 Sophia

327 1834 571 1903 conjuge
599 1833 727 1901 jure
758 1830 991 1900 publico
1019 1846 1206 1883 arcem
1240 1829 1472 1899 imperii
1504 1829 1752 1895 tenebat,
1789 1845 1902 1899 quo
1937 1829 2022 1882 vi-

330 1921 536 1975 delicet
575 1925 836 1989 tempore
880 1919 1125 1971 Joannes
1155 1917 1409 1987 pontifex
1444 1918 1713 1971 Romana:
1765 1917 2023 1970 Ecclesiae

332 2011 388 2063 in
432 2008 633 2063 ordine
684 2006 1017 2077 pontiﬁcum
1047 2005 1431 2076 sexagesimus
1464 2005 1663 2060 tertius
1694 2005 2023 2059 cathedram

329 2099 587 2167 ejusdem
623 2096 780 2150 urbis
831 2111 979 2149 anno
1026 2095 1114 2148 sui
1158 2095 1498 2165 praesulatus
1548 2099 1745 2147 octavo
1792 2099 2023 2148 strenue

329 2185 702 2254 gubernabat.
747 2184 1164 2252 Computantur
1204 2186 1395 2235 autem
1429 2182 1498 2234 ab
1531 2197 1680 2235 anno
1714 2180 2024 2235 nativitatis

328 2273 548 2344 praefati
574 2272 680 2325 viri
713 2272 810 2325 Dei
842 2270 1089 2324 Amandi
1120 2286 1301 2341 usque
1332 2270 1403 2324 ad
1429 2269 1649 2324 obitum
1680 2269 1860 2340 ipsius
1890 2286 2026 2339 pon-

328 2362 507 2414 tiﬁces
564 2361 838 2415 Romanae
902 2359 1048 2413 sedis
1092 2358 1397 2426 sexdecim,
1449 2375 1479 2410 a
1531 2360 1746 2412 Joanne
1813 2358 2027 2413 scilicet

331 2449 668 2520 incipientes
708 2448 1019 2509 numerari,
1053 2448 1213 2518 cujus
1252 2453 1448 2501 octavo
1478 2464 1628 2501 anno
1657 2448 2023 2518 pontificatus

332 2542 499 2591 natus
525 2542 631 2602 est,
666 2535 774 2590 hoc
822 2536 992 2590 modo
1023 2552 1034 2589 :
1085 2537 1307 2606 primus
1338 2536 1493 2590 idem
1520 2537 1785 2602 Joannes,
1817 2552 2024 2590 secun-

330 2626 434 2680 dus
483 2624 839 2691 Benedictus,
885 2624 1088 2678 tertius
1147 2624 1428 2694 Pelagius,
1466 2630 1705 2695 quartus
1748 2608 2025 2679 mirabilis

330 2716 529 2769 doctor
557 2714 823 2769 Ecclesim
855 2714 1180 2784 Gregorius,
1221 2713 1277 2766 in
1311 2713 1472 2782 cujus
1511 2714 1885 2767 ordinationis
1916 2714 2024 2766 ini-

330 2804 410 2857 tio
452 2803 539 2856 vir
586 2803 686 2857 Dei
739 2803 1037 2857 Amandus
1085 2802 1421 2856 vicesimum
1474 2803 1788 2855 secundum
1845 2803 2025 2855 astatis

332 2892 536 2961 agebat
562 2908 798 2959 annum,
830 2891 888 2944 in
920 2890 1079 2944 obitu
1098 2906 1229 2944 vero
1253 2890 1431 2960 ipsius
1464 2906 1643 2960 prope
1664 2891 2024 2961 trigesimum

333 2981 618 3051 quintum,
654 2981 755 3050 qui
785 2986 906 3034 erat
935 2996 1117 3033 annus
1145 2996 1175 3033 a
1204 2980 1498 3032 nativitate
1531 2980 1760 3033 Domini
1791 2995 2027 3033 sexcen-
2066 3002 2107 3056 ο

331 3070 569 3123 tesimus
617 3070 870 3139 quintus,
917 3068 1082 3138 regni
1130 3073 1319 3121 autem
1353 3069 1550 3121 Phocae
1583 3069 1816 3122 Caesaris
1845 3085 2026 3121 annus

335 3158 639 3223 secundus,
693 3157 837 3210 sicut
870 3158 1016 3210 Beda
1053 3157 1403 3209 Venerabilis
1438 3157 1738 3226 presbyter
1767 3158 1827 3209 in
1861 3157 2023 3210 chro-

335 3244 475 3297 nicis
506 3244 621 3297 suis
652 3243 844 3297 refert.
880 3244 945 3296 Et
975 3248 1040 3296 ut
1070 3248 1319 3312 cceptum
1365 3259 1677 3314 persequar
1722 3245 2022 3310 calculum,

336 3348 623 3387 successor
679 3331 941 3402 Gregorii
1000 3332 1288 3402 pontiﬁcis
1358 3332 1594 3402 quintus
1664 3332 2023 3398 Sabinianus,

335 3427 523 3477 sextus
553 3421 891 3487 Bonifacius,
930 3420 1204 3490 septimus
1246 3420 1388 3473 alter
1418 3420 1759 3487 Bonifacius,
1800 3426 2026 3474 octavus

338 3510 662 3575 Deusdedit,
713 3524 901 3562 nonus
928 3508 1269 3573 Bonifacius,
1307 3508 1560 3561 decimus
1586 3510 1886 3573 Honorius,
1919 3526 2025 3563 un-

335 3598 586 3651 decimus
612 3597 931 3663 Severinus,
963 3596 1336 3651 duodecimus
1362 3598 1626 3658 Joannes,
1652 3599 1851 3651 tertius
1875 3598 2025 3652 deci-

334 3700 460 3737 mus
475 3685 823 3749 Theodorus,
849 3688 1082 3754 quartus
1106 3684 1361 3738 decimus
1385 3686 1675 3752 Martinus,
1698 3687 1754 3739 B.
1772 3688 2025 3742 Amando

336 3773 832 3838 familiarissimus,
894 3772 1128 3843 quintus
1177 3773 1433 3827 decimus
1476 3775 1783 3844 Eugenius,
1831 3781 2025 3830 sextus

334 3860 589 3915 decimus
638 3860 968 3924 Vitalianus,
1025 3862 1188 3931 cujus
1236 3861 1404 3915 tertio
1455 3877 1602 3915 anno
1662 3863 2025 3931 pontificatus

334 3950 393 4003 Β.
430 3949 720 4003 Amandus
765 3954 849 4002 est
880 3950 1197 4015 defunctus,
1250 3955 1447 4003 octavo
1490 3951 1621 4004 Idus
1668 3952 1878 4005 mensis
1926 3953 2019 4005 Fe-

333 4037 584 4092 bruarii:
637 4043 808 4107 atque
854 4038 932 4089 ita
978 4039 1289 4106 computati
1319 4038 1389 4091 ab
1420 4054 1569 4117 anno
1612 4040 2024 4093 Incarnationis

336 4126 646 4179 Dominicze
705 4125 1201 4195 quingentesimus
1260 4127 1714 4196 septuagesimus
1778 4128 2019 4197 primus,

336 4214 434 4283 qui
483 4218 604 4266 erat
652 4228 837 4266 annus
882 4218 1110 4265 octavus
1158 4216 1499 4283 praesulatus
1550 4216 1780 4268 Joannis
1831 4233 2019 4287 papas,

2127 504 2375 556 secundo
2408 520 2560 557 anno
2581 504 2832 574 imperii,
2861 508 3053 575 utjam
3084 507 3353 575 diximus,
3387 510 3649 578 quierat
3669 525 3832 559 annus

2130 590 2357 646 Domini
2388 592 2836 647 sexcentesimus
2865 595 3120 663 quintus,
3153 595 3462 665 Gregorius
3489 612 3656 666 papa
3690 596 3833 653 obiit.

2128 683 2254 747 post
2288 694 2459 748 quem
2519 682 2576 733 Β.
2633 682 2943 748 Amandus,
3000 682 3141 736 vixit
3189 685 3355 737 annis
3408 684 3835 754 quinquaginta

2128 782 2256 831 sex;
2288 767 2554 836 quintum
2588 768 2833 823 Romani
2864 771 3091 840 imperii
3132 772 3454 842 principem
3487 773 3835 831 Heraclium,

2130 860 2347 908 sextum
2388 856 2828 910 Constantinum
2869 861 2912 924 b,
2947 859 3255 928 septimum
3284 860 3551 928 ejusdem
3589 862 3835 914 nominis

2130 944 2588 1009 Constantinum,
2636 945 2799 1014 cujus
2849 962 2998 999 anno
3047 947 3207 1016 regni
3257 946 3537 1017 vigesimo
3600 949 3775 1001 tertio
3804 960 3835 1009 ε,

2130 1032 2228 1101 qui
2249 1037 2369 1084 erat
2391 1048 2572 1084 annus
2607 1032 2917 1086 Dominicae
2944 1033 3353 1088 lncarnationis
3389 1037 3837 1090 sexcentesimus

2129 1119 2513 1188 sexagesimus
2544 1121 2767 1190 primus
2800 1122 3066 1175 ultimum
3111 1124 3408 1193 praesentis
3450 1125 3561 1177 aevi
3620 1130 3837 1194 tempus

2131 1224 2279 1277 smpe
2309 1209 2492 1261 dictus
2521 1210 2685 1262 Pater
2709 1210 2976 1279 explevit.

2201 1296 2359 1360 Quod
2396 1297 2443 1349 si
2496 1302 2546 1351 et
2599 1298 2888 1368 principes
2928 1300 3092 1369 regni
3146 1301 3491 1354 Francorum
3548 1302 3663 1371 qui
3703 1306 3837 1355 tem-

2128 1401 2269 1455 pore
2328 1385 2454 1439 vitae
2505 1386 2627 1455 ejus
2676 1387 2901 1456 regium
2944 1392 3276 1457 tenuerunt,
3326 1390 3538 1459 aliquis
3578 1406 3836 1460 quaerere

2128 1473 2373 1527 voluerit
2427 1474 2774 1544 (quanquam
2829 1476 2883 1528 id
2932 1492 3047 1529 non
3088 1476 3247 1530 facile
3291 1486 3529 1548 propter
3564 1480 3836 1532 historia.

2132 1578 2259 1614 rum
2313 1563 2691 1633 semiplenam
2741 1563 3076 1633 indaginem
3124 1565 3387 1619 videatur
3435 1566 3563 1620 ﬁeri
3627 1572 3831 1636 posset.

2132 1649 2460 1719 diligentius
2520 1651 2697 1704 animi
2772 1652 3069 1705 vivacitate
3137 1654 3515 1723 perspiciens,
3584 1656 3835 1725 reperiet

2134 1742 2392 1808 tempore
2421 1739 2553 1792 vitae
2587 1740 2708 1807 ejus
2745 1739 2846 1792 hos
2877 1741 3026 1809 apud
3066 1741 3307 1795 Francos
3355 1742 3572 1796 honore
3613 1744 3837 1796 functos

2132 1818 2293 1895 regio
2331 1827 2437 1880 hoc
2477 1826 2714 1880 ordine:
2770 1827 3023 1896 primum
3057 1828 3460 1898 Chilpericum,
3505 1832 3829 1884 secundum

2137 1915 2492 1980 Lotharium,
2541 1915 2775 1969 tertium
2822 1916 3225 1985 Dagobertum,
3260 1924 3529 1988 quartum
3563 1920 3833 1990 Sigeber-

2134 2008 2277 2069 tum,
2324 2004 2561 2073 ejusque
2594 2004 2828 2057 fratrem
2864 2005 3186 2059 Lodoveum
3214 2008 3506 2077 quintum,
3536 2010 3711 2077 cujus
3742 2009 3835 2061 lilii

2136 2090 2368 2145 fuerunt
2409 2090 2490 2158 hi,
2536 2092 2857 2160 Lotharius,
2912 2094 3243 2158 Hildericus,
3292 2111 3355 2147 ac
3396 2097 3831 2149 Theodoricus:

2135 2181 2231 2233 sed
2266 2178 2526 2233 Lothario
2570 2179 2629 2233 in
2664 2181 2963 2249 juventute
2998 2188 3247 2248 mortuo,
3283 2199 3344 2236 ac
3390 2183 3601 2237 deinde
3650 2184 3827 2237 Hilde-

2135 2269 2251 2321 rico
2301 2284 2332 2321 a
2392 2269 2735 2322 Francorum
2786 2270 3127 2338 primatibus
3182 2270 3499 2337 interfecto.
3554 2272 3829 2342 regalem,

2134 2373 2308 2427 quam
2359 2372 2545 2426 nuper
2574 2361 2899 2411 tonsoratus
2930 2359 3218 2421 amiserat,
3260 2360 3655 2414 Theodoricus
3682 2377 3831 2413 rece-

2134 2446 2220 2515 pit
2248 2446 2587 2515 dignitatem
2614 2462 2624 2498 :
2659 2446 2727 2500 ad
2768 2447 2929 2517 cujus
2961 2463 3143 2517 usque
3186 2454 3443 2518 tempora
3480 2449 3721 2502 beatum
3754 2450 3827 2501 vi-

2135 2534 2282 2587 xisse
2322 2533 2646 2587 Amandum
2692 2535 3016 2588 chartarum
3063 2536 3458 2589 instrumentis
3508 2553 3643 2607 qua:
3688 2537 3827 2605 apud

2136 2639 2239 2676 nos
2283 2622 2555 2675 hactenus
2588 2623 2875 2676 habentur
2913 2624 3201 2677 docemur.
3251 2624 3467 2687 Quibus
3500 2626 3677 2678 etiam
3713 2626 3822 2677 die-

2136 2712 2238 2765 bus
2290 2711 2563 2765 Ebroinus
2606 2712 2997 2781 majordomus
3043 2712 3316 2766 nefandas
3358 2729 3537 2783 regno
3582 2716 3828 2768 Franco-

2138 2816 2264 2853 rum
2312 2800 2539 2853 fraudes
2585 2799 2864 2854 inferebat
2904 2801 3273 2866 calamitates,
3307 2817 3524 2871 augens
3557 2803 3627 2855 de
3660 2803 3750 2855 die
3777 2803 3825 2853 in

2137 2887 2288 2941 diem
2320 2904 2502 2958 usque
2537 2888 2605 2942 ad
2647 2905 2829 2942 seram
2863 2890 3131 2942 scelerata
3167 2890 3389 2959 piacula
3432 2897 3708 2951 mortem;
3737 2892 3823 2959 qui

2137 2977 2368 3046 regibus
2419 2993 2548 3030 cum
2591 2978 2748 3031 omni
2796 2980 3011 3048 populo
3056 2979 3399 3047 perturbatis
3451 2980 3521 3032 ad
3565 2979 3823 3032 ultimum

2136 3067 2394 3119 omnium
2426 3066 2708 3119 malorum
2742 3082 2974 3119 suorum
3001 3068 3294 3120 cumulum
3324 3067 3384 3119 Β.
3420 3068 3819 3137 Leodegarium

2136 3154 2370 3208 diversis
2424 3159 2844 3207 tormentorum
2914 3155 3095 3225 poenis
3157 3156 3543 3208 excruciatum
3620 3154 3817 3209 Christi

2136 3248 2444 3313 martyrem
2475 3243 2622 3297 fecit.
2654 3242 2709 3297 Si
2746 3243 2873 3312 quis
2904 3259 3036 3296 vero
3069 3244 3220 3296 hunc
3252 3260 3575 3297 sermonem
3609 3244 3679 3297 ab
3715 3244 3814 3297 exi-

2136 3332 2351 3401 guitate
2375 3331 2647 3401 ingenioli
2673 3332 2850 3384 nostri
2875 3331 3280 3402 depromptum
3305 3333 3470 3403 quasi
3499 3334 3689 3385 minus
3712 3332 3814 3384 ido-

2136 3436 2307 3473 neum
2352 3436 2416 3473 ac
2446 3420 2681 3472 veritate
2714 3419 3009 3473 suﬂ‘ultum
3042 3421 3326 3489 probabili
3360 3427 3700 3490 argumento
3728 3422 3807 3473 in-

2134 3509 2417 3578 vestigare
2450 3508 2714 3571 voluerit,
2759 3508 2910 3560 hunc
2942 3524 3265 3573 monemus,
3299 3515 3363 3562 ut
3390 3511 3583 3579 primo
3616 3524 3810 3563 annum

2136 3598 2324 3651 obitus
2354 3595 2573 3665 praefati
2603 3596 2938 3649 confessoris
2968 3596 3176 3651 Christi
3206 3599 3475 3659 Amandi,
3508 3598 3607 3669 qui
3644 3598 3745 3651 fuit
3785 3612 3810 3648 a

2135 3686 2425 3739 nativitate
2460 3684 2689 3737 Domini
2715 3686 3158 3738 sexcentesimus
3190 3686 3579 3755 sexagesimus
3610 3688 3810 3755 primus

2134 3773 2437 3843 diligenter
2488 3773 2782 3825 memoriae
2814 3772 2970 3841 figat,
3020 3772 3155 3843 quia
3186 3773 3241 3826 in
3291 3789 3379 3841 eo,
3417 3774 3563 3827 sicut
3611 3774 3812 3843 priores

2135 3860 2316 3915 nostri
2349 3860 2513 3914 nobis
2560 3878 2676 3914 non
2726 3862 2910 3913 solum
2951 3860 3007 3913 in
3060 3860 3242 3927 libris,
3287 3861 3387 3915 sed
3418 3863 3591 3915 etiam
3622 3861 3809 3931 lapidi-

2134 3951 2240 4004 bus
2288 3966 2361 4003 ne
2411 3949 2705 4003 obliterari
2754 3956 2949 4017 posset
2996 3951 3272 4019 scriptum
3324 3951 3703 4021 reliquerunt,
3753 3950 3810 4001 ab

2135 4039 2239 4092 hoc
2278 4039 2493 4092 mundo
2534 4038 2601 4091 ad
2640 4039 2939 4091 Dominum
2974 4038 3218 4091 transiit.
3258 4039 3413 4092 Unde
3444 4041 3557 4093 hoc
3588 4054 3808 4093 numero

2135 4128 2295 4198 quasi
2313 4126 2759 4180 fundamentoin
2784 4126 2977 4179 animo
2993 4126 3587 4192 stabilitercollocato,
3613 4129 3680 4181 ab
3704 4127 3807 4196 ipso

2135 4216 2366 4269 demum
2395 4215 2465 4268 ad
2497 4215 2795 4284 superiora
2828 4215 3162 4268 calculando
3193 4216 3514 4285 nonaginta
3544 4232 3803 4269 annorum

332 4317 515 4371 usque
546 4302 615 4355 ad
667 4316 881 4354 annum
935 4302 1162 4354 Domini
1219 4303 1693 4356 sexcentesimum
1734 4305 2019 4373 sexagesi-
2061 4298 2104 4351 D
2132 4305 2339 4376 quibus
2370 4303 2511 4356 vixit
2551 4319 2855 4357 numerum
2888 4309 3204 4374 computet,
3239 4309 3295 4357 et
3335 4305 3415 4357 sic
3446 4306 3513 4359 ad
3544 4308 3805 4376 quingen-

334 4406 493 4443 mum
524 4389 800 4459 primum,
845 4388 943 4459 qui
977 4395 1099 4441 erat
1127 4405 1310 4443 annus
1354 4391 1715 4460 episcopatus
1760 4392 2023 4447 Vitaliani

331 4494 495 4549 papae
535 4478 737 4531 tertius
778 4492 823 4543 ει,
871 4493 984 4547 quo
1025 4477 1078 4532 S.
1112 4478 1403 4531 Amandus
1435 4479 1598 4545 obiit,
1650 4480 2025 4534 inveniuntur

332 4567 468 4620 anui
497 4566 625 4620 vita:
656 4566 878 4637 praefati
909 4567 1136 4635 patroni
1162 4566 1501 4636 nonaginta,
1536 4568 1744 4637 quibus
1778 4584 2024 4638 prmsen-

331 4655 402 4708 tis
432 4656 564 4709 vitm
595 4671 805 4708 munus
831 4654 1096 4724 explevit.

400 4743 583 4797 Simili
648 4743 818 4797 etiam
887 4744 1055 4797 modo
1132 4744 1176 4796 si
1247 4743 1577 4813 reipublij
1648 4744 2023 4814 imperatores

331 4833 610 4899 revolvas,
685 4838 901 4902 septem
960 4832 1017 4885 in
1078 4837 1335 4901 tempore
1385 4833 1513 4886 vitae
1563 4833 1779 4902 prmfati
1840 4835 2022 4888 Patris

326 4921 568 4976 Amandi
620 4921 775 4990 regio
824 4920 1011 4974 officio
1056 4921 1277 4975 functos
1329 4921 1587 4975 invenies
1637 4922 1744 4975 hoc
1777 4924 2019 4977 ordine:

326 5011 583 5080 primum
624 5010 929 5063 Justiniani
956 5025 1335 5063 successorem
1386 5011 1671 5064 Justinum
1706 5011 2019 5080 juniorem,

326 5099 490 5168 cujus
520 5099 764 5169 septimo
795 5114 945 5152 anno
978 5100 1140 5168 regni
1170 5103 1335 5152 natus
1366 5103 1475 5165 est;
1511 5100 1823 5152 secundum
1855 5101 2023 5155 Tibe-

397 5250 422 5316 ξ
461 5242 722 5316 V_ita|iani
766 5243 1131 5311 pontilicatus
1170 5243 1396 5297 initium
1425 5244 1607 5316 illigat
1637 5252 1836 5301 auctor
1865 5262 2017 5301 anno

328 5313 448 5365 658.
489 5312 762 5365 Baronius
786 5329 918 5365 vero
959 5330 1112 5366 anno
1141 5316 1261 5367 655.

396 5383 422 5421 ιι
464 5384 832 5435 Heraelonam
869 5385 1222 5437 Constantini
1254 5385 1457 5449 tilium,
1487 5386 1844 5441 Constantini
1872 5389 2016 5443 alte-

327 5450 444 5502 rius
477 5467 573 5503 seu
606 5454 925 5506 Constantis
954 5454 1189 5509 fratrem
1220 5456 1448 5509 omittit.

397 5529 416 5551 “
463 5537 599 5590 ergo
634 5524 1035 5577 Constantinus
1080 5541 1143 5577 ex
1178 5532 1366 5578 mente
1398 5528 1645 5580 auctoris
1676 5545 1827 5582 anno
1856 5529 2014 5583 Chri-

328 5590 396 5643 sti
426 5592 529 5643 639
583 5607 827 5659 regnum
864 5592 1010 5647 iniit.
1054 5594 1157 5647 Cui
1203 5596 1418 5648 calculo
1449 5597 1596 5651 favet
1641 5599 2014 5667 Fredegarius

2130 4395 2401 4449 tesimum
2429 4393 2915 4463 septuagesimum
2946 4394 3201 4463 primum
3225 4393 3541 4448 nativitatis
3571 4393 3807 4449 Domini-

2132 4499 2210 4535 ατε
2240 4498 2453 4536 annum
2490 4498 2601 4551 quo
2633 4487 2800 4535 natus
2831 4486 2913 4535 est
2941 4497 3091 4549 saepe
3118 4482 3300 4535 dictus
3338 4483 3507 4536 Pater
3548 4483 3807 4553 gradatim

2131 4571 2439 4642 perveniet.
2478 4569 2570 4623 His
2617 4569 2796 4640 igitur
2849 4570 3071 4624 duobus
3101 4570 3353 4635 calculis,
3396 4587 3513 4625 uno
3546 4577 3717 4635 ortus,
3764 4574 3807 4621 et

2131 4661 2309 4714 altero
2344 4659 2533 4713 obitus
2556 4659 2862 4728 diligenter
2883 4659 3074 4712 animo
3093 4659 3531 4728 commendatis,
3560 4661 3806 4714 adhibeat

2132 4750 2241 4803 sibi
2271 4748 2537 4801 historias
2571 4764 2772 4818 regum
2819 4747 2918 4818 qui
2950 4764 3017 4800 eo
3050 4753 3307 4817 tempore
3343 4750 3441 4818 jus
3489 4752 3708 4821 regium
3748 4756 3809 4802 te-

2130 4842 2402 4903 nuerunt,
2438 4837 2674 4907 insuper
2718 4840 2774 4889 et
2800 4835 3092 4889 chronicas
3124 4837 3539 4891 venerabilium
3572 4840 3802 4895 Patrum.

2127 4941 2349 4980 necnon
2403 4930 2457 4978 et
2510 4926 2721 4978 librum
2776 4924 2844 4978 de
2898 4924 3272 4978 Pontilicibus
3321 4929 3653 4995 apostolica:
3686 4928 3807 4980 sedis

2129 5014 2345 5067 editum
2377 5030 2388 5066 :
2432 5029 2643 5083 eosque
2673 5012 2837 5082 quasi
2876 5019 3006 5065 ante
3037 5017 3092 5065 et
3138 5018 3286 5066 retro
3320 5016 3581 5067 oculatus
3614 5016 3739 5069 hinc
3763 5018 3804 5067 et

2130 5102 2260 5155 inde
2301 5118 2500 5154 sensus
2530 5101 2825 5154 vivacitate
2856 5100 3298 5170 circumspiciat,
3336 5108 3508 5172 atque
3555 5106 3655 5174 qui
3690 5119 3805 5173 apo-

2128 5246 2187 5299 in
2219 5245 2431 5300 Cliron.
2485 5261 2607 5315 cap.
2644 5246 2729 5311 81,
2776 5244 2873 5314 qui
2916 5244 3225 5297 Heraclona
3271 5245 3343 5298 ob
3388 5246 3551 5309 regni
3582 5246 3803 5299 brevita-

2128 5324 2242 5371 tem
2285 5317 2549 5369 similiter
2594 5323 2898 5383 expuncto,
2935 5315 3376 5368 Constantinum
3412 5318 3706 5370 Constanti
3746 5319 3803 5367 lo-

2128 5405 2255 5441 cum
2290 5387 2513 5440 dedisse
2559 5402 2708 5438 anno
2761 5386 2919 5455 regni
2968 5386 3278 5439 Chlodovei
3304 5389 3553 5455 junioris
3584 5387 3801 5441 secundo

2127 5459 2411 5511 affirmat:
2460 5456 2693 5529 tametsi
2748 5455 3028 5509 Baronius
3070 5457 3395 5510 Constantis
3443 5459 3800 5529 principatum

2126 5530 2195 5582 ab
2223 5545 2373 5583 anno
2409 5528 2501 5581 641
2538 5527 2777 5581 orditur.
3037 5549 3051 5557 ο
