3868 6228
33 336 127 385 ητῖι
1113 335 1341 390 SERMO
1384 336 1475 391 DE
1515 336 2039 391 TRANSLATIONE
2081 338 2135 391 S.
2178 337 2465 391 AMANDI.

3444 344 3545 395 9³74

34 469 235 533 stolici,
282 471 464 539 quive
500 470 873 539 imperatores
918 471 1007 524 vel
1050 471 1337 541 principes
1374 473 1432 524 Β.
1482 473 1736 526 Amando
1777 476 1817 527 Α
1852 472 1975 526 nire
2019 473 2284 543 quiverit,
2333 491 2695 545 nequaquam
2728 474 2848 528 haec
2894 480 3085 529 nostra
3126 476 3275 530 dicta
3324 476 3542 548 qualia-

38 562 92 611 in
131 573 394 627 corpore
426 559 613 613 adhuc
642 559 862 612 vivente
892 558 1105 612 fuerint
1139 560 1377 613 solerter
1406 561 1743 615 consideret.

38 644 147 697 Etsi
179 649 322 713 post
370 646 589 700 nullam
622 646 833 700 laboris
868 663 1102 716 operam
1145 648 1227 701 rei
1260 648 1555 702 veritatem
1583 650 1745 701 inve-

1856 577 2081 631 cnnque
2108 566 2260 627 sunt,
2287 566 2348 615 ut
2378 563 2607 631 opinor,
2644 563 2993 632 reprobabit.

668 885 1044 987 SERMO
1112 885 1255 987 DE
1317 886 2189 990 TRANSLATIONE
2269 890 2355 991 S.
2437 889 2917 992 AMANDI.

152 1050 456 1125 Qualiter
488 1070 719 1129 corpus
746 1052 819 1110 B.
856 1051 1134 1110 Amandi
1168 1050 1229 1109 in
1266 1052 1402 1110 loco
1436 1032 1562 1128 quo
1600 1070 1767 1113 nunc
1798 1053 2141 1130 requiescit
2168 1054 2355 1113 fuerit
2393 1056 2793 1128 translatum,
2826 1060 2888 1114 et
2917 1056 2995 1115 de
3027 1057 3423 1117 dedicatione

498 1130 775 1190 basilica?
809 1135 915 1189 aut
947 1131 1027 1189 de
1061 1131 1460 1190 ordinatione
1492 1131 1901 1209 episcopatus
1935 1133 2136 1210 ipsius
2178 1134 2451 1211 septimo
2486 1135 2754 1194 Kalend.
2793 1135 3107 1196 Novemb.

114 1301 268 1352 Diem
324 1297 673 1351 hodiernam
722 1299 1093 1349 sacrosanctae
1142 1296 1461 1349 festivitatis
1501 1296 1747 1350 solemni

49 1387 341 1439 devotione
391 1386 796 1455 religiosorum
830 1385 1137 1438 conventui
1186 1384 1583 1438 celi-brabilem
1627 1385 1747 1454 ipse

51 1475 280 1527 revoluti
314 1474 597 1543 temporis
628 1490 824 1527 cursus
851 1473 1071 1526 indicit.
1110 1474 1173 1526 Et
1204 1474 1477 1542 quoniam
1512 1474 1747 1541 plurimi

53 1566 101 1615 in
148 1565 254 1617 hac
300 1562 479 1633 plebe
524 1564 693 1632 hujus
731 1562 961 1631 penitus
1005 1566 1264 1630 expertes
1299 1562 1483 1614 adhuc
1528 1566 1751 1613 exstant

52 1652 299 1709 rationis.
337 1668 461 1705 non
495 1653 740 1703 otiosum
773 1650 1039 1703 duximus
1070 1649 1152 1702 eis
1188 1649 1447 1702 notitiam
1483 1654 1653 1702 tantae
1686 1666 1749 1702 ac

54 1748 158 1793 tam
189 1744 377 1809 gratae
414 1739 667 1807 pandere
707 1737 1068 1791 celebritatis.
1127 1739 1364 1806 Dignum
1402 1738 1595 1807 igitur,
1630 1738 1747 1790 imo

62 1827 448 1882 necessarium
482 1827 789 1893 credimus,
818 1832 880 1878 ut
908 1827 1007 1896 qui
1038 1826 1143 1879 ista
1174 1826 1461 1879 celebrant
1487 1832 1542 1878 et
1575 1842 1749 1895 quare

58 1918 334 1970 celebrent
367 1916 661 1986 ignorent,
715 1914 1104 1984 cognitionem
1142 1913 1311 1983 hujus
1363 1913 1445 1966 rei
1501 1914 1747 1982 capiant,

58 2011 103 2057 et
131 2005 225 2075 qui
278 2006 566 2057 hactenus
616 2003 806 2055 minus
852 2008 985 2055 nota
1015 2001 1216 2055 festivo
1269 2002 1453 2055 studio
1506 2002 1749 2054 honora-

66 2098 203 2160 bant,
234 2092 552 2161 gloriosius
583 2107 647 2143 ac
680 2091 1030 2144 reverentius
1053 2091 1172 2159 jam
1219 2097 1355 2143 nota
1385 2091 1641 2143 excolere
1674 2096 1753 2144 at-

64 2199 159 2253 que
200 2181 475 2235 venerari
525 2180 759 2233 discant.
814 2180 960 2243 Quia
1003 2195 1137 2249 ergo
1187 2179 1325 2232 Vitae
1368 2184 1455 2231 ter
1489 2180 1637 2232 beati
1688 2196 1751 2232 ac

68 2271 238 2325 dilecti
273 2270 624 2324 confessoris
656 2269 863 2323 Christi
890 2268 1134 2321 Amandi
1166 2267 1392 2320 libellus
1422 2268 1555 2319 satis
1581 2267 1748 2335 plene

68 2361 521 2428 snﬂicienterque
558 2356 891 2410 disseruisse
933 2352 1312 2423 cognoscitur,
1347 2356 1529 2425 qualis
1561 2370 1750 2424 quan-

72 2456 256 2518 tusque
286 2447 448 2499 idem
484 2447 621 2499 dum
664 2444 851 2498 adhuc
884 2444 1249 2497 mortalitatis
1282 2443 1445 2496 istius
1477 2443 1750 2495 aerumnis

72 2541 347 2589 teneretur
410 2533 712 2599 exstiterit,
773 2531 1154 2602 qualibusque
1202 2532 1351 2583 inter
1408 2530 1752 2599 caliginosos

70 2625 220 2693 hujus
276 2623 481 2677 saeculi
544 2622 829 2675 anfractus
891 2620 1164 2673 virtutum
1226 2620 1401 2687 signis
1462 2619 1748 2686 claruerit,

74 2729 268 2766 necnon
300 2715 359 2766 et
390 2727 567 2782 quam
601 2711 769 2779 longe
791 2708 930 2761 sitos
960 2708 1349 2771 illustraverit,
1378 2711 1546 2777 atque
1578 2706 1645 2759 de
1673 2712 1750 2759 te-

74 2802 291 2853 nebrosa
320 2800 502 2869 hujus
547 2800 738 2852 saeculi
786 2799 1051 2867 Egypto,
1102 2798 1368 2849 columna
1400 2795 1559 2863 legis,
1606 2794 1747 2848 divi-

79 2906 255 2959 naeque
288 2891 493 2959 gratiae
524 2886 879 2956 proiectione
912 2890 1225 2954 praeeunte,
1257 2899 1357 2953 per
1380 2883 1494 2934 vias
1522 2882 1749 2951 piorum

80 2979 419 3045 profectuum
483 2975 805 3028 mansiones
872 2976 940 3026 ad
1009 2978 1219 3025 terram
1288 2970 1749 3040 repromissionis

82 3076 187 3133 lper
213 3081 385 3134 quam
419 3063 608 3134 patria
636 3060 948 3115 viventium
977 3059 1278 3129 figuratur)
1312 3057 1468 3128 quali
1496 3058 1609 3111 fine
1644 3057 1748 3110 mi-

81 3155 326 3221 graverit;
367 3154 455 3206 his
488 3152 717 3205 interim
763 3149 1124 3219 posthabitis,
1176 3148 1244 3201 ad
1276 3147 1599 3216 indaganda
1643 3146 1748 3199 ali-

85 3258 177 3310 qua
222 3243 287 3295 de
318 3241 517 3295 multis
548 3240 873 3293 divinorum
924 3252 1165 3310 operum
1212 3235 1576 3304 magnalibus
1620 3250 1749 3305 qua:

83 3334 207 3382 circa
246 3330 436 3400 ipsum
472 3329 711 3398 ejusque
757 3307 1161 3396 corpusculum
1208 3330 1337 3393 post
1371 3323 1493 3393 ejus
1530 3322 1749 3376 obitum

86 3417 249 3471 divina
293 3418 624 3481 clementia,
676 3430 1009 3485 quanquam
1058 3413 1385 3482 impolitum
1433 3411 1750 3480 dirigamus

86 3507 338 3561 sermonis
370 3506 649 3560 officium.
694 3506 767 3558 Ea
808 3519 944 3573 ergo
977 3519 1105 3573 quae
1155 3502 1473 3567 referimus,
1510 3518 1541 3553 a
1571 3500 1749 3553 Patri-

84 3594 171 3648 bus
198 3596 436 3649 ﬁdeliter
482 3592 859 3648 referentibus
908 3592 1251 3654 audivimus,
1293 3605 1537 3660 quorum
1576 3589 1750 3643 fidem

87 3684 439 3754 omnipotenti
468 3683 691 3737 Christo
724 3680 1155 3740 committimus,
1191 3679 1340 3749 apud
1369 3694 1538 3748 quem
1576 3677 1748 3730 etiam

1858 1302 2093 1367 patuere
2144 1300 2375 1368 palatia,
2419 1316 2522 1368 pro
2576 1300 2787 1370 quibus
2835 1300 2955 1370 ipse
3000 1302 3059 1354 in
3117 1302 3284 1355 terris
3331 1302 3547 1372 positus

1857 1399 1994 1437 voce
2052 1392 2375 1439 cantaverat
2430 1387 2711 1440 indefessa
2767 1405 2778 1441 :
2843 1390 3024 1452 Quam
3076 1390 3341 1443 amabilia
3395 1394 3544 1455 sunt,

1860 1471 2147 1542 inquiens,
2181 1474 2418 1527 Domine
2452 1475 2750 1540 virtutum,
2788 1476 3155 1530 tabernacula
3187 1477 3311 1529 tua!
3347 1494 3550 1531 concu-

1859 1560 2028 1629 piscit
2074 1568 2131 1614 et
2183 1562 2371 1615 deficit
2402 1565 2457 1615 in
2510 1563 2596 1616 his
2630 1565 2823 1618 anima
2872 1582 3015 1618 mea.
3062 1566 3364 1635 Requievit
3412 1582 3546 1619 vero

1860 1666 2011 1702 anno
2049 1650 2231 1702 aetatis
2262 1668 2375 1704 suae
2430 1653 2824 1722 nonagesimo,
2860 1670 3053 1707 mense
3090 1655 3420 1720 Februario,
3466 1655 3547 1709 fe-

1862 1737 1977 1788 bris
2023 1742 2203 1791 tactus
2255 1739 2638 1801 incommodo,
2687 1742 2777 1793 die
2820 1758 3048 1811 quoque
3090 1742 3405 1807 Dominico,
3457 1744 3547 1795 cui

1860 1840 2013 1877 mors
2060 1827 2148 1878 via
2180 1827 2248 1880 ad
2300 1826 2568 1896 patriam,
2613 1844 2676 1880 ac
2718 1830 3017 1897 praesentis
3064 1829 3192 1882 vitae
3226 1829 3429 1896 exitus,
3464 1846 3549 1881 se-

1860 1914 2086 1982 quentis
2134 1930 2197 1967 ac
2244 1931 2543 1985 nunquam
2595 1915 2861 1970 ﬁniendae
2913 1917 3092 1970 factus
3134 1922 3217 1969 est
3264 1917 3548 1970 introitus.

1858 2003 1937 2055 Ad
1972 2018 2145 2071 quam
2194 2003 2605 2072 multiplicibus
2636 2004 2809 2073 hujus
2837 2005 3038 2057 mundi
3084 2004 3357 2057 aerumnis
3389 2004 3549 2057 abso-

1858 2090 2034 2158 lutus,
2068 2090 2153 2143 sui
2190 2091 2414 2144 Domini
2442 2092 2755 2159 obtutibus,
2790 2094 2974 2161 plenis
3006 2094 3131 2145 oleo
3165 2092 3549 2162 lampadibus,

1858 2178 2130 2231 virtutum
2168 2180 2381 2232 scilicet
2420 2181 2648 2250 piarum
2680 2181 2988 2246 fertilitate,
3024 2181 3235 2234 meruit
3274 2196 3548 2250 apparere

1859 2282 2146 2321 coruscus.
2197 2268 2462 2338 Sepultus
2504 2285 2637 2321 sane
2669 2272 2752 2322 est
2783 2269 2974 2322 debito
3022 2269 3280 2321 fidelium
3328 2269 3548 2322 honore

1860 2355 1918 2409 in
1951 2356 2209 2410 coenobio
2242 2374 2272 2409 a
2304 2374 2359 2409 se
2392 2357 2689 2423 aedificato,
2725 2357 2814 2409 cui
2847 2374 2909 2411 ex
2944 2358 3174 2410 nomine
3223 2355 3439 2409 fluvioli
3470 2355 3549 2409 ibi

1860 2446 2210 2500 decurrentis
2246 2447 2512 2500 Helnonis
2538 2447 2875 2500 vocabulum
2918 2447 3099 2500 haesit.
3136 2446 3315 2510 Quem
3360 2446 3549 2499 videli-

1860 2540 1949 2587 cet
1992 2534 2182 2587 locum
2232 2534 2522 2604 quondam
2558 2534 2665 2603 ipsi
2716 2535 2833 2587 viro
2871 2535 2967 2589 Dei
3016 2536 3359 2588 Francorum
3396 2534 3549 2604 prin-

1860 2638 1990 2693 ceps
2024 2623 2376 2692 Dagobertus
2410 2622 2652 2676 silvestri
2683 2639 2844 2675 coma
2876 2640 2990 2675 non
3031 2623 3334 2692 indignum
3370 2637 3550 2692 prona

1858 2710 2079 2780 indigni
2111 2711 2353 2764 contulit
2383 2711 2708 2776 devotione,
2732 2717 2855 2763 rata
2885 2712 3079 2779 legum
3106 2710 3399 2763 sanctione
3433 2716 3547 2763 sta-

1858 2797 2105 2852 bilitum.
2130 2799 2301 2868 Cujus
2326 2799 2457 2853 licet
2477 2799 2676 2852 crebra
2698 2798 3076 2868 plurimorum
3108 2798 3380 2868 opinione
3404 2798 3546 2851 didi-

1858 2887 1998 2940 cerit
2028 2889 2410 2953 sanctitatem,
2460 2886 2705 2957 amplius
2739 2892 2927 2939 tamen
2978 2889 3060 2956 (ut
3094 2886 3150 2939 in
3185 2886 3375 2939 libello
3410 2886 3546 2939 Vitze

1860 2976 1982 3044 ejus
2032 2976 2260 3045 legitur)
2308 2976 2574 3029 eumdem
2631 2976 2811 3029 isdem
2868 2975 3133 3045 princeps
3182 2975 3241 3027 in
3296 2974 3399 3027 filii
3459 2974 3544 3027 sui

1859 3064 2138 3134 Sigeberti
2172 3069 2369 3118 contra
2399 3069 2666 3118 naturam
2702 3064 2947 3117 mirabili
2982 3068 3217 3134 propter
3250 3062 3549 3116 infantiam

1858 3152 2165 3217 locutione,
2201 3152 2304 3205 sub
2352 3168 2454 3204 sua
2485 3153 2793 3221 praesentia
2831 3152 3053 3205 Christo
3088 3156 3345 3204 sanctum
3378 3166 3547 3203 suum

1858 3238 2223 3304 miriﬁcante,
2258 3240 2468 3293 meruit
2499 3256 2807 3310 agnoscere
2856 3240 3232 3293 manifestam.
3271 3238 3545 3293 Praedicta

1856 3327 2035 3397 igitur
2062 3328 2120 3381 in
2151 3328 2275 3381 loco
2304 3328 2439 3398 quia
2460 3328 2705 3398 amplius
2736 3328 2923 3398 ipsum
2954 3328 3174 3381 cmteris
3204 3344 3236 3381 a
3266 3343 3323 3380 se
3349 3326 3550 3379 consti-

1857 3417 1994 3470 tutis
2039 3416 2333 3485 diligendo
2379 3417 2642 3481 excoluit,
2686 3418 2859 3469 etiam
2912 3416 3314 3486 corpusculum
3367 3414 3550 3485 ipsius

1858 3504 2269 3573 discipulorum
2298 3518 2532 3556 suorum
2563 3503 2836 3572 obsequio
2868 3502 3153 3555 tumulum
3184 3501 3447 3571 sumpsit,
3481 3500 3551 3553 si-

1859 3598 1971 3658 cut,
2024 3591 2193 3645 etiam
2244 3593 2583 3645 testamento
2632 3590 2873 3643 terribili
2922 3590 3131 3659 scripto
3183 3605 3285 3659 pro
3336 3588 3440 3642 hac
3483 3604 3544 3643 re

1858 3680 2025 3749 (Vide
2076 3680 2394 3747 Patrologiw
2440 3684 2563 3732 tom.
2612 3679 2954 3744 LXXXVII,
3011 3680 3108 3732 col.
3166 3676 3337 3744 1271),
3384 3676 3539 3747 quod

87 3779 285 3841 peracta
330 3774 497 3844 quasi
545 3772 835 3837 instantia,
886 3776 941 3823 et
986 3786 1089 3839 pro
1125 3768 1501 3838 praesentibus
1552 3766 1748 3819 haberi
1787 3776 1826 3829 (1
1858 3768 1917 3821 in
1948 3767 2196 3821 archivio
2227 3765 2411 3820 nostri
2442 3766 2774 3819 monasterii
2819 3766 3093 3819 hactenus
3134 3768 3409 3830 servatur,
3443 3764 3540 3819 de-

92 3861 251 3915 futura
279 3862 565 3916 credimus
597 3878 608 3914 :
645 3859 733 3913 cui
765 3858 1151 3924 mendacium,
1190 3858 1326 3927 quia
1357 3872 1421 3909 ex
1458 3856 1607 3908 malo
1643 3859 1746 3919 est,

90 3950 353 4020 displicere
409 3949 825 4021 cognoscimus.
886 3948 1009 4001 Non
1071 3947 1222 3999 enim
1280 3944 1433 3998 beati
1483 3944 1588 3996 viri
1631 3959 1749 3996 me-

96 4038 181 4091 rita
213 4046 268 4092 ut
298 4041 449 4093 clara
501 4038 827 4092 hominibus
875 4038 1191 4105 appareant
1225 4033 1533 4085 mendaciis
1584 4036 1754 4100 egent

96 4128 263 4192 astrui,
310 4129 407 4181 sed
441 4127 724 4196 ampliora
769 4140 942 4195 quam
982 4122 1250 4192 explicari
1287 4120 1471 4173 verbis
1517 4123 1750 4189 queant,

99 4221 281 4269 remota
309 4216 471 4270 omni
504 4213 879 4284 ambiguitate
922 4212 1130 4265 debent
1160 4209 1334 4263 credi.
1383 4208 1487 4263 Sed
1522 4208 1653 4277 quia
1685 4207 1753 4261 de

100 4302 167 4355 his
193 4321 297 4359 non
324 4323 430 4376 pro
464 4304 555 4357 sui
586 4302 761 4373 (quod
796 4300 1147 4371 impossibile
1194 4300 1292 4365 est)
1327 4298 1624 4367 dignitate,
1657 4296 1753 4349 sed

102 4406 184 4460 pro
213 4395 377 4448 nostri
416 4396 757 4464 paupertate
802 4389 1080 4460 ingenioli
1110 4388 1304 4458 aliqua
1346 4384 1753 4456 prastoquendo

104 4480 384 4549 tetigimus;
419 4497 577 4534 nunc
603 4479 793 4533 divina
821 4494 927 4531 nos
960 4483 1252 4547 praeeunte
1284 4474 1587 4529 clementia
1621 4488 1754 4543 pro-

104 4569 313 4635 positum
346 4569 516 4623 nobis
545 4570 652 4620 iter
680 4582 997 4635 carpamus.

159 4660 298 4711 Anno
328 4659 509 4729 igitur
544 4655 952 4710 incarnationis
985 4652 1292 4707 Dominicae
1341 4648 1756 4704 sexcentesimo

110 4747 413 4815 sexagesimo
450 4746 639 4816 primo
670 4762 784 4815 qua
814 4743 1090 4798 Conditor
1120 4746 1175 4794 et
1206 4740 1553 4809 Redemptor
1583 4754 1758 4792 mun-

109 4830 248 4886 danos
278 4837 578 4889 miseratus
624 4849 843 4887 errores
876 4832 1143 4885 humana:
1179 4829 1445 4898 dignatus
1489 4832 1575 4881 est
1607 4825 1759 4879 uniri

108 4926 306 4988 natura),
356 4925 476 4977 Deo
534 4922 819 4991 bonisque
875 4919 1093 4973 cunctis
1155 4917 1417 4971 amabilis
1466 4915 1759 4970 Amandus

110 5015 209 5075 post
234 5016 397 5067 multa
434 5014 720 5067 bonorum
749 5016 978 5063 actuum
1022 5007 1272 5078 insignia
1304 5007 1370 5060 ad
1407 5006 1532 5059 cceli
1569 5006 1757 5057 aulam

110 5101 389 5162 perenniter
441 5116 574 5154 cum
609 5099 853 5163 Christo,
901 5098 991 5150 cui
1024 5097 1221 5151 devote
1269 5095 1516 5157 servivit,
1562 5108 1761 5162 regna-

115 5190 237 5239 turus
278 5189 551 5244 ascendit.
589 5189 700 5241 Nec
740 5186 1025 5239 immerito
1071 5186 1123 5238 ei
1154 5182 1471 5237 introeunti
1513 5181 1761 5234 caelestia

168 5332 257 5383 1‘ln
303 5350 476 5404 regno
531 5333 878 5404 Francorum
928 5328 1061 5404 so_lis
1110 5328 1340 5404 regibus
1383 5325 1761 5404 ﬂagellamcrt’:

118 5400 249 5467 nium,
292 5393 655 5474 utuloquitur
694 5402 927 5470 Gregor.
979 5393 1203 5474 Turoni
1234 5400 1438 5474 “DLH,
1484 5412 1530 5449 c.
1584 5395 1670 5474 ἓξ,
1705 5393 1761 5446 id

120 5475 180 5543 {5t
217 5466 437 5539 prolixos
469 5466 726 5543 .capillos
768 5466 967 5540 gerere
1018 5472 1243 5543 licebat.
1297 5468 1433 5520 Hinc
1484 5466 1763 5535 praedium

127 5538 383 5615 Elnonense
414 5538 737 5615 rege-haud
771 5538 1071 5615 indignum
1104 5539 1329 5615 dicitur.

178 5612 415 5669 ltttilonis
481 5605 771 5668 calculum
832 5605 937 5665 hoc
998 5611 1169 5664 etiam
1220 5608 1280 5662 in
1330 5608 1452 5662 loco
1501 5605 1765 5660 aberrare

1858 3857 2052 3911 crevit.
2085 3857 2206 3909 Non
2250 3859 2441 3908 tamen
2474 3854 2533 3907 in
2564 3854 2688 3923 ipsa
2714 3870 2826 3924 qua
2870 3869 3022 3907 nunc
3053 3852 3359 3923 requiescit
3389 3853 3539 3923 posi-

1858 3950 1949 3999 tus
1978 3949 2062 3997 est
2112 3943 2364 4002 basilica.
2415 3942 2512 3995 sed
2562 3942 2622 3995 in
2657 3941 2833 3995 altera
2875 3941 2974 4012 qui
3026 3942 3207 3995 adhuc
3262 3946 3541 4010 superest,

1860 4032 2136 4103 principis
2185 4031 2574 4101 apostolorum
2612 4031 2760 4084 Petri
2798 4030 3031 4084 nomine
3076 4029 3368 4097 dedicata;
3416 4046 3545 4100 quae

1860 4121 2133 4191 quoniam
2164 4137 2267 4189 pro
2292 4120 2377 4172 sui
2406 4120 2685 4189 parvitate
2715 4121 2856 4172 tanti
2887 4119 3149 4188 praesulis
3180 4120 3402 4172 tumulo
3430 4118 3548 4171 visa

1862 4209 1967 4263 fuit
2010 4209 2345 4277 incongrua,
2402 4211 2570 4277 atque
2602 4207 2774 4260 etiam
2824 4206 3070 4261 secundo
3120 4206 3279 4259 sexui
3316 4213 3551 4277 propter

1864 4296 2273 4350 monachorum
2338 4295 2661 4349 habitacula
2718 4296 3021 4360 inaccessa,
3076 4294 3362 4365 frequenti
3419 4295 3549 4347 reli-

1863 4386 2157 4455 giosorum
2188 4384 2443 4437 virorum
2467 4384 2773 4437 conventui
2805 4385 2988 4438 visum
3016 4388 3099 4437 est
3129 4384 3300 4436 aliam
3322 4382 3553 4453 magni-

1862 4473 2059 4527 tudine
2086 4478 2451 4543 praestantem
2485 4473 2688 4526 debere
2718 4472 3010 4537 aedificari,
3040 4488 3169 4540 qua:
3210 4487 3278 4523 ex
3307 4476 3552 4539 utroque

1865 4578 2002 4616 sexu
2032 4579 2063 4615 a
2094 4560 2404 4615 conﬂuenti
2438 4561 2536 4614 illo
2564 4560 2849 4614 sufficeret
2883 4558 3235 4611 multitudini
3262 4558 3549 4626 populari.

1867 4650 2164 4719 Completo
2229 4649 2420 4718 itaque
2485 4650 2597 4701 Deo
2672 4648 3006 4700 devotorum
3077 4650 3307 4714 sumptu
3382 4660 3554 4714 opere

1866 4738 2018 4792 illius
2046 4737 2291 4804 aedificii,
2344 4742 2569 4806 tempus
2599 4735 2795 4789 aderat
2835 4750 2946 4804 quo
2978 4733 3073 4785 ille
3107 4732 3342 4786 deberet
3369 4738 3553 4786 trans-

1866 4826 2020 4880 ferri.

1940 4914 2057 4969 Illis
2090 4914 2268 4983 igitur
2296 4912 2495 4966 diebus
2541 4913 2835 4980 supererat
2864 4908 3051 4962 adhuc
3089 4908 3358 4962 humanis
3390 4907 3560 4961 rebus

1866 5003 2224 5057 venerandus
2265 4999 2475 5054 Christi
2507 4999 2796 5051 confessor
2822 4996 3291 5067 mirabiliumque
3317 5012 3559 5067 operum

1802 5068 1844 5121 D
1869 5096 2125 5162 patrator
2156 5088 2372 5157 Eligius
2414 5090 2457 5151 ῐ),
2494 5088 2593 5155 qui
2639 5086 2965 5138 beatissimo
2997 5086 3254 5154 pontifici
3299 5083 3561 5137 Amando

1871 5180 2009 5233 dum
2038 5178 2325 5230 adviveret
2375 5175 2562 5227 fuerat
2602 5173 3101 5236 familiarissimus,
3135 5188 3198 5226 ac
3248 5171 3563 5225 sanctitatis

1871 5322 2105 5373 constat.
2156 5316 2375 5385 Quippe
2426 5318 2564 5367 teste
2596 5315 2649 5368 S.
2704 5312 2976 5367 Audoneo
3009 5312 3075 5385 in
3119 5311 3256 5385 Vitae
3290 5310 3343 5364 S.
3400 5310 3568 5380 Eligii

1874 5391 1967 5444 lib.
2000 5404 2057 5453 ιι,
2085 5403 2134 5440 c.
2168 5392 2213 5440 1.
2255 5383 2467 5455 Eligius
2500 5391 2720 5437 tantum
2754 5398 2923 5450 usque
2953 5383 3278 5455 aduinitium
3299 5385 3456 5446 regni
3475 5386 3569 5455 ju-

1871 5452 2052 5514 nioris’
2094 5452 2365 5511 Lotharii'
2392 5460 2594 5509 mansit
2644 5458 2698 5507 in
2746 5469 2981 5522 corpore.
3021 5453 3143 5505 Non
3194 5468 3329 5521 ergo
3385 5452 3574 5521 attigit

1872 5530 2205 5585 Theoderici
2242 5528 2392 5598 regis
2422 5528 2975 5598 principalum,_quo
3000 5529 3256 5598 tempore
3282 5525 3577 5576 Amandus

1875 5603 2117 5655 denatus
2166 5604 2266 5654 est.
2312 5594 2486 5653 'Cer—te
2537 5594 2766 5667 vulgato
2818 5595 2873 5647 S.
2925 5594 3170 5649 Amandi
3231 5598 3578 5646 testamento
