3868 6228
321 345 380 395 97
395 343 424 394 3

1380 337 1615 393 SERMO
1655 339 1742 392 DE
1785 335 2318 392 TRANSLA'I‘IONE
2361 333 2416 387 S.
2459 331 2746 388 ΑΜΑΝΠΙ.

2266 336 2318 390 Ἐ
2361 333 2416 387 S.
2459 331 2746 388 ΑΜΑΝΠΙ.
3715 336 3793 388 976

320 475 500 544 ipsius
531 489 645 526 non
673 473 924 541 ignarus.
959 469 1054 522 Hic
1076 470 1268 539 itaque
1298 469 1368 522 ad
1393 468 1812 522 dedicationem
1846 482 2006 522 novae
2045 473 2090 523 Α
2120 466 2366 520 Amandi
2425 465 2760 534 corpusculo
2832 463 3263 534 incorruptione
3308 465 3703 518 membrorum
3752 475 3794 518 et

321 563 570 615 ecclesiae
619 566 788 629 atque
836 559 902 612 ad
945 557 1368 611 transferendas
1399 556 1457 609 in
1506 557 1663 609 illam
1695 557 1838 610 sacri
1887 574 2010 610 cor-

320 649 477 717 poris
527 647 800 716 reliquias
830 646 889 699 in
923 646 1061 699 urbe
1099 645 1538 714 Noviomagensi
1569 651 1841 710 venerat;
1885 647 2013 714 plu-

320 737 468 789 rima
498 735 712 806 quippe
742 735 799 787 in
841 751 957 786 suae
991 733 1247 787 dioecesis
1279 734 1662 786 sollicitudine
1694 733 2016 802 sagacitatis

320 825 600 878 industria
648 824 916 892 pollebat.
969 823 1075 876 Ubi
1108 839 1237 875 vero
1285 823 1509 875 tumulo
1560 838 1717 874 sacro
1769 823 2017 874 removit

320 915 745 983 eooperculum,
811 911 1024 981 reperit
1088 911 1440 979 insperatum
1518 909 1724 962 divina).
1786 909 2016 962 virtutis

323 1001 682 1063 miraculum,
728 999 1126 1068 corpusculum
1160 998 1370 1051 scilicet
1400 998 1574 1050 sancti
1613 997 1814 1060 Patris,
1845 1004 1903 1050 ut
1936 998 2016 1051 ibi

321 1094 452 1141 ante
494 1088 776 1142 sexdecim
825 1103 1004 1140 annos
1057 1087 1300 1156 positum
1359 1088 1543 1138 fuerat
1592 1086 2011 1155 incorruptum.

320 1177 460 1231 Tum
490 1177 722 1230 demum
749 1180 864 1228 tam
899 1174 1177 1243 inopinati
1223 1173 1574 1242 stupefactus
1622 1173 1871 1226 novitate
1903 1173 2012 1226 mi-

321 1265 522 1328 raculi,
557 1265 768 1334 gratias
795 1264 912 1332 egit
950 1278 1186 1315 summa?
1220 1261 1530 1327 Divinitati,
1578 1262 1711 1331 quia
1745 1263 2016 1314 sanctitas

323 1352 423 1422 qui
465 1354 520 1406 in
552 1352 804 1405 claritate
832 1351 1134 1412 claruerat,
1165 1350 1222 1400 in
1259 1355 1487 1402 mortuo
1521 1365 1633 1401 non
1669 1350 1897 1403 latebat.
1937 1351 2016 1404 Ne

319 1441 413 1495 cui
455 1441 599 1494 forte
651 1441 756 1494 hoc
800 1439 1128 1508 prodigium
1180 1438 1443 1490 videatur
1489 1437 1844 1505 incredibile,
1900 1456 2016 1492 non

320 1529 496 1582 defuit
540 1529 723 1582 adhuc
753 1527 854 1598 qui
896 1526 1214 1579 mirabilius
1246 1525 1464 1595 aliquid
1506 1525 1566 1577 in
1617 1526 1796 1594 ipsius
1839 1527 2018 1580 sancti

319 1619 423 1670 viri
457 1617 837 1670 sacratissimo
867 1631 1103 1684 corpore
1136 1619 1334 1666 nostra
1367 1613 1423 1664 in
1457 1619 1622 1666 aetate
1669 1613 2016 1668 miraculum

323 1721 381 1758 se
412 1706 712 1758 conﬁrmat
740 1704 942 1757 vidisse
974 1719 986 1754 :
1021 1701 1171 1771 quod
1207 1701 1380 1753 etiam
1418 1701 1475 1752 in
1517 1701 1694 1753 altero
1723 1701 1790 1754 de
1828 1704 2016 1754 eleva-

321 1795 479 1849 tione
511 1793 826 1862 incorrupti
872 1791 1164 1844 cadaveris
1197 1789 1320 1859 ejus
1365 1805 1628 1842 sermone
1667 1789 1884 1853 habito,
1916 1790 2014 1859 qui

320 1881 569 1935 voluerit
625 1885 813 1932 nostra
871 1878 1292 1948 qualiacunque
1361 1877 1474 1929 sint
1538 1877 1751 1946 legere,
1809 1878 2019 1947 poterit

323 1983 682 2039 cognoscere.
727 1966 784 2019 Si
832 1966 984 2018 enim
1034 1969 1290 2017 aromata
1333 1964 1848 2034 pigmentariorum
1896 1971 2017 2019 arte

324 2058 563 2110 conticta
611 2056 864 2108 humana
916 2067 1282 2122 nequaquam
1340 2056 1466 2120 post
1527 2058 1770 2105 mortem
1821 2053 2019 2107 sinunt

323 2150 651 2217 putrescere
744 2141 1054 2207 cadavera;
1125 2141 1308 2193 multo
1373 2142 1556 2210 magis
1641 2141 1792 2194 credi
1858 2143 2018 2197 decet

323 2233 471 2287 tanti
543 2231 767 2301 jatroni
844 2229 1046 2282 merita
1121 2227 1473 2282 mirabilium
1545 2245 1786 2298 operum
1862 2230 2018 2284 indi-

322 2322 423 2375 ciis
487 2321 770 2374 declarata
835 2333 1058 2371 servare
1124 2318 1378 2386 potuisse
1447 2319 1722 2383 membra,
1793 2321 2019 2373 vascula

323 2410 587 2463 videlicet
664 2423 765 2460 sua
839 2406 897 2458 in
963 2405 1174 2476 quibus
1259 2405 1689 2472 habitaverant,
1759 2407 2018 2460 inconta-

327 2498 559 2550 minata.
597 2497 968 2565 Deportatum
1013 2493 1207 2564 itaque
1251 2492 1402 2545 beati
1445 2493 1727 2560 pontiticis
1772 2495 2019 2548 Amandi

327 2585 724 2656 corpusculum
759 2582 867 2635 sibi
912 2588 1241 2652 praeparatas
1273 2582 1590 2652 eademque
1622 2582 1713 2635 die
1745 2583 2018 2637 dedicatas

323 2673 572 2728 basilicae
603 2670 838 2724 intravit
885 2669 1295 2722 habitaculum.
1332 2669 1413 2721 lbi
1461 2685 1638 2738 usque
1673 2669 1730 2722 in
1771 2686 2014 2740 sequen-

325 2767 440 2817 tem
473 2763 625 2816 diem
676 2759 1056 2813 famulantum
1085 2764 1167 2811 est
1208 2757 1482 2828 obsequio
1512 2758 1880 2823 custoditum,
1918 2759 2015 2812 do-

326 2868 429 2905 nec
482 2849 766 2920 completa
815 2865 845 2900 a
900 2847 1134 2916 praefato
1175 2848 1430 2900 antistite
1482 2846 1661 2916 Eligio
1713 2850 2018 2901 missarum

327 2939 569 2992 solemni
617 2936 1020 2995 celebratione,
1073 2933 1274 3003 ingens
1316 2938 1703 3004 spectaculum
1736 2935 2019 2989 universas

327 3028 482 3098 plebi
514 3026 762 3097 praebuit
792 3024 860 3077 ad
893 3024 992 3076 has
1019 3023 1314 3092 exsequias
1344 3029 1724 3092 congregatas.
1775 3024 2020 3077 Colloca-

327 3122 451 3169 tum
484 3115 699 3168 etenim
733 3113 789 3164 in
822 3111 1012 3165 medio
1044 3110 1242 3180 templi
1270 3111 1416 3163 atrio
1447 3127 1630 3163 coram
1666 3113 1867 3165 altario
1894 3129 2019 3166 cor-

329 3219 436 3272 pus
479 3200 865 3255 lionoriiicum
914 3199 1184 3252 omnibus
1223 3198 1723 3252 circumstantibus
1778 3201 2023 3270 prmbuit

330 3289 864 3358 contemplandum,
914 3287 1284 3357 ejusdemque
1349 3287 1732 3340 venerabilem
1802 3290 2020 3342 vultum

330 3380 617 3434 detectum
665 3376 1028 3447 cupientibus
1059 3375 1241 3428 turbis
1284 3376 1625 3428 monstravit
1657 3377 2019 3444 intuendum,

331 3469 610 3539 paciferos
657 3467 890 3534 insuper
935 3464 1114 3534 ipsius
1165 3463 1347 3516 sancti
1396 3464 1567 3534 pedes
1613 3470 1785 3534 atque
1821 3482 2022 3519 manus

330 3557 613 3610 concessit
699 3553 939 3608 osculari
1016 3552 1290 3604 virtutum
1380 3553 1740 3622 operatrices.
1831 3554 2024 3616 Qualis

331 3649 694 3714 quantusque
743 3642 822 3696 ibi
871 3646 1072 3711 stupor
1103 3640 1310 3710 gaudio
1360 3639 1561 3693 mistus
1590 3641 1782 3706 fuerit,
1834 3645 2024 3695 excel-

329 3733 506 3789 lentia
535 3738 649 3786 tam
678 3729 956 3784 mirabilis
983 3728 1113 3782 facti
1145 3729 1352 3798 prodit.
1392 3729 1776 3782 lnenarrahile
1811 3730 2022 3784 etenim

330 3827 465 3876 tunc
497 3819 846 3874 Christicolis
876 3819 1062 3871 inerat
1087 3817 1386 3886 gaudium,
1419 3833 1548 3870 cum
1585 3818 1800 3886 gemini
1833 3834 2022 3871 sacer-

329 3911 489 3964 dotes
537 3907 827 3962 Amandus
869 3910 1037 3974 atque
1090 3905 1304 3973 Eligius
1338 3904 1538 3958 ordine
1586 3909 1642 3957 et
1672 3905 1878 3959 merito
1926 3907 2023 3959 in-

330 3997 484 4067 clyti,
519 3997 671 4048 velut
708 3995 822 4046 duo
856 3993 1161 4046 luminaria
1196 3992 1400 4046 mundi
1443 3994 1694 4046 caelestia
1727 3994 1942 4047 meritis
1968 3998 2024 4048 et

330 4091 559 4139 terrena
613 4083 964 4150 complentes
1018 4080 1290 4132 virtutum
1340 4081 1538 4145 radiis,
1589 4097 1779 4134 coram
1829 4081 2020 4135 divino

331 4171 530 4226 altario
560 4169 732 4239 positi
761 4167 1027 4236 suffragia
1052 4167 1377 4220 orationum
1408 4185 1640 4221 suarum
1676 4169 2024 4238 largirentur

332 4259 516 4312 turbae
565 4257 994 4320 circumstanti;
1047 4271 1192 4307 unus
1236 4254 1443 4308 horum
1487 4263 1754 4325 superata
1797 4258 2020 4327 antiqui

332 4346 514 4400 hostis
544 4344 846 4416 tyrannide
891 4343 1010 4412 jam
1043 4345 1178 4396 dum
1227 4343 1448 4397 Christo
1491 4345 1706 4397 scilicet
1753 4361 1886 4415 rege
1919 4363 2020 4399 suo

333 4438 389 4490 in
424 4436 638 4491 caelesti
670 4433 855 4504 gloria
885 4433 1268 4502 triumphans,
1311 4433 1454 4486 alter
1489 4434 1636 4486 inter
1668 4436 1822 4488 varia
1853 4435 2022 4505 hujus

333 4525 531 4579 mundi
578 4523 891 4576 certamina
936 4537 1039 4590 pro
1071 4522 1272 4574 eodem
1323 4528 1386 4574 ut
1426 4521 1770 4575 invincibilis
1820 4524 2022 4592 agoni-

335 4618 492 4669 theta
525 4613 807 4668 desudans
839 4628 850 4665 :
887 4627 1033 4664 unus
1077 4625 1140 4663 ex
1175 4611 1262 4663 his
1292 4615 1357 4663 ut
1400 4611 1670 4663 emeritus
1713 4611 1874 4664 miles
1898 4612 2020 4682 jam

334 4703 454 4756 sine
489 4701 679 4754 labore.
705 4699 946 4769 praemia
979 4697 1316 4750 indefectiva
1359 4714 1672 4762 recensens,
1707 4699 1849 4751 alter
1887 4715 2019 4752 con-

329 4795 416 4844 tra
447 4805 784 4842 numerosos
814 4789 987 4857 hujus
1010 4787 1136 4840 vita:
1169 4787 1391 4840 labores
1412 4803 1474 4840 ac
1507 4787 1843 4856 multiplicia
1877 4788 2022 4858 peri-

329 4879 454 4932 cula
523 4876 744 4931 sudoris
805 4881 1071 4946 gravatus
1124 4876 1410 4928 anxietate
1461 4875 1770 4945 persistens
1813 4893 1824 4928 :
1871 4892 2018 4929 unus

328 4967 533 5020 horum
579 4967 706 5035 jure
737 4964 1074 5034 pontificali,
1128 4979 1284 5016 more
1317 4963 1580 5017 videlicet
1627 4980 1751 5029 suo,
1787 4969 2019 5034 peracto

327 5052 513 5108 ol'ﬁcio
559 5070 853 5124 reposans,
908 5055 1050 5105 alter
1083 5054 1324 5105 necdum
1370 5053 1690 5106 terminatis
1725 5053 2017 5106 solemniis

329 5148 388 5196 ut
436 5142 686 5213 pontifex
733 5141 1018 5194 Christum
1067 5141 1406 5210 pontiﬁcum
1458 5141 1789 5209 pontiﬁcem
1840 5141 2015 5194 inter-

326 5230 564 5300 pellans.
610 5230 918 5298 Fragrante
964 5229 1141 5295 igitur
1171 5229 1230 5281 in
1271 5230 1654 5283 sacratissimo
1684 5229 1887 5283 famuli
1918 5229 2017 5283 Dei

328 5369 746 5422 Mummolenus
801 5371 1103 5436 episcopus,
1179 5367 1339 5437 Eligii
1394 5385 1697 5437 successor,
1769 5371 2015 5424 subscri-

323 5441 499 5505 psisse
531 5440 759 5510 legitur.
782 5439 918 5510 _Non
951 5455 1087 5510 ergo
1137 5439 1378 5492 Amandi
1407 5441 1644 5492 elevatio
1694 5441 1867 5494 tribui
1919 5459 2014 5510 po-

323 5514 431 5580 test
458 5510 657 5580 Eligio.
690 5508 798 5580 S_ed
830 5524 930 5580 nec
963 5509 1069 5578 ipsi
1095 5510 1267 5562 etiam
1299 5510 1700 5577 Mummoleno,
1728 5513 1825 5580 qui
1857 5508 2010 5565 anno

323 5578 468 5631 circa
534 5579 637 5630 684
703 5577 958 5640 decessit,
1013 5583 1144 5630 ante
1213 5595 1392 5630 annos
1454 5580 1681 5631 circiter
1744 5577 2009 5635 undecim

2123 554 2482 618 meritorum,
2536 552 2580 604 si
2612 552 2709 622 qui
2760 552 3075 605 intererant
3119 553 3219 622 qui
3266 569 3336 605 eo
3374 552 3602 605 vivente
3648 555 3710 606 de
3745 557 3795 605 si-

2123 658 2370 712 gnorum
2412 640 2586 709 ipsius
2622 642 3015 709 magnitudine
3047 641 3472 704 dubitaverant,
3505 643 3567 694 in
3599 647 3797 693 mortuo

2124 732 2273 799 quod
2330 729 2631 798 multiplici
2667 730 2888 781 timoris
2937 731 3219 782 anxietate
3249 735 3626 800 pavescerent
3667 732 3799 783 vide-

2123 819 2276 871 bant.
2329 819 2435 882 Qui
2502 827 2691 885 autegn
2735 833 2799 870 eo
2851 819 3046 871 audito
3099 833 3214 870 non
3276 818 3704 886 obtemperasse
3755 836 3800 870 se

2125 908 2247 976 ejus
2296 907 2620 960 salubrilms
2669 907 2900 958 monitis
2946 907 3352 971 meminerant,
3385 924 3443 958 se
3475 907 3601 958 haec
3645 906 3801 976 parvi-

2124 995 2390 1064 pendisse
2436 1010 2662 1047 summo
2712 995 2973 1047 maeroris
3019 995 3268 1046 lamento
3322 995 3694 1064 plangebant.
3745 1000 3801 1046 At

2125 1084 2222 1154 qui
2256 1085 2377 1153 ejus
2409 1083 2738 1152 magisterio
2768 1087 3052 1152 przecepta
3083 1081 3276 1134 vitalia
3305 1081 3602 1134 nuntianti
3637 1081 3798 1135 inhie-

2125 1179 2334 1238 serant,
2384 1189 2440 1224 se
2475 1171 2594 1224 hzec
2626 1177 2680 1224 et
2729 1171 2960 1224 auribus
3009 1170 3254 1222 audiisse
3287 1176 3345 1223 et
3393 1169 3619 1222 actibus
3669 1187 3803 1222 exer-

2123 1261 2307 1314 cuisse
2339 1261 2684 1330 gaudebant.
2735 1261 2802 1313 L't
2835 1275 2969 1312 vero
2996 1259 3178 1312 turbis
3213 1261 3475 1328 quamvis
3505 1259 3695 1312 adhuc
3725 1261 3805 1311 de-

2125 1350 2521 1417 siderantibus,
2559 1349 2869 1418 praedictus
2907 1347 3143 1400 antistes
3177 1347 3388 1416 Eligius
3420 1348 3585 1400 duxit
3623 1349 3806 1400 satisfa-

2124 1444 2301 1504 ctum,
2340 1438 2817 1508 pretiosissimum
2851 1436 3094 1504 depositi
3125 1436 3448 1505 corpusculi
3485 1437 3804 1489 thesaurum

2127 1527 2292 1578 altius
2341 1525 2532 1578 telluri
2572 1526 2656 1594 (ut
2705 1531 2839 1577 tunc
2885 1525 3060 1577 moris
3103 1527 3246 1594 erat)
3296 1527 3540 1579 credidit
3591 1527 3806 1580 abscon-

2124 1614 2399 1678 dendum,
2448 1614 2704 1666 videlicet
2739 1619 2800 1666 ut
2843 1614 3112 1666 omnibus
3143 1630 3257 1666 non
3307 1616 3400 1684 pie
3434 1617 3807 1684 quaerentibus

2125 1701 2455 1755 inveniendi
2519 1701 2663 1755 illud
2728 1708 3034 1770 negaretur
3086 1705 3340 1756 facultas.
3417 1703 3575 1756 Illius
3635 1705 3807 1774 itaque

2128 1791 2520 1844 translationis
2550 1806 2614 1843 ac
2657 1791 2965 1859 sepulturae
2997 1790 3167 1843 decus
3214 1798 3270 1844 et
3303 1791 3404 1862 qui
3447 1793 3687 1845 aderant
3723 1810 3806 1844 vo-

2126 1877 2196 1930 tis
2237 1877 2594 1930 celebravere
2639 1877 2992 1930 solemnibus
3021 1884 3191 1947 atque
3233 1879 3348 1931 suis
3380 1881 3630 1948 posteris
3676 1883 3801 1932 cele-

2126 1965 2405 2019 brandum
2447 1965 2688 2018 decretis
2734 1972 2984 2019 statuere
3015 1966 3358 2031 salubribus,
3391 1984 3566 2020 sacras.
3618 1969 3807 2020 scilicet

2129 2055 2408 2107 enczenias
2452 2053 2724 2121 basilicas,
2759 2058 2928 2124 atque
2961 2054 3052 2106 die
3097 2055 3292 2108 eadem
3340 2056 3626 2124 deportati
3659 2056 3804 2109 cada-

2127 2143 2273 2196 veris
2305 2142 2635 2212 prodigium
2672 2143 3062 2207 memorabile,
3095 2145 3251 2212 quod
3280 2145 3558 2196 hactenus
3586 2161 3619 2197 a
3660 2145 3804 2196 nobis

2127 2247 2432 2284 numeroso
2500 2232 2845 2300 populorum
2889 2237 3034 2284 coetu
3082 2233 3148 2284 ad
3193 2234 3311 2284 hare
3350 2234 3631 2285 solemnia
3694 2249 3806 2284 con-

2127 2321 2361 2386 iluente,
2412 2321 2798 2373 anniversaria
2843 2323 3086 2389 septimo
3136 2320 3523 2374 Kalendarum
3582 2323 3804 2375 Novem-

2127 2409 2316 2462 brium
2361 2407 2471 2474 die,
2506 2409 2693 2460 debito
2727 2408 3047 2461 Celebratnr
3092 2409 3328 2461 honore.
3380 2410 3672 2462 Ordinatis
3720 2409 3806 2476 igi-

2128 2502 2222 2550 tur
2269 2497 2538 2549 omnibus
2578 2505 2746 2566 atque.
2793 2496 3072 2548 universis
3116 2512 3243 2564 qua:
3285 2497 3356 2548 ad
3399 2502 3664 2549 ornatum
3712 2497 3803 2547 loci

2129 2585 2243 2639 sive
2276 2584 2560 2654 stipendia
2598 2584 2818 2637 ordinis
2857 2585 3159 2636 monastiri
3192 2585 3576 2654 pertinebant,
3612 2602 3710 2655 pro
3736 2586 3804 2636 fa-

2129 2674 2338 2727 cultate
2383 2689 2483 2726 sua
2530 2673 2677 2726 bene
2720 2680 3221 2742 congruenterque
3267 2674 3573 2742 dispositis,
3611 2673 3802 2742 singuli

2130 2760 2343 2832 quique
2392 2759 2650 2813 fidelium
2697 2759 2764 2812 ad
2804 2759 3038 2828 propria
3086 2761 3436 2829 repedarunt
3485 2763 3800 2829 gaudentes,

2130 2851 2340 2918 gratias
2364 2855 2574 2901 sancta:
2607 2853 2661 2900 et
2687 2848 2999 2900 individuas
3031 2849 3292 2900 ’l‘rinitati
3330 2865 3501 2918 super
3527 2851 3800 2902 inenarra-

2130 2937 2342 2990 bilibus
2373 2936 2493 3004 ejus
2523 2941 2752 3004 agentes
2797 2935 3152 3001 muneribus,
3185 2935 3394 3005 quibus
3425 2938 3494 2989 ab
3523 2937 3684 2988 initio
3714 2952 3801 2987 sae-

2061 3059 2099 3112 C
2141 3027 2252 3080 culi
2277 3024 2540 3078 omnibus
2571 3041 2628 3076 se
2671 3025 2729 3077 in
2755 3025 2989 3077 veritate
3017 3025 3406 3094 quaerentibus
3450 3033 3534 3078 est
3562 3025 3800 3078 misereri

2134 3113 2417 3182 dignatus.
2469 3111 2767 3165 Rationem
2818 3116 2880 3164 ut
2910 3113 3194 3164 credimus
3225 3113 3516 3166 hodiernae
3566 3113 3801 3166 festivita-

2133 3202 2202 3255 tis
2235 3201 2612 3264 reddidimus,
2657 3217 2717 3252 ac
2749 3200 2887 3270 quid
2919 3200 2974 3252 in
3009 3216 3074 3252 ea
3105 3200 3368 3265 colimus,
3412 3208 3698 3270 utcunque
3728 3200 3800 3252 his

2132 3290 2489 3361 paucissimis
2538 3291 2900 3342 sermonibus
2948 3290 3376 3358 explicavimus,
3411 3306 3581 3342 sacras
3622 3290 3796 3341 videli-

2131 3384 2218 3432 cet
2269 3379 2518 3432 basilica!
2577 3377 2994 3432 dedicationem
3049 3384 3219 3447 atque
3271 3379 3694 3431 translationem
3749 3377 3795 3427 in

2130 3467 2312 3536 ipsam
2347 3466 2632 3537 pontificis
2662 3466 2867 3521 Christi
2899 3466 3143 3518 Amandi
3177 3468 3631 3519 memorabilem.

2204 3557 2485 3609 Praeterea
2517 3559 2576 3608 ut
2609 3555 2780 3608 etiam
2816 3555 3140 3606 veneranda
3167 3553 3290 3622 ejus
3335 3555 3666 3606 solemnitas
3698 3550 3792 3603 diei

2131 3644 2282 3696 trino
2313 3659 2429 3696 non
2483 3643 2746 3696 indecora
2773 3642 2848 3694 sit
2887 3643 3120 3708 calculo,
3154 3643 3322 3694 tertia
3355 3643 3691 3711 supradictae
3719 3655 3792 3692 ce-

2134 3731 2380 3784 lebritati
2425 3747 2590 3784 causa
2622 3730 2926 3792 concurrit,
2979 3730 3315 3800 episcopalis
3345 3731 3559 3782 scilicet
3592 3728 3794 3782 honoris

2133 3818 2464 3888 assumptio,
2507 3818 2641 3888 quia
2665 3810 3041 3870 reverendum
3085 3824 3392 3886 patronum
3427 3823 3677 3868 nostrum
3711 3817 3794 3867 bo-

2133 3905 2329 3958 dierna
2359 3906 2448 3958 die
2489 3904 2889 3958 venerabiliter
2922 3904 3225 3956 recolimus
3269 3904 3619 3968 ordinatum,
3647 3910 3793 3971 atque

2131 3991 2298 4044 saluti
2331 3991 2708 4060 plurimorum
2740 4007 2984 4060 superna
3016 3991 3298 4060 dirigente
3331 3991 3640 4044 clementia
3667 4007 3795 4060 pou-

2134 4080 2342 4131 tilicem
2374 4080 2594 4132 coalitus
2643 4079 2857 4133 datum.
2897 4080 3027 4134 Haec
3057 4096 3194 4148 ergo
3239 4096 3466 4132 summo
3501 4078 3794 4133 devotionis

2132 4168 2316 4220 oflicio
2349 4166 2750 4220 honestissime
2782 4169 3155 4229 celebremus,
3192 4168 3578 4238 eumdemque
3611 4167 3794 4221 oratio-

2135 4271 2270 4308 num
2305 4261 2628 4308 nostrarum
2674 4256 2995 4325 adjutorcm
3027 4272 3089 4308 ac
3121 4257 3558 4321 suifragatorem
3591 4271 3794 4326 quasra-

2064 4348 2103 4400 D
2133 4360 2276 4397 mus.
2311 4343 2624 4396 Plurimum
2678 4345 2890 4414 quippe
2938 4345 2994 4397 in
3027 4346 3346 4400 ccelestibus
3389 4345 3620 4398 sedibus
3667 4343 3796 4396 obti-

2134 4448 2267 4485 nere
2311 4448 2474 4502 pesse
2514 4432 2766 4485 creditur
2789 4435 2908 4502 jam
2939 4450 3068 4486 cum
3113 4434 3336 4488 Christo
3371 4435 3608 4504 positus.
3642 4433 3724 4487 cui
3753 4432 3797 4482 in

2133 4520 2298 4572 terris
2340 4525 2704 4572 conversatus
2739 4520 2797 4572 in
2843 4521 3112 4572 omnibus
3156 4521 3320 4573 bonis
3351 4523 3573 4576 actibus
3613 4522 3797 4574 servire

2131 4609 2346 4662 studuit
2389 4607 2724 4662 indefessus.
2762 4608 2840 4662 Ab
2891 4609 3034 4677 ipsis
3076 4610 3362 4678 siquidem
3396 4611 3657 4680 pueritim
3701 4622 3795 4660 sua:

2129 4695 2456 4764 crepundiis
2498 4696 2702 4748 divinis
2744 4696 3007 4750 famulari
3042 4697 3216 4766 elegit
3245 4698 3556 4769 obsequiis,
3612 4715 3671 4750 ac
3700 4702 3798 4748 toto

2129 4783 2298 4836 corde
2325 4784 2558 4837 viviﬁcis
2589 4784 2817 4837 Domini
2847 4785 2931 4837 sui
2963 4786 3193 4839 obedire
3229 4788 3536 4840 mandatis.
3573 4789 3680 4840 Nec
3707 4786 3795 4837 im-

2129 4875 2331 4928 merito
2383 4875 2696 4944 apostolico
2740 4875 3011 4930 vocabulo
3051 4879 3242 4946 vivens
3276 4881 3489 4932 meruit
3532 4875 3794 4948 insigniri,

2129 4979 2376 5032 quorum
2425 4964 2687 5032 exempla
2715 4967 3041 5035 concupivit
3092 4966 3304 5020 imitari
3340 4983 3351 5020 :
3389 4967 3676 5037 siquidem
3719 4980 3796 5016 cx-

2127 5054 2284 5106 celsis
2344 5069 2542 5107 eorum
2592 5053 2810 5106 meritis
2869 5054 3075 5124 dignus
3121 5056 3349 5108 habitus
3401 5062 3486 5108 est
3541 5056 3796 5125 particips

2127 5141 2272 5204 ﬁeri,
2319 5142 2416 5211 qui
2448 5140 2650 5211 patria,
2687 5142 3018 5211 parentibus
3061 5159 3125 5194 ac
3157 5143 3428 5195 omnibus
3459 5145 3660 5196 mundi
3689 5157 3793 5212 pos-

2125 5229 2470 5284 sessionibus
2500 5229 2727 5298 spretis,
2768 5229 2971 5282 Christi
3005 5230 3180 5298 elegit
3209 5230 3528 5300 discipulus
3559 5231 3718 5294 eftici,
3748 5232 3795 5280 ut

2125 5385 2296 5440 quam
2341 5369 2392 5423 S.
2444 5369 2688 5444 Amaudi
2738 5387 2945 5444 corpus
2990 5389 3020 5444 e
3069 5372 3194 5444 loco
3242 5380 3574 5427 moveretur
3615 5391 3630 5427 :
3669 5370 3788 5444 quod

2122 5458 2272 5564 :tmno
2302 5445 2432 5564 post
2461 5441 2681 5494 obitum
2713 5450 2867 5494 sexto
2906 5442 3126 5496 decimo
3173 5442 3383 5497 factum
3419 5451 3523 5511 est,
3558 5447 3639 5498 uti
3672 5441 3789 5513 legi-

2149 5528 2217 5564 ur
2247 5529 2301 5564 1n
2335 5528 2414 5564 ra.

2149 5528 2217 5564 ur
2247 5528 2414 5564 intra.
