3868 6228
61 313 151 358 ui?
1185 315 1422 371 SERMO
1463 317 1552 370 DE
1595 317 1796 371 ELEV.
1842 319 2040 375 CORP.
2083 320 2137 373 S.
2179 321 2470 377 AHANDI.

3482 326 3584 378 978

55 438 236 493 heres
281 441 479 511 ipsius
523 451 844 500 mereretur
876 446 1141 508 inveniri,
1186 464 1288 518 pro
1330 464 1443 518 quo
1480 447 1772 501 universas
1810 461 1854 511 Α
1883 451 2056 504 etiam
2113 452 2380 522 angelicis
2429 452 2724 523 spiritibus
2781 470 2846 507 ac
2913 453 3195 508 universis
3256 455 3584 526 agminibus

55 532 399 598 voluptates
437 533 645 588 caduci
698 541 1116 606 contempserat
1163 537 1382 589 mundi.
1433 538 1541 588 Nec
1583 542 1776 590 tamen

55 624 285 671 tantum
326 623 673 692 apostolicis
704 625 910 694 dignus
932 623 1300 678 estlaudibUS
1331 625 1642 694 adaequari,
1677 625 1772 677 sed

1888 539 2036 608 coeli,
2066 545 2172 593 etc.

601 827 977 928 SERMO
1039 828 1180 928 DE
1259 829 1988 931 ELEVATIONE
2053 829 2600 932 CORPORIS
2659 831 3057 949 IPSIUS,

846 1002 986 1076 Qua:
1020 1005 1189 1080 facta
1227 1015 1310 1063 es!
1355 1023 1391 1062 a
1439 1003 1784 1065 LOTHARIO
1830 1005 2066 1064 custode
2113 1023 2202 1064 xu
2234 1004 2490 1064 Kalend.
2529 1005 2818 1064 Octobris.

117 1206 268 1272 Quia
305 1227 490 1278 opera
522 1212 931 1280 omnipotentis
965 1214 1062 1266 Dei
1109 1229 1374 1267 enarrare
1417 1215 1538 1267 fore
1587 1215 1771 1267 hono-

54 1297 311 1362 riﬁcum,
353 1315 456 1368 per
497 1301 843 1370 Raphaelem
874 1301 1281 1372 archangelum
1322 1301 1564 1355 cmlestis
1596 1303 1768 1355 medi-

51 1387 192 1438 cinae
231 1387 528 1441 docemur
573 1389 830 1458 bajulum
873 1390 1024 1457 (Tob.
1067 1407 1165 1455 xu,
1202 1394 1290 1460 7);
1338 1391 1577 1459 dignum
1626 1393 1772 1443 arbi-

52 1485 307 1539 tr-unur,
358 1478 476 1528 imo
519 1478 923 1543 necessarium,
967 1479 1344 1531 elevationem
1385 1479 1639 1548 corporis
1685 1497 1767 1531 sa-

50 1564 373 1618 cratissimi
437 1566 720 1636 pontiﬁcis
780 1567 984 1620 Christi
1042 1567 1282 1620 Amandi
1335 1567 1769 1620 memorabilem

53 1668 164 1705 non
201 1659 424 1706 tacere.
462 1655 553 1708 Est
590 1654 800 1725 quippe
835 1655 890 1708 in
925 1672 990 1707 ea
1029 1661 1086 1708 et
1125 1655 1300 1710 divini
1345 1655 1600 1708 miraculi
1634 1672 1770 1723 por-

55 1743 129 1791 tio
168 1757 293 1792 non
330 1741 593 1807 minima,
628 1750 684 1795 et
715 1743 970 1805 eiusdem
1010 1743 1161 1797 beati
1196 1743 1298 1796 viri
1329 1741 1516 1796 laudis
1546 1759 1610 1795 ac
1641 1760 1767 1794 san-

52 1831 273 1884 Ctitatis
313 1834 584 1885 materies
610 1833 854 1886 inﬁnita.

126 1920 322 1989 Igitur
364 1937 518 1974 anno
565 1922 732 1974 Verbi
763 1937 991 1974 carnem
1041 1921 1192 1986 facti,
1247 1920 1461 1974 scilicet
1501 1921 1626 1974 Filii
1673 1921 1769 1974 Dei

54 2024 158 2077 pro
188 2010 385 2060 salute
418 2026 482 2060 ac
516 2009 913 2078 redemptione
948 2009 1184 2062 humani
1214 2009 1442 2078 generis
1464 2009 1768 2074 incarnati,

59 2097 551 2166 octingentesimo
583 2114 754 2161 nono,
789 2097 885 2167 qui
920 2105 1038 2150 erat
1070 2113 1253 2150 annus
1293 2115 1322 2149 a
1365 2099 1610 2150 transitu
1663 2097 1768 2150 viri

60 2184 156 2236 Dci
226 2186 481 2238 Amandi
537 2186 882 2238 centesimus
931 2184 1464 2255 quinquagesimus,
1522 2185 1770 2252 plurima

64 2273 209 2324 ultra
246 2272 486 2326 solitum
505 2288 783 2344 aquarum
818 2273 1157 2327 innundatio
1179 2273 1346 2336 facta,
1374 2272 1568 2326 multis
1601 2273 1661 2326 in
1682 2275 1765 2326 lo-

65 2363 140 2413 cis
172 2368 365 2414 metas
403 2379 534 2414 suas
567 2367 902 2426 excesserat,
941 2368 1109 2432 atque
1155 2362 1618 2431 circumjacentes
1652 2363 1766 2414 llu-

1881 1217 1986 1269 bus
2034 1217 2100 1269 ad
2153 1216 2355 1269 altiora
2393 1217 2738 1286 subrigcret,
2785 1218 3164 1287 eamdemque
3211 1219 3479 1287 deinceps
3509 1220 3578 1273 ab

1881 1305 2039 1357 omni
2105 1307 2206 1358 bac
2248 1305 2532 1358 alluvione
2582 1305 2923 1358 tutissimam
2986 1307 3300 1377 limosaque
3343 1308 3572 1377 pallude

1881 1393 2318 1446 secretissimam
2349 1409 2451 1445 sua
2483 1393 2801 1462 provisione
2835 1394 3114 1446 redderet.

1953 1483 2053 1535 Die
2087 1481 2265 1551 igitur
2296 1481 2604 1534 constituta
2626 1483 2963 1534 clericorum
3005 1488 3229 1534 caterva
3260 1484 3326 1536 ad
3353 1488 3574 1536 tantum

1881 1586 2024 1639 opus
2089 1575 2454 1639 congregata,
2529 1571 2769 1623 fossores
2855 1571 3204 1624 necessarios
3287 1571 3568 1636 adhibuit,

1879 1669 2051 1728 atque
2103 1659 2452 1728 sarcophago
2509 1659 2780 1711 elevando
2837 1659 3141 1728 plurimam
3212 1659 3567 1727 diligentiam

1881 1745 2185 1815 impendit.
2215 1746 2374 1808 Quod
2409 1762 2632 1798 summa
2663 1747 2905 1812 cautela,
2934 1752 2996 1798 ut
3026 1745 3263 1814 dignum
3297 1751 3436 1814 erat,
3485 1747 3568 1798 le-

1879 1841 2096 1900 vatum,
2125 1835 2180 1887 in
2213 1835 2443 1887 sinistra
2475 1839 2632 1902 parte
2665 1835 2877 1904 deponi
2909 1833 3059 1894 fecit,
3089 1850 3151 1886 ac
3200 1833 3397 1886 festiva
3426 1835 3568 1886 cele-

1879 1923 2085 1976 britate
2140 1939 2243 1992 per
2292 1923 2482 1990 ampla
2534 1923 2668 1975 aedis
2714 1923 2897 1990 spatia
2945 1922 3135 1990 lychni
3183 1921 3574 1974 relucentibus

1881 2014 2182 2064 missarum
2214 2012 2489 2064 solemnia
2521 2027 2623 2080 pro
2662 2012 2807 2063 tanti
2845 2011 3100 2080 praesulis
3139 2011 3359 2063 honore
3403 2011 3573 2063 devo-

1878 2099 2100 2151 tissime
2129 2114 2384 2164 exorsus,
2409 2113 2580 2168 super
2609 2098 2872 2152 eumdem
2902 2098 3185 2150 tumulum
3211 2097 3484 2166 implevit.
3516 2098 3577 2148 Et

1879 2187 2139 2256 quamvis
2157 2186 2212 2238 in
2233 2187 2471 2238 circuitu
2491 2185 2667 2254 ipsius
2690 2185 2934 2253 sepulcri
2971 2185 3462 2254 aquatilishumor
3483 2199 3574 2236 ex-

1878 2275 2155 2329 trinsecus
2174 2274 2473 2327 fueritnon
2496 2279 2686 2326 tamen
2710 2272 3360 2326 intrinsecuslutulentis
3381 2271 3572 2326 sordi-

1876 2363 1982 2418 bus
2015 2379 2112 2416 seu
2144 2380 2307 2434 aqum
2339 2362 2576 2432 guttulis
2609 2362 2876 2414 introitus
2908 2362 3109 2430 patuit.
3149 2360 3573 2414 Necimmerito

69 2448 323 2502 minibus
378 2467 549 2519 agros
591 2449 864 2503 damnosa
917 2457 1175 2519 segetum
1225 2452 1554 2504 vacuatione
1601 2451 1772 2504 nuda-
1811 2437 1850 2490 Β
1882 2451 2151 2504 credibile
2179 2457 2280 2516 est,
2318 2453 2493 2505 Deum
2525 2450 2624 2520 qui
2655 2451 2911 2503 oumium
2931 2455 3316 2503 creaturarum
3343 2453 3575 2502 naturas

68 2544 244 2591 verat.
300 2539 463 2601 Quod
511 2538 752 2607 periculi
801 2539 1012 2591 malum
1056 2539 1379 2607 adeousqne
1429 2544 1770 2603 exoret-erat,

70 2631 124 2676 ni
157 2627 333 2679 etiam
368 2627 572 2679 incolae
618 2627 951 2680 ﬂuminibus
994 2627 1241 2696 proximi
1274 2625 1596 2680 habitacula
1625 2627 1773 2680 avita

70 2720 416 2778 eligerentur
452 2714 736 2779 deserere,
785 2719 841 2766 et
885 2714 942 2767 in
974 2714 1312 2768 sublimibus
1344 2715 1634 2778 colliculis,
1669 2715 1770 2767 do-

70 2815 170 2852 r.3c
233 2801 653 2867 decrescerent,
742 2803 972 2856 mutatis
1037 2803 1422 2855 tabernaculis
1489 2803 1767 2856 habitare.

76 2890 201 2941 Hac
255 2906 391 2942 vero
439 2891 884 2944 excrescentium
938 2907 1215 2960 aquarum
1259 2891 1420 2960 copia
1462 2891 1528 2943 de
1580 2891 1668 2942 die
1711 2892 1770 2943 in

74 2978 223 3031 diem
277 2986 593 3047 augmento
633 2979 904 3033 imbrium
964 2980 1372 3045 intumescens,
1428 2979 1596 3032 etiam
1645 2995 1772 3032 oras

76 3064 226 3118 ﬂuvii
263 3067 542 3120 vocabulo
589 3068 761 3136 Scarp
804 3067 1095 3121 nimietate
1137 3085 1238 3120 sua
1283 3068 1637 3136 impleverat,
1673 3070 1771 3137 qui

73 3154 389 3208 beatissimi
423 3156 651 3225 patroni
695 3156 871 3209 nostri
909 3157 1155 3209 Amandi
1198 3159 1422 3210 tumqu
1462 3173 1606 3226 pene
1633 3171 1770 3209 con—

76 3243 287 3312 tiguus,
336 3260 454 3297 non
503 3245 750 3314 amplius
807 3245 878 3298 ab
927 3261 994 3298 eo
1046 3261 1215 3315 quam
1264 3244 1469 3315 viginti
1512 3245 1771 3313 passibus

77 3330 338 3385 distabat.
401 3332 508 3396 Qui
571 3333 908 3403 quotidiano
969 3337 1262 3386 cremento
1332 3333 1768 3402 supercfﬂuens,

78 3418 133 3470 in
165 3423 394 3473 tantum
425 3421 688 3483 excrevit,
722 3426 783 3473 ut
826 3420 892 3473 ad
938 3425 1355 3473 sacrosanctam
1403 3419 1770 3472 sacratissimi

78 3509 330 3578 corporis
389 3510 745 3577 sepulturam
804 3508 1116 3572 accederet,
1180 3513 1351 3578 atque
1400 3524 1568 3560 omne
1628 3507 1768 3561 illud

80 3596 328 3650 aedicula:
381 3597 565 3667 ipsius
613 3597 858 3667 spatium
913 3598 1062 3667 quod
1121 3597 1267 3651 circa
1314 3597 1483 3667 pedes
1533 3597 1770 3667 adjacet,

81 3685 395 3754 superfusis
455 3685 617 3754 aquis
671 3685 956 3754 impleret,
1013 3686 1340 3754 siccumque
1399 3685 1773 3756 pergentibus

80 3772 149 3826 ibi
182 3773 490 3843 gradiendi
521 3774 629 3826 iter
653 3778 907 3842 negaret.

145 3862 329 3931 Hujus
372 3861 568 3930 itaque
611 3861 1090 3914 incommoditatis
1138 3861 1315 3914 tristis
1348 3866 1602 3926 eventus,
1646 3878 1769 3916 mo-

81 3951 390 4004 nachorum
449 3949 654 4002 animis
702 3965 1004 4003 mcerorem
1057 3966 1172 4002 non
1222 3951 1506 4003 modicum
1553 3951 1766 4015 intulit,

80 4039 362 4107 praecipue
393 4054 526 4090 vero
559 4038 943 4091 venerabilem
993 4038 1344 4102 Lotharium,
1378 4038 1521 4092 sacri
1566 4039 1769 4109 templi

79 4127 168 4180 illo
203 4127 265 4180 in
295 4132 556 4196 tempore
599 4127 897 4191 aedituum,
945 4142 1059 4178 non
1101 4126 1463 4180 mediocriter
1504 4127 1766 4196 perculit.

82 4216 250 4285 Cujus
287 4215 508 4285 sagacis
557 4215 732 4268 animi
785 4215 1130 4268 industriam
1161 4231 1520 4285 operumque
1580 4215 1768 4269 efﬁca-

81 4303 246 4369 ciam,
279 4307 336 4355 et
373 4318 614 4372 corpora
661 4302 942 4355 librorum
982 4308 1178 4355 nostro
1208 4303 1437 4355 archivo
1471 4301 1673 4368 indita,
1709 4319 1771 4355 ac

80 4391 252 4444 tutius
291 4390 537 4444 ccenobii
595 4389 653 4443 in
711 4391 913 4443 melius
961 4396 1344 4459 augmentata,
1397 4390 1619 4443 etiamsi
1665 4391 1769 4443 hu-

85 4495 248 4532 mana
291 4479 487 4548 lingua
532 4483 736 4543 taceat,
793 4479 1019 4532 fabrica:
1068 4483 1352 4531 structura
1395 4479 1620 4531 elimat.
1676 4478 1773 4531 Hic

84 4568 255 4636 igitur
285 4567 503 4620 insoliti
550 4572 844 4638 permotus
877 4567 1122 4619 novitate
1166 4567 1386 4629 diluvii,
1431 4582 1621 4620 secum
1661 4582 1770 4620 ca:-

83 4657 156 4723 pit.
210 4660 560 4726 pertractare
609 4661 799 4708 mente
858 4655 1044 4723 sagaci
1089 4655 1298 4724 quibus
1348 4655 1529 4708 modis
1582 4655 1772 4707 immi-

83 4743 236 4797 nenti
267 4748 593 4796 sucurreret
619 4743 892 4813 periculo,
927 4749 1024 4796 aut
1069 4743 1169 4796 tali
1203 4760 1264 4794 ac
1295 4747 1464 4796 tautae
1497 4742 1772 4812 perniciei

83 4833 230 4902 quali
279 4832 586 4885 obsisteret
634 4831 927 4902 suﬂ‘ragio.
973 4831 1260 4885 Sollicitus
1311 4831 1468 4883 enim
1510 4835 1650 4896 erat,
1703 4845 1771 4883 ne

83 4937 257 4991 usque
290 4920 362 4971 ad
405 4919 805 4988 pretiosissimi
857 4917 1108 4971 thesauri
1140 4918 1483 4985 depositum,
1517 4918 1659 4970 sacri
1694 4918 1772 4971 vi-

83 5008 280 5062 delicet
299 5009 489 5062 Patris
518 5006 943 5076 corpusculum,
974 5005 1144 5059 altius
1172 5006 1382 5070 telluri,
1416 5009 1478 5059 ut
1509 5006 1566 5058 in
1599 5006 1776 5058 altero

83 5112 342 5150 sermone
375 5095 644 5158 diximus,
678 5112 710 5148 a
735 5095 915 5148 beata:
957 5096 1246 5148 memoriae
1287 5094 1541 5147 antistite
1583 5093 1775 5163 Elegio

83 5186 385 5249 defossum,
458 5183 662 5236 eadem
739 5199 1016 5253 aquarum
1076 5182 1370 5237 afﬂuentia
1432 5186 1772 5252 penetraret,

86 5283 246 5346 atque
298 5275 493 5345 ipsum
543 5273 877 5326 circumﬂua
923 5273 1344 5326 humectatione
1397 5278 1455 5325 et
1516 5271 1777 5340 improbo

86 5381 212 5416 ausu
270 5361 664 5430 contingendo
725 5361 977 5413 violaret.
1041 5361 1292 5414 Tandem
1354 5376 1490 5429 ergo
1542 5357 1778 5428 ancipiti

88 5453 374 5506 dubietate
418 5450 684 5503 submota
717 5449 784 5502 ad
818 5450 926 5502 hoc
971 5465 1028 5503 se
1063 5449 1290 5502 salubre
1322 5448 1626 5502 consilium
1657 5464 1778 5500 sus-

91 5543 222 5608 tulit,
277 5539 485 5594 divino
537 5538 622 5605 (ut
665 5537 817 5590 credi
886 5537 1066 5605 decet)
1131 5537 1402 5590 instinctu
1474 5537 1778 5603 animatus,

92 5635 366 5700 quatenus
396 5626 595 5696 ipsam
629 5625 770 5679 sacri
801 5625 1124 5695 corpusculi
1155 5639 1360 5678 urnam
1389 5625 1459 5679 de
1489 5625 1777 5678 inferiori-

1882 2557 1985 2610 pro
2035 2556 2136 2592 suo
2179 2539 2412 2592 arbitrio
2458 2539 2514 2591 in
2557 2554 2927 2609 quascunque
2972 2542 3092 2590 vult
3132 2553 3323 2590 rerum
3357 2535 3574 2605 species

1879 2628 2270 2696 transformat,
2293 2643 2356 2680 ac
2381 2625 2748 2679 tumescentia
2772 2626 2952 2678 maria
2971 2625 3202 2693 proprio
3221 2630 3365 2676 nutu
3386 2623 3574 2676 arenis

1881 2716 2042 2785 quasi
2065 2716 2302 2768 habenis
2319 2715 2641 2768 fortissimis
2665 2715 2866 2778 frenat,
2894 2713 3064 2764 etiam
3089 2711 3276 2764 dilecti
3300 2710 3387 2762 sui
3409 2709 3570 2762 cada-

1879 2804 2018 2868 veri,
2041 2803 2182 2856 tanti
2199 2803 2429 2856 honoris
2445 2803 2718 2856 beneﬁcia
2732 2818 2783 2854 m
2803 2807 3073 2871 praestare
3098 2799 3348 2869 potuisse
3371 2814 3381 2850 :
3409 2803 3470 2850 ut
3485 2797 3571 2849 in-

1878 2892 2155 2960 traipsius
2177 2907 2333 2944 urnas
2355 2892 2666 2956 vasculum,
2685 2906 2800 2960 quo
2822 2889 3130 2959 pretiosum
3153 2886 3458 2940 tenebatur
3473 2886 3569 2938 de-

1880 2981 2151 3051 positum,
2204 2980 2346 3033 nihil
2396 2981 2635 3033 intraret
2689 2979 2990 3032 sordium:
3044 2981 3106 3030 ut
3152 2975 3370 3028 cunctis
3410 2975 3572 3028 ﬁeret

1881 3069 2139 3139 ejusdem
2172 3069 2481 3122 venerandi
2532 3067 2817 3138 pontiﬁcis
2861 3065 3130 3119 meritum
3184 3063 3568 3117 manifestum.

1952 3157 2202 3227 Expletis
2230 3157 2408 3228 igitur
2440 3158 2740 3210 missarum
2777 3155 3090 3216 solemniis,
3133 3151 3328 3222 paucis
3380 3165 3568 3204 secum

1881 3263 2025 3317 quos
2052 3247 2229 3300 voluit
2267 3262 2332 3299 ex
2372 3246 2664 3299 monachis
2710 3244 2963 3309 retentis,
3008 3252 3244 3296 caeteros
3268 3239 3569 3294 abscedere

1880 3335 2034 3399 fecit,
2101 3350 2166 3388 ac
2222 3351 2338 3387 non
2407 3340 2522 3387 tam
2587 3333 2893 3387 temerario
2949 3348 3110 3395 ausu,
3172 3345 3344 3400 quam
3389 3326 3573 3381 ﬁdelis

1881 3423 2056 3477 animi
2150 3423 2446 3475 devotione
2534 3421 2778 3486 fervens,
2876 3419 3170 3488 explorare
3243 3415 3572 3485 diligentius

1881 3511 2064 3565 amica
2115 3511 2439 3564 curiositate
2485 3509 2646 3562 duxit
2691 3523 3031 3578 congruum,
3082 3505 3218 3575 quid
3278 3504 3382 3556 sub
3437 3519 3570 3555 ocu-

1882 3601 1949 3654 lis
1989 3600 2239 3670 positum
2285 3600 2433 3651 intra
2483 3604 2710 3650 uterum
2753 3612 2918 3648 suum
2959 3598 3180 3647 teneret
3218 3592 3364 3644 vasis
3414 3607 3566 3644 rece-

1829 3729 1849 3746 ..
1881 3689 2202 3758 ptaculum;
2264 3690 2549 3756 simulque
2603 3685 2890 3738 aestimans
2956 3679 3336 3734 necessarium
3388 3686 3449 3732 ut
3499 3680 3566 3731 ad

1883 3776 2243 3831 devotionem
2305 3773 2692 3826 venerandam
2759 3770 3165 3842 qumrentium,
3217 3768 3286 3820 de
3335 3767 3570 3836 pulvere

1880 3864 2066 3918 carnis
2093 3863 2209 3916 sive
2239 3862 2308 3915 de
2333 3861 2556 3915 ossibus
2585 3861 2738 3913 illius
2770 3859 2994 3912 tolleret
3032 3859 3386 3926 aliquantam
3432 3871 3564 3925 por-

1881 3953 2194 4008 tiunculam
2225 3949 2618 4020 reliquiarum.
2667 3950 2888 4002 Interea
2911 3946 3070 4000 omni
3100 3943 3390 3997 dubietate
3434 3942 3568 3995 sob-

1882 4047 2054 4107 mota,
2089 4041 2238 4094 idem
2282 4038 2631 4092 archicustos
2669 4037 2734 4090 ad
2784 4036 3070 4088 tumulum
3113 4033 3232 4101 jam
3271 4027 3571 4099 superﬁcie

1879 4128 2196 4199 pavimenti
2245 4127 2493 4198 positum
2546 4124 2841 4179 humiliter
2883 4121 3136 4186 accessit,
3182 4127 3352 4191 atque
3401 4133 3566 4186 oper-

1879 4218 2008 4271 culo
2041 4216 2242 4286 lapidis
2270 4231 2384 4286 quo
2417 4214 2717 4284 tegebatur
2767 4217 2984 4265 remoto
3025 4209 3360 4281 diligentius
3389 4207 3572 4260 intro-

1880 4305 2079 4376 spexit.
2117 4306 2180 4358 Et
2224 4319 2350 4357 ecce
2398 4303 2606 4356 obtulit
2659 4318 2716 4354 se
2763 4300 3057 4354 obtutibus
3109 4299 3264 4352 illius
3312 4297 3396 4349 vir
3434 4311 3574 4348 cano

1880 4394 2062 4465 capite
2111 4393 2453 4445 reverendus
2506 4391 2862 4444 abstinentiae.
2910 4405 2973 4442 ac
3022 4387 3375 4457 jejuniorum
3426 4400 3575 4438 mar-

1880 4498 2008 4536 core
2067 4481 2278 4552 quibus
2337 4479 2643 4533 comitibus
2701 4480 2916 4532 vixerat
2965 4477 3229 4547 pallidus,
3281 4473 3576 4525 sanctitate

1882 4585 2109 4624 morum
2177 4569 2638 4637 meritorumque
2723 4565 3064 4636 praecipuus,
3145 4559 3576 4628 incorruptione

1883 4674 2113 4729 quoque
2155 4658 2544 4710 membrorum
2601 4670 2768 4707 suave
2824 4651 3200 4721 fragrantium
3241 4648 3405 4718 quasi
3445 4662 3576 4699 aro-

1887 4746 2125 4798 maticus
2175 4761 2239 4797 ac
2286 4749 2408 4798 toto
2452 4757 2686 4812 corpore
2741 4737 3242 4800 incontaminatns,
3303 4734 3412 4788 hoc
3460 4733 3577 4786 solo

1884 4834 2037 4904 quod
2071 4834 2128 4886 in
2166 4833 2425 4901 sepulcro
2461 4829 2684 4899 jacebat
2727 4825 3034 4880 dormienti
3083 4823 3436 4884 simillimus,
3481 4837 3573 4873 ve-

1884 4919 2171 4971 stimentis
2207 4916 2630 4987 pontiﬁcalibus
2670 4914 2908 4966 honesta
2952 4909 3377 4981 pulchritudine
3411 4907 3570 4961 ador-

1821 5003 2073 5060 Dnatus.
2126 5007 2234 5060 Res
2292 5005 2521 5057 raritate
2572 5003 2658 5054 sui
2691 5002 2849 5054 valde
2911 4998 3209 5063 mirabilis,
3257 5003 3429 5066 atque
3474 5011 3577 5066 pro

1886 5095 1974 5147 sui
2027 5093 2422 5164 magnitudine
2474 5091 2726 5144 humano
2776 5103 3037 5141 sermone
3085 5086 3171 5138 vix
3203 5083 3572 5152 explicabilis.

1885 5183 1993 5246 Qui
2020 5183 2174 5236 enim
2200 5185 2499 5250 potaverat
2525 5195 2583 5231 se
2613 5177 2944 5248 putrefactas
2975 5174 3178 5238 carnis,
3215 5173 3296 5225 uti
3335 5172 3397 5224 in
3425 5186 3579 5224 mor-

1887 5271 1999 5325 tuis
2028 5269 2152 5324 tieri
2183 5269 2407 5334 assolet,
2447 5267 2716 5337 reliquias
2749 5265 3139 5326 inventurum,
3172 5260 3388 5330 reperit
3430 5261 3582 5312 ultra

1886 5357 2348 5422 mstimationem,
2383 5355 2640 5410 inviolati
2683 5353 2940 5425 corporis
2983 5348 3353 5404 memorabile
3386 5346 3580 5417 prodi-

1891 5449 2067 5517 gium.
2099 5445 2263 5510 Quali
2293 5445 2416 5499 haec
2445 5445 2582 5498 visio
2615 5443 2790 5514 digna
2823 5440 3121 5506 miraculo,
3153 5451 3445 5509 quamque
3468 5436 3581 5489 im-

1891 5551 2090 5589 menso
2139 5539 2370 5604 stupore
2409 5532 2672 5604 proxima
2711 5530 2902 5596 fuerit,
2951 5525 3284 5598 eloquentia
3340 5521 3584 5578 humani

1892 5622 2115 5694 ingenii
2141 5623 2302 5678 effari
2339 5621 2561 5694 nequit,
2605 5620 2706 5690 qui
2737 5620 2926 5674 minus
2972 5615 3207 5670 ariditas
3236 5611 3422 5666 nostri
3469 5625 3582 5666 ser-
