3868 6228
264 274 367 323 979

1361 268 1592 324 SERMO
1632 268 1722 322 DE
1764 265 1976 322 ELEV.
2026 264 2229 319 CORP.
2271 265 2325 319 S.
2369 264 2661 320 AMANDI.

3690 270 3797 320 980

266 401 456 456 monis
510 401 632 456 haec
685 399 962 468 explicare
1022 403 1082 452 ut
1128 398 1309 465 decet,
1363 398 1718 452 tenuissimis
1762 398 1947 450 valeat
1984 395 2366 466 Adeposuit:
2422 396 2683 465 lapidum
2743 395 2918 450 etiam
2970 412 3226 465 caesores,
3279 413 3505 452 necnon
3558 403 3625 452 et
3683 412 3799 449 cae-

265 490 472 545 verbis.
518 488 873 560 Stupefactus
916 487 1111 557 igitur,
1167 490 1228 540 ut
1272 504 1376 557 par
1420 492 1557 554 erat,
1602 492 1720 540 tam
1768 485 1960 555 inopi-

265 578 387 633 nati
418 576 629 631 visione
674 576 950 647 portenti,
1001 575 1381 646 omnipotenti
1431 577 1543 628 Deo
1592 574 1798 628 debitis
1839 575 1960 627 lau-

268 666 433 720 dibus
489 665 798 731 benedixit,
876 669 1287 733 tantorumque
1355 663 1638 717 donorum
1704 662 1963 729 largitori

267 755 482 826 gratias
513 754 648 823 egit.
685 754 1062 823 Congaudens
1098 752 1272 806 etiam
1305 754 1448 806 tanti
1478 752 1809 805 inventione
1831 752 1962 805 the-

268 843 443 910 sauri,
474 859 592 897 non
623 841 848 897 modico
878 842 1087 896 iterum
1121 840 1292 910 coepit
1323 840 1719 894 sollicitudinis
1751 855 1962 910 angore

269 931 528 992 cruciari,
567 931 747 985 multa
776 930 970 984 animo
1002 930 1257 997 volvens,
1289 929 1429 999 quid
1460 946 1528 983 ex
1560 929 1681 999 ipso
1708 928 1775 982 ad
1808 944 1962 982 com-

270 1020 748 1075 memorationem
793 1017 1156 1089 sequentium
1198 1034 1303 1088 pro
1329 1034 1568 1072 munere
1596 1016 1832 1071 deberet
1861 1032 1961 1069 au-

270 1110 425 1164 ferri.

342 1196 446 1251 Ubi
496 1213 629 1252 vero
686 1197 1055 1249 ﬂuctuantem
1118 1193 1378 1248 animum
1439 1194 1688 1248 anchora
1743 1193 1965 1248 consilii

273 1284 560 1350 stabilivit,
612 1286 859 1337 casulam
924 1299 1037 1353 qua
1086 1288 1205 1336 erat
1264 1283 1515 1351 indutus,
1582 1283 1963 1336 sacratissimo

272 1373 392 1441 ejus
432 1372 577 1425 collo
628 1372 876 1437 abstulit,
923 1372 1307 1441 eumdemque
1358 1372 1417 1424 in
1460 1373 1608 1424 latus
1653 1376 1964 1441 utrumque

270 1475 522 1525 versans,
558 1476 765 1513 cannas
806 1460 1155 1513 arundinum
1198 1458 1476 1525 ﬂuviales,
1516 1476 1644 1529 qua:
1694 1459 1797 1512 sub
1841 1459 1963 1529 ipso

273 1548 407 1602 olim
464 1549 663 1617 positae
721 1549 949 1602 fuerant
991 1552 1228 1617 propter
1279 1549 1581 1601 humorem
1630 1547 1963 1617 aquatilem,

272 1636 563 1702 subduxit,
597 1637 768 1708 idque
812 1636 928 1689 suis
978 1635 1276 1689 desideriis
1325 1636 1514 1689 minus
1554 1652 1673 1689 esse
1713 1652 1965 1705 perpen-

272 1725 428 1789 dens,
464 1724 573 1777 nisi
605 1724 777 1779 etiam
826 1740 894 1777 ex
933 1740 1169 1793 corpore
1210 1723 1463 1793 aliquam
1507 1724 1731 1777 tolleret
1778 1723 1959 1778 invio-

274 1814 521 1866 latorum
552 1813 881 1883 portionem
927 1812 1343 1877 membrorum,
1398 1811 1565 1865 vertit
1608 1812 1868 1878 audaces,
1904 1816 1965 1865 ut

272 1900 352 1952 ita
382 1900 586 1967 dicam,
620 1901 690 1954 ad
729 1900 967 1954 cadaver
1013 1900 1333 1953 venerabile
1378 1916 1604 1962 manus,
1630 1916 1964 1970 unguesque

274 1988 583 2057 spiritualis
614 1988 778 2042 vituli
822 2005 1034 2042 cornua
1083 1988 1453 2057 producentis
1498 1994 1552 2041 et
1602 1989 1845 2058 ungulas
1876 2006 1963 2041 se-

272 2077 405 2131 cuit.
443 2077 578 2141 Quaz
611 2082 739 2147 post
768 2077 987 2131 obitum
1031 2076 1185 2131 illius
1232 2082 1429 2130 contra
1460 2082 1723 2130 naturam
1756 2077 1837 2131 ita
1865 2092 1965 2131 ex-

273 2170 583 2231 creverant,
618 2171 683 2219 ut
709 2166 881 2220 etiam
924 2166 1175 2219 manicas
1211 2182 1485 2219 manuum
1520 2167 1643 2235 ejus
1675 2171 1964 2219 cremento

272 2269 373 2306 suo
402 2258 787 2324 penetrarent.
842 2255 1075 2307 Necnon
1121 2257 1175 2306 et
1226 2254 1462 2307 barbam
1504 2253 1808 2323 pontiﬁcis,
1860 2270 1964 2307 no-

274 2341 377 2393 stri
433 2341 647 2395 scilicet
692 2342 951 2407 Aaronis,
1000 2347 1127 2411 post
1179 2343 1531 2411 sepulturam
1576 2342 1730 2395 illius
1781 2358 1967 2396 recre-

274 2431 525 2479 scentem
555 2427 817 2481 totondit.

347 2517 474 2569 Hec
500 2531 630 2569 vero
664 2516 856 2569 omnia
900 2516 1008 2570 sibi
1055 2531 1280 2569 summo
1332 2515 1647 2569 devotionis
1691 2516 1967 2587 obsequio

270 2604 601 2668 recondens,
650 2620 753 2657 nec
791 2604 896 2658 sibi
955 2610 1147 2658 tamen
1188 2605 1417 2675 suisque
1466 2604 1759 2658 desideriis
1813 2605 1963 2659 sufﬁ-

272 2708 396 2745 cere
426 2692 685 2761 credens,
720 2693 789 2747 ad
838 2710 899 2745 os
931 2693 1377 2747 sacratissimum
1427 2710 1531 2763 per
1566 2694 1714 2763 quod
1758 2693 1967 2748 divinas

270 2780 469 2849 pietati
506 2781 718 2834 crebrm
764 2782 1091 2835 orationum
1144 2797 1339 2851 preces
1392 2782 1621 2835 fuerant
1678 2780 1840 2851 fusae,
1900 2798 1964 2835 ac

272 2868 441 2921 variis
495 2868 724 2939 populis
787 2868 1116 2939 frequentes
1193 2869 1630 2938 praedicationes
1713 2870 1964 2938 directae,

2072 486 2383 540 mentarios
2438 486 2719 552 adhibuit,
2759 485 2985 557 aliaque
3025 488 3317 557 perplura,
3367 503 3499 558 quae
3547 488 3629 542 ad
3685 486 3801 539 hoc

2070 591 2212 644 opus
2234 580 2366 645 apta
2392 575 2751 642 videbantur,
2774 575 3093 645 exquisivit.
3132 576 3354 647 Corpus
3374 592 3509 629 vero
3542 591 3804 630 venera-

2071 664 2184 717 bile
2215 681 2246 717 a
2279 664 2369 717 die
2400 663 2742 718 duodecimo
2775 665 3167 719 Kalendarum
3196 665 3531 720 Octobrium
3563 663 3805 735 quibus

2071 753 2353 806 elevatum
2380 757 2485 817 est,
2505 769 2685 822 usque
2707 752 2779 806 ad
2800 752 3086 807 decimum
3110 754 3498 808 Kalendarum
3526 755 3803 807 Novem-

2070 841 2260 895 brium
2291 842 2500 911 quibus
2545 841 2870 895 restitutum
2905 846 3009 907 est,
3050 858 3153 911 per
3201 842 3436 913 triginta
3475 842 3631 896 duos
3668 841 3805 895 dies

2072 947 2244 1000 supra
2269 936 2482 984 terram
2511 946 2743 984 manere
2776 929 3057 999 permisit,
3092 946 3156 983 ac
3187 930 3277 984 die
3303 931 3533 997 eodem,
3563 945 3804 999 magno

2072 1018 2229 1085 cleri,
2266 1018 2580 1088 populique
2610 1023 2890 1071 conventu
2929 1024 3297 1088 congregato,
3354 1018 3415 1071 in
3457 1020 3585 1072 loco
3630 1034 3802 1088 pra:-

2071 1112 2271 1177 parato
2302 1106 2664 1161 recollocavit
2695 1123 2707 1159 :
2733 1122 3051 1176 urnamque
3081 1107 3350 1176 sepulcri,
3375 1123 3490 1160 non
3518 1112 3583 1160 ut
3604 1114 3806 1159 antea

2072 1193 2259 1247 fuerat
2290 1194 2347 1246 in
2375 1192 2889 1263 profunditioribus
2920 1192 3131 1262 posuit,
3156 1194 3254 1247 sed
3277 1194 3334 1247 in
3360 1193 3808 1264 superioribus.

2072 1283 2151 1337 ita
2185 1287 2247 1335 ut
2299 1282 2739 1335 fundamentum
2793 1280 2946 1335 illius
2976 1281 3174 1348 videri,
3220 1288 3275 1335 et
3304 1283 3500 1335 lumen
3533 1282 3649 1334 sub
3692 1281 3802 1333 illo

2074 1370 2307 1425 accendi
2338 1374 2551 1439 posset,
2594 1369 2905 1436 collocavit,
2934 1376 3106 1439 atque
3150 1371 3209 1423 in
3254 1387 3319 1424 eo
3358 1371 3525 1425 illum
3568 1370 3805 1440 psalmi

2074 1460 2417 1513 versiculum
2449 1475 2461 1511 :
2498 1460 2619 1512 Haec
2659 1461 2870 1526 requies
2906 1474 3023 1512 mea
3067 1461 3124 1513 in
3156 1461 3405 1513 saeculum
3437 1461 3656 1523 saeculi,
3708 1460 3804 1511 hic

2078 1548 2352 1612 habitabo,
2409 1549 2665 1614 quoniam
2712 1547 2847 1613 elegi
2882 1562 3019 1607 eam,
3081 1548 3498 1617 suprascripsit.
3543 1549 3801 1600 L’tram-

2078 1652 2187 1707 que
2254 1652 2386 1689 vero
2475 1635 2853 1689 elevationem
2931 1636 3191 1690 videlicet
3275 1638 3531 1706 corporis
3604 1642 3801 1705 atque

2075 1724 2517 1784 restitutionem,
2551 1724 2835 1777 celebrem
2863 1740 2981 1777 esse
3013 1724 3162 1788 fecit,
3194 1725 3309 1776 suis
3340 1725 3514 1777 etiam
3547 1740 3798 1778 succes-

2074 1813 2297 1867 soribus
2339 1811 2741 1865 honorabilem
2784 1811 2843 1864 in
2889 1818 3169 1880 perpetuo
3210 1812 3329 1865 fore
3366 1813 3571 1865 sanxit.
3603 1812 3795 1877 Quod

2073 1901 2345 1953 hactenus
2385 1915 2490 1952 nos
2517 1898 2879 1952 devotissime
2918 1898 3198 1952 hodierna
3242 1900 3578 1953 celebritate
3636 1900 3795 1952 coii-

2077 2004 2221 2055 mus,
2252 2004 2315 2041 ac
2350 1992 2573 2041 nostros
2596 1992 2659 2041 ut
2679 2003 2744 2040 ea
2768 1994 2993 2040 maneat
3016 2004 3151 2039 cura
3168 1993 3427 2057 posteros
3444 2004 3793 2042 monemus.

2146 2078 2272 2129 Haec
2311 2091 2414 2128 nos
2440 2091 2569 2129 cum
2593 2092 2624 2127 a
2658 2074 2918 2128 Patribus
2950 2075 3048 2145 qui
3080 2076 3166 2128 his
3198 2076 3534 2143 interfuere,
3582 2081 3639 2129 et
3676 2078 3793 2131 ad—

2072 2165 2185 2217 huc
2215 2162 2507 2217 numerosi
2538 2168 2863 2232 supersunt,
2889 2164 3265 2226 audissemus,
3319 2164 3611 2233 frequenti
3650 2181 3793 2218 ser-

2074 2267 2245 2305 mone
2294 2251 2677 2316 narranlibus,
2728 2250 2954 2304 silentio
2999 2268 3365 2322 nequaquam
3417 2253 3788 2306 infructuose

2073 2345 2265 2409 tegere
2298 2339 2562 2409 permissi
2588 2355 2784 2392 sumus
2820 2356 2831 2392 :
2866 2340 2963 2393 sed
2999 2341 3062 2392 ad
3108 2340 3334 2393 laudem
3381 2340 3590 2394 Christi
3622 2358 3789 2411 pon—

2073 2428 2356 2498 tiﬁcisque
2390 2427 2586 2497 ipsius,
2631 2428 2767 2481 licet
2804 2428 2901 2481 vili
2945 2428 3178 2493 dictatu,
3230 2430 3473 2499 posteris
3505 2428 3786 2481 transmi-

2074 2517 2268 2571 simus.
2299 2516 2527 2570 Talibus
2558 2520 2611 2569 et
2640 2516 2814 2570 tantis
2848 2533 3027 2587 usque
3069 2518 3129 2570 in
3155 2534 3409 2587 praesens
3438 2518 3783 2580 virtutibus,

2075 2607 2196 2675 ejus
2242 2604 2600 2659 celebrabilis
2648 2606 2967 2658 honoratur
2998 2612 3271 2659 tumulus.
3312 2607 3385 2660 De
3436 2606 3783 2659 sanitatibus

2076 2709 2208 2745 vero
2240 2694 2298 2747 in
2330 2693 2563 2746 basilica
2610 2695 2753 2763 ejus,
2789 2710 2903 2764 qua
2945 2693 3269 2764 requiescit,
3303 2694 3483 2763 ipsius
3524 2694 3785 2747 interve-

2076 2782 2363 2835 nientibus
2396 2782 2613 2835 meritis
2645 2783 2901 2851 patratis,
2951 2784 3142 2853 aliqua
3182 2783 3272 2836 hic
3316 2798 3782 2836 commemorare

2075 2870 2496 2940 supersedimus
2531 2887 2542 2923 :
2592 2871 2867 2940 quoniam
2915 2870 2984 2924 de
3025 2871 3113 2924 his
3151 2870 3284 2924 satis
3325 2871 3383 2924 in
3418 2871 3612 2925 libello
3645 2871 3779 2924 vita:

274 2974 442 3010 ausus
472 2960 557 3011 est
584 2973 820 3010 manum
852 2958 1017 3010 mitte
1032 2973 1116 3025 re,
1149 2962 1321 3027 atque
1352 2956 1399 3009 si
1432 2958 1683 3028 aliquem
1726 2959 1793 3012 de
1826 2958 1963 3011 den-
2005 2982 2044 3036 ρ
2077 2959 2229 3012 illius
2261 2975 2520 3028 expressa
2560 2958 2977 3027 cognoscimus.
3029 2958 3320 3028 Siquidem
3371 2959 3442 3012 ad
3494 2961 3615 3030 ejus
3658 2974 3778 3011 me-

273 3046 423 3099 tibus
456 3046 612 3099 illius
660 3050 852 3114 posset
899 3045 1165 3112 eximere,
1211 3045 1428 3099 studuit
1469 3051 1813 3115 pertentare.
1856 3047 1967 3100 Sed

274 3138 483 3187 etcum
515 3133 623 3186 hoc
652 3149 754 3202 pro
792 3134 1125 3187 eorumdem
1164 3132 1435 3187 ﬁrmitate
1460 3134 1759 3204 nequieret
1791 3135 1967 3205 perﬁ-

274 3235 422 3285 cere,
480 3220 670 3274 fabrili
722 3220 1125 3288 instrumeuto,
1196 3221 1379 3274 tenaci
1441 3222 1701 3276 videlicet
1752 3222 1967 3293 forcipe

274 3324 431 3375 usus,
463 3309 533 3363 de
560 3308 805 3380 gingivis
831 3309 1200 3379 pulcherrimi
1222 3309 1337 3362 oris
1362 3309 1507 3363 duos
1529 3311 1730 3364 dentes
1754 3312 1966 3375 eduxit,

274 3395 593 3450 rubicundo
643 3398 837 3466 ebore,
883 3402 945 3451 ut
985 3399 1141 3452 credi
1202 3398 1380 3465 decet,
1432 3415 1494 3451 ac
1550 3399 1786 3470 antiquo
1834 3416 1966 3470 sap-

276 3484 442 3555 phiro
507 3486 892 3555 pretiosiores.
952 3486 1155 3541 Mirum
1215 3486 1367 3540 dictu
1427 3487 1657 3541 ﬁdelem
1708 3504 1969 3558 quaerens

277 3571 619 3641 auditorem,
653 3576 807 3645 quod
841 3581 1039 3629 contra
1084 3580 1351 3630 naturam
1382 3574 1497 3629 est!
1548 3576 1758 3630 mortui
1796 3577 1966 3630 cada-

276 3659 423 3712 veris
471 3661 541 3715 de
588 3662 854 3716 dentibus
902 3663 1117 3716 eductis
1174 3664 1337 3717 stillae
1393 3664 1684 3717 tluxerunt
1729 3666 1966 3729 cruoris,

276 3746 561 3818 hujusque
582 3751 945 3805 monumenti
969 3768 1147 3822 usque
1170 3751 1228 3805 in
1250 3752 1401 3806 diem
1433 3752 1773 3807 hodiernum
1810 3754 1970 3808 testi-

278 3837 539 3891 monium
588 3854 781 3893 acerra
830 3840 1049 3909 praebet
1094 3840 1323 3905 eborea,
1373 3841 1559 3895 adhuc
1615 3842 1817 3896 eodem
1859 3858 1971 3912 quo

279 3922 469 3977 infusa
508 3924 694 3979 fuerat
732 3927 1032 3997 sanguine,
1071 3944 1199 3981 cum
1239 3928 1319 3981 ibi
1352 3928 1616 3982 servandi
1668 3929 1971 3983 mitteren-

278 4015 391 4080 tur,
426 4012 685 4068 mirabile
711 4014 891 4068 dictul
927 4019 1242 4082 cruentata,
1276 4021 1378 4070 etc.

350 4101 535 4171 Igitur
559 4102 775 4156 ablatas
804 4103 873 4156 de
913 4120 1148 4173 corpore
1198 4104 1304 4157 viri
1353 4104 1448 4159 Dei
1482 4105 1726 4160 Amandi
1770 4122 1969 4177 supra-

284 4194 628 4243 memoratas
693 4191 966 4261 reliquias
1023 4208 1274 4263 congruo
1323 4194 1448 4247 loco
1509 4194 1698 4249 debito
1754 4196 1971 4250 honore

354 4324 375 4383 ξ
412 4312 568 4366 Hanc
614 4311 909 4367 historiam
955 4314 1127 4383 paulo
1185 4315 1350 4368 aliter
1397 4316 1667 4372 describit
1704 4319 1975 4374 Alcuinus
2015 4302 2056 4354 Ῑ)

284 4381 699 4465 epigrammate
736 4384 821 4465 Eii,
857 4381 1159 4465 postquam
1196 4385 1256 4437 in
1292 4386 1480 4465 tribus
1518 4390 1974 4465 praecedentibus

284 4453 353 4507 de
381 4453 615 4508 basilica
640 4454 694 4508 S.
731 4453 973 4508 Amandi
998 4461 1054 4508 et
1084 4456 1432 4509 monasterio
1465 4453 1565 4524 per
1596 4459 1975 4514 Giselbertum

284 4526 592 4584 praesulem
622 4526 921 4584 restitutis,
967 4526 1035 4579 de
1066 4526 1302 4579 ecclesia
1341 4527 1394 4580 S.
1448 4528 1635 4581 Mariae
1681 4534 1738 4582 et
1780 4530 1849 4583 de
1878 4536 1967 4584 tu-

283 4540 592 4592 praesuiem
622 4540 921 4590 resutuns,
967 4540 1035 4579 ae
1066 4540 1302 4579 ecctesm
1341 4540 1394 4580 δ.
1448 4540 1635 4581 manas
1681 4540 1738 4582 et
1780 4540 1849 4583 de
1878 4540 1967 4584 tu-

283 4595 439 4649 mulo
458 4595 513 4651 S.
545 4595 790 4651 Amandi
816 4596 951 4666 egit.
984 4596 1071 4651 Sic
1094 4596 1247 4650 canit
1276 4597 1691 4667 epigrammata
1720 4601 1786 4653 54
1820 4616 1832 4654 :

407 4691 542 4756 Dum
569 4704 719 4740 saera
745 4691 1021 4753 praesentis
1056 4691 1292 4756 pervadit
1319 4692 1503 4756 limina
1532 4693 1711 4756 templi

408 4753 627 4817 _S_eepius_
638 4766 947 4817 accrescens
972 4753 1275 4817 cumulatur
1304 4755 1508 4817 gurgite
1543 4753 1758 4806 ﬂumen.

408 4814 521 4879 Non
554 4814 945 4879 tulitArnonus
974 4815 1161 4864 foedari
1192 4814 1388 4879 templa
1409 4814 1675 4879 sacerdos.

407 4877 645 4942 iusserat
673 4877 724 4942 ip
762 4877 952 4925 melius
980 4877 1367 4942 renovarirhmc
1394 4878 1573 4942 omnia
1600 4880 1813 4942 praesul,

409 4937 583 5001 μεῑὶοτ
608 4942 667 4986 ut
690 4938 836 4987 ﬂeret
864 4944 1046 5001 crypta
1075 4944 1129 4988 et
1161 4940 1436 4989 sublimior
1455 4941 1573 4999 ista,

409 4953 583 4986 nauor
608 4953 667 4986 ut
690 4953 836 4987 neret
864 4953 919 4987 cr
959 4953 1046 5001 pta
1075 4953 1129 4988 et
1161 4953 1436 4989 sublimior
1455 4953 1573 4999 ista,

408 4999 722 5065 _S_upp_onens
745 5001 894 5049 tectis
922 4953 1156 5065 ﬁrmatos
1186 5005 1264 5049 ter
1285 5001 1477 5065 quater
1503 5016 1672 5065 arcus,

406 5061 659 5123 Mysticus
684 5065 743 5110 ut
771 5065 935 5109 totam
959 5062 1190 5111 ﬁrmaret
1218 5061 1452 5112 ealculus
1478 5061 1669 5112 aulam.

409 5122 633 5172 Parvula
655 5122 906 5185 prteeelso
935 5137 1252 5173 consecrans
1276 5130 1411 5174 tecta
1443 5126 1684 5176 ministro

407 5184 793 5248 Michaeli’cmli
826 5184 1013 5248 Christi
1043 5187 1130 5248 qui
1161 5186 1358 5235 assistit
1381 5188 1434 5235 in
1462 5202 1600 5245 arce,

408 5246 577 5320 atque
604 5259 783 5317 preces
809 5246 963 5320 effert
991 5246 1459 5320 s‘auctor‘rmRege
1490 5250 1751 5320 polorum.

409 5260 577 5356 Atqtllle
604 5260 783 5317 preces
812 5260 963 5295 onert
991 5260 1292 5318 sanctorrm
1322 5260 1459 5311 uege
1490 5260 1617 5320 palo

409 5308 503 5372 [pot
543 5321 687 5372 anus
710 5312 887 5357 custos
906 5308 1038 5372 feeit,
1056 5309 1345 5372 mandante
1367 5318 1617 5372 magistro

409 5368 703 5436 §emperin
735 5374 992 5417 aeternum
1015 5370 1252 5436 Christus
1274 5368 1548 5420 conservet
1578 5378 1846 5436 utrosque.

411 5429 511 5496 Qpi
533 5429 661 5496 legit
684 5430 780 5496 hos
810 5444 997 5496 versus
1022 5432 1161 5479 dicat
1185 5446 1330 5496 rogo;
1344 5438 1552 5496 pectore
1586 5449 1718 5496 puro

409 5490 632 5540 Alcuino
664 5490 872 5539 veniam
898 5492 1153 5541 scelerum
1184 5490 1274 5553 da,
1305 5490 1525 5554 Christe,
1558 5490 1849 5556 precamur.

290 5576 428 5633 item
469 5579 883 5649 epigrammate
914 5581 999 5645 64,
1052 5581 1305 5635 Amonus
1336 5582 1393 5636 S.
1444 5583 1693 5636 Amandi
1738 5584 1975 5637 tumbam

2076 3048 2317 3100 moriam
2362 3046 2579 3100 caecitas
2623 3046 2828 3109 visum,
2878 3046 3126 3099 surditas
3176 3047 3457 3113 auditum,
3509 3047 3777 3100 debilitas

2077 3150 2358 3205 gressum,
2391 3140 2445 3187 et
2476 3133 2834 3187 taciturnitas
2861 3134 3067 3204 linguae
3100 3134 3301 3203 recipit
3331 3134 3606 3188 ofﬁcium.
3650 3137 3777 3188 Haec

2079 3239 2282 3293 nempe
2351 3223 2515 3293 quasi
2578 3222 2907 3276 communia
2964 3227 3285 3276 sanctorum
3354 3223 3505 3276 dona
3560 3223 3771 3276 referre

2078 3311 2416 3376 omittimus,
2447 3311 2581 3380 quia
2612 3311 2681 3364 ad
2712 3310 2905 3379 ignem
2936 3311 2995 3363 in
3025 3311 3149 3381 ejus
3178 3312 3457 3365 memoria
3499 3311 3774 3364 divinitus

2079 3415 2373 3453 accensum
2416 3399 2592 3469 stylus
2640 3398 2872 3451 festinat
2918 3399 3177 3463 stolidus,
3229 3398 3321 3451 cui
3374 3398 3552 3452 hebes
3595 3414 3771 3467 prona

2079 3488 2381 3543 devotione
2412 3486 2699 3541 concurrit
2728 3486 2955 3540 animus
2980 3498 3022 3538 ³.

2090 3633 2159 3684 De
2186 3632 2309 3698 igne
2337 3631 2535 3684 caelesti
2568 3632 2626 3682 in
2653 3630 2911 3683 memoria
2960 3629 3101 3681 beati
3139 3628 3387 3682 Amandi
3421 3628 3617 3682 divina
3662 3630 3769 3681 vir-

2569 3705 2679 3754 tute
2703 3701 3033 3754 mirabiliter
3063 3714 3300 3753 accenso.

2155 3840 2408 3911 Denique
2424 3856 2571 3894 anno
2583 3840 2653 3893 ab
2667 3840 3054 3893 incarnatione
3069 3839 3293 3893 Domini
3306 3839 3772 3925 octingentesimo

2081 3929 2561 4002 quinquagesimo
2614 3929 2838 4000 quinto,
2886 3946 2917 3981 a
2966 3928 3209 3981 transitu
3266 3944 3399 3981 vero
3458 3928 3771 3982 beatissimi

2082 4018 2322 4072 Amandi
2344 4017 2653 4071 centesimo
2672 4017 3045 4087 nonagesimo
3069 4016 3268 4087 quinto
3292 4022 3464 4086 atque
3496 4017 3566 4069 ab
3599 4018 3772 4070 eleva-

2083 4108 2239 4162 tione
2261 4105 2516 4175 corporis
2538 4104 2717 4174 ipsius
2740 4104 3184 4175 quadragesimo
3206 4105 3474 4173 septimo,
3499 4104 3591 4158 die
3616 4105 3773 4174 vige-

2083 4195 2227 4248 simo
2262 4192 2475 4247 mensis
2497 4193 2865 4263 Septembris,
2890 4192 3191 4246 celebritas
3212 4192 3607 4245 anniversaria
3630 4208 3772 4262 saepe

2081 4331 2363 4371 renovasse
2402 4315 2626 4369 dicitur.
2679 4317 2742 4368 Et
2782 4314 3061 4385 epigram.
3103 4317 3228 4381 2‘28,
3269 4318 3540 4369 Arnouus
3580 4318 3774 4383 praesul

2079 4391 2347 4457 jacentem
2392 4386 2683 4439 basilicam
2734 4401 3035 4457 renovasse
3085 4392 3133 4438 et
3172 4388 3360 4457 melius
3390 4391 3771 4457 construxisse,

2087 4465 2260 4528 atque
2305 4457 2705 4528 inhonorem,
2749 4456 2804 4511 S.
2834 4457 3138 4528 Michaelis,
3191 4456 3243 4510 S.
3308 4456 3459 4509 Petri
3508 4462 3681 4527 atque
3729 4458 3774 4511 S.

2087 4526 2330 4581 Amandi
2360 4526 2648 4580 dedicasse
2684 4527 2882 4582 fertur.
2930 4526 3289 4596 voluisseque
3318 4533 3379 4579 ut
3408 4526 3656 4581 sanctum
3689 4530 3778 4581 Po-

2088 4600 2401 4668 lyandrum,
2472 4598 2581 4651 hoc
2642 4602 2731 4668 est
2804 4597 3215 4661 coemeterium,
3274 4598 3553 4662 fratribus
3622 4604 3769 4651 esset.

2088 4667 2146 4723 lin
2196 4668 2310 4722 ﬁne
2339 4668 2516 4737 ipsius
2562 4667 2993 4737 epigrammatis
3018 4668 3290 4720 Alcuinus
3318 4670 3570 4736 seipsum
3604 4670 3775 4722 lecto-

2090 4756 2215 4793 rum
2246 4738 2507 4808 precibus
2546 4739 2926 4791 commendat.
2959 4740 3019 4790 lu
3047 4738 3170 4790 istis
3201 4738 3551 4791 carminibus
3587 4740 3773 4792 obser-

2089 4811 2270 4863 vanda
2311 4815 2443 4861 sunt
2480 4810 2759 4877 quaedam.
2816 4809 3083 4861 Alcuinus
3130 4809 3191 4860 in
3242 4809 3522 4862 Chronico
3566 4811 3771 4862 Turon.

2087 4880 2326 4950 aliisque
2374 4895 2525 4932 anno
2575 4880 2678 4932 804
2716 4878 2924 4932 obiisse
2968 4878 3192 4932 dicitur.
3254 4879 3360 4941 Qui
3410 4880 3591 4947 igitur
3640 4881 3776 4933 hanc

2085 4949 2330 5004 Amandi
2385 4950 2762 5003 elevationem
2807 4950 3009 5019 quinto
3062 4955 3190 5017 post
3240 4965 3390 5002 anno
3440 4950 3648 5003 factam
3698 4968 3775 5003 ce-

2087 5021 2289 5074 cinisse
2342 5019 2566 5089 patuit?
2608 5018 2839 5073 Deinde,
2877 5036 2949 5072 an
3003 5018 3350 5074 Gislebertus
3388 5019 3449 5072 in
3495 5021 3681 5090 epigr.
3715 5026 3767 5073 Sil

2088 5098 2435 5144 memoratus
2468 5090 2620 5144 idem
2654 5096 2737 5142 est
2765 5106 2893 5143 cum
2928 5093 3177 5156 Arnono,
3208 5095 3263 5142 et
3301 5090 3431 5160 quis
3475 5091 3573 5144 ille
3604 5097 3773 5144 Arno-

2089 5160 2237 5215 nus?
2282 5164 2443 5215 Certe
2494 5160 2860 5226 Gislebertus,
2904 5177 2969 5213 ex
3000 5160 3201 5214 abbate
3235 5161 3546 5214 Elnoueusi
3578 5162 3772 5215 Novio-

2087 5232 2371 5301 magensis
2401 5232 2719 5301 episcopus,
2765 5246 2916 5284 anno
2948 5233 3050 5285 782
3098 5231 3257 5296 obiit,
3312 5232 3549 5285 Elmoue
3594 5234 3773 5301 sepul-

2085 5308 2174 5356 tus
2208 5319 2219 5355 :
2253 5304 2415 5370 cujus
2455 5301 2812 5371 epitaphium
2854 5302 3023 5355 citato
3065 5302 3187 5355 loco
3240 5301 3513 5355 Alcuinus
3555 5318 3774 5371 compo-

2086 5374 2215 5426 suit.
2262 5373 2465 5425 Versus
2504 5372 2673 5426 modo
2723 5374 2931 5425 relatos
2963 5372 3178 5425 Arnoni
3230 5372 3486 5442 episcopi
3530 5374 3772 5426 ecclesiae

2086 5442 2484 5513 Salzburgensi
2542 5443 2744 5496 tribuit
2840 5443 2977 5495 Vitae
3024 5443 3101 5513 VS.
3178 5442 3454 5495 Rudberti
3540 5446 3773 5513 scriptor

2084 5520 2241 5566 torno
2276 5512 2339 5565 VI
2384 5512 2576 5582 Antiq.
2632 5513 2776 5565 Lect.
2824 5512 3035 5567 Canisii
3072 5529 3084 5565 :
3145 5517 3200 5564 at
3240 5513 3433 5582 potius
3470 5512 3771 5568 Elnonensi

2085 5585 2431 5637 monasterio
2462 5583 2769 5637 convenire
2802 5583 3165 5637 manifestum
3200 5588 3303 5635 est.
