3868 6228
24 322 133 369 ssi

1172 322 1401 378 SEBMO
1447 322 1535 375 DE
1577 321 1775 376 ELEV.
1812 319 2012 376 CORP.
2058 323 2112 375 S.
2147 323 2436 377 AMANDI.

3472 326 3575 375 982

26 452 237 509 dictae
270 456 600 511 elevationis
628 457 783 511 illius
813 457 1174 523 imminebat,
1207 474 1333 528 quae
1366 459 1557 511 minus
1596 457 1768 527 digno
1808 455 1855 508 A
1886 457 2106 511 coalitus
2137 458 2284 528 ignis
2315 460 2557 512 candore
2599 458 2811 529 reperit
2846 457 3181 511 radiantem.
3215 458 3393 521 Quem
3438 461 3573 511 dum

32 543 393 598 devotionis
425 546 611 600 studio
644 546 913 599 solemnis
961 546 1232 599 exstabat.
1285 546 1578 616 Siquidem
1628 562 1771 614 quo-

32 632 309 687 tidianis
358 634 560 687 diebus
606 639 878 687 consueto
926 638 1191 687 contenta
1240 634 1427 688 ofﬁcio
1474 634 1634 687 nullo
1688 634 1771 686 fe-

30 718 193 772 riati
249 721 602 774 honorabilis
635 727 757 775 erat
800 721 1075 791 obsequio
1110 738 1122 774 :
1155 737 1329 790 quam
1361 721 1773 791 negligentiam

35 807 268 861 divino
322 815 637 862 correctam
676 809 941 879 prodigio
991 810 1254 877 sequenti
1300 810 1657 863 manifestius
1706 809 1770 862 li-

40 896 275 964 quebit
309 898 557 967 eloquio.
592 900 712 951 Non
746 898 923 961 enim,
957 901 1017 949 ut
1043 897 1255 967 aliquid
1286 898 1457 951 etiam
1502 899 1556 951 in
1592 904 1771 950 trans-

38 1000 243 1038 cursu
289 986 574 1051 dicamus,
618 986 718 1039 Dei
752 984 1165 1054 omnipotentis
1212 986 1484 1039 miracula
1529 986 1641 1039 sive
1674 1003 1775 1055 per

40 1073 287 1141 ipsum,
320 1075 436 1127 sive
466 1090 571 1145 per
603 1074 893 1127 ministros
924 1090 1055 1127 suos
1086 1079 1229 1140 acta,
1265 1078 1490 1128 tantum
1523 1074 1592 1127 ad
1623 1079 1772 1128 stre-

42 1162 264 1229 pitum
333 1168 388 1215 et
447 1164 711 1231 plausum
764 1162 1129 1232 favoremque
1195 1163 1351 1231 vulgi
1410 1164 1770 1216 excitandum

44 1250 367 1303 credimus
426 1256 679 1321 patrata;
741 1252 832 1303 sed
916 1250 985 1303 ad
1044 1248 1216 1303 ﬁdem
1290 1253 1770 1305 corroborandam

46 1340 439 1393 credentium
492 1340 1020 1409 correctionemque
1083 1339 1407 1393 animarum
1454 1341 1773 1394 errantium

44 1428 328 1481 cmlestia
355 1427 663 1498 terrigenis
708 1427 1013 1480 monstrari
1065 1442 1240 1495 opera
1278 1432 1544 1482 tenemus
1573 1429 1769 1482 certis-

48 1516 284 1569 simum
322 1532 335 1569 :
372 1523 433 1569 ut
465 1517 601 1586 quia
632 1515 980 1587 quotidianis
1013 1520 1432 1586 praeceptorum
1476 1533 1768 1570 sacrorum

46 1604 567 1657 admonitionibus
600 1621 712 1657 non
761 1604 1153 1667 emendamur,
1204 1605 1485 1673 portentis
1535 1605 1769 1674 quibus-

48 1692 204 1746 dam
237 1694 403 1764 quasi
436 1693 861 1747 stimulatorum
896 1694 1106 1747 aculeis
1134 1694 1511 1763 corrigamur.
1542 1696 1607 1749 Et
1637 1695 1771 1765 quia

1886 547 1955 599 ab
1992 546 2116 599 aliis
2158 547 2403 600 aestimat
2449 536 2857 612 illuminatum,
2910 546 3110 599 iterato
3161 546 3339 599 credit
3378 546 3579 599 exstin-

1886 635 2198 703 guendum.
2249 635 2337 689 Sic
2374 652 2406 688 a
2437 636 2672 706 singulis
2703 635 2948 687 vicissim
2999 635 3429 688 succedentibus
3461 641 3572 688 ter-

1884 722 1963 776 tio
2014 722 2348 788 exstinctus,
2389 724 2557 776 tertio
2608 722 2983 775 nihilominus
3040 723 3305 791 apparuit
3359 722 3569 776 caelesti

1882 811 2018 877 igne
2068 827 2363 865 coruscus.
2407 810 2524 873 Qua
2558 811 2626 863 de
2682 826 2738 863 re
2788 826 2900 879 quo
2956 817 3249 879 supererat
3278 810 3335 862 in
3392 827 3570 864 unum

1885 898 2309 963 convenientes,
2342 915 2406 952 ac
2445 898 2656 968 singuli
2688 913 2745 950 se
2777 898 3042 950 eumdem
3075 898 3402 950 exstinxisse
3453 914 3573 951 me-

1884 992 2192 1053 morantes,
2236 992 2292 1041 et
2327 987 2427 1057 qui
2460 988 2649 1057 ipsum
2704 985 3091 1038 reaccenderit
3147 986 3570 1055 conquirentes,

1882 1076 1961 1129 ita
2001 1076 2269 1129 eumdem
2316 1076 2505 1129 denuo
2564 1074 3044 1143 exstinguendum
3095 1079 3450 1143 putaverunt,
3513 1080 3574 1127 ut

1883 1165 2056 1217 etiam
2105 1164 2409 1216 carbonem
2443 1164 2539 1234 qui
2572 1179 2635 1215 ex
2675 1163 2771 1216 filo
2820 1168 3171 1215 remanserat
3203 1163 3572 1215 emnnctoriis

1884 1252 2075 1323 digitis
2135 1254 2474 1317 adimerent,
2528 1251 2770 1319 probare
2831 1252 3082 1303 volentes
3134 1254 3325 1301 utrum
3380 1264 3573 1302 rursus

1881 1342 2123 1410 repetito
2163 1340 2398 1414 luminis
2445 1340 2687 1392 candore
2740 1338 3017 1392 radiatilis
3068 1344 3388 1407 appareret.
3433 1339 3571 1391 Nec-

1881 1430 2017 1483 dum
2048 1429 2259 1499 quippe
2291 1444 2411 1482 rem
2432 1428 2577 1481 tanti
2602 1427 2861 1480 miraculi
2885 1426 3130 1495 pleniter
3154 1426 3569 1495 agnoscebant:

1880 1518 2190 1587 quamdam
2230 1522 2421 1569 tamen
2472 1515 2662 1568 animo
2713 1514 3154 1567 sollicitudinem
3190 1514 3257 1567 de
3283 1515 3392 1567 hoc
3426 1515 3572 1567 facto

1876 1607 1994 1675 jam
2052 1605 2395 1658 omnimodis
2447 1604 2764 1673 capiebant.
2803 1603 2926 1666 Qua
2980 1603 3045 1656 de
3101 1620 3160 1656 re
3212 1604 3345 1656 dum
3381 1604 3570 1672 ipsum

1883 1710 2109 1747 cereum
2137 1697 2340 1763 quarto
2376 1707 2737 1745 reaccensum
2772 1690 3186 1760 conspicerent,
3246 1690 3567 1760 stupefacti,

51 1796 234 1834 more
266 1797 618 1851 generorum
648 1780 750 1833 Lot
788 1780 1073 1845 obdurati,
1106 1784 1171 1833 ut
1201 1781 1474 1849 periturae
1506 1781 1769 1835 Sodomaa
1808 1792 1850 1847 Β
1882 1782 1997 1837 imo
2051 1780 2360 1851 perterriti,
2418 1780 2571 1851 quod
2630 1778 2791 1850 quasi
2825 1778 3156 1847 temerario,
3183 1784 3247 1831 ut
3301 1778 3381 1832 ita
3410 1778 3573 1832 dixe-

53 1874 231 1938 terga
250 1869 526 1939 fugiendo
538 1868 917 1938 praebeamus,
940 1873 1108 1937 atque
1132 1868 1197 1919 ad
1215 1873 1471 1922 montem
1493 1869 1769 1922 virtutum

52 1957 451 2009 ascendamus
482 1957 717 2010 obedire
744 1957 1043 2022 nolumus;
1072 1956 1137 2009 tit
1160 1960 1224 2008 ut
1254 1956 1420 2010 nobis
1443 1974 1770 2011 sermonem

56 2044 329 2097 divinum
353 2046 455 2114 qui
488 2061 590 2113 per
620 2045 719 2097 Lot
740 2044 1044 2113 ﬁguratur,
1075 2043 1238 2113 quasi
1262 2060 1363 2114 per
1393 2046 1589 2099 ludum
1615 2046 1771 2116 loqui

57 2134 387 2197 Videamus,
439 2132 830 2202 terribiliaque
859 2137 1146 2204 praecepta
1192 2140 1433 2187 mortem
1466 2151 1528 2187 ac
1577 2135 1771 2205 perdi-

57 2223 286 2275 tionem
340 2221 624 2275 minantia
653 2221 816 2290 juxta
857 2222 1201 2291 prophetam
1244 2222 1306 2275 in
1340 2223 1624 2275 canticum
1657 2222 1770 2275 oris

64 2311 253 2362 nostri
286 2316 597 2363 vertamus.

142 2398 294 2460 Quid
324 2398 522 2467 itaque
571 2396 681 2449 isto
725 2396 795 2450 de
838 2412 950 2467 quo
998 2397 1155 2467 loqui
1199 2397 1537 2468 incmpimus
1582 2398 1766 2468 signo,

65 2486 220 2554 ignis
252 2485 521 2539 videlicet
549 2484 729 2538 divini
766 2485 1099 2539 accensione
1130 2501 1236 2539 nos
1287 2486 1610 2539 admonitos
1658 2504 1769 2557 pu-

65 2578 192 2628 tare
225 2575 525 2639 debemus,
558 2573 669 2627 nisi
700 2578 761 2626 ut
802 2572 1095 2627 ﬂammam
1144 2575 1388 2645 gemina:
1432 2575 1770 2643 dilectionis,

68 2664 171 2718 Dei
204 2664 470 2717 videlicet
505 2669 562 2716 et
606 2662 874 2733 proximi,
930 2663 990 2715 iu
1024 2664 1235 2716 nostris
1279 2664 1543 2717 cordibus
1579 2680 1773 2719 accen-

64 2750 290 2815 damus,
326 2766 441 2820 qua
486 2750 545 2802 in
596 2755 898 2819 conspectu
931 2766 1170 2804 summae
1216 2751 1529 2820 majestatis
1586 2753 1770 2807 lucere

74 2840 379 2901 \aieamus,
418 2839 803 2909 vitiorumque
849 2839 1171 2909 rubiginem
1206 2840 1274 2893 de
1314 2840 1531 2893 actibus
1562 2842 1772 2894 nostris

74 2927 280 2981 ardore
307 2927 469 2981 illius
491 2927 661 2997 ignis,
699 2942 868 2997 quem
903 2928 1178 2979 Dominus
1214 2932 1404 2979 noster
1437 2927 1492 2978 iu
1536 2932 1766 2987 terram,

70 3017 178 3069 hoc
208 3022 297 3070 est
324 3021 561 3069 terrena
590 3015 762 3069 corda
792 3014 966 3081 misit,
1002 3016 1067 3067 ad
1105 3031 1312 3084 purum
1347 3030 1765 3084 expurgemus;

74 3112 135 3156 ut
160 3104 400 3173 depulsa
444 3103 687 3173 plumbi,
721 3103 773 3155 id
810 3106 892 3155 est
922 3102 1239 3172 iniquitatis
1274 3109 1329 3156 et
1363 3103 1575 3172 peccati
1608 3120 1636 3154 a
1665 3119 1769 3155 no-

71 3192 156 3247 bis
193 3193 533 3262 gravedine,
560 3192 628 3244 ad
662 3192 886 3245 cceleste
916 3191 1181 3244 diadema
1204 3191 1384 3244 nostri
1408 3192 1579 3260 Regis
1606 3192 1769 3260 quasi

78 3296 278 3333 aurum
309 3279 689 3349 purissimum
713 3296 820 3332 nos
853 3281 1285 3349 praeparemus?
1316 3279 1424 3333 Sed
1470 3279 1539 3332 de
1569 3279 1655 3332 his
1685 3296 1769 3333 sa-

70 3370 161 3435 tis,
222 3368 490 3439 quamvis
551 3373 901 3438 praepostero
960 3369 1161 3421 ordine
1236 3369 1470 3421 dicenda
1532 3368 1766 3436 fuerint,

72 3457 530 3527 praeoccupando
564 3456 851 3510 diximus:
887 3472 1037 3511 nunc
1060 3457 1126 3510 ad
1164 3457 1342 3526 ipsius
1372 3457 1517 3527 signi
1543 3458 1764 3526 magni-

70 3547 331 3599 tudinem
383 3546 597 3615 linguaa
650 3547 864 3616 plectro
928 3551 985 3597 et
1042 3547 1259 3599 calamo
1318 3547 1562 3600 scribere
1618 3562 1767 3601 acce-

73 3635 292 3688 damus.

138 3724 241 3776 Die
266 3722 446 3792 igitur
467 3722 567 3792 qui
592 3721 712 3791 jam
746 3721 955 3775 dictam
988 3722 1363 3775 elevationem
1396 3722 1597 3776 ordine
1619 3728 1763 3776 tem-

72 3813 219 3881 poris
254 3810 637 3881 prmcedebat,
669 3810 977 3863 terminata
1006 3811 1203 3880 synaxi
1249 3811 1583 3880 vespertinas
1618 3812 1763 3865 cele—

70 3901 311 3965 britatis,
351 3916 465 3953 non
492 3900 571 3953 ita
603 3900 794 3970 pleno,
830 3905 891 3952 ut
918 3899 1157 3970 dignum
1190 3904 1332 3965 erat,
1367 3904 1645 3969 apparatu
1673 3900 1765 3953 lu-

77 3988 264 4052 minis,
296 4004 487 4057 neque
530 3988 705 4041 etiam
735 3987 933 4041 festivo
965 3992 1246 4040 conventu
1292 3991 1352 4039 ut
1387 3987 1608 4041 dicebat
1638 3992 1765 4039 tur-

78 4077 155 4131 bae
189 4077 511 4147 pOpularis,
546 4076 797 4129 solvebat
818 4076 898 4129 sol
926 4077 1043 4145 jam
1072 4092 1104 4128 a
1125 4091 1294 4129 curru
1317 4076 1585 4129 flammeo
1616 4076 1764 4146 igni-

77 4182 270 4219 vomos
322 4163 749 4235 quadrupedes,
786 4179 849 4217 ac
900 4164 1153 4217 fraterno
1200 4179 1391 4216 amore
1423 4164 1606 4217 sorori
1634 4164 1762 4217 tlin-

78 4254 209 4308 thiae
261 4252 532 4306 vicariam
582 4251 933 4305 functionem
967 4251 1287 4320 przebebat;
1323 4252 1543 4322 hacque
1595 4252 1764 4305 vicis—

76 4340 322 4395 situdine
355 4340 694 4405 alternante,
730 4339 939 4392 aemula
983 4355 1091 4391 nox
1131 4340 1372 4392 caeruleo
1403 4340 1761 4393 circumami-

77 4434 157 4481 cta
186 4428 361 4498 peplo
392 4427 681 4493 veniebat,
714 4427 1231 4497 Completoriisque
1274 4428 1569 4498 completis
1600 4434 1757 4482 tene—

77 4516 426 4585 brarumque
458 4514 801 4583 horrorjam
837 4514 1083 4567 lucernis
1116 4514 1352 4586 egebat;
1383 4532 1447 4569 ac
1485 4518 1761 4587 quoniam

78 4603 403 4674 quiescendi
431 4608 661 4673 tempus
680 4603 802 4672 jam
832 4608 1083 4665 venerat,
1112 4604 1525 4658 monachorum
1556 4606 1767 4675 singuli

78 4692 420 4747 lectisternia
474 4690 767 4761 petierunt
820 4691 1152 4745 custodibus
1216 4692 1274 4745 in
1332 4694 1464 4746 aula
1516 4694 1765 4748 basilicae

78 4781 300 4835 relictis.
378 4779 489 4844 Qui
540 4794 699 4832 more
755 4778 864 4833 sibi
933 4779 1101 4833 solito
1157 4780 1403 4834 lucernis
1472 4782 1765 4836 nocturnis

80 4870 222 4923 horis
273 4868 477 4922 ardere
538 4866 714 4920 suetis
774 4868 1040 4934 accensis,
1101 4872 1273 4939 atque
1332 4871 1606 4924 universis
1666 4888 1769 4941 per

78 4963 185 5011 tota
213 4958 349 5012 aedis
379 4956 566 5027 spatia
613 4955 788 5009 cereis
835 4955 1139 5020 exstinctis,
1183 4957 1319 5010 dum
1369 4974 1514 5012 unus
1566 4976 1765 5015 eorum

82 5052 197 5115 post
247 5042 580 5117 parvissimi
642 5044 1128 5113 intercapedinem
1188 5046 1466 5115 temporis
1520 5048 1767 5119 diligen-

84 5134 205 5187 tiam
263 5133 469 5205 templi
527 5132 831 5186 observans
893 5133 1172 5195 rediisset,
1206 5150 1436 5189 cereum
1486 5137 1558 5191 ad
1586 5140 1768 5192 sancti

86 5223 300 5293 vestigia
329 5222 541 5276 ardere
570 5220 807 5274 solitum
837 5237 900 5275 ac
933 5222 1105 5290 paulo
1136 5226 1266 5276 ante
1290 5223 1601 5279 extinctum
1638 5226 1764 5281 fuso

1880 1871 2011 1938 rim,
2052 1887 2193 1924 ausu
2224 1870 2412 1923 eidem
2442 1868 2707 1938 prodigio
2735 1867 2965 1921 obviare
2997 1868 3411 1938 exstinguendo
3440 1874 3569 1921 ten-

1880 1960 2172 2024 tavissent,
2210 1958 2397 2028 ipsum
2448 1957 2618 2009 toties
2669 1956 3056 2008 evindicatum
3114 1971 3143 2007 a
3187 1955 3405 2008 lumine
3462 1955 3571 2025 ipsi

1881 2051 2297 2102 concesserunt.
2333 2045 2482 2108 Quid
2532 2044 2771 2098 multis?
2800 2043 3117 2113 permissus
3148 2048 3234 2096 est
3281 2042 3402 2112 ejus
3450 2060 3572 2098 esse

1873 2138 2039 2207 juris,
2074 2136 2234 2205 cujus
2265 2134 2489 2187 virtutis
2538 2134 2833 2202 majestate
2854 2132 3026 2186 tantis
3060 2131 3276 2185 vicibus
3305 2132 3573 2201 apparuit

1880 2224 2242 2279 invincibilis.
2280 2223 2385 2277 Diu
2416 2222 2608 2293 itaque
2639 2237 2809 2291 super
2860 2222 2964 2274 hac
2996 2219 3282 2289 repentini
3320 2219 3569 2274 novitate

1882 2313 2142 2367 miraculi
2169 2311 2375 2382 gaudio
2407 2326 2632 2364 summo
2668 2309 2913 2370 attoniti,
2957 2308 3304 2377 tandemque
3358 2308 3570 2361 dormi-

1880 2408 2003 2456 tum
2049 2406 2271 2469 enntes,
2324 2398 2579 2469 stupidas
2604 2398 2798 2452 oculos
2839 2395 3171 2466 soporiferas
3213 2395 3571 2450 tradiderunt

1880 2490 2079 2561 quieti.

1949 2581 2189 2649 Jamque
2249 2592 2359 2630 nox
2410 2576 2532 2646 ipsa
2577 2578 2735 2627 tanto
2787 2572 3066 2627 illustrata
3114 2572 3332 2625 lumine
3394 2588 3568 2643 prope

1881 2666 2204 2723 transierat.
2240 2669 2294 2718 et
2327 2680 2535 2717 aurora
2558 2663 2886 2716 rubescente
2918 2660 3325 2715 Matutinarum
3358 2662 3563 2714 solem-

1882 2756 2028 2809 nitas
2068 2753 2513 2825 propinquabat,
2565 2767 2692 2805 cum
2746 2751 2960 2803 interea
3010 2751 3268 2803 custodes
3315 2750 3567 2819 grabatis

1881 2844 2089 2914 quibus
2123 2842 2455 2913 quieverant
2485 2844 2872 2905 surrexerunt,
2924 2854 2987 2891 ac
3018 2838 3085 2891 de
3138 2838 3315 2891 cereis
3349 2844 3566 2907 septem

1879 2932 2143 2986 maximis
2173 2928 2273 3000 qui
2302 2930 2370 2983 ad
2399 2933 2569 2997 caput
2597 2926 2703 2980 viri
2735 2926 2837 2981 Dei
2867 2926 2969 2979 sub
2990 2926 3110 2995 ipso
3146 2927 3452 2979 mausolan
3489 2927 3570 2979 in-

1880 3028 1968 3074 tra
1996 3020 2274 3074 cancellos
2304 3018 2407 3071 sub
2466 3016 2719 3070 conclavi
2768 3014 2939 3085 positi
2973 3014 3217 3079 stabant,
3270 3014 3411 3067 duos
3467 3031 3568 3085 ge-

1882 3110 2038 3163 mino
2070 3108 2311 3162 candore
2364 3108 2671 3176 ﬂagrantes
2708 3109 3062 3173 repererunt.
3102 3105 3172 3157 Ex
3218 3103 3314 3157 illo
3375 3108 3565 3157 autem

1880 3200 1948 3253 ad
1981 3199 2153 3269 pedes
2200 3197 2371 3267 positi
2412 3211 2583 3266 quem
2616 3194 2785 3264 paulo
2816 3199 2946 3247 ante
3005 3192 3237 3247 accendi
3286 3192 3564 3257 viderant,

1880 3288 2031 3342 unde
2062 3287 2154 3340 isti
2184 3287 2252 3339 ad
2284 3290 2453 3354 caput
2483 3283 2676 3337 statuti
2706 3282 2923 3336 accensi
2956 3281 3190 3335 fuerunt
3221 3297 3335 3335 non
3395 3281 3549 3335 dubie

1878 3376 2095 3428 tabant.
2130 3372 2329 3427 Finitis
2360 3387 2492 3424 vero
2552 3369 2957 3424 Matutinorum
3012 3368 3322 3427 solemniis,
3355 3384 3419 3420 ac
3474 3368 3565 3421 die

1870 3463 1991 3532 jam
2024 3463 2385 3525 clarescente,
2417 3460 2647 3528 vulgata
2680 3457 2810 3511 facti
2857 3456 3007 3510 fama
3053 3472 3223 3509 omne
3256 3456 3565 3509 monacho-

1876 3568 2006 3605 rum
2037 3565 2244 3621 agmen
2276 3550 2334 3601 in
2388 3547 2678 3601 basilicam
2724 3544 2875 3598 venit
2924 3554 3092 3614 atque
3133 3560 3392 3609 summae,
3428 3559 3565 3597 san—

1877 3647 1978 3695 ctas
2000 3645 2057 3694 et
2086 3638 2393 3693 individua:
2423 3635 2686 3689 Trinitati
2719 3633 2951 3687 excelsis
2996 3632 3261 3686 laudibus
3304 3632 3561 3685 vocibus-

1877 3726 2380 3801 quejubilantibus
2412 3722 2718 3785 benedixit,
2758 3721 3057 3774 missarum
3091 3720 3296 3773 deinde
3347 3720 3563 3773 solem-

1878 3819 1970 3872 nia
2000 3833 2103 3887 pro
2144 3814 2398 3884 ejusdem
2438 3812 2658 3864 honore
2686 3809 2865 3863 Patris
2898 3810 3046 3860 ultra
3074 3808 3305 3861 solitum
3327 3808 3564 3861 devotis-

1877 3901 2313 3973 simeimplevit.
2356 3900 2527 3970 Cujus
2556 3897 2972 3967 inexplicabilis
3007 3896 3271 3949 melodim
3319 3896 3561 3949 cantile—

1876 4012 2007 4050 nam
2038 3992 2251 4047 diutius
2283 3989 2621 4060 protelatam
2652 4002 2758 4055 ego
2792 3986 2910 4055 ipse
2943 3985 3041 4055 qui
3076 3986 3198 4038 haec
3228 3984 3557 4053 qualiacun-

1877 4100 1988 4156 que
2023 4087 2153 4136 sunt
2187 4078 2467 4142 describo,
2498 4092 2687 4130 coram
2712 4076 2928 4145 positus
2977 4080 3032 4126 et
3071 4074 3264 4127 audivi
3305 4073 3559 4138 auribus,

1876 4179 1932 4228 et
1962 4172 2152 4242 ignem
2195 4167 2372 4222 oculis
2401 4164 2536 4231 vidi,
2593 4170 2762 4235 atque
2818 4165 2921 4217 hos
2966 4162 3133 4217 etiam
3195 4162 3471 4215 versiculo
3502 4161 3563 4215 in

1876 4261 2011 4332 ipsis
2032 4256 2399 4313 concentibus
2429 4259 2582 4307 tanto
2608 4252 2862 4322 pontiﬁci
2892 4252 3009 4306 dixi
3040 4268 3052 4305 :

1806 4380 1850 4434 D
1951 4379 2165 4433 Lumen
2220 4374 2279 4426 in
2332 4372 2579 4425 zetbereo
2614 4386 2782 4440 quam
2828 4369 3011 4421 clarus
3076 4367 3305 4440 tiaberis
3335 4367 3563 4437 olympo

2012 4443 2307 4501 Monstrati
2337 4437 2650 4503 monachis,
2684 4440 2890 4508 praesul
2922 4439 3195 4497 Amande,
3229 4437 3356 4490 tuis.

1945 4520 2021 4572 Da
2056 4514 2284 4571 famulis
2315 4513 2532 4586 ambire
2554 4516 2667 4565 tuae
2688 4507 2977 4586 consortia
3008 4507 3158 4586 vitae,

2018 4590 2088 4643 Ut
2118 4588 2345 4640 valeant
2382 4583 2546 4637 donis
2574 4581 2913 4652 participare
2946 4581 3076 4630 tuis.

1948 4699 2063 4751 Hoc
2092 4694 2271 4766 igitur
2299 4691 2593 4761 geminum
2621 4687 2944 4739 divinorum
2997 4681 3404 4736 beneﬁciorum
3436 4696 3558 4733 mu-

1876 4803 2005 4850 nus,
2063 4781 2439 4837 elevationem
2490 4776 2705 4829 scilicet
2751 4772 2893 4825 sacri
2947 4769 3204 4839 corporis
3253 4768 3562 4822 admirabi-

1874 4877 2008 4938 lem,
2052 4889 2116 4926 ac
2145 4869 2435 4925 dationem
2466 4864 2612 4933 ignis
2640 4862 2708 4915 de
2748 4861 2886 4915 cmlo
2919 4858 3077 4912 missi
3110 4856 3559 4917 memorabilem,

1875 4977 2101 5016 summo
2138 4954 2454 5012 devotionis
2485 4950 2737 5020 tripudio
2770 4949 2868 5018 qui
2913 4947 3146 5000 adfuere
3183 4945 3561 5009 celebrarunt,

1878 5054 2047 5119 atque
2070 5052 2179 5099 uta
2209 5042 2450 5114 posteris
2485 5054 2680 5093 eorum
2704 5037 3018 5091 honoretur
3048 5034 3423 5088 decreverunt
3452 5048 3564 5086 cre-

1877 5138 2075 5191 dentes
2109 5135 2366 5186 levamen
2394 5130 2705 5197 adepturos
2740 5135 3037 5187 aeternum,
3071 5122 3310 5193 quiejus
3344 5136 3560 5173 memo-

1876 5225 2020 5278 riam
2045 5236 2173 5275 cum
2201 5216 2391 5273 debita
2421 5214 2726 5270 habuerint
2755 5211 2979 5265 actione
3014 5209 3347 5279 gratiarum.
