3868 6228
292 327 395 381 983
1387 323 1818 381 ΕΡΙΤΑΡΗΙΠΜ

2109 327 2115 380 ζ
2155 327 2246 383 ΕΤ
2286 325 2660 383 DROGONIS.

1793 663 2377 767 CARMEN

1237 862 1361 935 DE
1419 861 1953 935 CONFLICTU
2011 862 2293 934 VEBIS
2354 862 2471 935 ET
2532 862 2891 935 HlEMlS.

1572 1014 1743 1079 (Apud
1774 1014 2043 1064 Oudinum
2072 1014 2137 1064 de
2165 1014 2351 1078 Script.
2379 1014 2528 1076 eccl.)

307 1294 665 1351 Conveniunt
696 1292 883 1347 subito
912 1291 1101 1345 cuncti
1130 1291 1199 1345 de
1231 1290 1525 1345 montibus
1555 1291 1681 1345 altis

308 1386 573 1439 Pastores
600 1381 905 1452 pecudum,
939 1379 1154 1433 vernali
1184 1379 1311 1432 luce
1343 1378 1448 1433 sub
1480 1378 1703 1446 umbra,

307 1472 586 1528 Arboreas
614 1470 830 1539 pariter
855 1469 1012 1523 laetas
1038 1468 1326 1522 celebrare
1357 1483 1641 1521 camenas.

306 1561 517 1615 Omnes
552 1558 643 1612 hic
672 1557 873 1611 cuculo
901 1556 1094 1610 laudes
1125 1562 1354 1610 cantare
1381 1556 1676 1625 parabant.

308 1648 419 1700 Ver
448 1663 679 1717 quoque
709 1646 979 1715 ﬂorigero
1007 1645 1325 1699 succinctus
1348 1648 1651 1697 stemmate
1683 1644 1855 1711 venit,

309 1733 541 1804 Frigida
572 1734 729 1787 venit
761 1733 973 1799 Hiems,
997 1732 1197 1802 rigidis
1229 1732 1451 1786 hirsuta
1473 1732 1714 1801 capillis,

309 1824 406 1877 His
437 1828 728 1876 certamen
762 1827 883 1875 erat
915 1821 1100 1876 cuculi
1130 1821 1205 1875 de
1232 1821 1486 1875 carmine
1518 1821 1754 1891 grande.

310 1913 420 1965 Ver
447 1911 603 1981 prior
627 1910 819 1964 allusit
846 1915 1040 1964 ternos
1071 1910 1460 1964 modulamine
1485 1926 1677 1963 versus
1701 1925 1714 1963 :

1089 2031 1229 2071 VEB.

313 2126 457 2194 Opto
490 2138 650 2176 meus
674 2122 864 2175 veniat
893 2122 1148 2186 cuculus,
1184 2120 1553 2174 charissimus
1581 2121 1719 2185 ales,

312 2212 593 2268 Omnibus
625 2211 731 2264 iste
764 2211 910 2264 solet
939 2209 1064 2263 fieri
1095 2209 1452 2279 gratissimus
1482 2210 1709 2279 hospes,

314 2303 493 2355 Intret
522 2299 569 2352 is
602 2299 921 2364 modulans,
957 2298 1130 2351 rutilo
1161 2297 1313 2351 bona
1342 2298 1595 2351 carmina
1625 2304 1831 2352 rostro.

311 2390 455 2443 Tum
486 2387 740 2459 glacialis
770 2388 961 2440 Hiems
991 2386 1287 2457 respondit
1314 2402 1447 2439 voce
1474 2402 1707 2453 serena;

1052 2507 1272 2548 HIEMS.

315 2600 441 2653 Non
471 2596 659 2651 veniat
688 2599 941 2664 cuculus,
966 2598 1146 2669 nigris
1178 2599 1274 2653 sed
1305 2598 1553 2652 dormiat
1578 2598 1785 2665 antris;

317 2689 424 2740 Iste
454 2686 667 2740 famem
697 2702 888 2740 secum
923 2702 1152 2757 semper
1178 2692 1406 2756 portare
1440 2686 1665 2740 suescit.

1080 2807 1226 2847 VEB.

316 2902 462 2969 Opto
502 2915 665 2954 meus
693 2898 882 2952 veniat
913 2898 1148 2952 cuculus
1170 2913 1299 2952 cum
1326 2896 1585 2967 germine
1616 2898 1767 2964 laeto,

319 2988 553 3058 Frigora
582 2988 851 3057 depellat,
887 2986 1098 3040 Phoebo
1129 3002 1316 3040 comes
1346 2987 1531 3039 almus
1560 2987 1618 3039 in
1649 3001 1863 3051 aevum;

316 3076 560 3131 Pbaabus
582 3080 736 3129 amat
761 3078 1049 3140 cuculum,
1083 3074 1355 3128 crescenti
1386 3074 1510 3127 luce
1540 3090 1758 3128 serena.

1052 3194 1277 3235 HIEMS.

319 3288 444 3340 Non
470 3284 661 3339 veniat
686 3286 941 3353 cuculus,
979 3291 1216 3356 generat
1246 3286 1347 3357 qui
1376 3287 1522 3340 forte
1553 3287 1796 3355 labores,

320 3374 525 3430 Praelia
546 3373 933 3444 congeminat,
966 3375 1223 3445 requiem
1255 3375 1534 3445 disjungit
1563 3392 1849 3443 amaram;
1902 3394 1909 3397 '

320 3462 527 3517 Omnia
558 3462 876 3517 disturbat:
910 3463 1103 3534 pelagi
1128 3468 1407 3534 terraeque
1437 3463 1715 3518 laborant.

1098 3585 1240 3624 VEB.

320 3658 465 3723 Quid
498 3662 578 3721 tu,
618 3657 781 3712 tarda
812 3656 1024 3719 Hiems,
1056 3658 1256 3712 cuculo
1283 3659 1534 3713 convicia
1566 3662 1801 3714 cantas?

321 3746 428 3810 Qui
457 3751 691 3816 torpore
724 3746 884 3816 gravi
908 3746 1224 3801 tenebrosis
1244 3752 1424 3801 tectus
1454 3747 1513 3800 in
1547 3748 1743 3814 antris,

319 3836 447 3889 Post
478 3835 675 3905 epulas
702 3834 956 3902 Veneris,
990 3838 1116 3905 post
1145 3837 1303 3889 stulti
1334 3837 1540 3906 pocula
1575 3836 1794 3891 Bacchi.

1054 3956 1275 3997 HIEMS.

318 4028 462 4084 Sunt
492 4028 637 4082 mihi
663 4028 898 4093 divitiae,
930 4034 1066 4083 sunt
1096 4035 1153 4083 et
1180 4030 1439 4083 convivia
1470 4031 1621 4097 laeta,

321 4118 414 4171 Est
440 4131 671 4185 requies
700 4116 899 4181 dulcis,
935 4117 1150 4171 calidus
1182 4124 1268 4171 est
1298 4118 1448 4186 ignis
1477 4118 1539 4172 in
1570 4118 1719 4184 aede;

321 4205 454 4259 Haec
487 4203 721 4257 cuculus
750 4204 949 4271 nescit,
982 4205 1083 4260 sed
1112 4207 1369 4275 perﬁdus
1396 4207 1493 4262 ille
1521 4207 1765 4261 laborat.

2036 1298 2081 1348 Α
2884 1306 3027 1346 van.

2109 1382 2217 1436 Ore
2248 1382 2416 1436 refert
2442 1381 2612 1436 ﬂores
2642 1380 2896 1446 cuculus,
2930 1384 2988 1434 et
3016 1379 3190 1434 mella
3220 1379 3539 1444 ministrat,

2108 1470 2481 1541 .rEditicatque
2512 1470 2735 1534 domos,
2764 1469 3014 1540 placidas
3043 1473 3101 1522 et
3130 1468 3363 1538 navigat
3393 1467 3618 1531 undas,

2112 1560 2175 1613 Et
2202 1563 2437 1629 generat
2469 1558 2708 1625 soboles,
2741 1557 2906 1612 laetos
2935 1562 2993 1612 et
3029 1557 3227 1611 vestiet
3258 1571 3447 1626 agros.

2843 1678 3066 1718 EIRMS.

2113 1754 2242 1807 Haec
2270 1751 2502 1805 inimica
2533 1750 2676 1805 mihi
2707 1754 2859 1815 sunt,
2895 1764 3023 1819 quae
3053 1748 3159 1802 tibi
3190 1747 3319 1801 laeta
3348 1747 3634 1801 videntur
3668 1764 3685 1799 :

2113 1841 2219 1897 Sed
2248 1842 2434 1910 placet
2462 1844 2683 1910 optatas
2713 1854 2880 1907 gazas
2910 1852 3215 1891 numerare
3246 1841 3510 1906 paratas;

2114 1931 2179 1984 Et
2206 1929 2455 2000 gaudere
2483 1929 2642 1995 cibis,
2676 1927 2847 1981 simul
2878 1931 2935 1981 et
2964 1927 3317 1996 requiescere
3348 1941 3608 1994 semper.

2886 2047 3029 2086 VEB.

2113 2124 2248 2188 Quis
2285 2123 2411 2184 tibi,
2440 2122 2602 2176 tarda
2632 2122 2843 2187 Hiems,
2877 2136 3102 2191 semper
3131 2119 3385 2174 dormire
3418 2124 3661 2189 parata,

2114 2212 2346 2268 Divitias
2372 2212 2644 2275 cumulat,
2679 2225 2865 2280 gazas,
2897 2209 2983 2262 vel
3018 2213 3336 2278 congregat
3368 2209 3514 2261 ullas
3548 2224 3563 2260 :

2117 2302 2174 2357 Si
2206 2317 2301 2355 ver
2327 2304 2425 2353 aut
2454 2305 2620 2353 testas
2650 2299 2755 2352 tibi
2786 2299 2965 2361 nulla,
3001 2299 3086 2351 vel
3121 2304 3251 2351 ante
3282 2297 3556 2350 laborat?

2847 2419 3069 2459 HIEMS.

2118 2498 2259 2550 Vera
2288 2495 2485 2560 refers,
2521 2493 2604 2549 illi
2634 2509 2934 2563 nunquam
2970 2492 3109 2546 mihi
3142 2494 3322 2545 multa
3351 2486 3665 2555 laborant;

2042 2595 2082 2647 Β
2113 2585 2254 2639 Sunt
2279 2584 2451 2637 etiam
2485 2581 2650 2647 servi,
2683 2586 2880 2635 nostra
2910 2581 3123 2633 ditione
3154 2580 3392 2645 subacti,

2112 2675 2236 2728 Jam
2270 2672 2408 2725 mihi
2440 2676 2724 2725 servantes
2756 2670 2991 2723 domino
3022 2685 3379 2740 quaecunque
3413 2668 3708 2721 laborant.

2116 2763 2241 2815 Non
2275 2761 2386 2813 illis
2417 2760 2639 2823 domus,
2674 2759 2767 2811 sed
2801 2775 3017 2829 pauper
3047 2758 3324 2827 inopsque
3354 2756 3667 2824 superbus,

2116 2852 2227 2904 Nec
2260 2855 2311 2902 te
2336 2850 2454 2919 jam
2488 2847 2700 2918 poteris
2731 2864 2833 2918 per
2861 2852 2914 2901 te
2943 2852 3004 2900 tu
3034 2861 3265 2916 pascere
3299 2851 3545 2910 tantum,

2121 2939 2188 2994 Ni
2226 2939 2330 2992 tibi
2357 2940 2485 3009 quis
2510 2938 2701 2990 veniat
2727 2937 2980 3001 cuculus,
3014 2935 3285 2989 alimonia
3313 2938 3564 3004 praestet.

2118 3029 2273 3082 Tunc
2300 3026 2595 3097 respondit
2625 3042 2819 3090 ovans,
2851 3024 3084 3079 sublimi
3116 3040 3150 3076 a
3181 3022 3313 3077 sede
3348 3025 3665 3077 Palaemon.

2795 3146 3136 3187 PALEMON.

2122 3241 2186 3293 Et
2216 3236 2467 3307 Daphnis
2500 3235 2730 3307 pariter,
2763 3238 3055 3305 pastorum
3090 3238 3149 3286 et
3176 3231 3342 3286 turba
3371 3232 3605 3301 piorum
3641 3250 3652 3282 :

2122 3326 2326 3380 Desine
2358 3327 2542 3394 plura,
2574 3324 2786 3389 Hiems,
2821 3338 3012 3376 rerum
3039 3326 3100 3375 tu
3128 3320 3409 3391 prodigus
3443 3328 3637 3385 atrox;

2120 3414 2187 3467 Et
2215 3414 2404 3467 veniat
2429 3413 2681 3475 cuculus,
2707 3415 3002 3482 pastorum
3035 3409 3216 3464 dulcis
3246 3408 3466 3462 amicus
3490 3428 3505 3475 ;

2121 3503 2371 3557 Collibus
2399 3501 2459 3555 in
2492 3500 2699 3554 nostris
2731 3504 3038 3568 erumpant
3067 3496 3331 3568 germina
3364 3497 3526 3563 laeta;

2120 3592 2336 3645 Pascua
2363 3590 2434 3643 sit
2461 3589 2674 3659 pecori,
2706 3588 2935 3658 requies
2966 3592 3024 3640 et
3050 3586 3232 3639 dulcis
3262 3585 3322 3638 in
3352 3585 3528 3649 arvis;

2122 3679 2188 3733 Et
2216 3679 2424 3733 virides
2457 3676 2602 3731 rami
2633 3681 2909 3748 praestent
2941 3674 3275 3729 umbracula
3307 3674 3485 3728 fessis.

2124 3766 2400 3822 Uberibus
2431 3766 2615 3836 plenis
2648 3764 2995 3833 veniantque
3027 3764 3094 3817 ad
3129 3763 3369 3816 mulctra
3401 3762 3658 3832 capellae;

2052 3888 2091 3942 Ο
2128 3855 2192 3907 Et
2220 3855 2477 3907 volucres
2508 3853 2663 3907 varia
2693 3852 2969 3907 Phoebum
3002 3850 3105 3904 sub
3133 3865 3269 3903 voce
3300 3852 3565 3903 salutent.

2125 3942 2487 4012 Quapropter
2516 3941 2683 3996 citius
2711 3941 2946 3994 cuculus
2975 3954 3129 3993 nunc
3158 3953 3287 3992 ecce
3309 3938 3523 4003 venito,

2124 4031 2267 4084 Tum
2294 4030 2416 4100 jam
2447 4030 2626 4084 dulcis
2656 4045 2840 4095 amor,
2873 4027 3094 4082 cunctis
3119 4026 3478 4098 gratissimus
3508 4027 3727 4096 hospes.

2125 4118 2329 4174 Omnia
2358 4124 2412 4172 te
2443 4123 2790 4189 exspectant,
2822 4116 3012 4188 pelagi
3040 4117 3324 4186 tellusque
3355 4116 3638 4169 salutant:

2126 4207 2310 4273 Salve,
2341 4207 2505 4261 dulce
2538 4206 2708 4261 decus
2738 4206 2997 4270 cuculus,
3030 4220 3133 4274 per
3162 4204 3371 4257 saecula
3397 4204 3566 4257 salve.

1184 4539 1800 4629 EPITAPHIUM
1864 4540 2223 4628 PIPPINI
2289 4539 2416 4627 ET
2485 4536 2969 4628 DBOGONIS

687 4721 895 4783 Caroli
928 4721 1111 4785 Calvi
1129 4723 1419 4804 ﬁliorum,
1453 4726 1578 4805 qui,
1611 4722 1843 4862 Milon;
1854 4723 1936 4783 ad
1960 4721 2346 4861 erludiendum
2381 4721 2697 4793 commissi,
2733 4722 2860 4801 ipso
2890 4720 3174 4800 pueritiae
3207 4730 3465 4798 tempore

1846 4805 1956 4862 iem
1983 4822 2013 4862 c
2040 4812 2348 4862 auserunt.

1846 4805 1956 4863 iem
1983 4805 2348 4862 clauserunt.

1395 4969 1570 5033 (Apud
1600 4967 1805 5019 Mabill.
1833 4968 1961 5017 Acta
1989 4966 2079 5016 SS.
2105 4965 2219 5015 ord.
2252 4964 2467 5023 Bened.,
2503 4968 2630 5013 sect.
2659 4966 2747 5023 IV.)

326 5210 588 5284 Quisque
620 5212 817 5267 videns
843 5221 1065 5268 nostras
1092 5216 1284 5268 solerti
1313 5217 1484 5269 corde
1516 5215 1746 5284 ﬁguras,

398 5283 675 5362 Perspice‘
690 5300 864 5362 quam
894 5285 1081 5338 subito
1115 5286 1329 5362 deﬂuat
1358 5286 1509 5362 orbis
1541 5283 1746 5362 honos.

330 5350 481 5425 Rege
510 5350 617 5425 sati
650 5350 881 5425 fuimus.
909 5370 1120 5409 nomen
1149 5356 1246 5425 qui
1280 5358 1511 5409 nomine
1543 5357 1707 5410 duxit

404 5422 695 5499 DeMagni
725 5423 980 5499 Magnus,
1015 5426 1083 5478 de
1118 5422 1601 5499 KaroliKarolus,

330 5489 441 5568 Ne_c
470 5489 630 5568 licuit
659 5489 845 5568 totum
879 5494 1005 5548 vita;
1033 5497 1405 5568 complectier
1433 5489 1674 5568 annum,

400 5559 508 5611 Sed
542 5560 736 5629 rapuit
765 5568 988 5616 nostras
1015 5559 1207 5618 debita
1235 5580 1388 5616 mors
1414 5566 1654 5619 animas.

2055 5212 2098 5264 D
2129 5211 2185 5268 Si
2220 5210 2445 5279 genitor
2475 5214 2729 5263 nostram
2758 5208 3012 5279 dignaris
3044 5208 3225 5262 visere
3256 5210 3537 5275 tumbam,

2198 5285 2318 5337 Rex
2352 5286 2581 5335 nostros
2610 5281 2798 5333 obitus
2832 5297 2902 5332 ne
2934 5279 3125 5333 doleas
3158 5280 3425 5347 petimus.

2123 5354 2314 5407 Terris
2344 5352 2573 5417 sublati,
2609 5350 2829 5420 placida
2862 5350 3098 5419 regione
3126 5349 3317 5420 locati,

2195 5426 2334 5476 Cum
2368 5421 2576 5475 sanctis
2606 5422 2800 5490 requie
2834 5426 3111 5489 perpetua
3141 5419 3407 5472 fruimur.

2121 5495 2228 5545 Vos
2270 5493 2446 5546 nostri
2480 5507 2762 5543 memores
2794 5491 2984 5544 felices
3014 5496 3130 5542 este
3163 5497 3449 5557 parentes.

2196 5565 2306 5616 Hoc
2338 5562 2613 5632 Pippiuus
2645 5577 2750 5630 ego
2784 5577 2971 5630 posco,
3006 5560 3293 5629 simulque
3329 5560 3533 5628 Drogo.

3750 321 3846 375 984
