3868 6228
17 405 3550 457 m

1411 560 1582 606 ANNO
1629 561 1857 606 DOMINI
1904 562 2204 607 DCCCLXV.

723 729 1694 895 SANCTUS
1852 733 2910 898 REMIGIUS

1313 992 1846 1066 LUGDUNENSIS
1911 993 2326 1066 EPISCOPUS

953 1245 1922 1360 ΝΟΤΙΤΙΑἨΙΞΤΟΒΙΟΑ
1982 1288 2080 1360 ΙΝ
2140 1289 2649 1363 BEMIGIUM.

1079 1459 1173 1518 (Ex
1204 1458 1332 1510 Gell.
1369 1460 1580 1519 Christ.,
1615 1465 1667 1509 et
1700 1460 1985 1510 Fabr.Bibl.
2020 1459 2157 1508 med.
2195 1463 2246 1509 et
2276 1459 2372 1510 inf.
2410 1460 2544 1520 Lat.)

101 1698 366 1752 Sanctus
411 1698 729 1767 Remigius,
778 1699 921 1752 sacri
970 1699 1169 1768 palatii
1211 1699 1458 1752 Lotharii
1505 1700 1749 1768 impera-
1790 1703 1835 1754 A
1866 1717 1997 1754 nem
2034 1699 2343 1754 reduxisse.
2398 1701 2743 1754 Recensetur
2783 1705 2836 1753 et
2877 1700 2932 1753 in
2976 1700 3179 1753 notitia
3227 1701 3558 1755 monasterii

33 1769 175 1821 toris
228 1785 507 1823 summus
556 1771 906 1838 capellanus,
957 1771 1172 1839 synodo
1213 1772 1524 1824 Valentinae
1566 1787 1626 1824 111
1659 1788 1750 1824 an.

33 1842 137 1892 8'55
196 1840 484 1909 praefuit;
535 1841 787 1894 Tullensi
837 1841 987 1910 apud
1041 1842 1404 1910 Saponarias,
1463 1859 1555 1895 an.
1609 1845 1752 1906 859;

38 1911 407 1978 Lingonensi
443 1912 579 1963 item
612 1911 812 1977 adfuit,
852 1917 1132 1981 praesente
1164 1913 1364 1965 Carolo
1401 1913 1566 1967 Calvo
1597 1929 1752 1980 rege,

35 1989 98 2052 ut
155 1986 258 2034 est
311 1981 463 2051 apud
514 1982 894 2035 Flodoardum
947 1998 1014 2035 ex
1062 1982 1352 2036 llincmari
1402 2000 1490 2052 ep.
1545 1985 1643 2037 lib.
1698 2001 1757 2037 ιιι

39 2051 211 2118 Bist.,
258 2067 388 2120 cap.
437 2055 555 2106 l6l.
595 2052 911 2106 Subscribit
953 2069 1183 2123 quoque
1216 2051 1458 2106 concilio
1506 2054 1757 2108 Tullensi

41 2139 96 2186 ιι,
133 2138 238 2174 an.
277 2125 414 2186 860;
452 2123 846 2176 Suessionensi
879 2140 957 2188 ιιι,
1007 2140 1098 2177 an.
1132 2127 1272 2193 866;
1309 2125 1364 2176 in
1394 2141 1507 2194 qua
1537 2125 1755 2193 synodo

41 2209 272 2246 nomen
316 2195 608 2263 apposuit,
645 2210 772 2246 cum
808 2195 931 2246 aliis
965 2196 1267 2263 episcopis,
1301 2195 1603 2264 privilegio
1634 2211 1756 2248 mo-

45 2265 293 2316 nasterii
340 2264 838 2318 Solemniacensis.
893 2266 1275 2330 Cabilonensi,
1333 2281 1424 2318 an.
1471 2267 1594 2328 873,
1627 2281 1756 2318 cum

47 2335 378 2397 Lenboino,
411 2335 819 2405 chorepist-opo
851 2335 1238 2404 Lugdunensi,
1284 2336 1520 2389 interest
1549 2352 1699 2388 anno
1726 2337 1755 2388 3

47 2406 238 2459 Caroli
302 2405 456 2460 Calvi
497 2406 554 2457 in
607 2407 937 2476 Burgundia
991 2409 1282 2476 regnantis
1333 2413 1462 2475 post
1513 2415 1757 2460 mortem

53 2476 311 2528 Lotharii
364 2477 586 2545 nepotis
635 2478 745 2538 sui,
799 2481 858 2528 ut
891 2481 974 2529 est
1003 2477 1062 2530 in
1108 2478 1454 2530 chartulario
1500 2477 1554 2531 8.
1607 2479 1758 2531 Mar-

52 2547 202 2599 eelli.
265 2551 336 2600 At
391 2562 526 2599 vero
583 2547 642 2599 in
703 2548 958 2616 ejusdem
1024 2547 1385 2616 imperatoris
1443 2549 1757 2617 diplomate

51 2617 496 2688 commendatur
552 2619 845 2687 Remigius
905 2623 960 2671 et
1015 2640 1041 2666 ‹‹
1111 2624 1303 2672 sancta
1365 2619 1759 2688 Lugdunensis

59 2688 320 2740 Ecclesia
365 2687 668 2753 ditissima,
719 2691 888 2741 rebus
915 2689 1026 2742 late
1071 2687 1496 2753 ﬂorentissima,
1539 2706 1602 2743 ac
1635 2690 1761 2742 reli-

59 2759 232 2826 gione
270 2759 723 2827 praeclarissima.
754 2780 780 2810 »
809 2760 1118 2813 Conﬁrmat
1142 2767 1330 2812 autem
1366 2761 1756 2813 fundationem

63 2829 310 2882 abbatiaa
376 2830 714 2883 monialium
776 2830 830 2884 8.
891 2831 1172 2883 Andocliii
1226 2831 1759 2899 Augostodunensis

63 2915 152 2951 an.
207 2901 335 2965 858,
380 2908 555 2970 atque
587 2917 654 2953 ex
699 2902 872 2954 veteri
925 2901 1118 2953 tabula
1157 2902 1333 2970 liquet
1379 2903 1484 2954 sub
1529 2918 1620 2954 an.
1657 2904 1758 2955 868

59 2971 568 3039 congregationem
621 2973 1030 3024 canonicorum
1083 2974 1138 3024 in
1195 2974 1425 3024 basilica
1456 2973 1509 3026 S.
1557 2973 1758 3026 lrenaei

63 3042 422 3095 constituisse
472 3050 529 3094 et
566 3042 621 3096 8.
673 3043 816 3098 Justi
863 3043 1080 3097 sodales
1123 3043 1184 3096 in
1233 3046 1562 3098 saecularem
1605 3043 1757 3096 ordi-

1866 1774 1918 1827 S.
1959 1772 2249 1826 Benedicti
2279 1772 2517 1836 Saxiaci,
2543 1777 2662 1824 tum
2695 1772 2844 1841 apud
2880 1771 3256 1825 Flodoardum
3289 1771 3344 1823 in
3373 1773 3554 1825 Histo-

1865 1844 1948 1896 ria
1978 1863 1992 1909 ;
2023 1844 2238 1912 Lupum
2274 1844 2717 1902 Ferrarienscm,
2751 1844 2916 1911 epist.
2971 1844 3110 1904 “‘2;
3173 1843 3477 1897 Baronium
3505 1847 3561 1895 et

1865 1915 2243 1983 Ruynaudum
2303 1913 2361 1966 in
2432 1913 2654 1966 Sanctis
2719 1913 3212 1981 Lugdunensibus.
3278 1913 3560 1966 Ceterum

1867 1986 2220 2038 Maldonatus
2272 1985 2597 2051 Remigium
2657 1992 2946 2036 auctorem
3006 1984 3560 2036 Commentariorum

1864 2055 1924 2108 in
1981 2055 2261 2124 Epistolas
2326 2055 2507 2120 Pauli,
2570 2054 2668 2123 qui
2728 2055 2780 2107 S.
2845 2054 3144 2107 Ambrosio
3204 2054 3557 2119 tribuuntur,

1865 2127 2035 2179 fuisse
2083 2125 2408 2190 arbitratur,
2461 2126 2555 2178 sed
2588 2125 2773 2193 ejusce
2820 2125 3235 2177 lucubrationis
3276 2125 3559 2193 judicium

1866 2197 2192 2265 relinquere
2223 2195 2347 2248 aliis
2373 2196 2549 2248 satius
2591 2203 2876 2264 putamus.
2921 2197 3029 2248 Hoc
3064 2197 3264 2247 eodem
3301 2203 3558 2263 tempore

1865 2267 2074 2335 scripta
2127 2273 2212 2318 est
2267 2266 2506 2334 epistola
2560 2265 2793 2318 nomine
2852 2266 3247 2332 Lugdunensis
3298 2265 3559 2318 Ecclesiae

1866 2339 2135 2390 adversus
2186 2338 2464 2390 Joannem
2514 2337 2766 2398 Scotum,
2813 2352 2940 2404 qum
2985 2336 3227 2388 habetur
3277 2341 3434 2388 tomo
3493 2337 3558 2388 ιν

1866 2408 2231 2460 Bibliotheca:
2280 2408 2531 2460 Patrum.
2567 2409 2649 2460 Ad
2701 2409 2990 2459 meliorem
3043 2407 3214 2458 vitam
3250 2407 3558 2460 translatus

1865 2495 1899 2530 ν
1934 2480 2050 2532 Kal.
2084 2479 2416 2531 Novembris
2439 2474 2589 2547 ja'Cet
2620 2479 2676 2530 in
2709 2480 2923 2545 templo
2956 2477 3130 2529 sancti
3158 2477 3323 2530 .lusti.

1943 2549 2249 2618 Exscripsit
2295 2550 2506 2601 librum
2563 2548 2627 2600 de
2679 2548 2852 2601 tribus
2902 2549 3143 2615 epistolis
3195 2547 3294 2599 sub
3348 2549 3562 2600 nomine

1865 2621 2113 2674 Ecclesia
2180 2620 2597 2685 Lugdunensis;
2659 2620 3042 2671 absolutionem
3123 2621 3434 2686 quastionis
3496 2619 3560 2671 de

1865 2692 2108 2757 generali
2154 2706 2252 2758 per
2297 2691 2482 2743 Adam
2528 2689 3071 2749 dumnatione;ilei11
3123 2691 3332 2741 librum
3383 2688 3558 2740 alium

1867 2762 1930 2812 dc
1994 2761 2220 2814 tenenda
2287 2761 2633 2814 immobilitcr
2691 2761 2988 2826 Scriptura:
3043 2764 3243 2813 sancta:
3305 2759 3555 2812 veritate.

1870 2833 2095 2884 Exstant
2131 2832 2189 2884 in
2241 2832 2569 2884 auctoribus
2613 2831 2679 2884 de
2729 2830 3230 2884 Praedestinatinne
3278 2845 3380 2898 per
3411 2830 3555 2882 Gilb.

1872 2903 2233 2972 Munguinum
2284 2902 2471 2965 editis,
2522 2907 2663 2954 tom.
2719 2901 2759 2962 Ι,
2813 2907 2959 2970 part.
3012 2916 3068 2955 ιι.
3118 2900 3379 2972 Repetite
3428 2905 3559 2972 sunt

1867 2970 2206 3041 haec'opera
2250 2973 2309 3025 in
2355 2976 2495 3025 tom.
2549 2973 2634 3026 XV
2667 2973 3030 3026 B.b|iotl1ecae
3076 2973 3304 3025 Patrum
3357 2970 3557 3040 Lugd.,

1866 3059 1924 3112 p.
1959 3046 2222 3110 666-718,
2255 3060 2323 3096 ex
2349 3059 2462 3114 qua
2491 3044 2691 3098 eadem
2716 3042 3061 3112 excepimus.

1021 3323 1678 3446 SANCTI
1788 3324 2580 3467 REMIGII,

1301 3564 1620 3630 LUGDUN
1627 3564 1730 3628 EN
1737 3564 1858 3629 SIS
1907 3563 2266 3630 EPISCOPI
2298 3615 2315 3642 ,

810 3765 996 3852 SUB
1078 3765 1464 3855 ΝΟΜΙΝΕ
1542 3765 2031 3854 ECGLESIE
2117 3764 2564 3854 LUGDUNE

1865 3765 2031 3854 311E
2117 3764 2515 3854 LUGDUN
2525 3765 2647 3852 EN
2655 3765 2803 3854 SlS

1063 3968 1190 4077 DE
1239 3969 1611 4082 TRIBUS
1667 3969 2185 4082 EPISTOLIS
2239 3969 2570 4080 LIBER.

1444 4164 1597 4226 (Bibl.
1629 4169 1726 4214 vet.
1762 4166 1900 4215 Patr.
1937 4179 2058 4215 sec.
2089 4165 2185 4229 1x.)

83 4402 701 4489 IN__N0MINE_D0M1NI
732 4423 977 4489 Nos'rai
1003 4408 1168 4469 JESU
1200 4408 1501 4484 CHRISTI,
1554 4409 1774 4488 incipit
1800 4410 2047 4470 libellus
2079 4409 2172 4471 De
2202 4410 2434 4472 Tribus
2467 4410 2859 4489 quibusdam
2892 4411 3194 4489 Epistolis
3222 4411 3560 4472 venerabi-

148 4485 299 4568 liumg
345 4485 823 4568 episcoporum,
872 4487 1027 4563 quid
1077 4489 1155 4548 de
1197 4507 1416 4550 earum
1468 4485 1778 4550 sensu—et
1828 4491 2294 4551 assertionibus
2339 4485 2527 4568 juxta
2573 4492 2901 4553 catholicas
2944 4485 3231 4551 veritatis
3277 4492 3562 4568 regulam

149 4564 550 4626 sentiendum
582 4565 684 4625 sit.

716 4723 1101 4779 PR/EFATIO.

143 4810 528 4874 Quorumdam
573 4813 988 4866 venerabilium
1020 4813 1298 4880 virorum,
1335 4835 1358 4864 ι
1401 4814 1574 4869 trium
1601 4814 1756 4869 vide-

86 4897 198 4954 licet
249 4901 651 4972 episcoporum
711 4901 780 4954 ad
842 4901 1143 4956 Ecclesiam
1204 4909 1478 4970 nostram,
1538 4904 1595 4958 id
1647 4911 1754 4972 est,

88 4986 524 5058 Lugdunensem,
578 4989 843 5059 Epistolas
887 4992 1120 5060 perlatae
1162 4995 1335 5057 sunt;
1371 5011 1398 5042 ι)
1444 5008 1513 5045 ex
1551 4991 1760 5062 quibus

88 5074 195 5130 duaa
224 5078 447 5148 priores
473 5077 812 5149 simpliciter
839 5085 898 5133 et
926 5079 1225 5134 sinceriter
1251 5081 1320 5134 de
1347 5081 1596 5152 quadam
1628 5097 1758 5151 pro-

86 5163 238 5219 funda
265 5174 322 5220 et
368 5167 642 5237 perplexa
687 5167 1024 5238 quaestione,
1060 5185 1189 5238 qum
1223 5170 1344 5239 jam
1390 5185 1494 5240 per
1540 5170 1762 5239 aliquot

89 5268 243 5308 annos
291 5257 443 5309 inter
491 5257 686 5325 plures
715 5258 896 5310 multa
927 5262 978 5310 et
1026 5258 1182 5311 varia
1223 5258 1640 5328 disceptatione
1671 5260 1758 5312 vel

90 5344 237 5397 etiam
291 5345 663 5398 contentione
716 5353 993 5410 versatur,
1051 5368 1078 5395 ‹‹
1116 5347 1185 5399 de
1234 5346 1471 5400 veritate
1521 5346 1754 5412 scilicet,

91 5428 270 5485 divina:
312 5432 687 5501 prmscientias
733 5438 791 5485 et
830 5432 1389 5503 praedestinationis;
1439 5455 1466 5482 »
1517 5442 1573 5488 et
1620 5435 1758 5505 quid

92 5517 204 5584 ipsis
252 5520 545 5575 videretur
603 5521 892 5591 aperuisse
948 5526 1006 5574 et
1063 5523 1393 5592 exposuisse
1455 5523 1752 5588 videntur;

92 5611 138 5656 et
186 5609 310 5677 quid
370 5608 616 5679 praefata
671 5609 916 5664 Ecclesia
981 5614 1194 5677 nostra,
1261 5612 1374 5664 Deo
1438 5610 1757 5681 inspirante

1799 4729 1840 4782 B
1873 4734 2047 4800 atque
2079 4730 2408 4796 auxiliante,
2442 4730 2512 4784 de
2541 4729 2739 4783 eadem
2783 4744 2845 4783 re
2877 4729 3103 4793 sentiat,
3137 4733 3201 4781 ut
3231 4727 3310 4781 eis
3341 4743 3474 4782 vere
3507 4733 3565 4782 et

1866 4818 2116 4872 ﬁdeliter
2161 4820 2592 4888 respondeatur,
2625 4817 2899 4871 attentius
2946 4816 3207 4886 ﬂagitare
3247 4821 3304 4869 et
3333 4816 3562 4886 exigere

1871 4913 2204 4960 noscuntur.

1939 4996 2193 5058 Quorum
2238 5011 2387 5049 unus
2435 4994 2836 5064 (Hincmarus),
2889 4994 2987 5065 qui
3033 4997 3089 5047 et
3136 4994 3194 5046 in
3238 4992 3328 5046 liis
3375 4992 3561 5046 tribus

1869 5085 2088 5154 primus
2136 5085 2390 5154 ponitur,
2419 5083 2591 5137 etiam
2625 5081 2924 5151 cujusdam
2974 5081 3316 5135 miserabilis
3361 5097 3558 5134 mona-

1867 5173 1977 5236 chi,
2021 5172 2120 5241 qui
2170 5172 2428 5241 inquieta
2476 5177 2534 5224 et
2575 5171 2843 5225 insolenti
2888 5170 3339 5242 praesumptione
3388 5169 3560 5238 hujus

1867 5257 2221 5328 quasstionis,
2256 5259 2340 5310 vel
2390 5256 2580 5325 potius
2610 5257 2880 5324 scandali,
2915 5255 3191 5309 excitator
3221 5259 3277 5308 et
3305 5256 3558 5324 exagita-

1865 5342 2260 5396 tor'exstitisse
2301 5344 2510 5396 dicitur
2541 5359 2555 5399 :
2589 5342 2844 5406 Qualiter
2889 5341 3149 5396 videlicet
3179 5341 3236 5394 in
3275 5364 3296 5390 ι
3333 5341 3559 5395 duobus

1866 5431 2268 5501 episcoporum
2303 5431 2558 5485 conciliis
2605 5437 2662 5483 et
2691 5431 2919 5484 auditus
2962 5429 3153 5494 fuerit,
3187 5434 3244 5482 et
3268 5430 3559 5499 judicatus

1867 5529 2036 5592 atque
2079 5520 2399 5583 damnatus,
2436 5541 2462 5571 υ
2499 5520 2806 5590 diligenter
2852 5526 2908 5574 et
2937 5519 3188 5573 breviter
3216 5519 3276 5574 in
3319 5520 3561 5589 epistola

1866 5627 1968 5664 sua
1996 5609 2277 5681 exposuit,
2309 5616 2482 5682 atque
2531 5609 2764 5680 digessit
2795 5625 2808 5662 :
2843 5613 2898 5664 et
2921 5608 3164 5678 singulis
3197 5609 3320 5679 ejus
3343 5623 3553 5678 propo-
