3868 6228
296 321 393 368 937

1394 318 1447 371 S.
1494 318 1763 372 REMlGll
1807 318 2297 375 LL’GDUNENSIS
2338 318 2673 374 EPISCOPI.

3713 319 3801 369 ess

293 448 595 501 sitionibus
639 447 771 518 quid
824 449 908 501 vel
940 448 1010 501 ab
1053 450 1197 520 ipso,
1232 451 1315 502 vel
1358 465 1389 502 a
1420 449 1658 514 caeteris,
1707 449 1821 502 sive
1854 454 1988 503 tunc
2026 452 2071 502 Α
2097 466 2269 520 quam
2303 450 2509 503 Paulus
2536 447 2635 518 qui
2674 447 2885 511 docuit,
2924 467 2951 494 ‹‹
2982 462 3084 517 per
3111 447 3357 502 visibilia
3387 448 3720 501 visibilium
3750 453 3799 499 et

294 536 583 606 objectum
632 536 822 603 fuerit,
858 537 973 591 sive
1002 555 1182 609 usque
1225 539 1395 592 hodie
1440 540 1589 609 apud
1621 555 1715 592 eos
1748 539 1987 608 objicia~

289 628 404 693 tur,
432 625 647 696 pariter
679 631 972 680 exsecutus
1003 634 1103 681 est.

363 714 655 767 Secundus
706 723 897 768 autem
959 716 1280 786 (Pardulus)
1332 716 1501 769 etiam
1556 717 1831 787 quosdam
1889 717 1986 786 qui

293 803 560 857 adversus
625 818 757 855 eum
825 804 1157 873 scripserint
1216 804 1353 869 fere,
1426 821 1518 857 sex
1580 820 1819 857 numero
1865 820 1984 858 me-

292 890 552 944 moravit.
608 893 717 945 Nec
746 897 935 945 tamen
978 893 1228 963 aliquem
1271 909 1468 945 eorum
1503 894 1570 946 ad
1606 909 1725 946 rem
1761 894 1829 947 de
1873 909 1987 963 qua

290 981 589 1049 quzeritur,
666 981 971 1035 sufficienti
1041 982 1262 1036 ratione
1329 982 1665 1036 satisfecisse
1730 998 1987 1052 conque-

289 1073 406 1121 stus
431 1074 531 1122 est.

360 1159 501 1210 Nam
563 1158 766 1211 tertius
817 1160 1152 1226 (Rabanus),
1221 1176 1336 1212 non
1399 1160 1462 1213 ad
1514 1159 1816 1213 Ecclesiam
1873 1176 1982 1213 no-

290 1250 489 1310 stram,
539 1247 637 1300 sed
685 1248 752 1300 ad
801 1248 1106 1317 quemdam
1159 1248 1334 1301 alium
1381 1250 1709 1317 episcopum
1767 1248 1985 1317 specia-

290 1334 423 1387 liter
476 1335 787 1404 scripsisse,
853 1341 909 1388 et
954 1337 1087 1405 quid
1138 1337 1205 1389 de
1258 1336 1361 1388 hac
1427 1353 1487 1389 re
1531 1336 1613 1389 illi
1669 1337 1982 1390 tenendum

290 1423 407 1476 sive
451 1423 772 1476 docendum
817 1429 963 1477 esset
988 1424 1155 1494 (sicut
1196 1424 1247 1477 ei
1294 1423 1474 1477 visum
1522 1426 1625 1489 est)
1659 1424 1983 1494 exposuisse

291 1516 346 1564 et
371 1510 638 1563 definisse
668 1512 1050 1581 cognoscitur.

360 1598 494 1662 Quae
529 1599 723 1652 omnia
749 1616 877 1653 cum
907 1600 1262 1669 legissemus,
1300 1605 1355 1652 et
1385 1604 1557 1669 prout
1592 1600 1861 1653 Dominus
1893 1600 1986 1653 de-

292 1685 394 1750 dit,
428 1686 665 1741 sollicite
712 1692 766 1740 et
794 1688 1041 1741 fideliter
1070 1694 1490 1753 tractassemus,
1524 1688 1706 1741 visum
1748 1688 1981 1741 omnino

291 1774 457 1828 nobis
506 1782 589 1829 est
646 1777 799 1846 quod
849 1782 903 1830 et
949 1776 1457 1846 interrogantibus,
1508 1782 1564 1829 ut
1618 1777 1832 1830 dictum
1876 1782 1979 1845 est,

292 1863 712 1917 venerabilibus
741 1864 898 1928 viris,
939 1870 993 1917 et
1025 1866 1277 1934 ipsarum
1311 1864 1673 1934 opinionum,
1708 1880 1836 1935 qum
1864 1870 1981 1919 tam

290 1950 577 2004 laciniosa:
622 1952 970 2006 et‘involutte
1006 1958 1302 2022 ponuntur
1352 1953 1687 2006 necessitate
1718 1958 1978 2023 cogente,

292 2055 513 2093 necnon
547 2046 602 2094 et
640 2041 1054 2110 simpliciorum
1085 2047 1256 2112 atque
1296 2042 1684 2111 ignorantium
1717 2040 1982 2112 fratrum,

291 2144 434 2199 quos
465 2129 663 2181 talium
697 2131 1077 2199 quaestionum
1114 2131 1331 2183 incerto
1364 2131 1641 2184 ﬂuctuare
1689 2132 1981 2201 cognosci-

291 2232 438 2283 mus,
500 2218 928 2287 perturbatione
983 2219 1284 2287 compulsi,
1344 2220 1671 2273 nullatenus
1728 2220 1981 2290 (qualem

290 2305 504 2359 donare
540 2306 811 2359 Dominus
843 2306 1110 2376 dignatus
1135 2307 1326 2375 fuerit)
1355 2308 1786 2376 responsionem
1820 2308 1979 2371 ﬁdei,

288 2409 405 2447 non
452 2410 518 2447 ex
566 2400 759 2448 nostro
808 2412 993 2460 sensu,
1029 2395 1124 2448 sed
1178 2411 1241 2447 ex
1282 2396 1705 2470 Sq'ipturarum
1759 2401 1978 2450 sancta-

288 2498 415 2535 rum
465 2482 750 2537 immobili
799 2485 1056 2552 veritate,
1106 2489 1162 2537 et
1204 2484 1667 2537 beatissimorum
1716 2486 1977 2538 ecclesia-

289 2570 560 2624 sticorum
611 2573 841 2625 Patrum
898 2572 1299 2626 fundatissima
1344 2572 1698 2639 auctoritate,
1751 2574 1979 2627 subtra—

286 2659 422 2713 here
458 2660 785 2727 debeamus,
829 2666 1129 2731 quatenus,
1164 2661 1506 2730 inquantum
1552 2662 1826 2715 Dominus
1859 2662 1978 2732 opi-

287 2747 459 2801 tulari
487 2749 777 2818 dignatur,
813 2755 869 2802 et
917 2749 1078 2802 nobis
1109 2750 1245 2820 ipsis
1277 2766 1342 2803 ex
1375 2750 1703 2818 hujusmodi
1740 2766 1981 2820 respon-

291 2834 469 2888 sionis
500 2837 691 2889 studio
727 2836 854 2889 fidei
884 2837 1123 2889 firmitas
1155 2846 1455 2908 augeatur,
1490 2843 1544 2891 et
1573 2838 1698 2891 aliis
1732 2839 1831 2909 qui
1862 2838 1981 2892 haec

286 2925 523 2977 fortasse
556 2924 746 2995 legere
778 2925 1081 2991 voluerint,
1117 2942 1286 2995 quam
1320 2927 1568 2980 fideliter
1599 2926 1790 2981 divina
1834 2927 1979 2980 veri-

285 3016 368 3065 tas
402 3012 475 3065 sit
504 3014 801 3077 servanda,
850 3030 1020 3083 quam
1054 3020 1376 3068 reverenter
1419 3020 1474 3067 et
1504 3015 1836 3070 obedienter
1878 3032 1979 3085 pa-
2020 3048 2059 3102 Ο

286 3105 448 3153 terna
480 3101 786 3154 auctoritas
816 3102 1126 3171 sequenda,
1166 3102 1500 3172 diligentius
1540 3109 1595 3156 et
1627 3104 1981 3157 manifestius

285 3188 602 3242 declaretur
613 3232 625 3244 .

845 3295 1069 3351 CAPUT
1121 3297 1415 3351 PRIMUM.

550 3404 622 3455 De
646 3404 849 3471 prima,
883 3418 1001 3471 qua
1026 3408 1103 3456 est
1136 3405 1434 3471 Hincmari,
1470 3406 1716 3473 epistola.

358 3505 583 3560 Primus
633 3506 811 3576 igitur
860 3507 978 3577 qui,
1030 3511 1091 3561 ut
1122 3524 1294 3577 supra
1336 3508 1606 3573 diximus,
1642 3508 1981 3565 miserabilis

285 3595 436 3648 illius
486 3596 751 3649 monachi
781 3601 836 3649 et
879 3601 1064 3649 actum
1116 3596 1404 3659 describit,
1437 3602 1493 3650 et
1525 3597 1846 3651 doctrinam
1889 3615 1980 3654 re-

284 3683 530 3754 darguit,
555 3689 611 3737 et
632 3684 1058 3738 damnationem
1085 3686 1336 3755 exponit,
1364 3690 1663 3756 postquam
1689 3703 1818 3739 eum
1841 3687 1983 3741 dixit

286 3772 432 3825 ultro
465 3772 572 3826 sibi
615 3773 1004 3843 praedicatoris
1036 3790 1250 3827 nomen
1283 3774 1678 3845 assumpsisse,
1712 3779 1883 3845 atque
1909 3775 1979 3829 ad

282 3860 553 3915 barbaras
606 3866 661 3915 et
711 3878 964 3932 paganas
1013 3866 1212 3931 gentes
1261 3864 1412 3916 velut
1456 3862 1979 3933 evangelizaturum

282 3951 617 4019 perrexisse,
676 3951 763 4003 his
794 3951 979 4004 verbis
1017 3952 1222 4004 seriem
1261 3951 1682 4021 praedicationis
1716 3952 1837 4021 ejus
1884 3969 1976 4007 ex-

286 4039 544 4110 sequitur
576 4040 787 4092 dicens.

969 4160 1291 4199 HINCMARUS.

358 4268 385 4299 «
434 4249 559 4303 Alio
627 4249 1095 4320 praedicationem
1141 4267 1301 4303 suam
1364 4267 1523 4305 orsus
1591 4251 1752 4306 initio
1804 4269 1978 4324 quam

2027 1747 2060 1795 ll

2097 537 2473 591 invisibilium
2539 551 2879 605 cognoscere
2948 535 3275 589 Creatorem
3319 536 3464 603 (σοι.
3521 553 3560 602 ι,
3616 538 3725 604 16),
3774 560 3796 581 ιξ

2096 627 2267 696 coepit
2300 627 2631 696 praedicare.

2170 719 2217 769 l.
2257 737 2278 764 ι
2332 715 2476 779 Quia
2506 720 2635 768 ante
2668 712 2860 767 omnia
2903 713 3127 778 saecula,
3182 717 3239 767 et
3273 719 3589 784 antequam
3637 714 3805 783 quid-

2095 821 2266 875 quam
2294 805 2505 859 faceret
2537 822 2568 857 a
2598 803 2880 872 principio
2914 803 3082 866 Deus,
3119 819 3262 872 quos
3296 804 3475 855 voluit
3500 803 3806 873 praedesti-

2092 894 2250 947 navit
2295 896 2365 948 ad
2412 910 2678 964 regnum,
2726 898 2781 945 et
2824 909 2968 963 quos
3016 892 3193 946 voluit
3246 892 3690 962 praedestinavit
3738 893 3803 946 ad

2093 982 2415 1037 interitum.

2165 1075 2214 1125 2.
2251 1094 2275 1121 ‹‹
2309 1074 2376 1125 Et
2425 1070 2523 1141 qui
2574 1069 2970 1140 praedestinati
3018 1074 3149 1122 sunt
3192 1069 3261 1123 ad
3304 1068 3635 1135 interitum,
3696 1069 3803 1122 sal-

2092 1161 2210 1214 vari
2261 1177 2372 1213 non
2417 1164 2689 1229 possunt;
2724 1164 2779 1211 et
2824 1159 2921 1229 qui
2961 1158 3355 1229 praedestinati
3398 1162 3533 1211 sunt
3578 1158 3658 1211 ad
3709 1174 3800 1210 re-

2092 1263 2293 1316 gnum,
2332 1247 2515 1317 perire
2544 1262 2659 1299 non
2688 1250 2943 1315 possunt.

2163 1338 2214 1387 3.
2259 1358 2285 1384 (ι
2318 1337 2384 1389 Et
2424 1337 2569 1387 Deus
2597 1350 2712 1387 non
2740 1334 2861 1386 vult
2897 1350 3095 1387 omnes
3127 1334 3386 1387 homines
3420 1336 3609 1387 salvos
3648 1334 3801 1399 ﬁeri,

2093 1425 2189 1479 sed
2234 1441 2330 1477 eos
2379 1429 2603 1477 tantum
2636 1422 2735 1492 qui
2781 1423 3086 1475 salvantur.
3146 1424 3209 1475 Et
3244 1422 3396 1491 quod
3442 1422 3581 1475 dicit
3636 1424 3804 1488 Apo—

2093 1514 2272 1566 stolus
2309 1528 2319 1565 :
2361 1533 2381 1560 ι
2422 1511 2529 1575 Qui
2556 1511 2677 1563 vult
2708 1502 2907 1563 omnes
2929 1510 3194 1563 homines
3219 1511 3401 1562 salvos
3427 1510 3551 1563 fieri
3588 1512 3635 1576 (Ι
3663 1512 3801 1562 Tim.

2091 1619 2148 1668 ιι,
2222 1602 2291 1666 4),
2343 1620 2362 1647 ο
2434 1600 2563 1652 illos
2626 1598 2737 1652 dici
2799 1614 2996 1652 omnes
3061 1598 3159 1668 qui
3224 1599 3634 1651 tantummodo
3688 1597 3801 1649 sal-

2090 1694 2316 1743 vantur.

2162 1780 2212 1831 4.
2252 1801 2277 1827 ‹‹
2335 1777 2589 1833 Christus
2638 1793 2753 1830 non
2804 1776 2961 1830 venit
3010 1780 3071 1829 ut
3117 1792 3316 1829 omnes
3371 1775 3639 1842 salvaret,
3698 1790 3803 1827 nec

2092 1884 2291 1938 passus
2324 1872 2407 1920 est
2431 1882 2533 1936 pro
2564 1865 2853 1932 omnibus,
2889 1865 2997 1917 nisi
3028 1864 3393 1918 solummodo
3426 1880 3532 1934 pro
3566 1864 3663 1917 his
3694 1863 3797 1933 qui

2093 1955 2372 2026 passionis
2399 1955 2522 2025 ejus
2551 1954 2841 2007 salvantur
2872 1951 3161 2022 mysterio.

2166 2048 2214 2097 5.
2272 2064 2298 2093 ι(
2351 2044 2413 2096 Et
2459 2048 2761 2112 postquam
2812 2041 3032 2111 primus
3077 2041 3251 2094 homo
3306 2040 3490 2093 libero
3552 2040 3799 2093 arbitrio

2093 2133 2315 2199 cecidit,
2362 2147 2532 2185 nemo
2584 2135 2844 2183 nostrum
2877 2131 2944 2183 ad
2978 2130 3123 2183 bene
3168 2128 3478 2198 agendum,
3527 2129 3623 2182 sed
3670 2134 3798 2181 tan-

2090 2220 2388 2275 tummodo
2437 2219 2509 2273 ad
2566 2220 2712 2272 male
2756 2218 3045 2288 agendum
3088 2217 3269 2271 libero
3319 2221 3511 2286 potest
3570 2217 3659 2271 uti
3705 2233 3797 2270 ar-

2089 2309 2281 2363 bitrio.
2315 2331 2341 2357 ››

2783 2410 3094 2449 RESPONSIO.

2163 2488 2227 2540 Et
2258 2490 2461 2540 caetera
2492 2500 2620 2556 quae
2656 2485 2775 2554 jam
2808 2485 2876 2538 de
2910 2483 3032 2538 aliis
3081 2483 3221 2536 actis
3255 2482 3377 2552 ejus
3415 2497 3532 2535 non
3572 2482 3645 2535 de
3681 2481 3791 2534 do-

2090 2577 2287 2629 ctrinae
2333 2580 2529 2628 tenore
2586 2573 2931 2643 exsequitur.
2985 2582 3006 2607 ⁸
3058 2572 3169 2624 Hoc
3213 2570 3406 2639 itaque
3451 2569 3616 2623 nobis
3662 2570 3793 2623 licet

2091 2682 2155 2718 ex
2203 2668 2362 2734 parte
2395 2662 2731 2716 incredibile
2771 2661 3053 2726 videatur,
3108 2658 3260 2729 quod
3299 2657 3561 2711 videlicet
3609 2658 3791 2727 genti-

2091 2754 2196 2807 bus
2245 2751 2643 2823 ignorantibus
2692 2749 2998 2803 Dominum
3044 2747 3379 2817 praedicans,
3437 2746 3790 2815 praetermit-

2090 2847 2210 2895 tere
2242 2840 2511 2911 potuerit,
2546 2846 2610 2891 ut
2642 2855 2757 2891 non
2788 2854 2885 2890 eos
2916 2836 3103 2907 primo
3127 2835 3387 2888 omnium
3412 2834 3480 2888 ad
3512 2834 3790 2903 pmniten-

2089 2930 2227 2984 tiam
2260 2933 2614 3000 provocaret,
2666 2943 2767 2979 nec
2810 2926 2891 2978 eis
2923 2925 3072 2978 inter
3103 2928 3423 2976 creaturam
3456 2928 3513 2976 et
3560 2923 3785 2976 Creato-

2090 3035 2209 3071 rem
2272 3016 2686 3071 rationabiliter
2732 3015 3055 3068 discernere
3109 3012 3499 3082 persuaderet,
3553 3017 3618 3064 ut
3667 3012 3785 3079 jam

2090 3124 2201 3161 non
2252 3107 2522 3169 colerent,
2560 3126 2586 3153 «
2623 3120 2807 3173 neque
2840 3102 3115 3155 servirent
3147 3106 3424 3154 creatura:
3462 3122 3486 3145 n
3524 3116 3625 3169 per
3655 3100 3780 3151 ido-

2089 3194 2331 3249 lolatria:
2378 3209 2651 3259 errorem,
2689 3213 2715 3240 ‹‹
2754 3191 2851 3244 sed
2885 3190 3075 3261 potius
3108 3188 3383 3253 Creatori,
3435 3188 3535 3258 qui
3567 3193 3653 3241 est
3684 3188 3780 3240 be-

2090 3283 2351 3337 nedictus
2404 3282 2464 3335 in
2498 3281 2704 3334 saecula
2753 3278 2920 3349 (Rom.
2964 3294 3001 3339 ι,
3056 3279 3173 3344 25);
3223 3296 3249 3326 »
3284 3276 3382 3329 sed
3434 3276 3780 3344 quaestiones

2090 3372 2191 3437 eis,
2225 3372 2396 3424 etiam
2426 3369 2691 3423 fidelibus
2735 3372 2791 3420 et
2819 3366 3000 3420 doctis
3036 3365 3427 3430 difﬁcillimas,
3474 3364 3543 3417 de
3578 3364 3782 3417 divinis

2084 3460 2317 3531 judiciis
2367 3464 2422 3512 et
2455 3455 2971 3528 praedestinationis
3021 3470 3085 3508 ac
3116 3453 3532 3522 redemptionis
3582 3458 3781 3521 myste-

2087 3549 2175 3603 rio
2226 3545 2589 3617 proposuerit
2633 3560 2645 3597 :
2682 3550 2879 3598 tamen
2924 3542 3432 3613 praetermittentes
3478 3542 3654 3612 hujus
3706 3540 3782 3593 rei

2088 3642 2205 3692 tam
2251 3635 2554 3689 absurdam
2606 3638 2662 3687 et
2708 3634 3081 3701 incongruam
3141 3629 3543 3699 ohjectionem,
3606 3628 3781 3699 magis

2088 3725 2373 3780 credimus
2420 3723 2570 3776 inter
2598 3721 2794 3776 fideles
2836 3722 2925 3774 vel
2969 3720 3139 3773 etiam
3178 3718 3504 3772 sacerdotes
3552 3718 3779 3771 illarum

2088 3813 2339 3885 partium
2380 3812 2516 3866 talia
2548 3826 2776 3865 movere
2818 3814 2872 3863 et
2904 3824 3218 3879 proponere
3265 3808 3541 3877 potuisse,
3577 3807 3783 3876 quibus

2091 3918 2430 3974 magnarum
2489 3906 2545 3955 et
2604 3915 2879 3953 novarum
2926 3914 3121 3951 rerum
3171 3898 3327 3951 velut
3377 3913 3557 3949 novus
3615 3901 3781 3965 atque

2087 3991 2458 4047 admirandus
2505 3989 2841 4059 praedicator
2892 3986 3334 4051 existimaretur,
3389 4001 3563 4055 quam
3611 3989 3780 4037 tanta:

2088 4096 2219 4134 eum
2278 4078 2559 4133 fatuitatis
2604 4083 2659 4130 ct
2704 4075 2959 4129 stultitia:
3008 4074 3310 4139 exstitisse,
3355 4079 3415 4125 ut
3467 4073 3779 4141 imputetur

2089 4165 2350 4220 omnium
2398 4180 2590 4218 rerum
2624 4163 2945 4216 divinarum
2991 4160 3221 4232 penitus
3268 4159 3486 4229 ignaris
3520 4164 3635 4211 tam
3672 4160 3778 4211 im-

2086 4259 2329 4325 portune
2376 4258 2431 4306 et
2463 4256 2808 4322 praepostere
2837 4250 2976 4303 talia
3012 4248 3340 4319 ingessisse,
3389 4247 3597 4316 quibus
3633 4245 3775 4315 apud

281 4336 552 4403 Joannes,
596 4336 696 4407 qui
727 4336 871 4390 dixit
903 4353 914 4389 :
952 4360 972 4384 ι
1023 4338 1421 4392 Paenitentiam
1462 4340 1611 4409 agite
1661 4342 1975 4411 appropin-
2018 4344 2183 4397 Deos
2231 4358 2348 4395 non
2403 4340 2739 4407 audiendUs,
2797 4339 2894 4392 sed
2952 4337 3144 4406 potius
3202 4335 3430 4407 penitus
3484 4336 3777 4397 ridendus,

284 4448 310 4475 ››
348 4425 544 4496 quavit
584 4425 740 4479 enim
771 4441 1013 4496 regnum
1045 4427 1316 4480 caelorum
1352 4430 1569 4495 (Matth.
1605 4446 1686 4497 ιιι,
1722 4433 1804 4496 2);
1859 4451 1885 4481 ››
1918 4436 1976 4484 et

2084 4436 2140 4485 et
2171 4431 2239 4484 ab
2270 4428 2529 4483 omnium
2560 4429 2795 4481 auribus
2827 4424 3492 4495 arcendusjudicaretur.

1347 4552 1546 4608 ΝΟΤίΕ
1589 4554 1913 4608 DUVALLII
1957 4556 2299 4612 DOCTORIS
2336 4554 2724 4610 SORBONICI.

355 4658 379 4681 ι
411 4646 812 4717 Lugdunensis
838 4645 1106 4719 Ecclesia
1152 4648 1320 4702 hacce
1370 4648 1758 4718 disputatione
1788 4655 1981 4719 patro-

282 4718 498 4772 cinium
530 4718 905 4772 Gotteschalci
932 4718 1157 4771 videtur
1178 4718 1485 4788 suscipere,
1521 4721 1652 4773 licet
1676 4718 1808 4773 eum
1842 4738 1982 4787 prae-

283 4795 707 4857 sumptuosum,
742 4789 1083 4842 insolentem
1119 4793 1174 4841 et
1214 4789 1593 4844 miserabilem
1633 4792 1981 4846 monachum

283 4860 551 4929 appellet.
599 4862 1120 4927 Praesumptuosum
1158 4862 1389 4929 quidem
1419 4862 1569 4931 quod
1605 4864 1773 4926 ultro,
1809 4864 1863 4915 id
1898 4869 1982 4916 est

280 4930 559 4984 renitente
602 4931 822 4996 abbate,
876 4931 1295 5000 praedicationis
1322 4930 1575 4985 officium
1606 4933 1676 4985 ad
1720 4932 1980 4987 inﬁdeles

286 5004 618 5070 susceperit,
668 5006 865 5055 contra
911 5001 1061 5071 quod
1101 5002 1238 5055 dicit
1286 5004 1634 5071 Apostolus:
1673 5005 1850 5057 Nemo
1888 5020 1974 5057 as-

284 5078 472 5125 sumat
502 5072 607 5125 sibi
638 5072 919 5125 honorem
951 5073 1063 5125 nisi
1093 5078 1323 5125 vocetur
1353 5091 1385 5127 a
1414 5075 1528 5127 Deo
1562 5080 1834 5143 tanquam
1864 5077 1977 5128 Aa-

284 5159 423 5212 ron;
473 5148 529 5196 et
564 5160 575 5196 :
609 5142 905 5207 Quomodo
954 5143 1345 5212 praedicabunt
1389 5145 1493 5197 nisi
1538 5142 1841 5198 mittantur
1874 5161 1887 5198 :
1925 5150 1980 5198 et

284 5214 400 5267 haec
432 5214 617 5284 prima
644 5214 780 5267 mali
812 5213 965 5266 illius
994 5214 1168 5278 labes,
1203 5214 1318 5267 imo
1352 5216 1528 5268 Lerna
1559 5217 1816 5269 omnium
1850 5232 1979 5268 suo-

282 5300 407 5337 rum
454 5286 755 5338 malorum.
790 5285 1131 5337 lnsoleutem
1180 5302 1309 5338 vero
1358 5285 1500 5339 forte
1537 5288 1687 5356 quod
1739 5304 1839 5339 sua
1868 5286 1976 5340 do-

285 5359 494 5426 gmata,
546 5356 623 5426 ab,
647 5356 913 5408 omnibus
958 5357 1073 5407 fere
1122 5356 1449 5409 doctoribus
1478 5373 1545 5409 eo
1584 5363 1843 5426 tempore
1887 5373 1975 5410 re-

282 5425 539 5493 probate,
574 5425 818 5478 nimium
848 5426 1109 5493 jactaret,
1137 5432 1191 5479 et
1225 5426 1283 5479 in
1319 5428 1520 5495 vulgus
1542 5425 1810 5481 insolenti
1842 5444 1977 5496 qua-

283 5496 413 5547 dam
448 5496 761 5547 ambitione
807 5502 863 5547 et
907 5512 1033 5548 cum
1073 5496 1317 5549 maximo
1349 5498 1525 5550 totius
1551 5499 1813 5551 Ecclesiae
1845 5499 1972 5551 Gal-

284 5566 480 5616 licamr
546 5565 887 5615 detrimento
956 5566 1370 5620 (lisscminaret.
1446 5568 1819 5621 Miserabilem
1873 5568 1971 5621 do-

287 5651 466 5703 mum,
508 5634 659 5703 quod
693 5634 931 5701 flagellis
961 5636 1161 5689 tandiu
1200 5637 1371 5689 fuerit
1408 5636 1763 5704 dilaceratus,
1794 5639 1975 5692 donec

2090 4668 2326 4705 accenso
2358 4651 2504 4704 circa
2536 4666 2592 4703 se
2627 4650 2758 4718 igne
2802 4648 3059 4701 libellum
3108 4662 3272 4699 suum
3314 4644 3561 4715 propriis
3600 4644 3775 4718 mani-

2092 4723 2196 4775 bus
2230 4722 2288 4775 in
2338 4724 2597 4775 ﬂammas
2627 4716 2950 4792 projicere‘t,
2983 4724 3037 4792 et
3076 4723 3290 4792 aeterno
3322 4718 3476 4792 velut
3519 4716 3777 4792 incendio

2091 4798 2499 4847 concremaret.
2538 4794 2597 4845 In
2626 4787 2743 4844 hoc
2763 4788 3027 4858 supplicii
3054 4804 3235 4855 genus
3265 4787 3553 4858 invehitur
3584 4787 3777 4855 praeci-

2090 4880 2203 4934 pue
2250 4863 2493 4917 Ecclesia
2524 4857 2918 4929 Lugdunensis
2948 4875 3074 4934 cum
3122 4858 3374 4934 singulas
3419 4857 3542 4934 ejus
3572 4872 3777 4934 pi'OpO:

2091 4927 2345 4997 sitiones,
2379 4934 2544 4987 unica
2580 4927 2811 4999 dempta
2839 4947 2965 5000 quae
2998 4933 3080 4983 est
3111 4929 3180 5000 de
3212 4928 3389 4981 libero
3424 4928 3687 5000 arbitrio.
3720 4927 3778 5000 ad

2090 5006 2248 5074 pium
2298 5010 2353 5057 et
2382 4998 2727 5058 catholicum
2763 4998 2993 5074 sensum
3040 4998 3287 5074 benigna
3315 5003 3370 5051 et
3412 4998 3569 5074 suavi
3605 4998 3776 5074 expli-

2089 5069 2313 5130 catione
2362 5076 2555 5129 reduci
2582 5089 2743 5142 posse
2775 5073 3040 5143 affirmet.
3073 5069 3249 5143 AUnde
3286 5085 3398 5143 non
3447 5069 3779 5143 simpliciter

2088 5148 2277 5216 arguit
2306 5147 2457 5216 quod
2484 5146 2541 5198 in
2573 5140 2707 5197 eum
2739 5143 2911 5216 virgis
2942 5140 3612 5216 fueritapimadversum
3640 5140 3772 5207 (cer-

2087 5210 2210 5271 tuin
2250 5210 2341 5269 est
2362 5217 2517 5270 enim
2542 5215 2669 5284 jure
2697 5210 2913 5283 optimo
2944 5210 3137 5284 puniri
3183 5210 3503 5284 haereticos
3523 5218 3580 5284 et
3608 5227 3775 5284 nova-

2089 5294 2256 5352 tores,
2310 5281 2593 5358 siquidem
2645 5281 2761 5337 non
2820 5284 3009 5358 minus
3058 5281 3387 5358 reipublicae
3422 5281 3773 5358 Christiana:

2085 5350 2397 5429 perniciosi
2460 5362 2591 5411 sunt
2647 5371 2819 5429 quam
2867 5354 2963 5429 alii
3030 5352 3635 5429 quilibetgscelerati),
3689 5350 3772 5429 sed

2086 5422 2237 5499 quod
2285 5432 2407 5496 ejus
2454 5422 2882 5499 propositiones
2921 5424 3170 5499 benigne
3219 5422 3773 5499 potiusdebuissent

2082 5492 2364 5569 explicare
2415 5492 2637 5569 prmlati
2683 5496 2836 5550 illius
2883 5494 3160 5565 temporis
3191 5508 3364 5564 quam
3415 5492 3476 5546 in
3526 5509 3660 5547 eum
3708 5494 3773 5546 ita

2084 5588 2298 5623 Sﬂ’Vll‘e.
