3868 6228
39 316 142 366 1'89

1272 316 1474 370 LIBER
1518 318 1608 372 DE
1651 318 1906 375 TRIBUS
1945 319 2317 374 EPISTOLIS.

3463 320 3564 373 990

106 451 191 504 De
245 451 511 521 praefatis
558 456 750 507 autem
799 452 1054 524 quinque
1104 452 1420 514 sententiis,
1473 468 1615 522 quas
1659 452 1746 505 vel
1786 452 1834 508 A
1864 452 2070 506 humili
2122 453 2393 507 exaltasse
2436 457 2492 508 et
2538 470 2604 509 ex
2635 454 2793 509 arida
2835 454 3197 508 frondentem
3229 454 3448 519 fecisse,
3484 456 3562 508 ita

34 539 393 607 praedicasse
443 540 674 607 dicitur,
726 542 811 595 vel
867 540 1039 594 etiam
1082 540 1142 593 in
1185 540 1457 601 conciliis,
1504 542 1604 594 ubi
1648 558 1756 594 au-

38 627 299 681 diendus
339 644 406 682 ac
457 629 854 699 dijudicandus
902 628 1183 682 admissus
1233 634 1315 682 est
1366 630 1752 699 proposuisse,

40 732 97 768 ac
144 716 490 783 defendere,
528 734 592 771 ac
632 716 971 771 conﬁrmare
1003 717 1246 771 voluisse
1280 718 1568 783 asseritur,
1617 717 1753 787 quid

39 808 260 858 nostra:
315 806 624 873 pusillitati
657 806 817 876 juxta
862 806 1141 860 rationem
1184 822 1332 859 verae
1366 806 1519 871 ﬁdei,
1567 806 1756 859 divina

38 892 373 961 inspirante
409 894 643 962 pietate,
695 894 976 963 videatur,
1010 912 1126 948 non
1158 895 1440 964 praecipiti
1470 901 1526 948 et
1552 896 1755 947 incon-

36 981 301 1033 siderata
351 982 721 1036 festinatione
766 988 981 1036 temere
1020 983 1237 1053 aliquid
1287 983 1571 1036 credimus
1616 982 1752 1035 deﬁ-

38 1070 355 1134 niendum,
402 1072 499 1124 sed
537 1073 693 1124 omni
731 1088 863 1124 cura
892 1071 1140 1140 pietatis,
1178 1072 1537 1124 devotissimo
1564 1071 1753 1124 studio

37 1157 417 1212 invenienda:
472 1176 537 1213 ac
582 1161 843 1213 tenendae
894 1160 1143 1213 veritatis
1190 1160 1437 1214 ﬁdeliter
1486 1176 1751 1229 quaeren-

38 1244 198 1311 dum,
254 1253 317 1300 et
363 1249 737 1318 pulsandum,
772 1253 941 1318 atque
980 1248 1337 1317 petendum:
1393 1254 1453 1302 ut
1503 1264 1615 1301 non
1647 1249 1751 1301 hu-

39 1350 216 1387 mano
270 1351 491 1403 errore,
550 1339 707 1407 quod
764 1337 923 1391 nobis
967 1337 1213 1401 videtur,
1262 1337 1357 1389 sed
1418 1337 1569 1405 quod
1632 1337 1754 1406 ipsa

36 1423 255 1476 veritas
306 1425 645 1490 ostenderit,
692 1431 913 1479 remota
941 1425 1097 1478 omni
1129 1425 1491 1478 animositate
1522 1430 1579 1478 et
1612 1442 1754 1479 con-

40 1512 332 1577 tentione,
364 1513 615 1567 ﬁdeliter
645 1520 814 1583 atque
851 1514 1200 1567 unanimiter
1228 1530 1556 1583 sequamur.
1593 1514 1751 1577 Quod

40 1606 117 1657 ut,
158 1599 520 1669 inquantum
568 1603 681 1655 Deo
725 1603 1027 1671 adjuvante
1076 1618 1397 1671 possumus,
1447 1602 1755 1671 diligenter

42 1695 93 1739 et
143 1687 408 1742 ﬁdeliter
456 1691 632 1758 possit
680 1690 822 1753 ﬁeri,
874 1691 1013 1743 illud
1046 1691 1229 1760 primo
1270 1691 1329 1743 in
1386 1692 1509 1743 loco
1541 1707 1755 1759 ponen-

40 1775 201 1841 dum,
260 1782 317 1830 et
347 1777 765 1844 vehementius,
799 1785 969 1848 prout
1001 1795 1153 1832 nunc
1180 1779 1508 1848 pusillitatis
1544 1785 1751 1833 nostrae

44 1866 347 1919 memoria:
379 1868 628 1920 occurrit
652 1868 954 1934 credimus,
983 1868 1525 1931 commendandum,
1564 1890 1590 1917 «
1624 1885 1752 1938 sep-

42 1958 157 2005 tem
191 1954 478 2022 quasdam
512 1972 635 2009 esse
670 1958 895 2025 regulas
927 1956 1061 2009 ﬁdei
1091 1976 1116 2005 »
1154 1973 1216 2009 ex
1245 1957 1570 2011 divinarum
1605 1958 1751 2011 Scri-

44 2046 353 2111 pturarum
386 2046 727 2098 auctoritate
762 2045 1108 2109 evenientes,
1161 2052 1216 2098 et
1259 2064 1291 2099 a
1339 2047 1543 2099 sanctis
1584 2051 1753 2117 atque

48 2129 388 2182 orthodoxis
434 2131 698 2184 Patribus
727 2131 1161 2201 diligentissime
1195 2134 1635 2198 commendatas,
1684 2134 1752 2186 de

46 2216 410 2285 praescientia
441 2218 658 2271 scilicet
687 2223 742 2271 et
763 2220 1263 2288 praedestinatione
1293 2220 1502 2286 divina,
1536 2238 1675 2291 quas
1699 2226 1754 2275 et

50 2304 367 2359 catholicus
403 2307 650 2377 quisque
682 2308 1011 2361 ﬁdelissime
1056 2313 1250 2362 tenere
1279 2309 1500 2376 debeat,
1535 2314 1591 2363 et
1623 2309 1750 2378 qui-

50 2408 271 2462 cunque
337 2393 426 2446 his
493 2395 780 2449 contraria
840 2396 987 2465 sapit
1033 2413 1149 2451 non
1198 2396 1471 2450 catholice
1541 2397 1751 2450 sentire

52 2496 169 2534 com
177 2482 477 2550 probetur.

728 2554 952 2609 CAPUT
1008 2556 1072 2608 Il.

688 2659 896 2697 REGULA
940 2660 1115 2697 PRIMA.

188 2750 539 2802 Prmscientia
571 2754 619 2802 et
647 2750 1053 2818 pravilestinatio
1084 2753 1178 2805 Dei
1215 2753 1535 2819 sempiterna
1560 2757 1610 2804 et

660 2822 1135 2875 incommutabilis.

120 2925 338 2978 [larum
373 2940 511 2994 ergo
533 2926 719 2994 prima
738 2931 821 2979 est
840 2931 901 2980 ut
919 2927 1153 2980 omnino
1177 2928 1502 2982 ﬁrmissime
1526 2946 1589 2983 ac
1614 2930 1751 2983 ﬁde-

58 3011 263 3065 lissime
314 3019 616 3066 teneamus
652 3037 670 3061 α

57 3103 309 3169 tempore
360 3102 678 3171 praescierit
743 3104 829 3157 vel
875 3104 1405 3174 prmdestinaverit:
1455 3106 1549 3159 sed
1605 3106 1750 3159 sicut

56 3190 165 3256 ipse
197 3190 419 3260 absque
445 3191 562 3243 ullo
590 3191 755 3245 initio
778 3197 1023 3247 mternus
1056 3200 1112 3246 et
1134 3193 1618 3248 incommutabilis
1641 3200 1746 3263 est,

55 3276 125 3329 ita
157 3283 212 3332 et
246 3280 373 3347 ejus
408 3280 785 3348 praescientia,
808 3298 883 3355 ac
922 3281 1344 3352 prmdestinatio
1376 3284 1744 3351 sempiterna,

52 3370 215 3435 atque
278 3368 771 3421 incommutabilis
814 3369 908 3424 sit.
963 3391 984 3418 ι
1048 3370 1215 3423 Nulla
1254 3369 1407 3423 enim
1454 3371 1567 3423 Deo
1603 3386 1748 3424 nova

54 3455 331 3519 voluntas,
407 3455 629 3509 nullum
706 3474 917 3511 novum
981 3458 1307 3525 consilium,
1370 3458 1527 3512 nulla
1600 3476 1746 3512 nova

51 3542 366 3611 dispositio,
403 3544 626 3597 nullum
657 3561 867 3599 novum
896 3546 1199 3616 judicium,
1236 3546 1397 3617 quasi
1426 3562 1491 3599 ex
1524 3552 1742 3601 aeterno

54 3633 190 3699 apud
236 3631 432 3700 ipsum
484 3638 539 3685 et
582 3632 639 3686 in
673 3634 796 3703 ipso
848 3650 963 3687 non
998 3634 1189 3701 fuerit,
1236 3634 1335 3687 sed
1374 3634 1744 3703 postmodum

53 3734 157 3771 esse
201 3720 461 3788 coeperit.
518 3721 670 3774 Nihil
704 3737 949 3793 namque
982 3723 1106 3791 ejus
1150 3723 1435 3777 divinitati
1468 3728 1547 3776 est
1597 3723 1741 3776 acci-

55 3805 201 3873 dens,
240 3806 387 3860 nihil
440 3807 498 3860 in
548 3808 670 3877 ejus
700 3808 911 3862 deitate
943 3814 1129 3878 potest
1159 3810 1381 3879 augeri,
1415 3810 1502 3863 vel
1538 3810 1741 3875 minui,

55 3900 139 3947 aut
170 3896 405 3948 mutari.
462 3896 523 3949 Et
568 3896 696 3949 ideo
750 3897 1029 3967 quidquid
1061 3898 1363 3968 praescivit,
1398 3899 1745 3952 eeternaliter

54 3983 357 4050 praescivit;
424 3984 705 4053 quidquid
779 3985 1227 4054 praedestinavit,
1296 3987 1493 4055 procul
1566 3986 1740 4041 dubio

56 4073 398 4125 eternaliter
443 4073 888 4142 praedestinavit.
944 4074 1029 4127 Ad
1078 4074 1223 4128 hanc
1255 4076 1427 4128 ﬁdem
1459 4091 1560 4128 nos
1591 4075 1739 4130 Scri-

55 4166 211 4226 ptura
242 4161 449 4214 Sancta
478 4161 708 4214 instruit
738 4166 907 4232 atque
940 4162 1230 4229 informat,
1266 4164 1492 4217 dicens:
1531 4183 1556 4213 ‹‹
1596 4164 1741 4217 Deus

56 4254 275 4312 aeterne,
311 4248 412 4318 qui
444 4250 799 4303 occultorum
842 4265 904 4304 es
953 4250 1230 4320 cognitor,
1274 4251 1373 4321 qui
1432 4252 1578 4304 nosti
1611 4267 1739 4304 om-

56 4336 135 4389 nia
168 4343 484 4407 antequam
522 4338 661 4390 ﬁant
696 4338 857 4407 (Dan.
902 4356 1018 4405 xm,
1073 4338 1180 4408 42).
1231 4360 1251 4387 ι
1303 4340 1369 4393 Et
1400 4338 1519 4409 ipse
1553 4340 1736 4395 omni-

56 4432 245 4490 potens
272 4425 423 4478 Dens
456 4439 587 4477 cum
619 4426 687 4478 de
719 4440 775 4477 se
806 4424 931 4494 ipso
972 4430 1214 4478 testatur
1256 4431 1311 4478 et
1340 4425 1471 4479 dicit
1498 4443 1509 4478 :
1546 4447 1571 4475 «κ
1624 4428 1739 4495 Ego

55 4511 191 4565 enim
228 4511 530 4577 Dominus,
565 4516 622 4564 et
649 4528 765 4565 non
795 4518 988 4565 mutor
1025 4514 1173 4582 (Mal.
1217 4531 1296 4581 ιιι,
1332 4516 1408 4581 6).
1443 4536 1463 4561 ι
1504 4515 1569 4568 Et
1598 4514 1743 4568 hanc

57 4598 566 4666 praedestinationis
597 4616 710 4653 suae
743 4600 1126 4655 aeternitatem
1160 4602 1330 4655 etiam
1356 4602 1467 4655 alio
1500 4603 1622 4655 loco
1640 4619 1744 4672 per

58 4690 388 4759 prophetam
420 4688 692 4754 ostendit,
726 4688 957 4742 dicens:
999 4708 1025 4740 ‹‹
1062 4690 1179 4759 Ego
1210 4690 1488 4744 Dominus
1522 4692 1741 4744 locutus

60 4788 188 4840 sum,
220 4779 279 4828 et
309 4773 418 4827 feci
450 4774 661 4843 (Ezech.
692 4791 827 4841 xvn,
860 4776 974 4843 24),
1011 4796 1037 4826 ››
1071 4776 1129 4830 id
1164 4781 1248 4831 est
1278 4777 1431 4847 quod
1467 4794 1616 4831 nunc
1641 4794 1744 4847 per

59 4863 382 4932 prophetam
435 4884 461 4911 «
520 4864 740 4916 locutus
773 4880 923 4926 sum,
956 4886 983 4911 υ
1036 4864 1203 4935 longe
1238 4870 1432 4935 postea
1462 4882 1565 4919 suo
1598 4870 1741 4920 tem-

62 4965 176 5015 pore
203 4951 493 5005 facturum
523 4951 584 5004 in
611 4966 703 5004 me
728 4953 1247 5021 praedestinationis
1279 4953 1597 5008 mternitate
1620 4955 1740 5023 jam

65 5039 227 5105 -feci,
276 5062 305 5088 »
363 5055 469 5093 nec
501 5040 654 5110 apud
684 5056 776 5093 me
825 5040 1008 5095 adhuc
1056 5047 1416 5112 exspectatur
1460 5043 1737 5107 futurum,

58 5128 191 5193 quod
234 5128 293 5180 in
331 5143 456 5181 mea
496 5127 783 5182 immobili
815 5128 1189 5199 dispositione
1221 5136 1447 5185 constat
1473 5147 1593 5185 esse
1617 5131 1740 5201 jam

58 5213 267 5269 factum.
309 5217 378 5269 Ut
409 5221 606 5269 autem
650 5217 759 5269 hoc
789 5218 1158 5287 omnipotens
1193 5220 1339 5273 Deus
1371 5219 1604 5283 diceret,
1640 5237 1743 5290 per

59 5304 380 5373 prophetam
415 5304 777 5373 praemiserat
826 5322 993 5376 supra
1031 5308 1463 5361 similitudinem
1497 5309 1741 5362 duarum

60 5391 330 5457 arborum,
360 5392 420 5445 in
453 5391 641 5462 ﬁgura
661 5392 873 5447 scilicet
898 5395 1142 5447 duorum
1175 5397 1542 5465 pepulerum,
1574 5397 1631 5449 id
1660 5402 1744 5451 est

59 5478 363 5534 ludaaorum
418 5487 473 5533 et
521 5481 816 5550 gentium:
870 5498 1115 5552 quarum
1165 5499 1336 5536 unam
1386 5500 1443 5536 se
1490 5484 1626 5537 dicit
1676 5501 1739 5537 ex

63 5567 267 5623 sublimi
314 5568 656 5623 humiliasse
688 5573 741 5622 et
787 5585 854 5624 ex
901 5570 1070 5625 viridi
1102 5570 1355 5637 siccasse,
1388 5572 1627 5627 alteram
1674 5588 1739 5627 ex

728 3015 861 3084 quia
902 3015 1266 3085 omnipotens
1310 3019 1459 3070 lleus
1510 3018 1647 3070 nihil
1682 3033 1750 3071 ex
1792 3046 1831 3100 ε

1867 540 2095 595 dicens:
2133 562 2160 590 ¢
2192 542 2255 595 Et
2304 542 2480 596 scient
2526 543 2719 596 omnia
2756 543 2913 612 ligna
2959 543 3229 612 regionis,
3265 545 3400 615 quia
3449 560 3556 615 ego

1868 629 2145 683 Dominus
2212 630 2510 682 humiliavi
2584 632 2803 700 lignum
2876 631 3137 695 sublime,
3196 637 3252 685 et
3316 630 3557 685 exaltavi

1866 717 2087 786 lignum
2123 717 2377 771 humile:
2414 723 2468 770 et
2506 719 2703 771 siccavi
2748 719 2969 789 lignum
3000 720 3177 772 viride
3209 724 3263 773 et
3292 718 3555 772 frondere

1864 806 1967 860 feci
2027 806 2250 874 lignum
2319 806 2572 872 aridum;
2634 826 2661 858 ια
2721 813 2777 860 et
2829 808 3098 861 continuo
3166 809 3552 875 subjungens:

1870 915 1892 943 ι
1938 895 2052 962 Ego
2084 894 2357 947 Dominus
2380 894 2604 947 locutus
2627 911 2749 947 sum
2772 900 2826 947 et
2856 895 2963 948 feci
2994 897 3200 959 (Ezech.
3226 912 3356 957 xvu,
3384 898 3494 961 “24).
3523 914 3551 947 »

1863 981 1921 1034 Id
1943 988 2025 1034 est
2054 981 2207 1051 quod
2230 996 2383 1036 nunc
2404 997 2531 1034 sum
2556 997 2656 1051 per
2685 983 3027 1052 prophetam
3054 983 3295 1046 locutus,
3328 989 3382 1036 et
3404 984 3553 1053 quod

1862 1070 2017 1139 apud
2050 1070 2310 1123 homines
2342 1070 2529 1122 adhuc
2565 1087 2686 1122 sum
2714 1070 2986 1137 facturus,
3024 1070 3081 1124 in
3104 1074 3312 1123 aeterna
3336 1072 3552 1141 praede-

1864 1156 2165 1210 stinatione
2192 1156 2312 1225 jam
2355 1157 2494 1223 feci;
2531 1157 2790 1209 videlicet
2834 1162 3143 1227 utrumque
3194 1158 3265 1226 (id
3298 1164 3397 1217 est)
3452 1158 3555 1210 mi-

1863 1245 2249 1311 sericordiam,
2294 1249 2349 1298 et
2390 1245 2671 1314 judicium
2707 1260 2909 1312 suum;
2964 1250 3020 1298 et
3063 1245 3208 1297 sicut
3252 1246 3557 1314 Apostolus

1864 1333 2019 1400 dicit,
2059 1356 2078 1381 α
2132 1333 2447 1387 bonitatem
2498 1339 2552 1386 et
2583 1334 2942 1387 severitatem
2975 1352 3003 1385 ii
3039 1350 3198 1386 suam
3240 1332 3300 1385 in
3347 1333 3556 1386 utrius-

1862 1438 1974 1492 que
2006 1422 2203 1492 populi
2234 1423 2321 1475 vel
2354 1422 2691 1489 dejectione,
2726 1424 2809 1475 vel
2844 1422 3187 1476 exaltatione
3210 1422 3557 1475 aeternaliter

1862 1512 2267 1581 praedestinata
2298 1512 2618 1573 ostendens,
2650 1512 2810 1564 illum
2835 1512 2989 1581 justo
3011 1510 3228 1580 judicio
3266 1510 3552 1578 bumiliat,

1865 1606 1919 1653 et
1969 1599 2233 1652 arefacit:
2297 1599 2450 1653 hunc
2500 1606 2688 1651 autem
2747 1600 2995 1668 gratuita
3052 1596 3439 1651 misericordia
3492 1596 3551 1649 in

1864 1688 2072 1740 saecula
2103 1687 2310 1741 exaltat
2354 1695 2407 1739 et
2451 1688 2630 1740 virere
2678 1686 2828 1739 facit.
2873 1685 3028 1749 iQuid
3058 1700 3191 1754 ergo
3236 1683 3553 1738 evidentius

1865 1780 1921 1827 et
1964 1774 2270 1828 dilucidius
2320 1772 2387 1826 de
2423 1773 2723 1842 utriusque
2755 1771 2951 1841 partis,
2981 1772 3038 1824 id
3073 1777 3151 1824 est
3196 1775 3312 1824 tam
3346 1771 3551 1824 electo-

1866 1879 1992 1915 rum
2037 1879 2210 1933 quam
2262 1862 2639 1932 reproborum
2672 1860 3172 1930 praedestinatione
3223 1861 3404 1929 quaeri
3452 1875 3554 1929 po-

1864 1953 2010 2005 test?
2066 1952 2203 2005 Cum
2267 1956 2322 2005 et
2373 1951 2546 2003 unius
2602 1966 2702 2020 per
2754 1949 3153 2003 inﬁdelitatem
3201 1948 3455 2013 ariditas,
3498 1950 3553 2000 et

1863 2040 2093 2093 alterius
2168 2055 2271 2108 per
2335 2039 2512 2093 ﬁdem
2580 2038 2839 2091 viriditas
2900 2046 3114 2091 aeterno
3178 2036 3274 2090 llei
3328 2036 3550 2106 judicio

1863 2128 1922 2180 in
1986 2133 2201 2181 aeterna
2263 2127 2386 2196 ejus
2451 2126 2955 2196 praedestinatione
3022 2126 3343 2178 declaratur
3404 2140 3550 2194 prae-

1863 2216 2157 2270 destinata.
2235 2216 2365 2269 Tale
2425 2220 2512 2268 est
2583 2221 2639 2268 et
2696 2215 2835 2268 illud
2887 2214 3036 2284 apud
3100 2214 3366 2267 eumdem
3426 2213 3553 2265 Eze-

1861 2304 2005 2358 chiel
2039 2304 2375 2374 prephetam
2407 2308 2683 2374 quantum
2717 2304 2783 2356 ad
2816 2308 3035 2372 partem
3070 2301 3315 2372 pertinet
3347 2316 3551 2370 repro-

1860 2393 2086 2460 borum,
2139 2392 2237 2446 ubi
2278 2392 2537 2446 omnium
2571 2392 2881 2461 impiarum
2912 2392 3191 2461 gentium,
3240 2396 3296 2442 et
3334 2389 3549 2458 populo

1861 2482 1961 2535 Dei
2010 2481 2396 2547 inimicarum,
2446 2481 2501 2534 id
2549 2486 2632 2534 est
2670 2496 3045 2549 paganorum,
3093 2480 3445 2540 Iudaeorum,
3498 2483 3554 2531 et

1859 2571 2286 2636 hzereticorum,
2329 2574 2383 2622 et
2437 2570 2680 2622 maxime
2726 2568 3074 2632 Antichristi,
3131 2571 3187 2620 et
3218 2581 3419 2621 eorum
3449 2564 3551 2635 qui

1861 2675 1991 2712 cum
2041 2659 2138 2712 illo
2172 2657 2475 2712 Ecclesiani
2513 2658 2611 2711 Dei
2655 2657 3006 2728 persecuturi
3036 2661 3170 2709 sunt
3214 2656 3317 2708 sub
3364 2654 3551 2723 ﬁgura

1862 2749 1981 2816 Gog
2026 2752 2080 2799 et
2130 2747 2332 2816 Magog
2383 2752 2630 2799 aeternus
2680 2745 3099 2816 praenuntiatur
3147 2743 3447 2796 interitus:
3496 2746 3551 2794 et

1862 2836 2054 2888 statim
2083 2835 2363 2905 propheta
2411 2834 2722 2903 subjungit,
2770 2834 2992 2886 dicens:
3030 2851 3057 2882 ι(
3106 2832 3238 2885 Ecce
3284 2829 3459 2896 venit,
3492 2834 3550 2882 et

1859 2923 2072 2978 factum
2103 2928 2206 2987 est,
2252 2922 2330 2975 ait
2377 2923 2652 2977 Dominus
2703 2922 2848 2975 Deus
2898 2921 3124 2987 (,Ezech.
3176 2934 3353 2983 χχχιιι,
3405 2916 3481 2983 8),
3521 2936 3541 2963 ι

1861 3013 1918 3065 id
1950 3017 2034 3065 est
2059 3011 2209 3082 quod
2257 3012 2410 3081 apud
2458 3010 2720 3064 homines
2762 3015 2877 3063 tam
2910 3010 3082 3079 longo
3116 3013 3244 3077 post
3287 3012 3546 3075 tempore

1859 3105 1944 3153 est
1971 3103 2298 3165 venturum,
2356 3101 2412 3151 et
2460 3097 2609 3169 quod
2642 3103 2758 3151 tam
2790 3098 2960 3167 longo
3008 3101 3137 3166 post
3165 3101 3424 3164 tempore
3464 3098 3548 3146 est

1856 3190 2139 3257 futurum,
2182 3190 2333 3258 apud
2386 3205 2474 3242 me
2522 3188 2582 3241 in
2616 3192 2831 3241 (eterna
2876 3184 3398 3256 praadestinatione,
3435 3198 3549 3235 non

1855 3279 2040 3333 adhuc
2071 3283 2373 3331 venturum
2407 3282 2509 3343 est,
2543 3277 2637 3330 sed
2665 3277 2785 3346 jam
2829 3276 3002 3340 venit,
3050 3290 3154 3327 nec
3184 3274 3369 3327 adhuc
3400 3273 3548 3325 futu-

1854 3383 1982 3421 rum
2029 3371 2131 3431 est,
2181 3367 2280 3420 sed
2322 3368 2441 3435 jam
2486 3366 2697 3419 factum
2732 3369 2831 3430 est,
2885 3364 2992 3418 hoc
3040 3368 3097 3417 et
3146 3362 3442 3417 Psalmista
3486 3360 3547 3413 in

1854 3460 2156 3521 utramque
2190 3459 2408 3524 partem
2450 3459 2505 3507 et
2534 3455 2847 3507 electorum
2880 3452 3142 3505 videlicet
3173 3454 3229 3503 et
3272 3449 3546 3519 reprobo-

1854 3560 2001 3610 rum,
2033 3544 2089 3595 id
2122 3549 2204 3596 est
2233 3547 2447 3595 aeterno
2480 3543 2579 3595 Dei
2605 3541 2842 3611 judicio,
2872 3545 2927 3593 et
2958 3540 3087 3592 illos
3118 3537 3541 3604 misericordiae,

1853 3636 1910 3684 et
1940 3632 2075 3684 istos
2102 3630 2410 3700 perditioni
2440 3628 2874 3699 prmdestinatos
2896 3627 3221 3692 ostendens,
3256 3626 3542 3695 distincte,

1852 3726 1907 3773 et
1933 3719 2231 3773 manifeste
2279 3719 2348 3772 de
2399 3718 2590 3771 electis
2623 3717 2800 3771 dicit:
2846 3737 2867 3762 ι
2924 3715 3307 3770 Misericordia
3348 3719 3544 3768 autem

1852 3808 2083 3862 Domini
2109 3807 2177 3860 ab
2207 3812 2439 3871 mterno,
2464 3811 2519 3859 et
2542 3822 2720 3876 usque
2743 3805 2801 3858 in
2820 3810 3098 3859 aeternum
3132 3820 3304 3873 super
3333 3804 3542 3857 timen-

1850 3901 1934 3950 tes
1965 3912 2095 3950 eum
2130 3896 2298 3964 (Psal.
2341 3911 2434 3963 cn,
2484 3896 2600 3965 l7);
2634 3913 2662 3945 )›
2714 3894 2783 3947 de
2816 3891 3074 3962 reprobis
3102 3907 3232 3945 vero
3260 3908 3272 3945 :
3325 3912 3352 3942 (ι
3383 3892 3542 3955 Quo-

1851 3985 2006 4039 niam
2050 3986 2149 4055 qui
2176 3985 2448 4053 elongant
2476 4000 2553 4049 se,
2587 3983 2884 4053 iniquitate
2917 3981 3212 4051 peribunt;
3246 3979 3545 4050 perdidisti

1850 4091 2071 4142 omnes,
2124 4078 2223 4144 qui
2254 4074 2612 4127 fornicantur
2640 4073 2740 4126 abs
2790 4076 2846 4126 te
2896 4072 3077 4141 (Psal.
3128 4087 3297 4138 Lxxu,
3346 4070 3458 4129 27).
3514 4092 3540 4117 ››

1852 4163 1908 4217 ld
1945 4168 2028 4216 est
2062 4184 2083 4211 ι
2120 4163 2220 4233 qui
2250 4164 2520 4232 elongant
2562 4178 2619 4215 se
2667 4162 2767 4215 abs
2793 4167 2872 4230 te,
2911 4182 2931 4209 ιι
2976 4168 3258 4232 quantum
3288 4162 3357 4215 ad
3388 4160 3543 4231 ipsos

1850 4250 2117 4319 pertinet,
2151 4250 2335 4304 adhuc
2366 4267 2468 4304 suo
2506 4254 2784 4321 tempore,
2820 4250 3079 4303 videlicet
3109 4255 3363 4304 extremo
3388 4248 3545 4319 judi-

1782 4341 1822 4395 D
1854 4338 1937 4391 cio
1978 4337 2269 4407 peribunt.
2317 4338 2605 4402 Quantum
2638 4343 2829 4393 autem
2862 4340 2930 4391 ad
2983 4339 3545 4407 praedestinationem

1851 4426 2049 4487 aeterni
2084 4427 2289 4496 judicii
2333 4428 2438 4494 tui,
2472 4433 2531 4481 tu
2585 4444 2679 4481 eos
2713 4429 2832 4497 jam
2864 4427 3176 4496 perdidisti.
3226 4427 3384 4480 Hanc
3430 4425 3544 4479 im-

1853 4514 2227 4568 mobilitatem
2275 4515 2499 4569 consilii
2533 4521 2589 4569 et
2630 4516 2831 4586 judicii
2861 4516 3041 4569 divini
3071 4515 3233 4568 docet
3262 4530 3363 4566 nos
3392 4514 3544 4582 Apo-

1852 4604 2029 4656 stolus
2061 4603 2404 4674 intelligere,
2452 4603 2548 4658 ubi
2571 4604 2965 4673 juramentum
3007 4602 3105 4656 Dei
3136 4601 3538 4672 interponitur.

1851 4692 2006 4746 Sicut
2037 4692 2181 4745 illud
2231 4698 2314 4745 est
2352 4693 2507 4763 quod
2546 4693 2616 4746 de
2666 4690 2991 4745 heeredibus
3022 4690 3152 4743 ﬁdei
3198 4690 3434 4743 Abrahae
3471 4688 3544 4742 ad

1850 4780 2041 4850 ipsum
2108 4780 2397 4835 Abraham
2461 4780 2683 4849 jurasse
2757 4796 2889 4833 eum
2959 4778 3245 4849 explanat,
3318 4777 3539 4832 dicens:

1857 4890 1877 4917 ι
1922 4869 2168 4923 Abrahae
2204 4884 2451 4938 namque
2478 4867 2819 4938 promittens
2850 4868 3015 4932 Deus,
3055 4867 3325 4935 quoniam
3358 4866 3541 4919 nemi-

1852 4972 1981 5009 nem
2035 4956 2256 5021 habuit,
2310 4972 2413 5025 per
2477 4972 2648 5026 quem
2702 4956 2925 5024 juraret
2976 4957 3274 5025 majorem,
3328 4956 3545 5024 juravit

1850 5059 1954 5114 per
2012 5043 2405 5114 semetipsum,
2458 5044 2686 5097 dicens:
2744 5044 2862 5097 Nisi
2916 5044 3258 5099 benedicens
3304 5041 3541 5096 benedi-

1850 5148 1974 5186 cam
2006 5131 2112 5186 tibi
2156 5136 2210 5184 et
2241 5132 2631 5201 multiplicans
2676 5132 3071 5201 multiplicabo
3122 5132 3215 5183 te?
3246 5131 3429 5198 (Hebr.
3465 5146 3539 5196 vi,

1856 5223 1937 5285 l3,
1994 5221 2082 5288 t4;
2136 5220 2265 5275 Gen.
2314 5235 2443 5286 χχιι,
2498 5220 2725 5289 16,17.)
2778 5242 2804 5267 ››
2860 5221 2926 5274 Et
2976 5220 3145 5289 paulo
3197 5224 3353 5288 post:
3408 5241 3430 5267 ι
3478 5220 3543 5273 In

1850 5325 1962 5379 quo
2018 5308 2425 5375 abundantius,
2487 5308 2697 5379 inquit,
2761 5310 2955 5363 volens
3026 5310 3172 5363 Deus
3240 5308 3541 5362 ostendere
3642 5314 3653 5321 “

1848 5396 2277 5467 pollicitationis
2372 5398 2693 5451 haeredibus
2771 5397 3232 5451 immobilitatem
3320 5397 3544 5451 consilii

1850 5484 1936 5539 sui
1995 5484 2337 5555 interposuit
2374 5486 2775 5557 jusjurandum
2831 5493 2889 5540 ut
2942 5502 3042 5555 per
3086 5485 3226 5539 duas
3276 5487 3545 5555 res,qui-

1848 5573 1954 5627 bus
1983 5573 2340 5646 impossibile
2372 5579 2460 5630 est
2499 5574 2734 5630 mentiri
2768 5576 2968 5642 Deum,
2998 5573 3369 5628 fortissimum
3407 5575 3553 5631 sola-
