3884 6218
342 314 433 363 991
1472 308 1525 361 S.
1571 307 1844 363 REMIGII
1887 308 2353 364 LUGDUNENSIS
2396 306 2700 362 EPISCOPI
3743 310 3819 361 092

341 446 484 499 tium
531 445 860 508 habeamus,
894 443 995 513 qui
1030 443 1396 513 confugimus
1442 443 1509 496 ad
1545 444 1849 496 tenendam
1892 460 2025 513 pro-
2067 443 2223 497 Asui
2280 443 2537 512 pcenitet,
2564 442 2723 512 cujus
2770 447 2856 496 est
2903 442 3171 496 omnibus
3225 443 3467 496 omnino
3521 442 3695 495 rebus
3733 448 3822 495 tam

342 534 584 603 positam
615 531 780 585 nobis
824 547 985 599 spem
1018 532 1199 599 (Hebr.
1234 548 1305 596 γι,
1356 534 1435 595 l7,
1478 534 1584 599 l8).
1630 552 1655 580 »
1701 531 1856 584 Sicut
1896 548 2033 601 ergo

341 621 401 674 in
432 628 590 690 parte
618 620 950 684 electorum,
986 619 1084 689 qui
1122 625 1253 672 sunt
1286 619 1492 672 divinm
1526 621 1948 689 pollicitationis
1981 625 2036 673 et

343 707 736 779 promissionis
780 708 1059 775 haeredes,
1100 724 1203 777 per
1229 708 1635 777 jusjurandum
1678 709 1855 761 voluit
1889 712 2035 762 Deus

340 796 636 850 ostendere
685 796 1155 849 immobilitatem
1202 796 1425 849 consilii
1459 798 1566 859 sui,
1604 798 1657 849 id
1716 804 1801 850 est
1830 798 2036 850 immu-

339 885 572 938 tabilem
606 885 1044 954 dispositionem
1078 889 1306 938 aeterna:
1356 886 1875 954 prazdestinationis
1916 903 2033 939 sum

335 973 495 1043 juxta
517 975 937 1044 expositionem
972 974 1247 1045 Apostoli,
1282 974 1358 1026 ita
1387 980 1443 1026 et
1480 974 1535 1026 in
1572 979 1729 1043 parte
1761 975 2036 1045 reprobo-

336 1068 490 1127 rum,
525 1062 625 1116 ubi
657 1063 1043 1133 interponitur
1089 1063 1494 1132 jusjurandum
1532 1063 1650 1126 Dei,
1686 1064 1827 1116 nihil
1878 1064 2033 1117 aliud

341 1152 663 1205 ostenditur
737 1152 848 1205 nisi
923 1151 1297 1204 immobilitas
1361 1157 1531 1220 atque
1597 1151 2035 1206 immutabilitas

341 1241 543 1293 aeterni
582 1240 806 1294 consilii
857 1246 913 1293 et
950 1241 1468 1309 praadestinationis
1515 1241 1638 1309 ejus
1686 1242 1745 1293 in
1794 1242 2032 1295 damna-

338 1328 499 1381 tione
549 1333 603 1381 et
647 1329 963 1396 perditione
1010 1328 1289 1397 ipsorum,
1340 1329 1589 1382 ostendit
1642 1346 1887 1398 namque
1939 1346 2033 1382 eos

340 1416 707 1486 omnipotens
742 1417 885 1469 Deus
920 1417 1211 1485 reprobos,
1259 1432 1386 1469 cum
1430 1417 1497 1470 de
1529 1417 1609 1469 eis
1652 1417 1822 1471 dicit:
1860 1436 1887 1467 ‹‹
1921 1418 2033 1487 Ipsi

338 1520 471 1557 vero
523 1520 635 1557 non
688 1510 1080 1573 cognoverunt
1132 1504 1243 1557 tias
1280 1522 1432 1557 meas
1466 1506 1635 1573 (Paul.
1680 1522 1822 1572 xcrv,
1868 1509 1970 1572 ll),
2002 1526 2028 1556 »

338 1592 587 1645 ostendit
617 1608 713 1644 eos
750 1592 1031 1645 immobili
1064 1592 1303 1644 consilio
1337 1609 1460 1650 suo.
1492 1593 1546 1645 id
1575 1598 1659 1644 est
1685 1593 2031 1646 immutabili

338 1681 834 1751 praedestinatione
869 1681 1074 1751 judicii
1120 1682 1207 1733 sui
1266 1688 1497 1734 aeterna).
1550 1682 1925 1746 damnationi,
1979 1690 2033 1735 et
2076 1722 2113 1773 Β

337 1769 650 1838 perditioni
682 1785 802 1821 esse
834 1770 1268 1837 praeordinatos,
1306 1786 1432 1821 cum
1470 1773 1662 1822 statim
1695 1771 2030 1839 subjungit:

342 1874 369 1905 ι(
410 1856 626 1918 Quibus
649 1856 841 1925 juravi
873 1857 929 1909 in
966 1858 1046 1909 ira
1080 1873 1223 1921 mea,
1254 1858 1297 1908 si
1328 1857 1653 1910 introibunt
1684 1859 1741 1911 in
1774 1859 2033 1929 requiem

339 1960 527 1997 meam
580 1945 738 2011 (Ibid.
794 1945 897 2012 ll).
952 1965 976 1994 υ
1012 1946 1167 2008 Quod
1216 1946 1261 1997 si
1290 1947 1419 2015 quis
1452 1953 1617 2015 putat»
1644 1947 1712 1999 de
1766 1948 1877 1999 illis
1908 1954 2031 2000 tan-

340 2034 641 2086 tummodo
690 2034 969 2103 reprobis,
1015 2034 1112 2102 qui
1152 2034 1335 2086 educti
1370 2051 1433 2087 ex
1480 2037 1719 2105 {Egypto
1749 2052 1851 2104 per
1881 2036 2031 2105 Moy-

339 2136 460 2186 sen,
515 2125 570 2173 et
626 2138 725 2189 per
780 2122 1156 2191 quadraginta
1202 2139 1378 2176 annos
1427 2123 1486 2176 in
1538 2125 1761 2176 deserto
1808 2141 2034 2193 semper

338 2218 361 2242 α
388 2208 630 2261 rebelles
677 2216 733 2261 et
763 2210 1044 2262 increduli
1076 2212 1434 2277 exstiterunt,
1467 2228 1711 2281 quorum
1743 2212 1915 2265 etiam
1949 2229 2033 2264 ca—

338 2296 545 2350 davera
578 2296 639 2349 in
683 2297 881 2350 eodem
928 2298 1150 2350 deserto
1198 2305 1478 2368 prostrata
1510 2305 1661 2365 sunt,
1712 2316 1830 2352 esse
1863 2300 2029 2353 intel-

338 2384 664 2453 ligendum;
701 2390 755 2438 et
792 2402 904 2438 non
947 2389 1134 2453 potius
1164 2388 1221 2439 iu
1269 2402 1470 2441 eorum
1518 2388 1748 2456 speciali
1794 2389 2031 2442 damna-

339 2470 495 2524 tione
526 2478 583 2523 et
614 2473 936 2539 perditione
983 2475 1243 2527 omnium
1277 2478 1623 2543 generaliter
1650 2478 2028 2546 reproborum

338 2559 637 2612 interitum
688 2562 1028 2630 ﬁguratum;
1075 2562 1209 2615 audi
1246 2564 1583 2631 Apostolum
1618 2565 1949 2617 terribiliter
1978 2571 2033 2619 et

340 2646 617 2701 veraciter
663 2648 987 2702 dicentem:
1024 2670 1049 2699 «
1103 2651 1308 2704 Omnia
1348 2658 1537 2705 autem
1585 2652 1705 2706 bzec
1756 2654 1813 2705 in
1846 2653 2032 2722 tigura

339 2737 749 2806 contingebant
777 2739 918 2791 illis:
975 2740 1185 2808 scripta
1214 2745 1347 2793 sunt
1394 2748 1582 2794 autem
1611 2742 1681 2794 ad
1714 2744 2031 2810 correptio-

338 2840 470 2878 nem
504 2833 777 2886 nostram,
835 2828 892 2880 in
926 2845 1067 2896 quos
1116 2830 1255 2881 lines
1287 2830 1627 2882 saeculorum
1678 2831 2033 2885 devenerunt

339 2915 392 2977 (I
424 2914 552 2967 Cor.
598 2932 651 2979 x,
692 2919 797 2981 lt).
857 2939 875 2962 ι
932 2918 993 2969 Et
1033 2918 1143 2968 alio
1180 2920 1339 2970 loco:
1388 2936 1416 2969 (ε
1472 2920 1826 2973 Festinemus
1870 2937 2026 2989 ergo,

2145 532 2256 585 fixa
2288 532 2594 599 sententia,
2628 548 2800 599 quam
2852 537 3005 585 certa
3047 532 3428 601 praescientia.
3461 532 3478 601 j
3532 532 3825 599 Utrumque

2146 636 2281 690 ergo
2332 621 2483 690 apud
2525 620 2688 674 illum
2747 626 3050 686 aeternum,
3114 628 3423 690 utrumque
3490 621 3827 674 immutabile

2146 716 2248 774 est,
2283 726 2412 762 cum
2448 710 2515 762 de
2548 709 2815 762 omnibus
2846 709 3078 761 omnino
3114 710 3298 773 rebus,
3331 716 3447 762 tam
3476 708 3649 761 bonis
3678 726 3825 777 quam

2144 798 2332 866 malis,
2387 814 2516 867 quas
2564 796 2711 850 ﬁunt
2756 798 2810 849 iu
2866 798 3081 850 mundo
3133 798 3481 850 mternaliter
3511 802 3650 849 ante
3684 813 3827 849 mun-

2147 887 2306 951 dum,
2352 892 2409 939 et
2456 886 2865 955 praenoscendo
2898 891 3050 939 certa
3082 892 3166 938 est
3204 887 3327 955 ejus
3361 885 3747 955 prasscientia,
3785 892 3828 937 et

2138 975 2452 1044 judicando
2497 975 2609 1028 lixa
2654 974 2955 1027 sententia.
2996 976 3146 1027 Hanc
3185 975 3658 1027 immobilitatem
3695 990 3824 1042 pra:-

2145 1062 2397 1115 scientiaz
2445 1068 2501 1115 et
2531 1061 3052 1132 praedestinationis
3086 1062 3182 1115 Dei
3231 1067 3364 1115 ante
3415 1068 3687 1131 tempora
3719 1077 3824 1112 ma-

2144 1156 2400 1215 nentem,
2462 1154 2518 1204 et
2576 1150 2770 1204 omnia
2827 1151 3161 1219 temporalia
3224 1152 3618 1215 ordinantem,
3670 1150 3823 1201 etiam

2144 1240 2308 1293 beata
2346 1240 2559 1305 Judith,
2610 1239 2903 1291 victoriam
2955 1239 3025 1292 de
3065 1239 3307 1308 Assyriis
3341 1238 3593 1291 inimicis
3646 1240 3826 1307 populi

2145 1329 2243 1381 Dei
2276 1328 2589 1398 postulans,
2624 1327 2963 1381 mirabiliter
2994 1333 3049 1380 et
3082 1327 3333 1382 breviter
3364 1328 3421 1379 in
3446 1327 3711 1378 oratione
3742 1343 3825 1377 sua

2146 1418 2259 1471 Deo
2290 1416 2610 1480 contitetur,
2659 1416 2888 1469 dicens:
2937 1437 2964 1463 ι(
2997 1417 3074 1469 Tu
3122 1416 3277 1468 enim
3325 1415 3506 1468 fecisti
3538 1415 3751 1484 priora,
3782 1422 3824 1465 et

2143 1506 2242 1558 illa
2274 1512 2402 1573 post
2431 1505 2527 1557 illa
2573 1505 2845 1572 cogitasti,
2896 1510 2952 1557 et
2998 1503 3105 1557 hoc
3140 1505 3347 1557 factum
3396 1510 3481 1555 est
3528 1505 3683 1572 quod
3720 1503 3821 1570 ipse

2143 1594 2392 1659 voluisti,
2438 1599 2493 1646 et
2546 1599 2642 1646 tua
2678 1593 2892 1662 judicia
2936 1592 2993 1645 in
3046 1592 3406 1662 providentia
3454 1598 3551 1644 tua
3604 1591 3825 1659 posuisu

2147 1684 2376 1751 (Judith.
2429 1700 2502 1747 ix,
2545 1684 2597 1747 4,
2642 1682 2716 1751 5.)
2759 1704 2776 1729 ι
2827 1712 2888 1720 --
2944 1701 2971 1731 (ι
3028 1682 3246 1740 Fecisti,
3282 1680 3491 1750 inquit,
3538 1680 3751 1750 priora,
3782 1686 3826 1731 et

2146 1772 2242 1824 illa
2275 1778 2397 1840 post
2426 1771 2523 1823 illa
2569 1771 2863 1840 cogitasti;
2896 1791 2923 1819 ››
2962 1786 3080 1821 non
3120 1770 3271 1838 quod
3320 1770 3377 1821 in
3415 1770 3527 1821 Deo
3555 1769 3823 1821 volutabi-

2144 1860 2272 1912 litas
2320 1867 2375 1910 et
2407 1859 2645 1911 varietas
2688 1858 3085 1911 decedentium
3120 1864 3174 1909 et
3217 1857 3651 1909 succedentium
3692 1857 3827 1925 cogi-

2142 1948 2425 2000 tationum
2458 1946 2741 1999 credenda
2768 1947 2860 2009 sit,
2895 1946 2989 1998 sed
3022 1945 3155 2015 quia
3188 1946 3384 1998 omnia
3416 1961 3544 2015 quas
3574 1945 3635 1997 in
3671 1948 3825 1997 rebus

2143 2035 2343 2088 creatis
2401 2036 2733 2103 praecedunt
2805 2048 2975 2102 atque
3036 2034 3370 2098 succedunt,
3442 2034 3538 2085 ille
3614 2050 3728 2085 uno
3781 2040 3828 2085 et

2144 2130 2358 2175 aeterno
2400 2122 2611 2175 intuitu
2643 2122 3078 2174 immntabiliter
3108 2122 3307 2185 cernit,
3343 2122 3825 2189 incomprehensi-

2140 2210 2332 2263 biliter
2373 2209 2821 2278 comprehendit.
2880 2230 2902 2255 α
2961 2210 3023 2262 Et
3075 2216 3190 2273 tua,
3246 2210 3454 2278 inquit,
3502 2209 3726 2278 judicia
3775 2210 3824 2260 in

2142 2298 2503 2368 providentia
2548 2304 2644 2350 tua
2684 2297 2946 2366 posuisti,
2983 2317 3009 2347 ››
3060 2297 3117 2349 id
3156 2301 3258 2362 est,
3303 2296 3521 2364 judicia
3552 2302 3672 2357 tua,
3710 2312 3822 2363 qua.

2142 2404 2370 2441 exerces
2414 2387 2472 2440 in
2507 2387 2743 2450 mundo,
2777 2386 2835 2438 in
2866 2385 3224 2454 providentia
3257 2390 3357 2438 tua
3388 2386 3630 2454 posuisti
3662 2383 3823 2436 etiam

2144 2481 2273 2528 ante
2326 2475 2642 2528 mundum:
2691 2480 2745 2527 et
2786 2474 3066 2542 quidquid
3111 2474 3505 2541 temporaliter
3555 2472 3684 2525 ﬁeri
3732 2488 3821 2523 vo-

2144 2563 2318 2628 luisti,
2345 2564 2400 2615 in
2432 2570 2648 2616 aeterno
2678 2562 2915 2615 consilio
2946 2566 3042 2614 tuo
3072 2562 3529 2629 intemporaliter
3561 2561 3819 2612 statuisti.

2146 2653 2309 2705 Novit
2340 2652 2493 2704 enim
2533 2652 2895 2720 omnipotens
2930 2652 3077 2703 Deus
3117 2666 3309 2703 creare
3340 2666 3486 2702 nova
3518 2650 3642 2701 sine
3676 2648 3820 2700 novi-

2142 2746 2255 2793 tate
2286 2742 2479 2809 aliqua
2534 2740 2871 2792 voluntatis:
2927 2739 3090 2791 novit
3133 2744 3188 2791 et
3233 2738 3531 2807 quiescens
3579 2753 3749 2805 agere
3775 2744 3822 2788 et

2141 2846 2314 2897 agens
2354 2829 2666 2897 quiescere.
2707 2829 2896 2880 Potest
2936 2826 3002 2880 ad
3033 2844 3175 2896 opus
3208 2842 3419 2879 novum
3451 2842 3564 2878 non
3595 2842 3820 2879 DUHJII).

2141 2920 2236 2970 sed
2266 2918 2680 2985 sempiternum
2712 2916 2982 2969 adhibere
3010 2915 3325 2968 consilium.
3364 2914 3429 2966 Et
3468 2914 3592 2966 ideo
3624 2930 3753 2966 cum
3775 2928 3823 2963 se

337 3001 545 3071 inquit,
580 3003 801 3073 ingredi
848 3005 905 3056 in
952 3005 1107 3057 illam
1160 3007 1436 3075 requiem,
1480 3014 1543 3059 nt
1583 3025 1651 3060 ne
1688 3010 1744 3061 in
1778 3009 2029 3077 idipsum
2073 3019 2111 3073 ρ
2141 3007 2291 3059 aliud
2324 3014 2494 3075 atque
2525 3005 2677 3058 aliud
2710 3005 2987 3073 cogitasse
3018 3004 3175 3069 dicit,
3211 3020 3324 3056 nou
3362 3003 3503 3073 ipse,
3547 3002 3700 3072 quod
3734 3001 3820 3051 ab-

338 3091 464 3159 quis
493 3091 705 3143 incidat
736 3092 1149 3145 incredulitatis
1176 3096 1495 3162 exemplum
1534 3096 1715 3163 (Hebr.
1753 3113 1822 3164 IV,
1863 3100 1970 3166 ll).
2002 3120 2029 3147 ››

410 3178 567 3253 Hanc
597 3180 893 3233 veritatem
926 3186 980 3231 et
1036 3182 1495 3237 immobilitatem
1550 3184 1757 3237 divinas
1806 3187 2029 3255 praede-

338 3265 682 3331 stinationis,
712 3267 771 3319 in
804 3284 917 3337 qua
959 3269 1107 3321 Deus
1130 3270 1346 3338 judicia
1377 3286 1476 3323 sua
1509 3271 1701 3324 futura
1727 3273 1846 3341 jam
1876 3274 2028 3341 fecit,

338 3358 395 3407 et
454 3354 513 3407 Β.
579 3355 861 3424 prOpheta
910 3356 1083 3409 Isaias
1136 3357 1476 3411 mirabiliter
1525 3360 1797 3425 ostendit;
1858 3367 1914 3415 et
1970 3365 2027 3418 Β.

336 3442 693 3512 Augustinus
746 3444 1020 3496 veraciter
1076 3449 1132 3497 et
1190 3445 1439 3498 breviter
1488 3448 1739 3516 exponit,
1797 3448 2027 3503 dicens:

346 3528 471 3601 [Qui
504 3530 657 3583 enim
689 3532 859 3584 certis
901 3537 958 3585 et
998 3533 1453 3588 immutabilibns
1502 3536 1685 3589 causis
1716 3538 1905 3590 omnia
1946 3538 2029 3591 fu-

336 3622 463 3672 tura
494 3620 941 3687 praedestinavit,
989 3622 1267 3692 quidquid
1299 3623 1550 3677 facturus
1592 3630 1675 3677 cst
1705 3625 1852 3679 fecit.
1891 3626 2030 3679 Nam

339 3712 393 3760 et
422 3723 527 3775 per
567 3708 903 3778 prophetam
950 3709 1165 3763 dictum
1217 3712 1286 3763 de
1336 3712 1435 3765 illo
1486 3716 1606 3765 est:
1663 3736 1682 3761 σ
1739 3714 1845 3778 Qui
1900 3715 2033 3767 fecit

339 3810 467 3865 quae
515 3795 709 3850 futura
748 3803 882 3851 sunt
906 3800 1034 3863 (13a.
1074 3816 1193 3864 XLV,
1251 3803 1334 3863 tl,
1378 3816 1480 3854 sec.
1516 3803 1686 3869 LXX)
1720 3802 1755 3871 ].
1793 3824 1819 3850 ››
1874 3802 2031 3857 Unde

339 3884 511 3937 etiam
546 3884 656 3937 alio
700 3886 820 3939 loco
849 3886 1000 3940 idem
1039 3888 1235 3941 doctor
1267 3888 1557 3942 verissime
1601 3890 1669 3942 de
1701 3890 1827 3957 ipso
1855 3890 2027 3944 dicit:

341 3970 567 4043 [Neque
597 3973 752 4027 enim
784 3974 928 4029 sicut
976 3976 1286 4038 hominem,
1336 3978 1480 4031 Deus
1530 3979 1869 4048 cujusquam
1898 3979 2031 4033 facti

2143 3094 2232 3161 sit,
2288 3094 2667 3147 mutabilitate
2700 3093 2892 3162 aliqua
2923 3092 3190 3157 variatur,
3230 3092 3324 3144 sed
3358 3108 3494 3159 erga
3535 3090 3820 3143 mutabili-

2142 3188 2315 3237 tatem
2352 3188 2605 3236 nostram
2655 3182 2887 3235 diversis
2940 3181 3124 3234 modis
3175 3179 3556 3233 immutabilis
3608 3186 3669 3232 et
3718 3194 3817 3230 non

2144 3271 2367 3324 diverso
2415 3270 2655 3324 consilio
2704 3275 2990 3340 operatur.
3028 3269 3182 3323 Unde
3212 3274 3268 3321 et
3298 3269 3500 3321 beatus
3542 3268 3818 3335 apostolus

2141 3360 2381 3414 Jacobus
2414 3360 2482 3413 de
2517 3360 2614 3412 illo
2662 3358 2833 3411 dicit;
2892 3380 2918 3403 ‹‹
2952 3357 3114 3425 Apud
3161 3373 3330 3426 quem
3375 3372 3489 3409 non
3523 3361 3604 3408 est
3651 3362 3819 3407 trans-

2142 3448 2405 3514 mutatio,
2435 3464 2535 3501 nec
2567 3446 2971 3500 vicissitudinis
3001 3445 3363 3499 obumbratio
3407 3447 3544 3513 (Jac.
3578 3462 3611 3509 ι,
3666 3446 3759 3509 Π).
3800 3466 3811 3479 π

2144 3540 2209 3592 Et
2238 3538 2383 3591 liber
2430 3536 2849 3592 Ecclesiasticus
2878 3536 2940 3589 in
2969 3536 3091 3603 ejus
3122 3533 3387 3587 laudibus
3434 3533 3711 3602 loquitur,
3745 3532 3818 3584 di-

2142 3640 2311 3679 cens:
2361 3643 2385 3678 (
2444 3626 2683 3679 Domino
2715 3624 2868 3679 enim
2899 3629 3208 3693 antequam
3250 3628 3606 3688 crearentur,
3639 3621 3817 3674 omnia

2142 3713 2373 3767 fuerunt
2421 3714 2637 3783 agnita.
2689 3713 2961 3767 Similiter
3002 3718 3058 3765 et
3088 3716 3215 3782 post
3245 3712 3564 3781 perfectum
3609 3710 3819 3779 respicit

2144 3802 2338 3855 omnia
2364 3803 2545 3869 (Ecclz'.
2598 3818 2748 3867 χχιιι,
2781 3804 2904 3870 29);
2937 3822 2965 3850 »
3006 3806 3064 3854 et
3103 3801 3352 3854 iterum:
3393 3818 3420 3850 «κ
3470 3806 3515 3853 Α
3548 3800 3750 3852 saeculo
3775 3806 3820 3850 et

2144 3906 2322 3960 usque
2363 3890 2424 3943 in
2454 3891 2724 3943 saeculum
2760 3890 3009 3959 respicit,
3060 3894 3118 3942 et
3171 3889 3313 3942 nihil
3346 3894 3429 3942 est
3475 3889 3735 3942 mirabile
3771 3888 3818 3938 in

2141 3984 2449 4049 conspectu
2478 3979 2603 4049 ejus
2638 3980 2828 4046 (Eccli.
2862 3995 3045 4045 χχχιχ,
3077 3980 3190 4045 25).
3226 3998 3253 4029 ››

1400 4125 1606 4180 ΝΟΤΑΞ
1645 4127 1967 4182 DUVALLII
2008 4126 2348 4183 DOCTORIS
2386 4125 2775 4182 SORBONICI.

411 4252 436 4276 ⁸
473 4243 738 4321 afﬁrmat
763 4261 961 4321 omnes
1004 4251 1059 4321 e_t
1104 4248 1230 4299 illos
1270 4248 1555 4321 lsraelitas
1600 4250 1699 4319 qui
1746 4250 2029 4304 increduli
2068 4253 2112 4306 D
2144 4266 2273 4321 quae
2304 4266 2423 4303 non
2464 4250 2545 4303 ita
2574 4266 2743 4319 grave
2772 4254 3068 4321 peccatum
3097 4256 3182 4302 est
3220 4251 3276 4301 et
3323 4264 3437 4318 qua
3476 4249 3535 4301 in
3568 4248 3819 4301 extremis

342 4319 398 4389 et
425 4314 664 4389 rebelles
696 4315 870 4389 Moysi
902 4316 961 4389 in
1007 4316 1230 4369 deserto
1261 4318 1513 4385 fuerunt,
1561 4314 1897 4389 et-quorum
1940 4338 2030 4374 ca-

340 4384 544 4437 davera
574 4385 652 4438 ibi
696 4386 753 4438 in
788 4384 1104 4439 ’vindictam
1158 4395 1433 4455 prostrata
1467 4397 1618 4454 sunt,
1663 4384 1719 4444 in
1752 4398 2032 4445 aeternum

342 4471 459 4529 esse
491 4456 810 4529 damnatos,
840 4464 895 4529 et
928 4458 993 4529 ad
1027 4458 1194 4525 hujus
1220 4460 1611 4526 probationem
1648 4464 1865 4529 profert
1890 4464 2030 4517 illud

342 4527 546 4593 psalmi
580 4543 739 4579 xcw:
782 4549 801 4575 ι
855 4528 1072 4591 Quibus
1110 4529 1297 4597 juravi
1337 4530 1398 4582 in
1442 4532 1526 4582 ira
1571 4527 1716 4595 mea,
1751 4533 1795 4584 si
1829 4533 2029 4586 introi-

340 4596 483 4650 bnnt
510 4598 564 4649 in
598 4598 852 4668 requiem
890 4615 1092 4651 meam.
1114 4596 1152 4646 3)
1187 4599 1402 4662 Quibus
1434 4601 1620 4653 verbis
1660 4604 2029 4656 immobilita-

338 4671 453 4720 tem
485 4668 663 4721 divini
693 4670 915 4722 consilii
947 4670 1014 4722 de
1042 4669 1270 4722 illorum
1308 4675 1519 4724 teterna
1554 4673 1919 4726 damnatione
1942 4675 2029 4727 in-

339 4738 667 4812 dubitanter
707 4740 949 4809 exprimi
982 4740 1198 4793 asserit.
1250 4741 1453 4796 Verum
1504 4742 1608 4795 hoc
1656 4745 1711 4796 in
1759 4745 2030 4812 opinione

366 4809 591 4887 iositum
627 4812 1023 4887 est,_quinimo
1055 4813 1407 4887 contrarium
1438 4817 1619 4887 multo
1651 4819 1733 4866 est
1762 4809 2029 4882 probabi-

362 4882 470 4943 ius,
506 4887 626 4932 tum
667 4882 801 4950 quia
832 4898 943 4934 non
977 4887 1061 4935 est
1092 4883 1400 4936 verisimile
1438 4884 1718 4951 integram
1751 4886 2029 4937 Israelita-

338 4965 465 5001 rum
506 4951 564 5003 in
611 4951 835 5005 deserto
883 4959 1242 5006 mortuorum
1290 4950 1719 5008 multitudinem
1752 4957 1925 5009 fuisse
1950 4956 2034 5009 in-

339 5021 629 5094 credulam
659 5028 714 5074 et
745 5024 1041 5086 rebellem;
1088 5026 1352 5094 nunquid
1403 5026 1558 5078 enim
1608 5026 1829 5089 Levitae,
1883 5043 2029 5079 nun-

339 5091 473 5169 quid
522 5094 776 5169 parvuli,
826 5094 1083 5169 nunquid
1144 5091 1359 5164 pariter
1410 5100 1597 5169 Aaron
1648 5098 1721 5169 ab
1776 5097 2027 5165 ejusdem

338 5162 737 5237 incredulitate
787 5162 1041 5237 excusari
1088 5162 1323 5233 possunt
1372 5172 1428 5218 et
1482 5167 1730 5221 debent?
1771 5162 2030 5237 quamvis

342 5232 787 5307 eiiiquiealur:
821 5253 847 5284 (ι
870 5232 1257 5307 Quadraginta
1289 5238 1455 5289 annis
1497 5232 1902 5307 proximus—fni
1934 5255 2025 5304 ge-

337 5303 617 5375 nerationi
663 5303 849 5356 huic»
896 5321 929 5357 a
958 5306 1160 5373 majori
1201 5311 1392 5359 tamen
1424 5303 1583 5375 parte
1614 5308 1678 5361 lit
1718 5309 1813 5361 illa
1856 5303 2031 5361 totius

341 5372 730 5449 denominatip
758 5391 770 5427 :
804 5380 923 5426 tum
958 5372 1094 5444 quia
1124 5378 1359 5449 requies
1393 5372 1490 5430 illa
1536 5379 1602 5431 de
1634 5396 1745 5448 qua
1777 5381 2032 5449 loquitur

339 5444 638 5516 propheta,
678 5444 755 5516 de
804 5448 952 5497 terra
994 5444 1394 5513 promissionis
1438 5444 1798 5516 intelligitur,
1850 5444 1911 5502 iit
1956 5451 2033 5502 ait

340 5512 524 5588 glossa
571 5514 632 5588 in_
676 5515 822 5563 hunc
857 5512 1074 5567 lucum:
1124 5521 1245 5568 tum
1280 5518 1411 5585 quia
1450 5520 1577 5586 quis
1608 5512 1754 5569 dicet
1788 5512 1881 5569 eos
1931 5520 2030 5588 qui

340 5582 408 5629 ab
442 5581 569 5649 igne
603 5584 907 5635 devorante
952 5581 1610 5656 consniiieba'nturfprm
1659 5581 2028 5657 negligentia,

2140 4322 2397 4390 partibus
2448 4321 2838 4382 versabantur,
2873 4320 3046 4372 fuisse
3093 4324 3399 4389 propterea
3444 4321 3499 4371 in
3552 4328 3817 4372 alternum

2141 4392 2456 4453 damnatos,
2492 4408 2688 4443 eorum
2725 4397 2917 4443 tamen
2948 4406 3187 4459 corpora
3213 4391 3271 4443 in
3302 4390 3524 4442 deserto
3553 4397 3820 4458 prostrata

2142 4469 2310 4515 sunt:
2368 4468 2488 4514 tum
2538 4463 2674 4531 quia
2724 4463 2970 4513 cxclusio
3020 4478 3051 4513 a
3099 4468 3248 4514 terra
3290 4462 3707 4529 promissionis,
3758 4460 3816 4511 ad

2142 4550 2312 4603 quam
2366 4539 2522 4585 tanto
2573 4533 2777 4585 ardore
2817 4532 3197 4601 suspirabant,
3249 4547 3380 4583 cum
3430 4539 3615 4603 morte
3660 4546 3814 4600 quam

2140 4602 2251 4674 ipsi
2302 4606 2557 4656 tulerunt
2604 4603 2887 4655 sul'liciens
2933 4603 3125 4654 delicti
3169 4618 3367 4654 eorum
3417 4602 3525 4655 fuit
3566 4609 3814 4671 expiatio,

2140 4692 2252 4728 non
2287 4675 2476 4727 minus
2510 4690 2681 4743 quam
2716 4689 2867 4725 mors
2901 4689 3170 4740 corporea
3201 4674 3435 4725 Ananiae
3466 4680 3523 4724 et
3555 4674 3814 4741 Saphira’.

2143 4761 2209 4797 ex
2265 4744 2628 4815 Hieronymo,
2685 4744 2922 4809 epistola
2971 4746 3019 4805 8,
3060 4744 3125 4795 ad
3172 4743 3615 4796 Demetriadem.
3662 4744 3738 4796 Ad
3774 4744 3817 4792 id

2142 4821 2331 4867 autem
2366 4817 2514 4883 quod
2571 4816 2653 4867 ait
2692 4815 2936 4866 Ecclesia
2987 4814 3400 4881 Lugdunensis,
3435 4830 3635 4866 eorum
3674 4815 3816 4866 dam-

2141 4886 2435 4938 nationem
2462 4886 2705 4954 tiguram
2733 4885 2904 4937 fuisse
2937 4884 3321 4936 damnationis
3355 4887 3617 4936 omnium
3651 4900 3819 4952 repro-

2142 4956 2346 5009 borum
2393 4959 2555 5024 juxta
2601 4956 2958 5024 Apostolum,
3019 4955 3225 5022 prioris
3276 4956 3344 5007 ad
3396 4954 3718 5007 Corinthios
3759 4968 3815 5004 x:

2144 5046 2171 5075 (ι
2213 5027 2415 5080 Omnia
2462 5028 2519 5078 in
2552 5026 2737 5095 ﬁgura
2771 5025 3176 5093 contingebant
3208 5025 3351 5089 illis;
3404 5048 3423 5071 ι
3464 5030 3818 5095 respondetur

2144 5099 2319 5149 solam
2372 5112 2628 5149 eoruma
2678 5102 2829 5147 terra
2875 5096 3153 5164 promissa
3200 5096 3583 5148 exclusionem
3620 5097 3816 5164 optime

2142 5183 2304 5237 pesse
2338 5168 2481 5220 hanc
2531 5168 2958 5219 damnationem
2990 5168 3258 5235 figurare,
3292 5182 3422 5219 curn
3457 5167 3700 5235 ﬁguram
3740 5180 3815 5214 ve-

2141 5238 2307 5290 ritate
2340 5239 2560 5289 minore
2600 5253 2717 5288 esse
2742 5253 2969 5304 semper
3009 5241 3288 5305 oporteat.
3326 5237 3461 5299 Qum
3496 5246 3686 5289 tamen
3720 5250 3813 5287 non

2142 5308 2221 5360 sic
2253 5315 2386 5360 sunt
2419 5307 2813 5376 intelligenda,
2846 5315 2908 5359 ut
2947 5323 3143 5359 omnes
3177 5309 3304 5359 illos
3338 5308 3621 5359 lsraelitas
3652 5308 3718 5359 ab
3747 5308 3815 5357 in-

2142 5378 2276 5431 feris
2324 5379 2715 5431 vindicemus:
2768 5385 2987 5429 certum
3022 5383 3106 5429 est
3137 5377 3290 5430 enim
3324 5377 3489 5441 Core,
3532 5378 3743 5430 Dattian
3772 5379 3816 5425 et

2141 5450 2351 5501 Abiron
2401 5449 2554 5500 vivos
2597 5449 2665 5500 ad
2701 5448 2915 5500 inferos
2953 5448 3330 5507 descendisse,
3366 5448 3461 5500 sed
3510 5449 3813 5515 generalem

2144 5520 2319 5587 ipsius
2373 5519 2627 5571 Ecclesize
2673 5518 3129 5587 propositionem
3163 5523 3383 5570 tantum
3418 5524 3705 5570 coarctare
3732 5532 3813 5565 ’σοι

2145 5590 2374 5643 luimus.
