3884 6218
62 304 156 349 ιιτθῖὶ
1332 303 1535 359 LIBER
1583 306 1669 360 DF.
1713 304 1959 360 TRIBUS
2002 302 2349 362 EPISTOLIS

741 436 962 489 CAPUT
1006 435 1096 488 ill.

628 575 875 615 REGULA
921 576 1233 615 SECUNDA.

64 686 257 737 Omnia
301 690 524 738 eterna
566 688 919 809 przsgilentim
958 691 1007 808 (ίὲ
1055 686 1389 739 ordinatiom'
1429 685 1545 754 ejus
1593 688 1775 739 immo-

738 758 757 808 i
782 760 883 809 iter
911 771 972 809 su
1012 762 1155 809 sunt.

738 758 883 809 iliter
911 758 1155 809 subsunt.

125 877 396 931 Secunda
431 880 633 947 regula
663 878 870 931 divinae
904 878 1274 947 praescientia:
1317 884 1371 932 et
1404 880 1773 948 praedestina-

64 967 227 1018 tionis
266 973 358 1019 est
399 984 412 1020 :
455 990 475 1015 ε
515 968 661 1021 Nihil
715 968 949 1020 omnino
989 984 1128 1033 esse,
1173 972 1270 1020 aut
1313 968 1505 1032 fuisse,
1557 973 1654 1021 aut
1694 969 1775 1021 fu-

63 1062 249 1107 turum
287 1070 420 1107 esse
452 1071 619 1124 posse
650 1056 706 1108 in
741 1055 1011 1124 operibus
1046 1055 1162 1120 Dei,
1214 1071 1341 1125 qum
1380 1056 1495 1108 sive
1538 1056 1596 1108 in
1636 1072 1767 1109 con-

64 1142 281 1206 dendis,
315 1143 439 1195 sive
472 1144 527 1195 in
571 1143 857 1211 regendis,
901 1143 1015 1195 sive
1065 1143 1121 1194 in
1167 1144 1635 1197 consummandis
1685 1145 1771 1197 vel

64 1232 330 1284 finiendis
362 1232 641 1283 creaturis
673 1233 808 1301 agit,
842 1232 992 1301 quod
1028 1246 1144 1283 non
1186 1231 1306 1300 ipse
1334 1232 1392 1283 in
1425 1248 1524 1284 suo
1555 1240 1771 1286 aeterno

64 1319 301 1369 consilio
334 1322 516 1387 atque
539 1318 759 1387 judicio
803 1322 858 1371 et
901 1318 1175 1370 veraciter
1204 1318 1535 1387 praescierit,
1568 1325 1623 1371 et
1663 1320 1770 1372 im-

61 1405 359 1459 mobiliter
393 1406 880 1477 prazordinaverit.
916 1410 1095 1476 Atque
1129 1407 1208 1459 ita
1239 1422 1409 1459 omne
1440 1408 1591 1476 quod
1626 1412 1769 1461 tem-

68 1492 257 1561 porale
300 1502 417 1558 est,
475 1496 932 1565 intemporaliter
978 1512 1081 1548 sua
1132 1497 1489 1566 prtescientia
1534 1504 1591 1550 et
1616 1514 1766 1567 prte-

66 1582 454 1635 destinatione
478 1582 772 1653 praecedit.
809 1584 870 1637 Et
912 1600 1081 1637 omne
1122 1586 1278 1653 quod
1320 1586 1377 1637 in
1407 1586 1528 1654 ejus
1556 1589 1769 1638 aeterna

68 1669 433 1736 praescientia
466 1678 522 1723 et
546 1670 1051 1739 praedestinatione
1082 1671 1422 1740 dispositum
1456 1679 1559 1735 est,
1596 1673 1765 1726 etiam

70 1760 118 1809 in
148 1758 325 1811 rebus
373 1773 496 1811 esse
545 1763 747 1828 potest.
802 1758 1093 1829 Quidquid
1142 1776 1272 1812 vero
1318 1760 1396 1813 ibi
1428 1761 1765 1829 dispositum

68 1862 173 1898 non
226 1852 337 1908 est,
396 1863 695 1916 nunquam
749 1853 803 1900 et
852 1864 1135 1917 nusquam
1186 1865 1305 1901 esse
1360 1855 1579 1918 potest;
1626 1850 1768 1903 nihil

69 1950 210 1986 en;m
249 1942 471 1987 temere
507 1936 590 1988 vel
625 1937 876 1999 fortuito,
914 1936 1009 1989 sed
1042 1937 1234 1989 omnia
1268 1943 1497 1989 a-ternze
1533 1954 1647 1990 suae
1678 1956 1767 1990 sa-

70 2024 293 2092 pientiae
331 2024 575 2077 consilio
608 2031 663 2077 et
694 2025 916 2077 ratione
949 2026 1096 2079 facit.
1138 2048 1163 2073 »
1202 2027 1358 2079 Unde
1390 2026 1446 2078 in
1481 2026 1608 2094 ejus
1639 2028 1768 2079 lan—

73 2113 229 2164 dibns
283 2113 591 2165 verissime
636 2113 890 2166 dicitur:
931 2137 951 2160 ‹
985 2114 1189 2167 Omnia
1238 2115 1293 2167 in
1355 2116 1633 2186 sapientia
1685 2116 1770 2169 fe-

73 2201 183 2252 cisti
225 2202 409 2269 (Psal.
456 2216 601 2261 cm.
631 2203 741 2269 21-).
777 2223 803 2248 η
856 2203 1145 2254 Praecessit
1185 2204 1337 2255 enim
1373 2204 1495 2273 ejus
1536 2205 1770 2274 sapien-

76 2292 141 2340 tia
190 2290 546 2342 {eternaliter
588 2290 779 2341 omnia
831 2306 958 2359 qua:
1004 2291 1063 2342 in
1112 2292 1385 2344 creaturis
1431 2293 1575 2345 facta
1617 2299 1766 2359 sunt,

76 2379 147 2429 vel
185 2377 358 2441 ﬁunt,
404 2379 522 2430 sive
564 2377 755 2430 futura
797 2384 928 2430 sunt
968 2380 1381 2447 temporaliter.
1434 2381 1596 2433 Verbi
1642 2398 1770 2449 gra-

79 2468 163 2527 tia,
192 2466 484 2535 priescivit
516 2482 635 2519 esse
683 2467 959 2519 mundum
986 2466 1266 2527 futurum,
1313 2474 1367 2520 et
1407 2468 1773 2536 praedestina-

78 2556 139 2604 vit
182 2570 239 2606 se
279 2571 408 2607 es<e
446 2554 761 2619 facturum;
800 2556 1082 2623 praascivit
1115 2556 1408 2609 hominem
1438 2558 1772 2625 creandum,

81 2652 127 2693 et
170 2643 607 2711 praedestinavit
650 2659 708 2695 se
756 2659 877 2695 esse
922 2649 1246 2696 creaturnm
1282 2660 1293 2696 :
1342 2646 1624 2713 praescivit
1666 2646 1773 2698 bu-

81 2747 300 2783 manum
336 2747 522 2799 genus
558 2748 660 2799 per
690 2731 984 2784 hominem
1030 2732 1280 2800 primum
1322 2733 1541 2801 lapsum
1573 2735 1771 2803 unige-

80 2821 169 2869 niti
198 2820 323 2871 Filii
356 2820 443 2871 sui
486 2820 766 2889 sanguine
799 2820 1217 2885 redimendum,
1253 2827 1307 2873 et
1346 2823 1774 2891 praedestinavit

84 2924 130 2957 ae
171 2926 290 2959 esse
338 2909 793 2976 redempturum.
836 2931 856 2957 ι
895 2910 1370 2979 Redemptioncm
1419 2912 1570 2963 enim
1617 2912 1773 2964 misit

82 2998 281 3064 populo
314 3014 419 3048 suo
464 2998 639 3053 (Psal.
687 3012 780 3061 cx,
818 3000 895 3063 9).
938 3019 958 3043 ι
1004 2998 1068 3049 Et
1107 2998 1383 3051 veraciter
1428 2999 1537 3068 ipsi
1578 3005 1770 3051 canta-

83 3092 205 3136 tur:
267 3107 291 3131 σι
346 3085 661 3138 Redemisti
726 3086 783 3138 in
839 3086 1069 3139 brachio
1131 3091 1229 3139 tuo
1270 3088 1544 3156 populum
1605 3093 1769 3140 tuum

88 3172 230 3224 ‘Psal.
282 3187 501 3237 LXXVI,
551 3177 650 3235 16}.
684 3195 703 3220 ι
756 3174 1041 3227 Ρτερδρίνὶι
1079 3176 1285 3227 electos
1324 3191 1450 3226 suos
1495 3175 1561 3227 ad
1603 3181 1768 3228 aeter-

84 3274 204 3310 num
242 3277 487 3325 regnum
543 3278 709 3314 suum
761 3279 879 3315 esse
926 3268 1224 3325 venturos;
1269 3263 1552 3332 praescivit
1593 3265 1766 3317 etiam

86 3350 347 3415 reprobus
378 3349 438 3401 in
475 3355 754 3401 aeternum
802 3350 1144 3419 supplicium
1182 3350 1510 3403 tradendos.
1561 3352 1623 3403 Et
1663 3353 1771 3405 hoc

86 3440 249 3488 totum
283 3438 420 3505 quia
452 3439 687 3507 plenum
718 3443 801 3490 est
836 3439 1247 3505 misericordia,
1276 3439 1766 3509 plenumjustitia,

84 3526 500 3590 praedestinavit
541 3543 598 3578 se
643 3526 1030 3579 misericordia
1071 3531 1125 3578 et
1153 3526 1369 3593 judicio
1403 3544 1503 3578 suo
1535 3543 1653 3579 esse
1679 3527 1769 3579 fa—

86 3618 326 3669 cturum:
358 3616 508 3683 apud
568 3630 739 3684 quem
774 3620 873 3677 est,
912 3615 1070 3683 juxta
1110 3615 1464 3683 Apostolum,
1499 3635 1526 3661 ‹‹
1556 3622 1770 3668 {eterna

87 3698 291 3751 bonitas
314 3708 366 3753 et
400 3703 675 3754 severitas
725 3704 895 3765 (Rom.
948 3718 1036 3765 x1,
1071 3704 1181 3768 22),
1216 3723 1243 3749 ››
1289 3712 1345 3755 ct
1373 3704 1475 3771 .cui
1534 3704 1705 3773 digne
1737 3721 1769 3757 a

86 3784 334 3840 ﬁdelibus
374 3789 630 3841 dicitur:
686 3810 705 3835 α
743 3789 1181 3843 Misericordiam
1222 3796 1279 3843 et
1318 3791 1601 3859 judicium
1635 3808 1767 3845 can-

90 3875 198 3925 tabo
229 3877 348 3939 tibi,
398 3877 640 3928 Domine
679 3876 848 3943 (Psal.
893 3891 946 3944 c,
992 3878 1061 3945 l).
1097 3898 1116 3924 ι
1168 3878 1323 3931 Unde
1373 3885 1591 3931 constat
1643 3896 1767 3932 om-

87 3963 227 4015 nimo
258 3966 411 4033 quod
445 3966 503 4018 in
543 3970 843 4036 utramque
889 3972 1128 4034 partem,
1163 3968 1474 4020 electorum
1507 3968 1771 4023 videlicet

88 4062 131 4102 et
158 4056 559 4121 reproborum,
602 4054 713 4107 nisi
759 4070 957 4107 eorum
1001 4055 1083 4107 vel
1134 4056 1627 4124 gloriﬁcationem,
1682 4059 1768 4111 vel

88 4137 502 4194 damnationem
530 4141 928 4210 justissimam,
963 4151 987 4175 ⁸
1015 4144 1371 4211 ρι’ωεοῐεηὶὶδ
1394 4151 1450 4197 et
1472 4146 1767 4213 praedesti-

87 4230 224 4282 natio
252 4232 445 4282 divina
479 4232 849 4298 praecederet,
884 4246 1179 4301 nunquam
1222 4232 1279 4284 in
1329 4233 1409 4285 eis
1438 4234 1562 4286 ﬁeri
1600 4241 1767 4305 atque

3480 310 3545 357 sm
3562 310 3581 359 ἱ

1806 438 1851 491 Α
1888 458 1907 483 ι
1942 436 2100 499 Quod
2134 436 2340 488 factum
2375 442 2478 501 est,
2524 437 2581 488 in
2632 437 2751 506 ipso
2794 434 2903 489 vita
2943 442 3063 489 erat
3098 439 3272 503 lJoan.
3338 455 3340 489 1

2035 437 2100 487 od
2134 436 2340 488 factum
2375 442 2478 501 est,
2524 437 2581 488 in
2632 437 2751 506 ipso
2794 434 2903 489 vita
2943 442 3063 489 erat
3098 439 3272 503 lJoan.
3338 453 3377 502 ι,
3436 441 3508 507 3),
3550 460 3569 485 ιι

1883 524 1939 576 id
1969 529 2051 577 est
2084 540 2251 577 omne
2287 526 2429 591 quod
2459 542 2489 577 a
2532 526 2709 578 Verbo
2753 531 2807 579 et
2854 541 2956 593 per
3000 527 3244 579 Verbum
3294 526 3391 579 Dei
3429 546 3456 577 α
3493 527 3574 580 fa-

1883 618 2037 665 ctum
2070 618 2154 664 est
2188 633 2208 659 ι
2246 613 2653 681 temporaliter,
2685 616 2801 681 jam
2838 620 3146 684 antequam
3178 616 3361 677 tieret,
3395 621 3567 668 teter-

1884 701 2089 753 naliter
2120 700 2177 752 in
2222 701 2425 754 eodem
2464 701 2643 753 Verbo
2688 702 2783 754 Dei
2817 720 2842 750 ‹(
2874 703 2983 755 vita
3028 710 3147 755 erat
3184 723 3210 752 »
3247 721 3257 755 :
3317 704 3452 774 quia
3485 704 3575 756 vi-

1884 788 2088 842 delicet
2132 790 2317 859 ipsum
2363 790 2607 842 Verbum
2662 790 2754 842 Dei
2794 791 3006 853 vivens,
3049 792 3163 845 vita
3201 798 3303 849 est.
3340 798 3395 845 ct
3450 794 3576 845 viva

1882 877 2179 946 sapientia,
2238 885 2292 930 et
2353 879 2475 930 viva
2522 879 2689 942 ratio,
2742 884 2797 931 et
2843 879 3032 931 vivum
3081 881 3405 945 consilium,
3458 898 3572 951 quo

1882 966 2076 1018 omnia
2106 965 2223 1018 suis
2254 967 2439 1018 modis
2470 970 2527 1017 et
2556 982 2659 1019 suo
2692 966 2892 1019 ordine
2924 967 3044 1018 ﬁeri
3080 974 3410 1036 potuerunt.

2452 1087 2695 1126 REGULA
2744 1087 3000 1125 TERTIA.

1948 1160 2019 1211 In
2040 1160 2288 1227 operibus
2308 1163 2401 1213 Dei
2420 1176 2570 1214 omne
2590 1163 2897 1229 praescilum
2925 1166 3003 1214 est
3022 1162 3487 1228 praedestinatum.

1947 1266 2134 1319 Tertia
2176 1266 2369 1335 regula
2410 1266 2616 1319 divinae
2665 1267 3039 1336 praescientize
3091 1273 3146 1320 et
3195 1268 3569 1336 praedestina-

1880 1356 2047 1409 tionis
2079 1359 2183 1421 est,
2218 1376 2244 1403 ‹‹
2277 1355 2412 1425 quia
2450 1356 2508 1408 in
2549 1356 2817 1425 operibus
2850 1357 3261 1425 omnipotentis
3290 1358 3409 1421 Dei
3458 1372 3575 1410 non

1877 1449 2009 1496 sunt
2047 1444 2157 1495 alia
2188 1444 2447 1511 przescita
2472 1450 2525 1497 et
2556 1444 2665 1497 alia
2696 1446 3117 1514 praedestinata,
3151 1446 3244 1497 sed
3281 1446 3562 1516 quidquid

1880 1532 1956 1583 ibi
1999 1538 2083 1585 est
2112 1532 2459 1601 prmscitum,
2495 1534 2628 1603 quia
2663 1540 2847 1586 totum
2878 1539 2961 1585 est
2995 1534 3207 1586 bonum
3240 1540 3294 1585 et
3319 1536 3564 1603 justum,

1876 1619 1998 1673 sine
2053 1621 2225 1673 dubio
2278 1626 2362 1674 est
2418 1621 2589 1674 etiam
2658 1622 3151 1691 praedestinatum:
3213 1628 3267 1675 et
3326 1622 3568 1693 quiquid

1810 1742 1848 1794 Β
1880 1709 2370 1777 praedestinatum,
2425 1711 2619 1779 utique
2668 1714 2723 1763 et
2774 1712 3119 1778 precscitum,
3168 1710 3303 1779 quia
3347 1714 3569 1779 praele-

1879 1798 2107 1850 stinatio
2139 1798 2261 1850 sine
2298 1798 2655 1867 prazscicntia
2685 1814 2803 1850 esse
2838 1814 2945 1851 non
2983 1804 3187 1867 potest.
3226 1820 3246 1845 ι
3284 1798 3571 1861 Quantum

1879 1886 2056 1953 igitur
2098 1888 2168 1940 ad
2215 1887 2337 1956 ipsa
2373 1903 2546 1957 opera
2588 1887 2777 1940 divina
2826 1888 3099 1955 pertinet,
3148 1887 3261 1938 sive
3313 1887 3575 1942 dicantur

1880 1977 2160 2045 praescita,
2227 1978 2340 2029 sive
2397 1977 2661 2029 dicantur
2726 1976 3152 2044 przedestinata,
3213 1975 3572 2027 tantumde

1880 2065 2046 2129 valet,
2100 2070 2154 2117 et
2194 2067 2453 2118 eamdem
2503 2064 2769 2133 exprimit
2817 2064 3167 2116 immobilem
3220 2063 3572 2115 ﬁrmitatem.

1882 2154 2015 2205 Inde
2043 2159 2127 2205 est
2161 2155 2313 2222 quod
2358 2156 2660 2223 Apostolus
2695 2152 2943 2223 quodam
2988 2152 3108 2204 loco
3153 2152 3573 2221 praescientium

1884 2242 1981 2293 Dei
2018 2242 2577 2310 priedestinationem
2630 2243 2754 2310 ejus
2800 2242 3041 2311 intelligi
3079 2242 3271 2307 voluit,
3318 2242 3413 2293 ubi
3446 2242 3523 2293 ait
3555 2260 3570 2293 :

1883 2350 1909 2375 ι(
1945 2330 2064 2382 Non
2116 2329 2325 2399 repulit
2373 2332 2517 2383 l)ens
2567 2331 2793 2398 plebem
2846 2346 3028 2395 suam,
3073 2346 3244 2398 quam
3296 2329 3575 2399 priescivit

1881 2418 2049 2485 (Rom.
2103 2434 2187 2478 χι,
2222 2418 2295 2487 2).
2345 2437 2370 2468 ››
2419 2418 2477 2472 Si
2511 2419 2663 2471 enim
2713 2418 3029 2487 praescisset
3062 2418 3485 2480 tantummodo,
3519 2421 3574 2469 et

1880 2522 1994 2559 non
2042 2506 2520 2576 praedestinasset,
2572 2523 2932 2576 nequaquam
2979 2523 3103 2559 eam
3148 2507 3371 2575 plebem
3407 2521 3569 2558 suam

1884 2595 2123 2658 fecisset,
2176 2594 2271 2647 sed
2322 2596 2454 2665 quia
2500 2596 2577 2647 ita
2628 2594 2926 2665 praescivit,
2981 2601 3042 2646 ut
3095 2610 3219 2646 eam
3280 2592 3574 2669 verissime

1882 2683 2003 2751 ipsa
2036 2683 2393 2751 prtescientia
2431 2682 2882 2750 prwdestinaret,
2920 2681 3055 2750 quid
3117 2686 3200 2731 est
3232 2680 3382 2732 aliud
3417 2680 3571 2749 quod

1883 2788 2007 2825 eam
2043 2773 2337 2842 praescivit,
2368 2771 2475 2823 nisi
2510 2772 2644 2840 quia
2688 2787 2814 2823 vere
2857 2776 2912 2822 et
2954 2769 3392 2821 inimutabiliter
3422 2784 3571 2838 pra:-

1883 2859 2223 2913 destinavit?
2254 2861 2341 2916 Sic
2372 2875 2506 2928 ergo
2546 2860 2601 2910 in
2648 2856 3127 2926 przeordinatione
3160 2857 3471 2909 electorum
3504 2856 3573 2909 ad

1883 2948 2076 3010 vitam,
2112 2952 2165 2999 et
2198 2948 2254 2998 in
2287 2946 2764 3016 praeordinatione
2799 2945 3168 3013 reproborum
3203 2946 3269 2997 ad
3306 2949 3570 3008 mortem,

1814 3034 1852 3088 C
1881 3036 2015 3105 quia
2047 3040 2352 3104 utrumque
2387 3034 2605 3102 justum
2638 3050 2781 3103 opus
2830 3034 2926 3087 Dei
2966 3040 3069 3095 est,
3106 3034 3249 3085 sicut
3279 3030 3574 3085 Psalmista

1880 3130 2136 3189 testatur,
2183 3124 2377 3176 dicens
2411 3140 2423 3175 :
2470 3143 2497 3171 (ι
2523 3123 2715 3175 Justus
2758 3123 3030 3175 Dominus
3070 3122 3127 3174 in
3169 3122 3435 3174 omnibus
3470 3120 3574 3173 viis

1880 3214 1996 3265 suis
2029 3219 2082 3264 et
2128 3218 2358 3265 sanctus
2398 3212 2456 3263 in
2498 3212 2769 3281 operibus
2803 3210 2919 3262 suis
2954 3212 3114 3273 (Psul.
3152 3225 3363 3275 CXLIV,
3405 3212 3508 3277 Π),
3547 3227 3572 3260 ι

1880 3317 1981 3353 nec
2014 3300 2369 3369 praescientia
2417 3299 2539 3368 ejus
2580 3301 2699 3351 sine
2743 3298 3247 3368 prazdestinatione
3292 3313 3392 3350 nec
3426 3313 3574 3367 prae-

1881 3388 2186 3440 destinatio
2219 3386 2339 3439 sine
2373 3387 2729 3456 praescientia
2753 3387 2995 3456 intelligi
3024 3393 3226 3455 potest,
3264 3385 3399 3455 quia
3427 3384 3576 3437 istud

1874 3477 2091 3547 justum
2127 3481 2226 3542 est,
2261 3481 2316 3528 et
2348 3483 2565 3527 rectum
2603 3492 2744 3545 opus
2776 3492 2962 3542 suum,
3009 3481 3063 3527 et
3110 3491 3236 3527 vere
3267 3473 3573 3543 prmscivit,

1876 3571 1930 3618 et
1955 3564 2308 3634 prmsciendo
2337 3565 2488 3632 juste
2518 3564 2965 3631 priedestinavit.

2442 3703 2679 3741 REGULA
2726 3703 3003 3749 QUARTA.

1880 3798 2025 3849 Bona
2046 3809 2207 3862 opera
2242 3794 2623 3861 principaliter
2659 3795 2752 3844 Dei
2788 3798 2934 3855 sunt,
2976 3791 3070 3844 scd
3121 3797 3171 3845 el
3218 3793 3393 3859 ipsius
3424 3805 3572 3843 crea-

1942 3872 2102 3918 ‘turee.
2137 3866 2283 3918 Mula
2333 3866 2501 3917 solius
2530 3868 2788 3916 creaturae
2814 3864 2931 3917 ideo
2972 3864 3247 3931 prwscita,
3283 3878 3389 3915 non
3422 3876 3572 3929 prae-

1950 3936 2243 3989 destinata.

1950 4062 2159 4123 Quarta
2200 4059 2395 4128 regula
2437 4064 2522 4111 est
2564 4058 2817 4126 ejusdem
2867 4057 3240 4128 praascientite
3273 4061 3329 4108 et
3358 4056 3571 4125 prinde-

1879 4148 2205 4200 stinationis
2245 4148 2395 4217 quod
2429 4163 2439 4199 :
2478 4166 2504 4196 α
2540 4148 2663 4200 llaec
2702 4147 2814 4200 duo
2862 4148 2919 4198 in
2960 4146 3229 4215 operibus
3274 4144 3569 4197 rationalis

1876 4243 2151 4289 creaturas
2201 4241 2255 4289 et
2300 4235 2560 4288 distincte
2606 4241 2660 4287 et
2710 4236 3011 4304 conjuncta
3044 4234 3284 4302 intelligi
3313 4236 3569 4302 possunt,

86 4318 369 4386 adimpleri
407 4325 616 4387 posset.
655 4320 807 4373 Sicut
843 4320 984 4372 nihil
1015 4320 1249 4372 omnino
1281 4320 1339 4373 in
1371 4322 1644 4390 operibus
1675 4323 1762 4375 di-
1804 4328 1846 4380 D
1881 4326 2015 4394 quia
2048 4324 2259 4377 scilicet
2290 4323 2545 4392 ejusdem
2577 4329 2851 4376 creaturae
2886 4340 3061 4393 opera
3093 4323 3205 4375 alia
3237 4328 3371 4374 sunt
3404 4322 3572 4383 bona,

86 4408 212 4458 vinis
242 4423 362 4459 esse
399 4412 587 4475 potest
632 4408 782 4476 quod
831 4424 947 4459 non
992 4408 1071 4460 ibi
1116 4411 1485 4477 praecesserit.
1535 4411 1617 4463 Ad
1662 4410 1767 4464 hoc

88 4495 409 4547 mirabiliter
440 4500 497 4547 et
529 4497 850 4548 sublimiter
883 4497 1292 4549 insinuandum
1329 4499 1579 4566 pertinet
1611 4501 1764 4569 quod

87 4580 138 4633 de
164 4592 380 4635 interno
416 4588 473 4636 et
506 4583 801 4652 unigenito
842 4585 1025 4638 Verbo
1070 4586 1168 4637 Dei
1207 4587 1558 4655 evangelista
1606 4589 1762 4642 dicit.

1880 4414 1990 4465 alia
2016 4414 2183 4464 mala.
2216 4412 2282 4464 Et
2305 4411 2439 4481 quia
2471 4413 2621 4464 bona
2650 4429 2822 4481 opera
2855 4413 2934 4464 ita
2978 4418 3109 4464 sunt
3140 4412 3317 4479 ipsius
3347 4415 3575 4462 creatu-

1878 4518 1976 4563 rte,
2014 4505 2074 4553 ut
2100 4503 2213 4553 sint
2241 4518 2499 4567 omnino,
2534 4504 2557 4542 b
2590 4502 2983 4570 principaliter
3009 4506 3065 4552 et
3087 4500 3361 4552 veraciter
3393 4513 3570 4565 opera

1879 4588 2179 4652 Creatoris,
2217 4607 2243 4638 α
2280 4589 2379 4657 qui
2421 4594 2691 4657 operatur
2730 4587 2787 4639 in
2827 4603 2893 4639 ea
2926 4590 2981 4639 et
3021 4584 3162 4637 velle
3205 4589 3261 4637 ct
3299 4584 3571 4652 perﬁcere

1130 4741 1329 4794 NOTAE
1372 4743 1691 4797 DUVALLII
1731 4743 2072 4799 DOCTORIS
2111 4742 2502 4797 SORBONICI.

145 4871 166 4892 ³
222 4862 396 4914 Docet
430 4861 1012 4933 praedestinationem
1070 4868 1125 4916 et
1174 4865 1592 4933 priescientiam
1638 4872 1763 4920 tan-

87 4933 320 4984 tumdem
353 4932 541 4984 valere
585 4934 727 4985 circa
765 4935 975 4987 bonum
1011 4932 1232 4987 tantum
1266 4938 1414 5004 quod
1448 4954 1477 4988 a
1516 4939 1626 4989 Deo
1658 4945 1761 5004 est,

88 5004 216 5066 quod
245 5010 439 5055 tamen
470 5012 672 5055 contra
698 5004 976 5057 Joannem
1013 5007 1309 5074 Erigenam
1349 5008 1621 5061 acerrime
1673 5025 1765 5061 ar-

87 5075 217 5145 guit;
252 5090 383 5125 cum
418 5074 777 5142 prmsizientia
810 5078 988 5128 multo
1032 5078 1198 5128 latius
1240 5086 1446 5145 pati-at,
1488 5088 1570 5130 est
1609 5080 1765 5131 enim

88 5140 342 5196 honorum
399 5140 454 5195 et
512 5145 831 5213 malorum;
889 5140 1314 5215 praedestinatio
1367 5140 1495 5200 vero
1546 5150 1767 5202 solum-

89 5216 233 5289 modo
293 5217 603 5289 bonorum.
659 5216 880 5289 Verum,
913 5218 955 5268 si
1008 5224 1220 5269 attente
1263 5219 1503 5286 legatur,
1547 5221 1765 5289 liquido

88 5287 267 5355 cuique
312 5286 599 5338 constabit
639 5301 763 5339 eam
805 5287 987 5339 solum
1031 5288 1098 5340 de
1140 5292 1496 5357 priescientia
1537 5286 1756 5343 divino-

88 5369 189 5431 rum
230 5372 483 5431 operum
522 5371 713 5431 agere,
755 5374 868 5431 quo
912 5374 1077 5431 sensu
1124 5361 1551 5427 przedestinatio
1599 5377 1760 5431 teque

90 5423 174 5500 |_ate
202 5423 396 5495 patet;
440 5427 522 5477 sic
560 5428 714 5500 enim
753 5423 878 5500 ait;
924 5428 983 5480 In
1025 5423 1293 5497 operibus
1348 5423 1761 5500 omnipotentis

89 5494 163 5570 Dei
183 5494 309 5570 non
335 5504 483 5570 sunt
529 5496 639 5549 alia
680 5499 935 5570 praescita
965 5504 1021 5552 et
1052 5494 1161 5552 alia
1194 5494 1596 5570 prazdestinata
1626 5518 1637 5554 :
1677 5502 1762 5554 vel

89 5565 229 5621 dictio
262 5567 409 5620 velle
438 5565 795 5621 tantum'illa
826 5568 937 5621 duo
968 5565 1212 5638 eaqualia
1244 5587 1363 5625 esse
1400 5573 1616 5625 ratione
1648 5572 1762 5625 im-

1878 4866 2211 4920 mobilitatis
2259 4866 2434 4919 divini
2473 4864 2726 4927 consilii;
2761 4863 2912 4933 quod
2947 4862 3098 4915 enim
3128 4878 3160 4915 a
3200 4863 3312 4915 Deo
3364 4864 3565 4929 semel,

1876 4946 1961 4991 est
1991 4940 2312 5007 priescitum
2347 4952 2463 4988 non
2500 4936 2687 5007 minus
2715 4934 3091 5007 inl‘allibiliter
3121 4934 3362 5007 eveniet,
3396 4949 3569 5002 quam

1875 5004 2026 5079 quod
2062 5009 2229 5060 semel
2256 5013 2348 5079 est
2378 5005 2865 5079 praedestinatum.
2916 5006 2975 5057 Et
3007 5004 3129 5079 inec
3160 5006 3440 5073 posterior
3475 5021 3565 5058 ex-

1876 5075 2081 5148 posuio
2116 5078 2294 5145 magis
2327 5083 2409 5129 est
2441 5076 2508 5129 ad
2535 5083 2777 5129 mentem
2804 5075 3068 5148 auctoris.

1948 5152 1970 5190 ιι
2000 5151 2174 5201 Caute
2208 5152 2508 5215 legendum
2551 5153 2633 5199 est
2673 5146 2824 5215 quod
2863 5146 2996 5198 dicit
3039 5145 3187 5197 bona
3229 5160 3403 5208 opera
3447 5161 3568 5199 esse

1875 5220 2108 5271 omnino
2163 5218 2554 5287 prinCIpalitcr
2612 5223 2667 5267 et
2716 5217 2990 5269 veraciter
3034 5215 3213 5283 ipsius
3252 5216 3563 5287 Creatoris.

1869 5291 1980 5343 Ista
2023 5285 2178 5339 enim
2209 5287 2483 5356 particula
2513 5289 2726 5339 omnino
2756 5303 2869 5339 non
2903 5286 3068 5339 debet
3101 5285 3323 5338 divisim
3356 5306 3388 5337 ει
3418 5290 3571 5354 prin-

1868 5360 2116 5427 cipaliter
2163 5359 2363 5425 accipi,
2415 5358 2509 5410 sed
2551 5360 2935 5424 conjunctim;
2995 5358 3159 5426 quasi
3207 5357 3342 5408 velit
3391 5357 3570 5410 Deum

1871 5432 2129 5483 omnium
2170 5429 2451 5481 bonorum
2503 5444 2741 5498 Operum
2785 5444 2903 5481 esse
2951 5444 3179 5480 causam
3222 5428 3571 5497 priecipuam

1872 5517 1968 5554 seu
2004 5499 2365 5570 primariam;
2393 5515 2509 5552 non
2552 5508 2739 5552 tamen
2786 5505 3087 5570 propterea
3132 5499 3380 5551 excludit
3411 5515 3571 5553 crea-

1872 5568 2061 5625 turam
2089 5571 2401 5624 humanam
2449 5586 2548 5623 seu
2590 5570 2833 5623 liberum
2876 5568 3199 5635 arbitrium,
3262 5570 3415 5639 quod
3466 5585 3569 5623 suo
