3884 6218
331 272 432 321 995
1466 269 1519 323 S.
1565 271 1845 327 REMIGII
1886 271 2363 328 LUGDUNENSIS
2405 272 2713 330 EPISCOPI
3738 290 3819 336 ut».

331 424 357 457 «
396 422 499 475 pro
531 406 677 459 bona
710 406 992 458 voluntate
1028 407 1187 470 (Phil.
1229 422 1297 471 ιι,
1346 406 1448 473 l3),
1485 427 1509 455 υ
1554 408 1862 461 rectissime

2288 432 2306 456 ιι
2353 413 2408 462 et
2438 409 2645 463 iterum
2680 428 2691 463 ε
2728 412 3033 475 «Quaerite
3078 414 3289 470 bonum
3340 424 3395 471 et
3448 435 3569 472 non
3627 421 3820 473 malum

328 511 501 564 quam
528 511 657 547 vere
686 494 895 558 divina,
930 494 987 547 id
1021 499 1108 547 est
1135 494 1405 548 divinitus
1428 496 1721 565 inspirata,
1758 502 1812 549 et
1842 502 2019 566 gesta,
2133 502 2196 549 ut
2227 497 2447 562 vivatis,
2499 503 2553 550 et
2602 499 2709 552 erit
2762 501 3034 555 Dominus
3094 505 3451 559 exercituum
3509 506 3813 565 vobiscum.

328 589 385 637 et
429 584 708 651 praescita,
760 588 815 635 et
862 583 1263 651 praedestinata
1313 583 1523 637 debent
1561 584 1828 651 intelligi.
1884 586 2023 638 Mala
2133 584 2276 638 sicut
2304 585 2524 637 dixistis
2575 587 2780 655 (Amos.
2835 603 2891 654 v,
2933 590 3041 657 llr);
3078 612 3105 638 »
3155 596 3210 645 et
3254 593 3368 647 alio
3420 595 3549 648 loco
3586 612 3599 648 :
3638 618 3666 647 α
3696 598 3824 650 (Σοου

328 687 459 724 vero
498 688 670 740 opera
714 672 968 741 ejusdem
1013 677 1308 740 creaturae,
1359 672 1493 742 quia
1543 673 1720 743 ipsius
1762 678 2019 726 tantum-
2130 673 2414 727 vertimini
2450 674 2517 727 ad
2554 692 2662 742 me,
2699 680 2754 729 et
2784 683 3079 732 convertar
3119 679 3188 733 ad
3224 696 3339 747 vos,
3375 681 3511 735 dicit
3557 683 3823 737 Dominus

325 760 496 813 modo
529 766 681 827 sunt,
724 766 780 813 et
811 777 873 814 ex
923 762 1041 829 ejus
1084 761 1241 826 vitio,
1292 777 1409 813 non
1446 778 1513 814 ex
1567 761 1663 815 Dei
1706 762 2016 828 voluntate,
2130 762 2479 815 exercituum
2529 762 2717 832 (Zach.
2745 780 2787 830 I,
2848 767 2927 833 3);
2989 789 3016 815 ››
3069 772 3127 821 et
3171 784 3403 823 rursum
3436 770 3496 823 in
3559 772 3819 825 Psalmo:

326 848 412 901 vel
457 849 790 918 operatione
828 850 1166 919 procedunt,
1214 849 1470 918 praescita
1509 866 1541 901 a
1584 850 1694 902 Deo
1734 849 1843 901 diei
1889 866 2018 918 pos-
2133 868 2158 898 «
2194 849 2439 903 Laetetur
2466 867 2563 904 cor
2593 854 2977 921 quaerentium
3005 856 3331 919 Dominum,
3366 859 3612 928 quaerite
3648 861 3823 914 Domi-

324 942 476 1001 sunt,
514 937 922 1005 praedestinata
971 955 1084 991 non
1131 943 1385 1007 possunt.
1424 958 1449 987 ››
1490 938 1635 1001 Quia
1683 937 1759 989 ita
1798 942 1883 989 est
1922 937 2017 990 ille
2127 952 2267 990 num
2312 942 2367 990 et
2405 938 2847 1005 conﬁrmamini,
2898 941 3140 1010 quaerite
3170 942 3372 996 faciem
3424 944 3551 1012 ejus
3609 960 3824 1015 semper

323 1025 635 1079 certissime
665 1027 935 1095 praescius
962 1027 1223 1079 omnium
1270 1026 1614 1089 futurorum,
1648 1032 1701 1078 et
1733 1026 2017 1079 bonorum
2128 1026 2289 1094 (Psal.
2327 1041 2454 1091 (τιν,
2487 1029 2565 1094 3).
2603 1046 2626 1075 ››
2662 1027 2811 1080 Unde
2845 1032 2900 1081 et
2928 1029 2988 1081 in
3020 1030 3143 1099 ejus
3190 1031 3419 1085 laudem
3454 1032 3633 1103 digne
3666 1035 3816 1087 cani-

323 1114 535 1168 scilicet
561 1120 618 1167 et
648 1116 956 1183 malorum,
989 1120 1051 1167 ut
1092 1131 1385 1185 nunquam
1416 1131 1535 1167 esse
1576 1114 1753 1184 possit
1798 1114 2013 1183 praede-
2128 1117 2263 1166 tur:
2302 1136 2319 1161 ε
2357 1114 2600 1182 Sperent
2646 1114 2706 1169 in
2752 1121 2806 1168 te
2861 1132 3060 1170 omnes
3113 1119 3213 1188 qui
3264 1125 3551 1174 noverunt
3622 1138 3819 1176 nomen

323 1203 577 1267 stinator,
615 1204 762 1257 sicut
804 1220 905 1256 nec
935 1209 1132 1256 auctor
1163 1204 1475 1268 malorum;
1515 1202 1795 1271 praescivit
1824 1204 2016 1273 itaque
2129 1203 2312 1268 tuum,
2347 1202 2622 1272 quoniam
2676 1218 2794 1256 non
2835 1204 3189 1275 dereliquisti
3224 1213 3551 1277 quaerentes
3603 1214 3684 1277 te,
3730 1212 3823 1265 Do-

324 1290 470 1343 Deus
517 1297 573 1343 et
621 1291 1045 1361 pra-destinavit
1085 1292 1378 1343 rationalis
1429 1296 1704 1343 creatura
1750 1306 1865 1343 suae
1899 1306 2015 1344 om-
2126 1288 2281 1342 mine
2313 1288 2478 1359 (Psal.
2522 1291 2808 1357 ιχ,11).››

321 1379 416 1432 nia
441 1379 608 1443 bona,
643 1380 787 1432 sicut
819 1381 1121 1449 Apostolus
1153 1379 1325 1433 dicit:
1364 1400 1391 1427 ‹‹
1418 1380 1559 1432 Nam
1592 1395 1733 1449 quos
1786 1379 2014 1448 praesci-
2198 1377 2319 1430 Non
2344 1393 2480 1447 ergo
2500 1377 2594 1432 ille
2624 1383 2796 1433 tanta:
2817 1379 3086 1434 bonitatis
3108 1386 3163 1436 et
3184 1381 3414 1453 pietatis
3436 1386 3608 1439 Pater
3631 1403 3822 1457 quem-

320 1467 418 1527 vit,
458 1471 512 1520 et
557 1468 983 1536 praedestinavit
1031 1469 1351 1521 conformes
1394 1469 1519 1521 tieri
1578 1468 1846 1536 imaginis
1889 1468 2013 1520 Filii
2128 1482 2300 1535 quam
2334 1466 2581 1535 impellit
2610 1472 2707 1519 aut
2751 1469 3045 1538 compellit
3082 1470 3151 1523 ad
3206 1473 3422 1525 malum
3470 1490 3621 1543 opus
3657 1491 3819 1545 agen-

318 1554 404 1606 sui
436 1554 607 1623 (Rom.
644 1570 792 1620 VIII,
823 1558 946 1623 29);
981 1576 1005 1604 »
1039 1561 1094 1609 et
1119 1556 1327 1609 iterum
1364 1572 1374 1608 :
1411 1578 1437 1602 ‹‹
1468 1555 1571 1609 Sed
1598 1556 1891 1625 loquimur
1914 1555 2011 1607 Dei
2124 1555 2260 1607 dum
2288 1556 2375 1607 vel
2419 1555 2479 1607 in
2519 1555 2667 1609 malo
2701 1573 2873 1626 opere
2922 1560 3421 1628 permanendum;
3451 1566 3652 1616 tamen
3700 1581 3818 1618 vere

317 1643 658 1711 sapientiam
684 1644 741 1696 in
777 1644 1047 1713 mysterio
1076 1644 1489 1705 absconditam,
1526 1659 1699 1713 quam
1724 1644 2012 1714 praedesti-
2056 1706 2093 1720 ἢ
2122 1643 2463 1713 constringit
2501 1649 2557 1695 et
2588 1645 2881 1713 compellit
2906 1645 3121 1714 judicio
3157 1662 3255 1700 suo
3304 1648 3363 1700 in
3422 1650 3591 1702 malis
3640 1667 3821 1720 perse-

318 1706 472 1784 navit
503 1732 648 1784 Deus
682 1736 813 1785 ante
836 1706 1066 1784 vsaecula
1104 1731 1165 1784 in
1212 1731 1454 1800 gloriam
1495 1706 1748 1804 nostram
1780 1732 1836 1800 (I
1891 1732 2008 1787 Cor.
2056 1706 2094 1758 Β
2124 1706 2479 1784 verantesvad
2501 1706 2737 1801 justum.
2754 1706 3097 1803 supplicium
3147 1735 3443 1789 luendum.
3482 1739 3547 1790 Et
3578 1706 3663 1791 ibi
3698 1757 3821 1809 ergo

323 1836 394 1889 II,
425 1824 504 1891 7).
566 1843 585 1869 n
642 1822 787 1875 Mala
828 1838 961 1874 vero
1002 1836 1177 1891 Opera
1220 1825 1275 1874 et
1311 1822 1461 1874 mala
1506 1822 1708 1874 merita
1755 1821 2009 1891 ejusdem
2122 1820 2327 1887 bonus,
2398 1820 2533 1890 quia
2605 1821 2895 1875 neminem
2958 1823 3076 1876 vult
3124 1825 3341 1877 malum
3396 1842 3549 1889 esse;
3618 1832 3675 1880 et
3737 1829 3819 1881 hic

318 1914 592 1963 creaturae
622 1909 906 1979 prazscivit
930 1909 1353 1975 tantummodo,
1398 1925 1512 1961 non
1544 1909 2005 1978 plasdestinavit:
2114 1908 2323 1977 justus,
2358 1908 2492 1977 quia
2511 1908 2733 1962 nullum
2765 1908 3030 1979 iniquum
3056 1916 3110 1963 et
3132 1910 3377 1980 impium
3406 1915 3698 1982 permittit
3723 1918 3816 1967 im-

316 1997 460 2050 sicut
495 1997 787 2051 Psalmista
824 2015 889 2051 ex
921 2014 1164 2068 persona
1201 1998 1437 2050 humani
1476 1998 1700 2066 generis
1743 1996 1893 2049 inter
1932 1998 2007 2050 la-
2121 1994 2385 2063 punitum
2421 2011 2540 2047 esse
2575 2012 2587 2048 :
2620 2012 2903 2066 nusquam
2936 2002 3125 2052 autem
3161 2001 3364 2065 malus,
3403 2002 3503 2071 qui
3537 2005 3814 2057 malorum

314 2086 479 2139 bores
513 2092 567 2139 et
590 2087 842 2156 pericula
873 2087 1001 2139 vitae
1025 2085 1279 2139 mortalis
1310 2085 1610 2155 gementis,
1639 2090 1694 2138 et
1726 2084 1794 2138 ad
1828 2086 2007 2137 Deum
2120 2084 2521 2136 tantummodo
2580 2085 2753 2150 ultor,
2820 2101 3113 2156 nunquam
3182 2093 3379 2141 auctor
3436 2090 3647 2144 existit.
3712 2093 3813 2144 Hoc

312 2175 494 2228 redire
525 2176 800 2241 conantis,
838 2175 945 2244 ipsi
976 2173 1354 2244 omnipotenti
1393 2176 1505 2227 Deo
1540 2174 1838 2226 humiliter
1866 2190 2001 2227 con-
2119 2171 2268 2224 enim
2303 2172 2466 2224 nobis
2500 2172 2567 2224 de
2596 2172 2694 2225 illo
2726 2173 3016 2243 Scriptura
3052 2175 3489 2246 diligentissime
3521 2195 3809 2233 commen-

312 2262 524 2330 ﬁtetur,
568 2263 803 2317 dicens:
862 2285 881 2311 «τ
928 2263 1263 2316 Intellexisti
1311 2262 1682 2333 cogitationes
1732 2279 1887 2315 meas
1937 2263 2005 2315 de
2117 2260 2232 2325 dat,
2258 2260 2537 2314 dicens:«
2561 2261 2785 2315 Nemini
2809 2264 3286 2333 mandavitimpie
3305 2282 3494 2336 agere,
3520 2273 3573 2320 et
3596 2270 3809 2322 nemini

312 2350 499 2420 longe,
537 2352 802 2405 semitam
844 2367 1030 2404 meam
1068 2356 1124 2405 et
1156 2351 1476 2404 funiculum
1526 2366 1717 2404 meum
1769 2351 2002 2404 investi-
2115 2349 3249 2423 deditspatiumpeccandi(Prov.XIX,3);
3276 2356 3613 2424 netfiterum
3635 2358 3706 2412 de
3730 2359 3810 2411 his

311 2441 484 2509 gasti;
518 2445 572 2493 et
603 2457 800 2494 omnes
830 2440 947 2493 vias
974 2457 1130 2494 meas
1156 2440 1469 2510 praevidisti
1496 2442 1657 2493 (Psal.
1687 2455 2000 2503 CXXXVIII,
2115 2438 2213 2507 qui
2253 2444 2459 2508 putent
2488 2456 2545 2493 se
2576 2441 2689 2493 Deo
2712 2441 3045 2510 impellente
3069 2458 3301 2511 peccare
3333 2459 3344 2497 :
3373 2467 3400 2492 (ς
3424 2445 3699 2509 Stultitia,
3726 2448 3808 2499 in-

309 2528 383 2595 2).
418 2550 437 2575 ι
477 2528 621 2591 Quid
654 2534 741 2581 est
781 2529 934 2581 enim
971 2551 990 2575 α
1028 2544 1225 2581 omnes
1253 2529 1370 2581 vias
1421 2544 1573 2581 meas
1603 2528 1934 2598 praevidisti,
1978 2550 1995 2576 ο
2115 2527 2258 2597 quit,
2311 2527 2562 2581 hominis
2610 2531 2943 2599 supplantat
3014 2546 3243 2601 gressus
3286 2533 3461 2599 illius,
3513 2540 3568 2587 et
3616 2542 3807 2589 contra

310 2616 420 2669 nisi
446 2633 642 2670 omnes
674 2617 790 2670 vias
822 2633 996 2681 meas,
1030 2618 1225 2687 utique
1265 2618 1457 2683 malas,
1489 2633 1603 2670 non
1637 2618 1820 2670 solum
1852 2633 1999 2687 prm-
2118 2617 2294 2669 Deum
2319 2621 2507 2671 servet
2530 2618 2723 2671 animo
2746 2635 2847 2672 suo
2868 2620 3053 2688 (Prov.
3078 2636 3251 2687 XXIX,
3278 2624 3348 2685 3).
3378 2644 3399 2670 ι
3430 2624 3492 2677 Et
3514 2624 3627 2677 alio
3650 2625 3802 2678 loco:

310 2711 500 2759 sentes
530 2705 741 2771 vidisti,
772 2706 869 2759 sed
914 2707 1085 2759 etiam
1125 2706 1367 2771 futuras,
1405 2711 1713 2776 antequam
1755 2722 1849 2759 eas
1880 2722 2000 2759 am-
2117 2728 2135 2753 α
2167 2705 2504 2771 Iniquitates
2528 2724 2643 2760 sua:
2667 2707 2904 2777 capiunt
2924 2709 3186 2778 impium,
3213 2715 3269 2764 et
3292 2711 3525 2765 funibus
3550 2720 3803 2781 peccato-

309 2793 586 2857 bularem,
618 2794 970 2865 praevidisti?
1012 2795 1115 2851 Cui
1155 2795 1328 2847 etiam
1377 2794 1490 2847 alio
1540 2795 1658 2848 loco
1708 2794 1998 2864 Scriptura
2112 2810 2238 2848 rum
2288 2811 2521 2849 suorum
2562 2796 2973 2866 constringitur
3021 2800 3202 2866 (Prov.
3243 2815 3299 2865 v,
3334 2802 3445 2869 22).
3483 2821 3508 2850 ››
3564 2802 3721 2854 Unde
3753 2806 3804 2854 et

307 2882 443 2936 dicit
474 2899 487 2936 :
530 2904 557 2932 «
589 2884 695 2946 Qui
725 2884 873 2936 nosti
906 2883 1100 2937 omnia
1136 2888 1442 2953 antequam
1479 2883 1621 2936 ﬁant
1654 2886 1809 2951 (Dan.
1845 2898 1995 2948 XIII,
2109 2883 2307 2936 beatus
2337 2884 2576 2937 Jacobus
2600 2889 2888 2954 apostolus
2914 2902 3143 2940 omnem
3167 2887 3397 2940 ﬁdelem
3423 2890 3493 2941 ab
3527 2889 3631 2942 hac
3658 2890 3797 2943 insa—

306 2971 418 3039 42),
458 2995 476 3019 ι
516 2972 713 3043 utique
742 2989 860 3025 non
891 2974 1075 3025 solum
1109 2972 1278 3039 bona,
1315 2971 1412 3025 sed
1438 2972 1611 3025 etiam
1643 2973 1807 3026 mala.
2039 2989 2078 3043 ρ
2110 2971 2205 3025 nia
2237 2988 2501 3026 coercens
2532 2979 2586 3026 et
2618 2974 2685 3027 ad
2716 2990 2907 3027 veram
2935 2974 3162 3043 pietatis
3193 2977 3492 3031 scientiam
3524 2979 3797 3032 reducens

2110 3062 2345 3115 sollicite
2369 3063 2657 3130 admonet,
2682 3063 2875 3117 dicens
2909 3081 2920 3117 :
2955 3083 2980 3115 ‹‹
3008 3066 3204 3128 Nemo,
3231 3081 3360 3119 cum
3386 3072 3636 3121 tentatur
3657 3068 3801 3121 dicat

2111 3096 2345 3115 ουιιιυιιυ
2369 3096 2657 3130 αυιυυυῦι,
2682 3096 2875 3117 υιιρσιιδ
2909 3106 2920 3117 .
2955 3096 2980 3115 ιι
3008 3096 3204 3128 ucqu,
3231 3096 3360 3119 c.ou
3388 3096 3629 3121 ιεηιαιυι
3657 3096 3795 3121 unum

972 3218 1060 3221 ____
1092 3220 1096 3221 ν
1166 3217 1383 3221 ,,,,,,,,
2108 3151 2381 3221 quoniam
2414 3167 2445 3203 8
2474 3151 2588 3204 Deo
2622 3156 2909 3221 tentatur;
2946 3155 3093 3207 Deus
3137 3154 3289 3208 enim
3326 3155 3642 3209 intentator
3686 3174 3795 3208 ma-

875 3218 1134 3314 ῗεέῐηξ
1158 3217 1449 3314 ΟυῙΝτμδἈ
1625 3306 1641 3314 _
1766 3308 1778 3314 _
2105 3239 2290 3292 lorum
2324 3244 2427 3301 est,
2452 3240 2571 3309 ipse
2592 3245 2782 3293 autem
2816 3242 3106 3295 neminem
3140 3248 3321 3297 tentat
3356 3260 3367 3296 :
3406 3245 3793 3314 unusquisque

424 3309 837 3399 Ρνίεάθείίπςξξξρ
1669 3308 1870 3361 malum
2106 3331 2295 3379 autem
2318 3306 2571 3381 tentatur
2598 3345 2628 3380 a
2650 3328 3133 3399 concupiscientia
3162 3347 3263 3383 sua
3295 3306 3616 3386 abstractus
3642 3306 3790 3386 etil-

741 3383 751 3393 ,
927 3382 933 3390 .
1391 3381 1399 3389 .
1452 3380 1461 3390 .
2488 3380 2493 3381 κ
2696 3380 2699 3381 ν
2750 3380 2781 3381 η
3163 3380 3261 3383 ~——
3298 3380 3615 3386 ———-——~-——
3646 3380 3695 3386 ——
3722 3380 3758 3385 --

730 3384 976 3449 Impomt'
1011 3381 1206 3435 Notent
1238 3380 1575 3432 cammstw'
2103 3415 2301 3482 lectus;
2327 3415 2456 3469 dein
2481 3417 2959 3487 concupiscentia,
2988 3434 3117 3472 cum
3140 3419 3489 3489 conceperit,
3512 3420 3795 3491 paritpec-

374 3507 582 3571 Quinta
613 3504 814 3575 regula
843 3508 928 3557 est
958 3504 1165 3557 divina:
1197 3502 1573 3573 praescientiaa
1618 3506 1674 3557 et
1704 3504 1995 3573 praedesti-
2104 3508 2291 3557 catum
2325 3520 2336 3557 :
2371 3509 2664 3573 peccatum
2697 3521 2829 3559 vero
2844 3523 2974 3559 cum
2993 3514 3455 3561 consummatum
3480 3509 3671 3575 fuerit,
3706 3526 3789 3579 ge-

302 3595 547 3651 nationis
578 3595 728 3665 quod
767 3618 787 3642 α
824 3594 1186 3663 omnipotens
1228 3593 1375 3645 Deus
1403 3591 1599 3645 eadem
1636 3593 1996 3663 praescientia
2105 3598 2266 3645 uerat
2297 3597 2559 3645 mortem.
2596 3614 2622 3643 »
2657 3593 2840 3664 Igitur
2868 3595 3238 3665 omnipotens
3266 3598 3411 3651 Deus
3445 3598 3795 3666 praescientia

302 3690 355 3738 et
387 3683 886 3754 praedestinatione
913 3698 1015 3736 sua
1036 3682 1115 3734 ita
1146 3680 1427 3751 quosdam
1455 3681 1634 3733 malos
1658 3680 1716 3733 in
1750 3696 1854 3734 sua
1886 3680 1994 3733 ini-
2103 3697 2204 3733 sua
2231 3697 2365 3751 erga
2392 3682 2663 3751 reprobos
2694 3683 2973 3751 praevidit,
2998 3684 3151 3753 quod
3182 3700 3380 3738 verum
3405 3691 3489 3738 est
3524 3702 3537 3739 :
3571 3703 3664 3740 eos
3696 3687 3793 3739 sci-

302 3771 516 3839 qnitate
535 3770 899 3840 etimpietate
931 3776 986 3824 et
1005 3768 1317 3839 prmscierit
1339 3773 1812 3838 perseveraturos,
1849 3774 1899 3821 et
1924 3770 1994 3823 ob
2102 3770 2250 3834 licet,
2284 3785 2399 3823 non
2420 3787 2522 3823 suo
2547 3771 2821 3841 impulsu,
2850 3772 2946 3825 sed
2971 3773 3204 3842 proprio
3230 3773 3365 3826 vitio
3406 3772 3791 3843 impietatibus

299 3858 406 3913 hoc
429 3860 581 3928 juste
611 3857 1105 3928 praedestinaverit
1140 3858 1447 3927 perituros,
1490 3862 1552 3910 ut
1593 3873 1657 3909 ex
1688 3856 1811 3925 ipsa
1842 3861 1994 3911 certa
2101 3865 2577 3930 perseveraturos.
2636 3861 3140 3914 Praedestinatione
3187 3878 3289 3915 sua
3336 3862 3554 3927 statuit,
3609 3868 3663 3915 et
3701 3863 3791 3916 de-

300 3949 658 4017 praescientia
688 3948 922 4017 etjusta
952 3946 1455 4017 praedestinatione
1491 3962 1591 3998 sua
1625 3945 1768 3998 nulli
1797 3961 1992 3999 neces-
2100 3948 2293 4014 crevit,
2346 3948 2497 4018 quod
2564 3948 2785 4017 justum
2834 3955 2937 4016 est,
2984 3950 3215 4003 eosdem
3278 3950 3542 4004 videlicet
3590 3958 3791 4004 aeterno

300 4036 524 4090 sitatem
568 4037 925 4105 imposuerit,
971 4042 1031 4089 ut
1062 4037 1244 4089 malus
1276 4040 1423 4088 esset
1458 4039 1511 4087 et
1541 4034 1697 4087 aliud
1730 4051 1847 4087 esse
1878 4051 1991 4088 non
2100 4036 2382 4107 supplicio
2419 4037 2720 4106 perituros.
2771 4039 2899 4093 Ηωο
2942 4039 3155 4093 ctenim
3207 4039 3381 4107 mala,
3426 4039 3481 4092 id
3531 4045 3635 4103 est,
3683 4056 3790 4093 non

298 4130 505 4193 posset.
544 4144 571 4173 »
617 4125 734 4178 Hoc
784 4125 939 4177 enim
982 4124 1028 4176 si
1076 4123 1313 4188 fecisset,
1364 4123 1516 4192 quod
1568 4123 1715 4175 absit
1761 4124 1830 4177 de
1869 4124 1991 4193 ejus
2100 4142 2165 4179 ea
2199 4142 2325 4196 quae
2356 4126 2466 4195 ipsi
2494 4128 2748 4180 volentes
2787 4127 3023 4193 faciunt,
3058 4128 3153 4181 sed
3186 4144 3311 4197 quae
3347 4144 3448 4198 pro
3496 4129 3661 4182 malis
3690 4130 3789 4182 fac-

298 4213 549 4266 bonitate
580 4213 789 4265 sentire
822 4222 865 4277 α,
900 4212 1021 4283 ipse
1055 4217 1201 4266 esset
1231 4213 1429 4282 utique
1457 4218 1652 4266 auctor
1682 4213 1987 4279 malorum,
2099 4214 2172 4268 tis
2230 4214 2347 4267 suis
2399 4216 2654 4269 nolentes
2708 4216 3021 4286 patientur,
3083 4222 3139 4270 et
3191 4216 3623 4286 praedestinavit
3684 4218 3789 4271 illis

298 4317 428 4372 quae
459 4318 575 4355 suae
604 4302 896 4372 potestatis
935 4301 1203 4355 violentia
1246 4301 1371 4355 ﬁeri
1402 4302 1793 4371 compulisset.
1830 4303 1989 4366 Quod
2032 4290 2073 4342 D
2106 4305 2252 4357 Deus
2278 4304 2501 4373 justitia
2530 4321 2629 4358 sua
2660 4309 2711 4358 et
2757 4305 2991 4358 omnino
3030 4305 3297 4359 illaturus
3335 4310 3420 4358 est
3446 4305 3603 4375 justo
3631 4306 3787 4375 judi-

299 4406 473 4461 quam
520 4391 825 4444 horrendze
862 4389 935 4442 sit
966 4390 1336 4459 blasphemiae
1374 4390 1559 4444 dicere
1602 4391 1686 4443 vel
1724 4392 1988 4461 cogitare,
2101 4391 2187 4446 cio
2217 4409 2340 4445 suo.
2375 4392 2481 4456 Qui
2525 4393 2819 4447 verissime
2865 4394 3072 4448 talibus
3107 4394 3515 4461 comminatur,
3549 4394 3742 4449 dicens
3774 4411 3785 4447 :

298 4480 486 4534 omnis
531 4480 660 4550 pius
691 4479 874 4533 tidelis
904 4478 1174 4547 intelligit
1206 4494 1217 4531 :
1255 4495 1357 4532 suo
1403 4494 1535 4547 ergo
1566 4479 1699 4531 vitio
1742 4480 1905 4549 impii
1938 4485 1993 4534 et
2108 4504 2126 4529 ι(
2164 4482 2533 4551 Congregabo
2570 4498 2743 4552 super
2770 4499 2863 4536 eos
2896 4484 3064 4545 mala,
3097 4487 3154 4536 et
3184 4484 3420 4554 sagittas
3456 4500 3609 4536 meas
3641 4500 3784 4537 com-

296 4568 479 4639 iniqui
522 4570 581 4621 in
633 4568 798 4621 malis
846 4568 963 4621 suis
1008 4567 1378 4637 pertinaciter
1425 4573 1810 4636 perseverant.
1872 4585 1988 4622 non
2098 4570 2266 4640 plebo
2318 4570 2375 4622 in
2424 4570 2504 4623 eis
2555 4568 2729 4639 (Deut.
2786 4586 2944 4637 XXII,
2996 4573 3119 4639 23);
3151 4592 3171 4619 ι
3226 4577 3283 4624 et
3326 4572 3575 4626 iterum:
3626 4574 3783 4626 «Ad-

296 4658 491 4728 aliquo
524 4657 622 4710 Dei
654 4656 1006 4727 praajudicio,
1037 4656 1137 4727 qui
1178 4656 1433 4727 quotidie
1474 4672 1671 4709 omnes
1702 4658 1769 4709 ad
1803 4658 1986 4724 pmin-
2101 4660 2305 4712 ducam
2359 4676 2531 4729 super
2574 4676 2670 4712 eos
2712 4661 2879 4721 mala.
2915 4676 3129 4713 annum
3195 4660 3540 4714 visitationis
3591 4678 3784 4715 eorum

296 4747 533 4801 tentiam
564 4754 746 4811 vocat,
775 4751 831 4799 et
860 4746 931 4800 ad
974 4747 1214 4799 salutem
1247 4744 1467 4805 invitat,
1517 4750 1571 4798 et
1601 4747 1887 4798 conversis
1918 4749 1985 4800 ad
2102 4747 2225 4812 (Jer.
2258 4763 2463 4814 xxxu,
2500 4746 2608 4817 12).
2637 4768 2662 4799 ι)
2689 4746 3095 4819 [Reddetenim
3119 4748 3357 4803 omnino
3383 4751 3549 4817 Deus,
3578 4756 3637 4804 ut
3662 4752 3787 4804 bea-

296 4854 354 4890 se
394 4837 801 4890 misericordiae
852 4852 969 4889 suae
1022 4836 1211 4889 sinum
1261 4834 1483 4905 pandit,
1536 4840 1593 4887 et
1640 4834 1991 4889 incessanter
2102 4841 2195 4890 tus
2226 4836 2581 4906 Augustinus
2613 4836 2991 4890 sincerissime
3036 4841 3090 4890 et
3131 4838 3481 4892 lucidissime
3527 4840 3708 4907 docet,
3741 4843 3789 4891 et

294 4926 570 4981 declinari
603 4943 633 4979 a
668 4927 833 4979 malis
864 4930 919 4979 et
950 4925 1075 4979 fieri
1113 4926 1262 4979 bona
1312 4925 1574 4977 hortatur
1614 4929 1669 4976 et
1700 4924 1990 4987 admonet,
2108 4926 2257 4978 mala
2299 4942 2399 4996 pro
2436 4925 2620 4987 malis,
2675 4926 2946 4996 quoniam
2989 4927 3177 4995 justus
3224 4932 3343 4993 est;
3399 4934 3456 4981 et
3505 4929 3655 4982 bona
3693 4946 3789 4998 pro

294 5017 486 5072 dicens
522 5033 533 5070 :
572 5037 599 5065 «
623 5017 848 5071 Declina
877 5031 909 5069 a
945 5015 1116 5081 malo,
1150 5020 1206 5069 et
1230 5014 1317 5067 fac
1338 5013 1549 5067 bonum
1583 5015 1744 5083 (Psal.
1780 5029 1989 5078 xxxvt,
2108 5014 2292 5077 malis,
2322 5014 2593 5084 quoniam
2638 5014 2820 5067 bonus
2855 5018 2977 5081 est;
3009 5018 3065 5068 et
3109 5014 3261 5068 bona
3292 5031 3395 5084 pro
3426 5016 3614 5081 bonis,
3651 5034 3787 5088 quo-

1360 5137 1556 5193 NOTE
1599 5137 1931 5192 DUVALLII
1976 5134 2315 5192 DOCTORIS
2352 5135 2740 5191 SORBONICI.

292 5268 463 5321 modo
517 5271 601 5319 est
644 5265 817 5318 etiam
867 5279 1035 5316 causa
1074 5263 1382 5332 praecipua,
1436 5278 1537 5332 per
1575 5260 1985 5335 virtutemqsibi
2099 5260 2276 5335 Deum
2339 5265 2623 5335 auctorem
2661 5254 3046 5335 peccatorum
3098 5262 3333 5328 faciunt,
3392 5264 3483 5317 hic
3536 5280 3789 5335 expresse

292 5337 805 5408 supernaturaliter
850 5331 1116 5408 infusam,
1163 5341 1394 5408 actuum
1440 5334 1798 5408 internorum
1829 5332 1981 5391 tidei,
2096 5331 2490 5408 condemnari,
2525 5338 2582 5385 et
2613 5332 3175 5408 praedestinationem
3206 5339 3432 5387 tantum
3479 5331 3626 5404 erga
3652 5338 3793 5389 bona

293 5403 414 5478 spei
447 5415 501 5460 et
531 5407 844 5460 charitatis.
881 5406 1125 5473 Ideoque
1170 5405 1476 5478 dicendum
1517 5408 1599 5455 est
1640 5404 1982 5478 Lugdunen-
2094 5403 2490 5478 Opera__statui,
2525 5404 2864 5478 aut_saltem
2896 5419 3027 5478 erga
3068 5419 3264 5478 poenas
3292 5403 3569 5478 aeternas,
3595 5408 3790 5477 quibus

292 5472 411 5532 sem
474 5478 771 5531 Ecclesiam
826 5492 928 5546 per
981 5472 1207 5546 causam
1266 5475 1616 5543 praecipuam
1663 5474 1981 5543 intelligere
2093 5488 2220 5546 vere
2247 5472 2488 5546 dignum
2536 5478 2591 5526 et
2624 5473 2850 5542 justum
2880 5478 2965 5527 est
3003 5472 3209 5544 impios
3250 5474 3309 5528 in
3342 5472 3645 5546 impietate
3679 5493 3788 5531 mo-

291 5549 625 5619 primariam
658 5564 753 5619 seu
787 5542 1290 5619 independentem’.
1547 5613 1559 5619 _
1686 5615 1694 5619 _
1862 5542 1869 5543 7
2092 5542 2303 5597 rientes
2333 5542 2499 5596 aftici.
3086 5542 3119 5585 ἶ

360 5631 381 5656 ³
413 5621 622 5673 Notent
650 5613 973 5671 Calvinistaa
1006 5616 1350 5668 horrendam
1381 5613 1816 5683 blasphemiam,
1868 5630 1981 5685 qua
