3884 6218
71 298 132 335 ηερ

139 294 161 331 τ
1285 286 1487 343 LIBER
1532 290 1619 342 DE
1662 288 1910 345 TRIRUS
1950 290 2325 345 EPISTOIJS.

3468 299 3572 351 998

70 420 219 471 niam
252 418 438 471 bonus
470 426 526 471 et
551 421 740 488 justus
766 423 864 472 est.
891 419 1308 471 Tantummodo
1342 420 1493 471 mala
1518 435 1621 488 pro
1653 421 1757 474 bo-
1796 426 1841 477 Α
1870 420 1996 486 sito,
2032 422 2410 491 prmscieutia,
2461 429 2517 477 et
2564 424 3092 492 prmdestinatione,
3158 427 3453 479 vocatione
3515 433 3573 481 et

72 509 154 559 nis
176 522 297 559 non
330 507 553 573 reddet,
588 506 860 577 quoniam
893 507 1136 576 injustus
1169 523 1283 559 non
1317 511 1418 559 est.
1453 508 1657 561 Reddit
1687 526 1772 563 er-

73 612 135 665 go
164 597 320 648 mala
343 611 450 664 pro
483 596 671 661 malis,
722 611 948 664 poenam
990 612 1091 665 pro
1131 596 1428 663 injustitia,
1479 602 1535 649 et
1586 598 1773 651 reddit

73 686 208 737 bona
240 699 350 753 pro
392 683 578 750 malis,
613 684 854 753 gratiam
888 699 989 753 pro
1030 684 1330 752 injustitia,
1368 688 1423 736 et
1458 685 1641 738 reddit
1675 688 1772 739 bo-

74 789 137 825 na
166 788 272 841 pro
304 772 495 838 bonis,
532 772 774 842 gratiam
810 788 910 841 pro
932 774 1158 841 gratim]
1191 772 1298 835 Qui
1349 788 1484 842 ergo
1518 774 1637 826 tunc
1671 790 1769 827 au-

71 862 166 927 dit,
200 861 341 931 quid
392 861 565 915 habet
606 862 759 915 unde
802 863 1230 932 conqueratur?
1264 864 1376 915 Aut
1406 863 1545 932 quid
1600 864 1651 916 ei
1684 879 1764 916 re-

74 957 203 1004 stat:
240 950 357 1003 nisi
395 957 459 1004 ut
489 956 709 1004 terrore
730 952 866 1021 justi
895 950 1097 1018 judicii
1127 951 1247 1016 Dei,
1276 967 1388 1021 quo
1416 968 1775 1022 perseveran-

76 1044 148 1091 tes
173 1040 233 1092 in
266 1039 441 1092 malis
496 1039 611 1092 suis
640 1039 847 1108 punire
879 1039 1144 1103 decrevit,
1179 1040 1300 1108 ipse
1332 1056 1363 1092 a
1403 1041 1567 1093 malis
1597 1040 1770 1093 corri-

75 1134 251 1197 gatur,
311 1144 390 1181 ne
440 1142 572 1181 cum
629 1128 740 1181 illis
790 1128 889 1198 qui
939 1128 1356 1197 incorrigibiles
1414 1132 1770 1198 permanent,

72 1217 361 1285 puniatur.
398 1218 482 1270 Ita
526 1217 697 1269 timor
721 1216 862 1283 justi
888 1216 1089 1286 judicii
1138 1216 1235 1269 Dei
1268 1232 1402 1286 erga
1441 1217 1687 1287 iniquos,
1722 1222 1776 1270 et

78 1306 271 1374 impios
321 1305 668 1374 puniendos,
721 1305 941 1358 nemini
982 1304 1219 1358 omnino
1269 1312 1353 1358 est
1402 1307 1625 1369 noxius,
1678 1306 1773 1359 sed

78 1393 195 1453 illis,
248 1394 351 1463 qui
387 1409 493 1463 per
550 1409 682 1447 eum
740 1393 1107 1462 corriguntur
1146 1393 1439 1446 verissime
1500 1394 1775 1463 probatur

79 1514 184 1550 esse
215 1498 490 1552 salubris.

758 1587 982 1640 CAPUT
1022 1588 1083 1639 ν.

706 1710 915 1746 REGULA
957 1708 1116 1745 SEXTA
1128 1733 1137 1743 .

80 1803 152 1853 Ε]-
214 1815 273 1852 re
332 1802 501 1852 etiam
560 1801 674 1853 sine
716 1799 893 1852 verbis
956 1797 1309 1862 intelligenda
1370 1799 1428 1849 in
1477 1798 1777 1865 Scripturis

138 1872 489 1939 praescientia
538 1876 587 1921 et
642 1869 1048 1938 przdestinatio
1098 1869 1251 1921 nulla
1310 1868 1445 1920 bona
1499 1884 1659 1937 opera
1711 1884 1777 1921 ea:

138 1943 308 2007 nobis,
344 1942 441 1994 sed
463 1956 531 1992 ea:
565 1941 695 2005 Deo,
734 1944 961 2008 ipsaque
1005 1939 1399 2007 prwdestinatu
1430 1939 1614 2007 (Rom.
1660 1956 1773 2005 vm,

140 2014 246 2080 29).

141 2119 307 2171 Sexta
352 2116 557 2187 regula
595 2122 679 2170 est
729 2116 937 2169 divinae
990 2114 1364 2186 praescientiae
1397 2119 1449 2169 et
1482 2116 1775 2184 praedesti-

83 2207 354 2259 nationis:
396 2228 421 2253 ‹‹
457 2207 525 2259 Ut
565 2206 623 2257 in
665 2205 868 2258 divinis
915 2204 1221 2275 Scripturis
1264 2220 1626 2274 nequaquam
1670 2205 1777 2258 hoc

86 2296 373 2366 pueriliter
423 2300 739 2364 quaeratur,
784 2294 870 2345 vel
904 2293 1182 2363 exigatur,
1219 2297 1276 2346 ut
1305 2292 1382 2346 ibi
1417 2293 1776 2347 solummodo

84 2385 427 2452 intelligatur
478 2383 670 2435 divina
717 2382 1092 2453 praescientia,
1161 2381 1248 2435 vel
1304 2382 1772 2451 praedestinatio:

88 2473 167 2525 ubi
195 2473 317 2525 haec
348 2472 479 2541 ipsa
522 2472 760 2524 nomina
792 2470 1185 2539 prascientizr,
1229 2474 1285 2521 et
1316 2468 1773 2538 praedestinatio-

88 2562 179 2622 nis,
211 2576 488 2629 expresse
522 2566 577 2613 et
604 2559 836 2629 proprie
867 2558 1051 2628 posita
1092 2558 1500 2611 inveniuntur:
1537 2558 1679 2611 sicut
1710 2574 1776 2611 eo

87 2650 215 2713 loco,
250 2650 348 2703 ubi
379 2650 691 2719 Apostolus
730 2648 897 2701 dicit:
939 2668 960 2693 ι
1022 2647 1159 2700 Nam
1212 2662 1355 2715 quos
1408 2645 1692 2715 prmscivit
1721 2652 1779 2699 et

94 2761 110 2784 ι
148 2737 579 2807 praedestinavit
611 2737 931 2789 conformes
975 2735 1099 2789 ﬁeri
1146 2735 1411 2805 imaginis
1460 2735 1584 2788 Filii
1633 2735 1774 2788 divi-

94 2852 112 2871 ξι
148 2844 225 2880 me
258 2827 368 2881 sui.
426 2850 454 2873 ››
488 2826 595 2880 Sed
644 2825 969 2894 ubicunque
1022 2840 1110 2876 res
1150 2824 1269 2893 ipsa
1320 2824 1574 2893 ejusdem
1624 2840 1776 2893 pra)—

90 2915 349 2978 scientim,
391 2919 451 2968 ct
496 2912 1017 2983 prmdestinationis
1048 2912 1360 2965 certissime
1390 2911 1593 2981 posita,
1634 2912 1775 2981 legi-

91 3011 187 3065 tur,
217 3003 667 3074 praescientiam,
704 3007 760 3055 et
789 3000 1354 3071 praedestinatiouem
1386 3000 1566 3070 ipsam
1610 3000 1775 3053 intel-

92 3093 367 3162 ligendam
404 3108 526 3145 esse
559 3090 797 3144 minime
828 3090 1173 3143 dubitemus.
1212 3111 1232 3137 ι
1267 3090 1405 3142 Nam
1439 3088 1777 3158 si,proprie-

91 3188 217 3233 tates
254 3182 520 3251 ipsorum
548 3178 848 3232 nominum
869 3177 1235 3248 requiramus
1258 3192 1542 3247 nusquam
1574 3176 1631 3229 in
1664 3176 1775 3229 illis

92 3268 425 3322 testimoniis
461 3266 828 3337 propheticis,
856 3282 982 3336 quae
1016 3282 1119 3335 pro
1154 3263 1333 3335 ipsius
1382 3263 1777 3334 prirscientiaa,

92 3364 138 3411 et
186 3356 715 3429 prmdestinationis
767 3354 1262 3409 commendatione
1313 3353 1370 3406 in
1428 3353 1676 3423 Epistola
1707 3353 1775 3407 ad

94 3448 365 3501 Romanos
411 3446 674 3510 assumit,
710 3450 764 3497 et
813 3443 1085 3514 proponit
1132 3443 1455 3510 Apostolus,
1499 3442 1585 3494 vel
1627 3457 1776 3511 pras-

92 3538 329 3602 scientia,
366 3536 456 3588 vel
506 3532 928 3604 praedestinatio
974 3531 1335 3595 nominatur;
1380 3534 1434 3583 et
1468 3538 1658 3583 tamen
1691 3546 1778 3583 res

93 3625 196 3693 ipsa
230 3624 287 3678 in
336 3626 421 3678 eis
467 3629 583 3676 tum
618 3624 783 3687 clare,
816 3626 871 3674 et
897 3620 1193 3690 perspicue
1236 3619 1681 3685 demonstratur,
1719 3622 1780 3672 ut

94 3713 150 3765 de
178 3730 239 3767 ea
271 3712 497 3766 nemini
540 3712 795 3765 ﬁdelium
826 3709 994 3763 liceat
1026 3708 1307 3763 dubitare.

152 3802 456 3855 Primum:
530 3800 787 3870 Namque
844 3798 1103 3867 ipsorum
1158 3796 1617 3849 testimoniorum
1670 3798 1773 3861 cst,

98 3911 115 3937 ι
153 3890 286 3953 Quia
324 3890 517 3959 major
555 3888 763 3941 serviet
795 3886 1024 3940 minori.
1072 3904 1100 3935 ι)
1142 3884 1462 3938 Secundum
1494 3900 1504 3937 :
1551 3903 1577 3933 (ι
1608 3883 1776 3939 Jacob

94 3977 265 4043 dilexi,
294 3980 439 4032 Esau
473 3979 663 4031 autem
688 3975 817 4029 odio
844 3974 1019 4028 habui
1042 3973 1193 4039 (Gen.
1226 3988 1361 4038 xxv;
1396 3974 1544 4027 Rom.
1571 3988 1648 4036 ιιι,
1680 3974 1773 4037 13;

96 4068 208 4120 Μαι.
240 4068 296 4131 ι).
335 4090 356 4115 ι
416 4066 709 4119 Tertium:
750 4086 777 4113 ‹‹
832 4062 1156 4128 Miserebor,
1207 4060 1299 4114 cui
1350 4060 1679 4124 miserebor,
1722 4065 1781 4113 et

97 4155 537 4209 misericordiam
628 4152 931 4223 praestabo,
1027 4151 1117 4203 cui
1201 4149 1525 4202 misericors
1619 4149 1777 4201 fuero

102 4244 270 4309 (Exod.
380 4259 573 4310 xxxiii,
676 4244 780 4310 l9).
826 4260 852 4291 υ
930 4242 1244 4304 Quartum:
1300 4258 1325 4286 «
1406 4238 1548 4291 Dicit
1622 4237 1777 4290 enim

100 4336 373 4406 Scriptura
438 4334 737 4401 Pharaoni,
792 4332 925 4403 quia
1003 4331 1062 4383 in
1122 4331 1231 4384 hoc
1288 4331 1477 4400 ipsum
1537 4329 1774 4383 excitavi

99 4428 161 4489 te,
219 4430 279 4478 ut
328 4423 633 4478 ostendam
678 4422 734 4475 in
787 4427 841 4474 te
888 4420 1159 4473 virtutem
1204 4436 1390 4473 meam
1442 4424 1498 4472 et
1545 4434 1773 4471 annun-

98 4518 250 4567 tietur
279 4528 497 4567 nomen
556 4527 748 4565 meum
806 4511 864 4563 in
932 4509 1196 4562 universa
1258 4513 1409 4561 terra
1470 4506 1770 4577 (Emodux,

104 4604 365 4668 l6;Rom.
404 4618 481 4665 ix,
531 4600 634 4669 l7).
676 4622 695 4647 ι»
743 4601 809 4653 Et
856 4598 933 4651 sic
985 4615 1047 4651 ex
1098 4597 1295 4651 ordine
1352 4602 1557 4649 caetera
1592 4610 1773 4664 usque

100 4691 153 4743 ad
183 4709 306 4745 eum
338 4693 532 4745 locum
568 4689 665 4743 ubi
696 4688 810 4742 ait:
857 4708 883 4737 (ι
919 4686 1208 4742 Conclusit
1258 4686 1411 4738 enim
1466 4687 1613 4736 iteus
1644 4700 1774 4737 om-

99 4780 179 4831 nia
207 4780 307 4833 sub
346 4782 606 4849 peccato,
661 4782 721 4829 ut
775 4776 1035 4829 omnium
1094 4774 1429 4827 misereatur
1490 4774 1659 4841 (Rom.
1694 4787 1771 4836 XI,

100 4868 189 4934 3'2}.
223 4888 247 4917 η
278 4870 336 4921 In
372 4867 584 4938 quibus
638 4865 925 4931 omnibus,
966 4869 1027 4917 ut
1060 4863 1271 4917 dictum
1329 4866 1431 4927 est,
1490 4875 1773 4929 nusquam

97 4971 283 5010 nomen
308 4955 708 5027 praescientize,
742 4969 1021 5023 nusquam
1046 4949 1566 5022 praedestinationis
1593 4952 1773 5001 sonat.

102 5044 153 5095 Et
180 5051 365 5099 tamen
416 5046 544 5115 ipsa
592 5043 726 5097 ﬁdei
769 5043 1045 5111 religione
1087 5040 1489 5110 compellimur
1545 5038 1774 5091 credere

101 5134 348 5201 Apostolo
378 5132 507 5187 hinc
539 5131 734 5185 omnia
764 5131 832 5184 de
858 5130 1215 5200 przescientia
1237 5134 1291 5181 et
1318 5126 1773 5197 praedestinatio-

104 5235 160 5273 ne
188 5224 481 5291 utriusque
514 5218 693 5290 partis
736 5223 851 5271 tam
910 5220 1219 5271 electorum
1275 5216 1553 5282 videlicet,
1601 5230 1773 5285 quam

103 5312 483 5379 reproborum,
516 5310 747 5361 illorum
802 5307 869 5360 ad
904 5307 1167 5371 salutem,
1214 5305 1451 5358 istorum
1503 5304 1572 5358 ad
1608 5306 1775 5357 dam-

108 5400 367 5453 nationem
432 5396 779 5463 intelligenti
810 5401 982 5465 atque
1013 5393 1255 5448 docenti.
1291 5393 1425 5457 Quae
1474 5393 1571 5446 ille
1619 5396 1776 5445 tanta

106 5490 413 5541 auctoritate
448 5490 506 5539 et
547 5483 816 5537 ﬁrmitate
848 5482 1137 5552 proponit,
1187 5487 1251 5534 ut
1294 5480 1574 5551 quidquid
1607 5480 1776 5546 paulo

109 5576 339 5643 superius
370 5581 505 5629 ante
535 5573 661 5626 hmo
687 5571 1010 5626 testimonio
1040 5571 1108 5625 de
1141 5575 1358 5624 aeterno
1411 5569 1508 5623 Dei
1565 5584 1776 5637 propo-

1814 1722 1853 1775 Β

1880 510 2171 575 electione,
2218 511 2647 580 justiticatione,
2701 522 2759 566 et
2814 514 3230 583 gloriticatioue
3283 515 3575 583 docuerat,

1881 602 1937 651 et
1971 597 2124 668 quod
2156 604 2353 668 postea
2400 599 2467 652 de
2501 601 2761 653 Gentium
2800 601 2979 655 salute
3013 608 3068 655 et
3114 604 3443 656 Judaiorum
3475 605 3573 659 ob-

1880 687 2185 739 caecatione
2252 694 2681 754 commemorat,
2745 689 2953 742 eisdem
3030 690 3166 759 ipsis
3236 691 3577 745 testimoniis

1880 774 2231 827 sufﬁcienter
2288 779 2457 843 atque
2528 775 2817 829 evidenter
2895 793 2952 830 se
3021 778 3455 845 demonstrasse,
3519 784 3575 833 et

1882 863 2284 931 comprobasse
2316 862 2467 915 credi
2498 864 2648 916 velit.

1953 953 2084 1004 Tale
2111 956 2195 1004 est
2224 957 2279 1004 et
2314 952 2475 1017 illud,
2509 952 2663 1022 quod
2704 969 2768 1005 ex
2803 953 2988 1006 verbis
3020 954 3273 1022 ejusdem
3324 956 3577 1025 Apostoli

1880 1038 2081 1092 beatus
2123 1040 2479 1106 Augustinus
2528 1040 2595 1093 ad
2638 1041 3010 1110 probandam,
3061 1048 3116 1093 et
3175 1044 3575 1097 commendan-

1880 1128 2010 1179 dam
2034 1126 2284 1180 divinam
2318 1128 2560 1196 gratiam
2607 1134 2662 1180 et
2693 1129 3259 1197 praadestiuationem
3287 1130 3576 1201 proponit,

1880 1216 2071 1270 dicens
2136 1217 2220 1281 (de
2274 1216 2532 1270 Prwdest.
2584 1218 2768 1271 Sanct.
2833 1233 2957 1287 cap.
3015 1222 3149 1280 10):
3214 1220 3395 1287 [Quod
3447 1236 3580 1289 ergo

1882 1305 1962 1358 ait
2018 1306 2360 1374 Apostolus:
2410 1326 2431 1353 ι
2487 1305 2668 1375 Ipsius
2735 1306 2887 1359 enim
2949 1323 3147 1360 sumus
3215 1308 3577 1377 figmentum,

1882 1392 2055 1445 creati
2089 1394 2147 1445 in
2179 1394 2390 1448 Christo
2418 1395 2569 1457 Jesu,
2622 1393 2680 1446 in
2730 1394 2999 1463 operibus
3038 1395 3203 1447 bonis
3237 1418 3255 1442 ιι
3295 1398 3460 1465 (Eph.
3520 1414 3577 1464 ιι,

1887 1484 1996 1549 10),
2032 1482 2213 1550 gratia
2243 1486 2365 1547 est;
2402 1482 2554 1551 quod
2586 1487 2775 1535 autem
2806 1483 3067 1552 sequitur
3099 1489 3154 1535 et
3181 1484 3345 1537 dicit:
3386 1508 3412 1532 ‹‹
3446 1486 3580 1548 Quze

1882 1569 2225 1639 praeparavit
2257 1570 2406 1622 Deus
2435 1574 2498 1622 ut
2521 1569 2879 1623 ambulemus
2911 1572 2963 1622 in
3001 1571 3111 1624 illis
3140 1572 3349 1641 (Ibid),
3383 1592 3409 1622 »
3440 1590 3579 1643 pras-

1884 1657 2189 1711 destinatio
2218 1660 2345 1726 est.]
2379 1658 2540 1711 Certe
2570 1658 2721 1710 enim
2768 1675 2955 1728 neque
2988 1659 3046 1711 in
3096 1660 3203 1713 hoc
3246 1662 3576 1716 testimonio

1887 1748 2197 1816 apostolico
2253 1762 2461 1800 nomen
2511 1747 2733 1816 gratim,
2783 1750 2865 1799 vel
2928 1748 3443 1817 prmdestinationis
3485 1767 3576 1803 so-

1886 1841 2022 1901 nat;
2060 1840 2114 1888 et
2149 1838 2341 1887 tamen
2399 1852 2485 1887 res
2541 1836 2663 1904 ipsa
2705 1835 2903 1903 gratiae
2950 1842 3003 1889 et
3058 1837 3581 1905 prindestinationis

1887 1923 2353 1976 manifestissime
2386 1924 2809 1994 comprobatur.
2865 1924 2999 1987 Qum
3033 1924 3182 1977 enim
3228 1926 3576 1979 manifestior

1888 2028 1976 2064 res
2009 2012 2228 2081 gratiae,
2265 2028 2435 2081 quam
2487 2013 2638 2080 quod
2690 2028 2756 2064 ex
2811 2013 2974 2065 nobis
3019 2014 3176 2065 nulla
3227 2015 3375 2066 bona
3409 2031 3582 2084 opera

1888 2102 2209 2155 habemus?
2239 2102 2333 2154 sed
2372 2102 2566 2170 ipsius,
2603 2101 2657 2155 id
2689 2106 2773 2155 est
2816 2123 2842 2149 «
2885 2102 2985 2155 Dei
3028 2119 3226 2155 sumus
3260 2125 3279 2149 ι
3334 2104 3575 2173 speciale

1893 2214 1911 2237 α
1958 2190 2295 2261 ﬁgmentum
2342 2190 2515 2243 creati
2549 2190 2605 2243 iu
2639 2192 2863 2243 Christo
2892 2190 3019 2243 Jesu
3070 2192 3125 2243 in
3168 2192 3437 2260 operibus
3476 2192 3578 2246 bo-

1888 2278 2002 2331 nis.‘
2026 2298 2053 2329 io
2089 2280 2151 2331 Et
2181 2295 2309 2348 quas
2353 2278 2669 2331 evidentior
2713 2295 2799 2331 res
2829 2279 3368 2347 prmdestinationis,
3405 2297 3577 2350 quam

1887 2367 2037 2436 quod
2067 2367 2187 2420 haec
2218 2366 2341 2437 ipsa
2376 2367 2523 2420 bona
2555 2382 2747 2436 opera,
2808 2382 2920 2419 non
2969 2368 3153 2420 solum
3194 2367 3251 2420 iu
3309 2370 3577 2437 praesenti

1887 2472 1991 2525 per
2023 2439 2263 2523 gratiam
2288 2472 2447 2508 suam
2476 2455 2641 2509 nobis
2676 2454 2923 2522 donavit,
2958 2456 3051 2509 sed
3085 2457 3337 2509 etiamin
3368 2462 3580 2511 aeterna

1888 2542 2396 2612 prtedestinatione
2437 2558 2579 2595 sua:
2618 2562 2645 2592 «
2681 2544 3025 2611 Prwparavit
3059 2545 3222 2603 Deus,
3270 2550 3333 2597 ut
3363 2545 3419 2598 in
3466 2546 3577 2598 illis

1889 2631 2330 2684 ambulemus.»
2397 2631 2964 2701 lCaveamusitaque,
3016 2638 3076 2683 ut
3132 2633 3329 2685 beatus
3386 2634 3579 2687 Hiero-

1888 2736 2095 2789 nymus
2126 2720 2373 2790 quodam
2419 2719 2541 2773 loco
2591 2720 2877 2783 admonet,
2915 2720 2974 2771 in
3018 2718 3324 2790 Scripturis
3380 2737 3577 2791 super-

1890 2807 2169 2860 stitiosam
2199 2805 2639 2874 intelligentiam
2669 2822 2680 2857 :
2713 2808 2773 2858 Et
2803 2806 2947 2858 lianc
2977 2808 3349 2875 apostolicam
3380 2814 3579 2862 aucto-

1889 2896 2138 2960 ritatem,
2173 2911 2285 2965 qua
2315 2911 2430 2947 non
2463 2894 2717 2957 nomina,
2755 2895 2849 2948 scd
2887 2912 2972 2947 res
3002 2895 3151 2964 ipsas
3194 2896 3400 2949 divinzP
3430 2912 3579 2966 pras-

1889 2984 2137 3037 scientias
2171 2988 2223 3037 et
2253 2982 2770 3053 prmdestinationis
2806 3000 2908 3036 suo
2944 2984 3203 3054 exemplo
3236 2985 3400 3037 nobis
3424 3001 3579 3054 qure-

1888 3073 2118 3140 rendas,
2168 3080 2221 3127 et
2248 3072 2525 3125 tenendas
2574 3072 2768 3125 docuit
2821 3077 3097 3142 quantum
3147 3088 3453 3142 possumus
3484 3073 3578 3126 lir—

1888 3160 2165 3225 missime,
2201 3164 2256 3213 et
2302 3160 2653 3226 ﬁdelissime,
2687 3165 2801 3212 tam
2858 3160 2914 3213 in
2945 3160 3305 3230 evangelicis,
3340 3165 3395 3214 et
3444 3176 3578 3229 apo-

1889 3248 2121 3312 stolicis,
2183 3263 2357 3317 quam
2407 3247 2577 3301 etiam
2632 3247 2688 3299 in
2744 3248 3092 3317 propheticis
3162 3248 3325 3303 dictis
3372 3264 3581 3319 sequa-

1888 3337 2063 3405 mur.]

2564 3461 2785 3514 CAPUT
2828 3461 2909 3513 Vl.

2490 3580 2697 3618 REGULA
2736 3582 2952 3619 SEPTIMA
2965 3607 2974 3616 .

1887 3693 2187 3745 Electorum
2236 3690 2416 3741 nullus
2464 3691 2643 3755 perire
2703 3693 2897 3756 potest.
2958 3691 3029 3741 De
3092 3690 3335 3756 reprobis
3394 3692 3578 3746 nullus

1958 3763 2220 3814 solvatur.
2255 3760 2362 3814 Cur
2391 3761 2601 3813 salvari
2632 3774 2734 3811 non
2778 3764 3001 3827 possunt
3052 3760 3287 3829 reprobi.
3338 3760 3417 3813 De
3445 3778 3576 3830 par-

1955 3834 2116 3885 vutis.

1960 3975 2213 4045 Septima
2258 3973 2457 4043 regula
2505 3977 2588 4026 est
2644 3972 2820 4043 ipsius
2850 3973 3059 4027 divinas
3122 3973 3496 4042 prazscientiae
3526 3980 3581 4028 et

1889 4061 2450 4133 prmdestinationis:
2510 4080 2535 4109 ‹‹
2570 4061 2637 4113 Ut
2679 4077 2865 4131 neque
2906 4061 2975 4114 de
3020 4062 3209 4114 electis
3249 4062 3350 4115 Dei
3398 4063 3579 4116 ullum

1888 4151 2075 4221 perire
2134 4166 2295 4219 posse
2327 4150 2648 4218 credamus,
2682 4166 2869 4220 neque
2923 4150 2991 4203 de
3024 4151 3279 4220 reprobis
3330 4151 3580 4221 aliquem

1888 4238 2090 4292 salvari
2123 4239 2410 4291 ullatenus
2441 4238 2852 4291 existimemus.
2889 4259 2914 4285 η
2956 4240 3076 4291 Non
3117 4240 3250 4309 quia
3300 4255 3415 4293 non
3448 4256 3579 4310 pos-

1815 4339 1858 4394 D
1888 4334 2022 4382 sunt
2066 4328 2329 4381 homines
2375 4328 2442 4381 de
2472 4328 2621 4380 malo
2654 4327 2722 4380 ad
2768 4327 2982 4381 bonum
3018 4330 3378 4393 commutari,
3430 4335 3485 4383 et
3516 4332 3582 4384 de

1886 4416 2051 4470 malis
2080 4422 2135 4469 et
2166 4415 2374 4485 pravis,
2408 4415 2543 4468 boni
2588 4431 2651 4467 ac
2690 4415 2826 4467 recti
2857 4415 3003 4481 ﬁeri,
3049 4416 3146 4469 sed
3191 4416 3327 4485 quia
3358 4416 3414 4468 in
3441 4415 3582 4487 lme-

1886 4506 1996 4559 lius
2053 4504 2263 4557 mutari
2296 4504 2629 4570 noluerunt,
2683 4508 2737 4555 et
2787 4503 2847 4555 in
2882 4503 3137 4573 pessimis
3168 4504 3437 4573 operibus
3488 4520 3582 4557 us-

1887 4612 1997 4667 que
2029 4595 2086 4648 in
2134 4594 2310 4647 tinem
2369 4608 2730 4663 perseverare
2785 4592 3123 4645 voluerunt:
3184 4607 3287 4645 nec
3344 4598 3583 4660 possunt

1885 4685 2004 4737 ullo
2037 4683 2203 4737 modo
2240 4682 2525 4752 pertinere
2556 4680 2625 4733 ad
2654 4684 2861 4731 sortem
2895 4680 3225 4744 electorum,
3267 4679 3364 4748 qui
3398 4681 3579 4750 magis

1887 4774 2181 4842 elegerunt
2222 4785 2559 4839 permanere
2608 4767 2665 4819 in
2720 4766 2934 4819 malitia
2973 4766 3341 4835 iniquitatum
3376 4774 3432 4820 et
3469 4769 3579 4822 im-

1884 4861 2161 4931 pietatum
2196 4873 2447 4911 suarum.
2482 4858 2593 4909 Hoc
2636 4854 2787 4907 enim
2835 4855 3149 4924 pessimum
3193 4860 3248 4908 et
3296 4855 3578 4911 nefarium

1885 4951 2101 5003 malum
2132 4946 2283 5017 quod
2314 4951 2398 4999 est
2422 4944 2574 4997 nolle
2608 4943 2675 4995 ad
2719 4943 2897 4996 Deum
2949 4943 3234 5007 converti;
3292 4960 3475 5014 neque
3508 4946 3576 5000 de

1887 5037 2037 5089 malo
2069 5036 2134 5089 ad
2187 5034 2402 5087 bonum
2455 5031 2814 5097 commutari,
2868 5030 2960 5084 sed
2996 5051 3023 5079 ‹‹
3072 5030 3382 5085 secundum
3419 5032 3576 5086 duri-

1884 5125 2025 5178 tiam
2057 5128 2110 5176 et
2141 5120 2618 5191 impoeuitentiam
2664 5119 2847 5171 cordis
2896 5118 2983 5171 sui
3024 5119 3412 5173 thesaurizare
3468 5122 3575 5175 sibi

1886 5214 2032 5267 iram
2062 5212 2121 5264 in
2152 5211 2242 5264 die
2273 5210 2371 5262 iree
2395 5212 2451 5261 et
2480 5207 2844 5261 revelationis
2869 5207 3012 5275 justi
3062 5207 3261 5277 judicii
3308 5210 3476 5276 (Rom.
3518 5226 3576 5276 ll,

1888 5305 1957 5365 ὅ),
2026 5323 2045 5347 ι
2090 5300 2183 5351 ille
2239 5298 2298 5350 in
2348 5297 2429 5349 eis
2478 5302 2690 5349 aeterna
2734 5312 2837 5348 sua
2884 5297 3236 5366 praescientia
3285 5297 3577 5352 verissime

1885 5388 2151 5459 praevidit
2180 5387 2456 5450 futurum,
2518 5385 2613 5455 qui
2659 5384 2894 5437 omnino
2948 5383 3067 5437 falli
3118 5400 3233 5438 non
3265 5392 3472 5456 potest.
3512 5388 3579 5441 Et

1889 5477 2023 5548 quia
2078 5476 2184 5528 hoc
2246 5474 2540 5526 verissimo
2594 5472 2896 5542 prtescivit,
2939 5472 3089 5542 juste
3139 5474 3376 5529 omnino
3435 5476 3576 5530 tales

1887 5562 2196 5635 perditioni
2217 5564 2445 5617 internae
2472 5559 2918 5631 prtedestinavit.
