3884 6218
289 262 388 308 999
1434 251 1488 303 S.
1528 248 1799 303 BEMIGII
1841 246 2317 304 LUGDUNENSIS
2360 246 2674 303 EPISCOPI

3679 252 3802 303 Η)οὓ

364 388 521 452 Quod
553 403 689 455 ergo
721 401 833 437 non
868 387 1103 453 possunt
1143 380 1367 447 salvari,
1403 396 1604 433 eorum
1635 385 1718 433 est
1756 380 1978 444 vitium,
2019 384 2063 435 A
2094 395 2152 433 se
2201 363 2850 449 sollicitus.perspiciat,
2903 383 2958 433 et
3002 379 3273 451 inquirat,
3328 390 3575 453 oretque
3618 381 3801 435 ﬁdeli~

289 477 423 547 quia
459 477 679 539 nolunt,
715 490 832 527 non
870 472 965 526 Dei
1014 471 1190 541 (quod
1242 471 1409 537 absit)
1450 470 1643 539 aliqua
1684 469 1979 538 iniquitas,

290 564 390 634 qui
423 579 558 631 erga
579 562 708 614 illos
739 567 795 614 et
825 576 989 612 verax
1031 574 1260 629 semper
1284 558 1503 611 exstitit
1534 558 1591 610 in
1625 558 1983 626 prmscientia

291 670 414 713 sua,
439 650 701 719 etjustus
732 650 792 701 in
822 647 1035 717 judicio
1071 663 1197 699 suo.
1235 647 1383 700 Licet
1413 646 1485 699 sit
1530 651 1585 698 et
1615 646 1769 697 aliud
1804 660 1983 712 genus

288 738 667 807 reproborum
722 737 784 789 in
858 735 1377 787 innumerabilibus
1425 734 1689 785 videlicet
1730 733 1982 784 millibus

289 827 681 896 parvulorum,
715 824 815 895 qui
840 840 944 876 nec
975 828 1201 876 aetatem
1233 838 1336 875 nec
1380 837 1608 874 sensum
1658 821 1728 873 ad
1764 820 1980 889 aliquid

289 915 427 968 boni
458 914 743 983 agendum
774 928 1025 983 unquam
1056 916 1413 979 acceperunt,
1469 910 1566 961 sed
1609 910 1665 960 in
1725 909 1846 960 sola
1876 906 1985 960 ori-

290 1003 496 1072 ginalis
525 1001 762 1071 peccati,
801 1015 928 1070 quae
960 1015 1062 1069 per
1085 1014 1259 1051 unum
1285 998 1580 1051 hominem
1615 997 1673 1048 in
1703 996 1983 1049 mundum

291 1091 540 1156 intravit,
575 1090 942 1143 damnatione
975 1088 1288 1157 perierunt.
1326 1087 1400 1139 De
1427 1086 1636 1155 quibus
1662 1085 1799 1154 quid
1829 1084 1983 1136 aliud

292 1180 619 1245 dicendum,
645 1176 754 1230 nisi
784 1176 939 1247 quod
971 1180 1027 1228 et
1056 1176 1115 1228 in
1144 1190 1343 1227 eorum
1384 1173 1787 1243 reprobatione
1812 1177 1984 1242 atque

294 1268 531 1321 interitu
562 1267 928 1335 omnipotens
961 1266 1106 1317 Deus
1132 1266 1319 1333 justus
1360 1268 1463 1327 est,
1497 1262 1557 1314 in
1605 1262 1817 1331 quibus
1868 1277 1986 1314 non

295 1362 555 1409 naturam
590 1355 732 1407 bene
770 1371 800 1406 a
831 1369 888 1406 se
919 1354 1227 1417 conditam,
1272 1352 1368 1405 sed
1417 1351 1644 1420 culpam
1686 1351 1833 1403 male
1883 1348 1984 1402 ad-

293 1442 548 1507 missam,
584 1446 639 1494 et
677 1441 735 1493 in
769 1456 863 1493 eos
912 1440 1270 1507 originaliter
1328 1438 1667 1491 transfusam
1703 1437 1857 1506 justa
1892 1436 1985 1488 ul—

292 1531 445 1583 tione
475 1529 785 1583 damnavit.

364 1620 478 1670 Hoc
508 1618 585 1668 ita
618 1631 756 1678 esse,
802 1615 909 1667 hoc
960 1618 1062 1677 est,
1109 1613 1399 1665 neminem
1448 1612 1518 1664 de
1559 1611 1753 1664 electis
1796 1610 1985 1681 perire

292 1722 453 1777 posse
497 1704 617 1774 ipse
666 1703 939 1756 Dominus
988 1702 1255 1768 ostendit,
1302 1702 1529 1755 dicens:
1578 1720 1604 1749 ‹‹
1657 1700 1799 1754 Oves
1847 1716 1988 1752 meae

290 1809 484 1847 vocem
521 1807 705 1845 meam
758 1791 1017 1854 audiunt,
1066 1794 1121 1842 et
1168 1805 1271 1859 ego
1322 1804 1603 1858 cognosco
1651 1805 1744 1841 eas
1796 1792 1853 1842 et
1894 1804 1987 1841 se-

294 1887 554 1953 quuntur
591 1896 702 1934 me.
756 1881 817 1932 Et
848 1894 954 1947 ego
983 1879 1156 1930 vitam
1199 1886 1471 1930 aeternam
1526 1877 1597 1930 do
1652 1879 1749 1942 eis,
1793 1881 1847 1929 et
1877 1893 1988 1929 non

293 1971 566 2041 peribunt
604 1969 664 2021 in
699 1973 1000 2032 aeternum,
1045 1972 1100 2019 et
1146 1982 1261 2019 non
1309 1965 1496 2034 rapiet
1541 1981 1635 2018 eas
1682 1964 1985 2035 quisquam

294 2060 362 2113 de
388 2075 565 2112 manu
611 2073 755 2110 mea.
806 2058 969 2109 Pater
1016 2070 1176 2107 meus
1236 2056 1389 2123 quod
1422 2054 1577 2106 dedit
1606 2053 1749 2106 mihi
1803 2054 1989 2121 majus

295 2148 563 2201 omnibus
599 2152 700 2211 est,
733 2150 787 2198 et
815 2161 984 2197 nemo
1022 2149 1205 2212 potest
1235 2158 1433 2211 rapere
1469 2142 1538 2195 de
1583 2158 1760 2195 manu
1809 2141 1988 2195 Patris

293 2236 407 2290 mei
434 2236 624 2302 (Joan.
660 2250 712 2299 Χ,
746 2236 833 2299 27,
870 2233 958 2291 28.
992 2232 1099 2300 29).
1155 2252 1182 2279 ››
1216 2232 1342 2284 Ista:
1388 2246 1542 2295 oves,
1584 2246 1711 2301 qum
1759 2234 1824 2283 ut
1868 2230 1992 2299 ipsa

295 2325 501 2378 veritas
532 2327 789 2387 testatur,
822 2336 939 2372 non
978 2318 1246 2388 peribunt
1292 2319 1349 2370 in
1398 2323 1701 2382 aeternum,
1749 2322 1803 2369 et
1848 2333 1989 2387 quas

295 2429 464 2466 nemo
494 2417 683 2481 potest
713 2425 913 2479 rapere
940 2409 1007 2461 de
1041 2424 1211 2460 manu
1248 2408 1423 2459 Patris
1457 2414 1513 2458 et
1544 2407 1689 2467 Filii,
1724 2408 1835 2459 alio
1864 2408 1987 2459 loco

296 2500 659 2571 appellantur
679 2498 874 2567 pusilli
925 2497 1040 2550 Dei.
1078 2498 1151 2549 De
1192 2495 1401 2565 quibus
1430 2495 1693 2547 similiter
1724 2496 1843 2563 ipse
1878 2494 1988 2547 Do-

300 2590 490 2642 minus
524 2589 754 2642 dicit:a
812 2586 900 2638 Sic
957 2601 1072 2637 non
1132 2589 1217 2637 est
1263 2584 1525 2638 Voluntas
1570 2588 1701 2635 ante
1765 2585 1987 2636 Patrem

298 2684 547 2731 vestrum
578 2683 642 2730 ut
667 2680 865 2745 pereat
893 2690 1040 2727 unus
1070 2673 1139 2726 de
1172 2672 1393 2743 pusillis
1439 2672 1556 2724 istis
1587 2672 1803 2740 (Matth.
1837 2688 1989 2737 xvm,

302 2770 403 2831 14).
438 2790 466 2817 ››
499 2767 716 2831 Quibus
747 2765 916 2817 etiam
972 2763 1083 2816 alio
1130 2762 1255 2814 loco
1303 2762 1412 2814 ait:
1449 2781 1475 2808 ‹‹
1530 2761 1717 2813 Nolite
1764 2761 1986 2825 timere,

296 2857 539 2928 pusillus
569 2870 724 2923 grex,
760 2870 874 2924 qua
903 2852 1245 2920 complacuit
1290 2850 1439 2903 Patri
1472 2856 1657 2901 vestro
1709 2848 1845 2901 dare
1896 2864 1987 2901 vo-

300 2948 383 3000 bis
406 2960 646 3014 regnum
685 2945 831 3011 (Luc.
859 2958 953 3004 xu,
991 2940 1097 3007 3‘2),
1132 2960 1157 2989 »
1193 2945 1249 2992 et
1278 2939 1525 2991 iterum:
1579 2957 1607 2987 α
1636 2938 1888 3006 Capillus
1920 2938 1988 2991 de

297 3037 480 3104 capite
510 3038 694 3085 vestro
717 3047 833 3083 non
865 3029 1073 3098 peribit
1104 3028 1255 3096 (Luc.
1297 3043 1409 3092 xx1,
1448 3030 1550 3091 18).
1607 3045 1633 3076 )›
1665 3027 1801 3079 ltem
1834 3026 1989 3095 quod

298 3118 532 3190 reprobi
562 3135 677 3171 non
708 3123 942 3187 propter
971 3115 1390 3185 praescientiam
1446 3119 1501 3167 et
1528 3115 1989 3183 praedestiualio—

296 3224 428 3261 nem
488 3208 581 3259 Dei
624 3206 899 3258 veraciter
946 3204 1317 3272 prtescientis,
1348 3208 1404 3255 et
1442 3202 1594 3271 juste
1641 3202 1986 3266 damnantis,

299 3296 396 3349 sed
444 3300 680 3364 propter
733 3292 1080 3346 obstinatam
1140 3296 1194 3343 et
1242 3290 1649 3343 indomabilem
1713 3291 1989 3343 malitiam

299 3400 458 3437 suam
493 3386 815 3436 nullatenus
839 3383 1055 3451 possint
1074 3380 1294 3445 salvari,
1326 3379 1474 3432 idem
1510 3379 1774 3430 Dominus
1805 3385 1990 3431 osten-

298 3472 381 3527 dit
410 3474 655 3543 loquens
682 3470 911 3534 talibus,
945 3476 1002 3521 et
1036 3468 1229 3522 dicens
1264 3484 1276 3520 :
1313 3488 1339 3514 α
1372 3467 1477 3521 Sed
1512 3482 1607 3519 vos
1647 3483 1763 3519 non
1806 3467 1987 3520 credi-

296 3564 389 3629 tis,
422 3562 557 3633 quia
589 3577 706 3613 non
738 3560 873 3612 estis
904 3574 966 3611 ex
992 3557 1191 3610 ovibus
1223 3557 1364 3609 meis
1397 3557 1570 3625 (Joan.
1607 3571 1663 3624 x,
1693 3559 1784 3624 26)
1812 3572 1824 3621 ;
1864 3576 1890 3606 »
1935 3561 1991 3610 et

294 3654 544 3706 iterum:
609 3651 917 3718 Propterea
975 3663 1070 3699 vos
1116 3662 1230 3698 non
1289 3644 1518 3707 auditis,
1581 3644 1713 3713 quia
1767 3660 1829 3696 ex
1877 3646 1990 3697 Deo

296 3758 410 3796 non
439 3740 576 3794 estis
607 3742 785 3809 (Joun.
821 3754 938 3802 vui,
975 3736 1082 3800 47).
1120 3755 1142 3785 ι)
1183 3734 1459 3788 Similiter
1506 3739 1561 3785 et
1599 3749 1702 3803 per
1747 3734 1991 3802 prophe-

296 3835 414 3883 tam
446 3830 515 3883 de
547 3829 755 3881 talibus
781 3825 1188 3887 comminatur,
1220 3822 1413 3876 dicens
1440 3837 1452 3875 :
1492 3842 1519 3869 ‹‹
1542 3822 1601 3873 In
1625 3821 1862 3874 consilio
1883 3837 1987 3891 po-

295 3918 417 3989 puli
454 3916 569 3970 mei
614 3931 726 3968 non
768 3918 957 3977 erunt,
1010 3916 1064 3964 et
1106 3911 1165 3964 in
1214 3910 1507 3979 Scriptura
1561 3909 1765 3963 domus
1819 3909 1988 3964 lsrael

299 4022 412 4059 non
436 4004 780 4067 scribentur,
804 4017 908 4054 nec
922 4007 1133 4053 terram
1152 3998 1323 4051 Israel
1348 3997 1965 4069 ingredientur(Ezech

294 4110 410 4158 xm,
464 4096 541 4160 9).
592 4114 617 4140 ››
672 4089 937 4142 Videlicet
986 4088 1131 4140 sicut
1186 4102 1315 4139 vere
1364 4087 1432 4140 de
1478 4093 1627 4140 ccetu
1677 4088 1986 4140 electorum

297 4182 480 4251 ejecti,
517 4185 571 4232 et
601 4179 670 4231 de
704 4178 847 4231 libro
881 4176 1009 4229 vita;
1042 4175 1231 4239 deleti,
1282 4180 1337 4228 et
1369 4175 1438 4228 de
1487 4182 1639 4228 terra
1679 4175 1987 4227 viventium

296 4269 526 4340 penitus
570 4266 839 4319 alienati:
898 4265 967 4318 de
1012 4264 1101 4316 his
1140 4269 1196 4316 et
1258 4264 1560 4332 Apostolus
1607 4268 1988 4316 consonanter

299 4357 485 4411 verbis
510 4354 853 4425 evangelicis
882 4352 1156 4422 loquitur,
1206 4352 1435 4405 dicens:
1478 4375 1496 4401 ι
1534 4353 1695 4417 Quod
1735 4352 1781 4405 si
1813 4352 1986 4405 etiam

297 4451 560 4517 opertum
591 4452 674 4497 est
705 4442 1072 4512 Evangelium
1100 4446 1381 4507 nostrum,
1417 4441 1475 4493 in
1496 4442 1583 4493 his
1615 4442 1711 4511 qui
1744 4447 1989 4511 pereunt

297 4544 379 4591 est
411 4540 675 4606 opertum
710 4549 723 4599 ;
758 4531 817 4584 in
867 4530 1075 4601 quibus
1125 4528 1269 4580 Deus
1299 4529 1425 4597 ejus
1464 4530 1654 4581 ΒαθουΙὶ
1693 4530 1989 4582 excmcavit

297 4630 518 4680 mentes
548 4621 888 4688 inﬁdelium,
940 4626 1004 4672 ut
1036 4633 1149 4671 non
1180 4616 1396 4685 fulgeat
1437 4616 1780 4669 illuminatio
1813 4618 1988 4670 Evan-

299 4714 432 4785 gelii
461 4713 656 4784 gloriae
708 4710 914 4765 Christi
947 4708 1078 4778 (III
1102 4708 1219 4762 Cor.
1254 4723 1328 4775 iv,
1365 4708 1415 4772 3,
1445 4706 1520 4773 4).
1576 4724 1602 4753 ››
1657 4706 1733 4757 De
1781 4706 1989 4774 quibus

301 4804 474 4858 etiam
506 4803 617 4856 alio
649 4803 772 4854 loco
821 4798 998 4852 dicit:
1047 4816 1072 4846 «
1128 4796 1251 4849 Non
1301 4796 1453 4847 enim
1486 4793 1745 4846 omnium
1799 4801 1883 4847 est
1930 4794 1992 4846 ﬁ-

300 4893 439 4957 des;
474 4912 499 4939 »
525 4896 614 4943 et:
654 4912 673 4937 α
709 4889 830 4942 Non
865 4901 1067 4940 omnes
1097 4884 1374 4939 obediunt
1405 4884 1707 4949 Evangelio
1737 4885 1909 4951 (Rom.
1935 4899 1988 4943 x,

306 4980 415 5048 16),
451 4998 477 5028 )›
511 4978 645 5048 quia
689 4992 824 5044 ergo
854 4976 994 5028 tales
1028 4980 1181 5038 sunt,
1232 4978 1286 5025 et
1316 4972 1455 5025 tales
1486 4987 1668 5041 usque
1712 4971 1770 5023 in
1821 4972 1991 5025 ﬁdem

301 5068 650 5138 perdurant;
686 5066 889 5117 merito
947 5063 1143 5131 utique
1192 5067 1248 5114 et
1299 5058 1658 5129 praescientia
1711 5058 1810 5111 Dei
1859 5059 1993 5111 mali

300 5155 549 5227 przesciti
579 5159 730 5217 sunt,
765 5158 819 5205 et
847 5150 1348 5221 praadestinatione
1394 5149 1494 5202 Dei
1524 5149 1675 5217 justo
1726 5147 1992 5216 reproba-

302 5244 344 5297 ti
372 5245 555 5314 ﬁatque
604 5241 898 5305 damnati;
952 5240 1155 5307 probet
1197 5254 1333 5307 ergo
1381 5237 1631 5307 seipsum
1691 5236 1881 5302 homo,
1935 5240 1994 5288 ut

302 5348 367 5384 ex
390 5331 726 5400 quotidiano
759 5329 1039 5398 profectu,
1075 5328 1189 5380 sive
1214 5328 1430 5379 defectu
1476 5327 1602 5378 vitae
1635 5342 1774 5386 sum,
1801 5334 1991 5377 utrum

301 5419 487 5486 magis
534 5419 603 5471 ad
647 5418 976 5471 societatem
1024 5417 1357 5473 electorum.
1393 5431 1465 5467 an
1498 5414 1671 5483 (quod
1705 5414 1870 5482 absit)
1921 5415 1991 5467 ad

303 5504 631 5559 societatem
666 5505 1048 5574 reproborum
1079 5503 1469 5573 propinquare
1493 5519 1553 5556 se
1571 5502 1801 5566 sentiat,
1835 5504 1987 5571 apud

2093 475 2200 528 ter,
2227 474 2283 521 et
2316 475 2746 538 perseveranter
2792 474 3073 538 quantum
3104 477 3307 540 potest,
3342 476 3405 523 ut
3444 487 3584 525 eum
3618 472 3803 523 omni-

2094 562 2297 625 potens
2331 556 2553 609 Domini
2612 557 3022 622 misericordia,
3063 564 3121 611 et
3170 559 3241 612 ab
3293 565 3515 613 aeterna
3573 559 3806 611 damna-

2092 646 2249 697 tione
2281 644 2448 712 eripi,
2484 650 2539 697 et
2572 646 2625 697 in
2659 646 2969 699 electorum
2988 662 3219 700 suorum
3245 648 3447 718 jubeat
3476 663 3669 718 grege
3701 663 3803 699 uu-

2095 733 2303 785 merari
2337 749 2349 785 :
2385 732 2542 802 [quia
2583 733 2735 797 licet,
2770 739 2831 786 ut
2876 735 3060 789 beatus
3120 737 3406 802 Gregorius
3465 737 3613 791 dicit
3650 738 3803 802 (Dia-

2095 823 2198 887 log.
2234 822 2331 874 lib.
2374 838 2411 885 1,
2461 838 2506 875 c.
2558 824 2631 889 8),
2682 822 2929 875 obtineri
2977 839 3345 894 nequaquam
3391 826 3624 895 possint
3678 840 3805 894 qua

2094 911 2493 979 praedestinata
2525 926 2639 963 non
2680 910 2915 976 fuerint,
2949 911 3073 981 ipsa
3102 920 3294 968 tamen
3324 915 3606 984 perennis
3640 914 3804 983 regni

2094 998 2514 1067 praedestinatio
2543 999 2619 1051 ita
2665 1005 2744 1052 est
2777 1000 2848 1053 ab
2890 1002 3288 1071 omnipotente
3333 1005 3445 1057 Deo
3495 1003 3802 1073 disposita,

2094 1092 2157 1139 ut
2188 1088 2258 1140 ad
2290 1088 2395 1141 hoc
2426 1088 2595 1141 electi
2621 1104 2686 1141 ex
2736 1088 2930 1142 labore
2970 1090 3325 1160 perveniant,
3377 1098 3679 1161 quatenus
3706 1107 3805 1160 po-

2093 1176 2359 1229 stulando
2388 1181 2717 1230 mereantur
2752 1177 3031 1246 accipere,
3086 1178 3238 1248 quod
3298 1178 3380 1232 eis
3428 1178 3806 1249 omnipotens

2097 1264 2245 1319 Deus
2275 1271 2406 1319 ante
2436 1267 2643 1319 saecula
2671 1266 2952 1337 disposuit
2984 1267 3239 1333 donare]

2756 1392 2980 1445 CAPUT
3031 1392 3139 1444 VII.

2644 1500 2722 1552 De
2749 1499 2844 1551 Dei
2869 1499 3236 1567 praescientia.

2170 1621 2294 1672 Haec
2324 1618 2404 1671 ita
2458 1634 2579 1671 esse
2622 1635 2770 1688 qum,
2823 1625 2991 1689 prout
3034 1620 3308 1673 Dominus
3357 1620 3536 1684 dedit,
3575 1624 3807 1691 septem

2098 1709 2279 1761 titulis
2331 1708 2619 1772 distincta,
2671 1713 2861 1779 atque,
2923 1708 3162 1779 digesta,
3224 1714 3337 1762 tam
3385 1708 3579 1773 nobis,
3625 1723 3805 1778 quam

2098 1796 2315 1850 caeteris
2342 1796 2441 1865 qui
2472 1796 2662 1867 legere
2689 1797 2973 1850 voluerint
2996 1798 3160 1867 juxta
3193 1797 3451 1867 regulam
3480 1812 3639 1849 verm
3672 1796 3806 1848 ﬁdei

2100 1886 2169 1940 de
2199 1885 2555 1955 praescientia
2584 1892 2639 1940 et
2690 1885 3196 1955 prtedestinatione
3228 1886 3438 1951 divina,
3500 1887 3667 1938 velut
3718 1900 3802 1937 re-

2099 1975 2375 2044 gulariter
2427 1976 2833 2044 proposuimus
2891 1974 3270 2044 agnoscenda,
3318 1980 3489 2044 atque
3545 1972 3803 2026 tenenda

2100 2076 2211 2113 non
2240 2075 2305 2112 ex
2340 2067 2533 2112 nostro
2567 2076 2745 2128 jsensu
2777 2060 2993 2130 aliquid
3042 2066 3472 2130 praesumentes,
3519 2060 3620 2112 sed
3654 2058 3802 2111 Scri-

2099 2154 2283 2218 ptura;
2311 2153 2516 2201 sanctae
2548 2148 2943 2202 auctoritatem
2988 2147 3233 2202 ﬁdeliter
3282 2154 3453 2217 atque
3497 2147 3805 2200 humiliter

2100 2243 2439 2307 sequentes:
2476 2237 2616 2299 1183C,
2668 2237 2927 2307 inquam,
2980 2237 3060 2290 ita
3098 2253 3239 2302 esse,
3304 2242 3360 2289 et
3406 2235 3485 2289 ita
3537 2236 3801 2305 antiquae

2101 2325 2358 2378 Ecclesia:
2415 2325 2770 2392 auctoritate,
2814 2331 2871 2377 et
2923 2330 3245 2378 sanctorum
3294 2326 3526 2377 Patrum
3582 2323 3803 2375 ﬁdelis-

2100 2414 2243 2466 sima
2269 2414 2624 2467 institutione
2665 2419 2820 2466 tenta
2854 2416 2909 2466 et
2963 2414 3169 2466 tradita
3198 2412 3581 2466 necessarium
3615 2412 3803 2464 omni-

2101 2518 2173 2555 no
2203 2502 2501 2566 duximus;
2536 2507 2598 2554 ut
2629 2501 2798 2554 etiam
2830 2502 3167 2555 earumdem
3197 2509 3524 2555 sanctorum
3558 2502 3799 2553 Patrum

2098 2591 2303 2656 verbis,
2341 2597 2397 2643 et
2427 2589 2861 2643 deﬁnitionibus
2891 2589 3140 2643 breviter
3171 2594 3477 2659 aperteque
3525 2589 3797 2658 proposi-

2102 2679 2174 2755 tis.
2203 2679 2270 2731 ad
2304 2676 2799 2730 conﬁrmationem
2830 2676 3146 2747 legentium
3190 2678 3457 2729 attentius
3488 2690 3796 2728 commen-

2100 2767 2255 2827 dare,
2292 2782 2354 2818 ac
2382 2766 2665 2819 declarare
2698 2766 3042 2819 studeamus.

2171 2855 2230 2907 In
2266 2853 2410 2906 libro
2444 2854 2603 2922 cujus
2635 2854 2834 2907 titulus
2863 2860 2947 2906 est
2988 2855 3056 2907 de
3088 2853 3309 2907 duabus
3340 2854 3400 2906 in
3434 2852 3661 2908 Christo
3691 2868 3793 2905 na-

2029 2972 2069 3028 C
2095 2943 2257 3008 turis,
2291 2942 2557 2995 omnibus
2589 2943 2703 2997 fere
2738 2943 2994 2995 Ecclesiis
3036 2943 3333 2995 notissima
3388 2948 3443 2994 et
3492 2941 3797 2995 celebriter

2100 3032 2518 3098 commendato,
2578 3030 2677 3083 ubi
2727 3031 2897 3083 etiam
2949 3032 3285 3095 multorum,
3341 3035 3396 3084 et
3444 3030 3792 3083 orthodoxa-

2098 3135 2225 3172 rum
2259 3121 2486 3172 Patrum
2524 3125 2637 3171 tam
2685 3119 3032 3185 Grmcorum,
3080 3135 3254 3189 quam
3302 3120 3658 3183 Latinorum,
3709 3117 3791 3169 vel

2099 3207 2234 3262 libri
2290 3207 2522 3276 integri,
2596 3210 2679 3260 vel
2739 3208 3037 3260 sententia:
3102 3207 3171 3260 ad
3246 3207 3689 3261 aediﬁcationem
3742 3210 3791 3257 et

2099 3296 2594 3349 conﬁrmationem
2620 3296 2753 3348 ﬁdei
2787 3295 3158 3363 pertinentes,
3192 3295 3658 3349 beatissimorum
3698 3295 3792 3347 sci-

2102 3384 2247 3444 licet,
2333 3383 2649 3451 Athanasii,
2726 3383 3032 3445 Ambrosii,
3088 3383 3437 3454 Hieronymi,
3490 3382 3793 3453 Augustini

2101 3478 2158 3527 et
2183 3478 2521 3525 caeterorum
2554 3472 2862 3542 diligenter
2884 3473 3132 3525 collectas
3160 3479 3327 3541 atque
3362 3472 3598 3541 digestaa
3626 3477 3790 3535 sunt;

2100 3560 2432 3613 inseruntur
2462 3560 2632 3613 etiam
2666 3558 2929 3631 quaedam
2968 3560 3351 3629 quadraginta
3400 3560 3654 3630 capitula
3694 3559 3791 3612 sub

2102 3649 2269 3702 unius
2303 3648 2477 3701 libelli
2505 3654 2680 3715 textu,
2715 3648 2816 3717 qui
2847 3648 2934 3701 vel
2968 3647 3117 3700 beati
3147 3647 3470 3717 Augustini,
3520 3650 3608 3701 vel
3643 3647 3793 3700 beati

2103 3734 2385 3803 Fulgentii
2437 3734 2673 3805 gloriosi
2721 3732 2993 3786 antistitis
3042 3734 3383 3787 confessoris
3433 3733 3643 3788 Christi
3696 3749 3789 3786 no-

2100 3824 2254 3877 mine
2306 3824 2567 3876 titulatur
2615 3824 2704 3889 (de
2732 3823 2862 3877 Fide
2906 3822 2979 3875 ad
3020 3824 3232 3876 Petrum
3263 3823 3455 3892 diac.),
3504 3822 3791 3893 praecipue

2099 3914 2169 3968 ad
2200 3914 2586 3983 cognitionem
2634 3918 2689 3967 et
2720 3913 3214 3966 conﬁrmationem
3259 3912 3391 3966 ﬁdei
3422 3914 3790 3983 pertinentia.

2098 4003 2159 4057 in
2186 4003 2391 4073 quibus
2419 4003 2486 4056 de
2516 4004 2621 4056 hac
2654 4019 2713 4055 re
2748 4003 2895 4056 unde
2944 4018 3097 4056 nunc
3143 4001 3354 4071 agitur,
3388 4002 3443 4055 id
3487 4008 3575 4055 est
3613 4004 3683 4056 de
3712 4002 3789 4054 di-

2098 4091 2243 4144 vinas
2286 4090 2659 4161 prmscientias
2699 4097 2757 4144 et
2797 4090 3313 4161 praedestinationis
3360 4091 3602 4144 veritate
3656 4090 3789 4161 quid

2098 4180 2421 4233 ﬁrmissime
2454 4185 2625 4250 atque
2674 4180 3068 4233 indubitanter
3089 4180 3400 4233 tenendum
3432 4179 3527 4247 sit,
3569 4180 3649 4232 ita
3680 4180 3792 4233 bre-

2026 4270 2068 4323 D
2098 4266 2323 4318 vissime
2370 4282 2431 4318 ac
2478 4266 2811 4335 plenissime
2862 4266 3071 4336 legitur
3127 4265 3449 4319 deﬁnitum.
3480 4264 3787 4339 [Firmissi-

2098 4368 2209 4418 me,
2242 4354 2445 4424 inquit,
2498 4360 2626 4407 tene
2671 4361 2728 4407 et
2779 4354 3105 4407 nullatenus
3138 4354 3361 4408 dubites
3407 4356 3524 4409 Deo
3571 4355 3787 4409 incom-

2097 4442 2361 4495 mutabili
2398 4459 2511 4494 non
2536 4443 2722 4495 solum
2747 4443 3036 4511 praeterita
3070 4448 3123 4495 et
3145 4443 3470 4512 praesentia,
3499 4444 3599 4497 sed
3621 4444 3787 4497 etiam

2098 4530 2288 4583 futura
2327 4531 2517 4583 omnia
2564 4530 3110 4585 incommutabiliter
3148 4546 3270 4584 esse
3315 4531 3641 4585 notissima.
3693 4531 3789 4586 Cui

2099 4619 2339 4672 dicitur:
2377 4642 2405 4667 ‹‹
2432 4619 2577 4672 Deus
2616 4620 2717 4689 qui
2748 4618 3101 4673 occultorum
3132 4634 3190 4672 es
3216 4619 3499 4690 cognitor,
3560 4622 3663 4690 qui
3690 4620 3789 4672 scis

2101 4707 2294 4760 omnia
2326 4714 2632 4777 antequam
2666 4708 2804 4761 ﬁant
2837 4709 3005 4775 (Dan.
3041 4723 3159 4773 xm,
3202 4708 3311 4777 42).
3346 4706 3397 4779 ι]
3450 4708 3516 4761 Et
3545 4709 3787 4762 iterum:

2102 4796 2492 4865 [Firmissime,
2522 4797 2729 4868 inquit,
2760 4803 2909 4864 tene,
2944 4803 3001 4852 et
3045 4798 3369 4851 nullatenus
3407 4797 3637 4851 dubites
3675 4797 3787 4851 Tri-

2102 4882 2339 4935 nitatem
2373 4884 2549 4936 Deum
2584 4884 3108 4937 incommutabilem
3144 4900 3337 4937 rerum
3383 4884 3671 4947 omnium,
3712 4889 3789 4936 at-

2102 4988 2212 5043 que
2255 4987 2514 5041 operum,
2566 4977 2680 5026 tam
2727 4989 2985 5036 suorum,
3041 4989 3213 5042 quam
3248 4973 3647 5026 humanorum
3678 4988 3787 5026 cer-

2102 5060 2407 5123 tissimum,
2455 5062 2805 5130 cognitorem
2839 5062 2988 5130 {ante
3016 5062 3209 5115 omnia
3238 5062 3445 5115 swcula
3476 5062 3647 5129 scire,
3680 5060 3789 5132 qui-

2103 5148 2204 5201 bus
2254 5165 2355 5218 per
2409 5149 2580 5202 ﬁdem
2626 5155 2771 5202 esset
2826 5150 3067 5219 gratiam
3120 5149 3454 5219 largiturus,
3503 5151 3629 5204 sine
3687 5166 3788 5220 qua

2102 5252 2269 5289 nemo
2292 5237 2477 5305 potuit
2504 5253 2570 5290 ex
2614 5237 2779 5290 initio
2809 5238 3025 5304 mundi,
3063 5255 3241 5308 usque
3270 5239 3328 5292 iu
3366 5239 3544 5293 ﬁnem
3581 5256 3615 5293 a
3642 5244 3788 5293 reatu

2102 5327 2335 5395 peccati,
2370 5332 2485 5379 tam
2517 5326 2835 5396 originalis,
2856 5342 3028 5396 quam
3052 5326 3289 5380 actualis
3312 5326 3533 5380 absolvi
3556 5343 3569 5392 ;
3599 5348 3627 5373 η
3652 5341 3784 5397 quos

2102 5416 2255 5467 enim
2305 5415 2450 5467 Deus
2500 5414 2805 5483 praescivit,
2865 5419 2921 5468 et
2984 5414 3416 5485 praedestinavit
3471 5415 3787 5469 conformes

2101 5502 2221 5558 ﬁeri
2259 5502 2524 5569 imaginis
2557 5502 2679 5557 Filii
2712 5505 2835 5573 ejus
2867 5506 3032 5571 (Rom.
3066 5521 3180 5569 vm,
3212 5504 3324 5573 ‘29)]
3354 5524 3368 5571 ;
3404 5525 3424 5551 ι
3462 5512 3521 5558 et
3550 5505 3785 5559 iterum:
