3884 6218
61 319 182 371 1001

1327 324 1544 382 LIBER
1583 327 1671 378 DE
1713 326 1968 382 TRIBUS
2011 326 2383 384 EPISTOLIS.

3467 338 3601 390 1002

53 452 494 526 firmissime,
527 459 743 529 inquit,
772 463 924 522 tene,
957 464 1015 512 et
1045 460 1372 513 nullatenus
1403 461 1649 527 dubites,
1681 476 1800 514 om-
1835 466 1881 516 A
1910 461 2030 514 rior
2054 462 2192 514 Abel
2221 463 2292 514 ad
2323 462 2610 517 civitatem
2649 465 2765 518 Dei.
2806 465 2967 518 Prior
2997 470 3082 519 est
3123 472 3288 521 natus
3321 467 3460 522 civis
3490 470 3600 523 hu-

51 557 165 598 nes,
201 559 372 611 quos
415 561 557 598 vasa
609 546 1018 599 misericordiae
1053 547 1309 614 gratuita
1351 548 1606 600 bonitate
1650 549 1797 601 Deus

49 628 180 682 facit
214 637 369 684 ante
409 634 893 687 constitutionem
919 636 1138 699 mundi,
1165 636 1221 687 in
1251 636 1616 704 adoptionem
1653 637 1794 690 tilio-

51 733 176 770 rum
224 719 344 772 Dei
409 722 855 790 prmdestinatos
901 739 928 774 a
975 723 1110 786 Deo,
1165 739 1350 793 neque
1397 725 1582 792 perire
1631 739 1796 792 posse

50 806 316 875 aliquem
347 825 597 875 eorum,
633 827 772 880 quos
797 813 945 865 Deus
977 811 1403 880 praedestinavit
1427 812 1494 864 ad
1521 829 1795 881 regnum;

49 910 238 964 neque
276 913 666 967 quemquam
708 915 929 963 eorum,
985 915 1126 968 quos
1179 901 1323 952 Deus
1357 917 1472 952 non
1505 902 1796 968 prazdesti-

52 982 205 1033 navit
240 983 324 1035 ad
364 987 557 1037 vitam
599 986 715 1038 ulla
752 1002 920 1054 posse
952 986 1173 1038 ratione
1205 985 1408 1038 salvari
1439 1003 1450 1038 :
1501 986 1794 1054 praedesti-

52 1069 205 1121 nstio
251 1071 441 1125 enim
490 1072 590 1125 illa
638 1075 901 1141 gratuitas
947 1073 1272 1126 donationis
1307 1078 1391 1126 est
1422 1074 1789 1142 praeparatio,

49 1172 158 1224 qua
191 1173 313 1210 nos
341 1160 669 1228 Apostolus
691 1161 769 1213 ait
797 1176 808 1212 :
837 1181 864 1207 ‹‹
891 1160 1316 1213 Predestinatos
1340 1160 1397 1213 in
1425 1160 1790 1229 adoptionem

51 1245 317 1300 ﬁliorum
355 1264 475 1317 per
504 1252 687 1303 Iesum
732 1250 1009 1304 Christum
1038 1249 1096 1301 in
1128 1249 1316 1318 ipsum
1352 1249 1526 1318 (Eph.
1561 1266 1596 1313 ι,
1628 1251 1698 1317 ὃ).
1737 1247 1788 1318 ν]

119 1336 284 1388 Hanc
339 1338 493 1390 ﬁdei
549 1339 805 1407 regulam
854 1343 911 1391 et
963 1337 1360 1390 deﬁnitionem
1413 1336 1789 1390 certissimam

50 1423 310 1477 ﬁdeliter
365 1442 628 1496 sequens
677 1427 873 1480 beatus
915 1432 971 1478 et
1015 1431 1242 1478 sanctus
1291 1427 1486 1478 doctor
1533 1425 1790 1478 Ecclesiae

57 1512 208 1563 Beda
244 1514 593 1582 presbyter,
649 1530 776 1566 cum
826 1523 1136 1583 exponeret
1180 1516 1362 1566 locum
1404 1516 1567 1566 illum
1603 1514 1698 1566 ubi
1729 1513 1790 1566 in

51 1597 196 1650 libro
238 1600 502 1652 Genesis
546 1607 811 1652 narratur
859 1599 928 1653 de
979 1600 1274 1670 ereptione
1327 1601 1423 1653 Lot
1474 1617 1540 1654 ex
1588 1601 1786 1654 interi-

56 1694 111 1736 tu
146 1685 570 1740 Sodomorum
623 1687 772 1756 (Gen.
823 1689 962 1754 XIX),
1017 1693 1072 1740 et
1119 1690 1499 1757 quorumdam
1552 1705 1787 1742 suorum

54 1790 164 1826 non
199 1775 592 1828 credentium
630 1781 845 1829 etcum
883 1791 949 1828 eo
982 1775 1136 1828 exire
1186 1776 1524 1842 nolentium,
1577 1782 1632 1830 et
1661 1778 1788 1832 ideo

57 1879 189 1915 cum
215 1865 489 1929 cmteris,
529 1864 630 1933 qui
667 1865 725 1916 in
760 1865 896 1917 urbe
937 1864 1117 1933 impia
1146 1871 1559 1930 remanserant,
1589 1866 1786 1934 justis-

57 1953 202 2003 sime
245 1951 633 2020 perditorum
680 1951 1000 2020 punitione,
1054 1953 1130 2004 ita
1179 1953 1288 2004 ait:
1343 1950 1521 2023 [Quod
1573 1953 1784 2006 ostium

60 2039 156 2091 Lot
188 2041 583 2093 incluserunt
621 2040 833 2108 angeli,
880 2056 948 2093 ne
1003 2041 1092 2093 vel
1143 2040 1354 2109 ipsum,
1404 2042 1490 2094 vel
1533 2041 1785 2111 aliquem

60 2129 126 2180 de
156 2129 346 2182 domo
383 2129 576 2198 ipsius
607 2133 837 2197 possent
861 2128 933 2181 ad
968 2128 1327 2197 perdendum
1362 2146 1556 2198 rapere
1602 2130 1786 2183 Sodo-

57 2217 238 2282 mitm,
285 2224 574 2286 patenter
620 2217 872 2269 insinuat
921 2217 1055 2287 quia
1096 2219 1318 2270 nullum
1351 2219 1419 2272 de.
1455 2219 1647 2272 electis
1687 2220 1786 2272 Dei

61 2304 378 2372 perditura
430 2310 520 2358 est
574 2305 860 2374 impietas,
914 2313 971 2358 et
1020 2306 1338 2375 persecutio
1380 2307 1781 2376 reproborum,

59 2394 294 2446 dicente
353 2393 611 2446 Domino
672 2395 740 2446 de
791 2394 993 2446 ovibus
1046 2393 1210 2446 suis:
1266 2417 1284 2442 «
1342 2396 1407 2448 Et
1452 2412 1558 2465 ego
1611 2396 1785 2448 vitam

60 2485 349 2533 aeternam
378 2481 457 2534 do
482 2481 567 2533 eis
598 2486 654 2534 et
687 2497 800 2534 non
844 2481 1116 2550 peribunt
1146 2482 1204 2534 in
1237 2488 1538 2547 aeternum,
1572 2491 1628 2537 et
1669 2500 1785 2536 non

61 2568 250 2635 rapiet
284 2583 393 2620 eos
443 2568 753 2637 quisquam
794 2567 863 2620 de
913 2584 1084 2620 manu
1137 2584 1263 2620 mea
1296 2569 1473 2637 (Joun.
1521 2585 1572 2635 x,
1609 2570 1718 2637 ‘28).
1751 2591 1778 2618 »

66 2653 231 2715 Quod
273 2670 422 2708 vero
457 2654 612 2707 idem
654 2654 758 2706 Lot
782 2656 1050 2708 facultate
1101 2654 1170 2708 ab
1225 2656 1443 2725 angelis
1482 2657 1616 2709 data
1646 2657 1782 2709 nul-

59 2743 180 2794 lum
209 2743 284 2795 de
333 2742 564 2795 civibus
594 2742 848 2812 perﬁdis,
890 2759 962 2796 ne
993 2743 1062 2796 de
1109 2743 1226 2796 suis
1260 2744 1490 2812 quidem
1525 2747 1784 2814 cognatis

63 2833 175 2882 sive
210 2831 430 2883 amicis
463 2831 690 2883 tametsi
721 2831 966 2884 multum
1007 2837 1242 2884 conatus
1289 2833 1476 2900 potuit
1520 2833 1590 2886 ad
1639 2833 1784 2886 salu-

61 2925 175 2972 tem
211 2935 520 2986 revocare,
565 2919 867 2988 signiﬁcat,
909 2919 1045 2989 quia
1076 2919 1291 2973 nullius
1326 2921 1485 2974 labor
1523 2921 1780 2974 hominis

1901 551 2000 618 jus
2032 551 2244 615 saeculi,
2299 553 2582 620 posterior
2613 559 2802 606 autem
2851 555 2958 606 isto
3005 556 3344 626 peregrinus
3395 557 3455 610 iu
3496 575 3602 612 sas-

1907 638 2057 703 culo,
2092 643 2147 691 et
2173 639 2467 707 pertinens
2497 641 2568 692 ad
2598 641 2887 695 civitatem
2924 643 3044 696 Dei.
3080 645 3269 698 Gratia
3302 647 3599 714 praedesti-

1906 732 2090 788 natus,
2149 727 2335 796 gratia
2379 728 2607 791 electus,
2661 730 2846 797 gratia
2912 732 3249 800 peregrinus
3306 733 3595 800 deorsum,

1905 815 2088 883 gratia
2120 815 2255 867 civis
2286 831 2530 868 sursum.
2567 817 2702 868 Nam
2752 825 3026 886 quantum
3061 820 3128 872 ad
3177 821 3360 890 ipsum
3394 823 3600 877 attinet

1905 917 1971 952 ex
2023 903 2224 955 eadem
2273 919 2461 956 massa
2507 904 2707 971 oritur,
2771 921 2898 975 qua:
2944 907 3301 976 originaliter
3345 916 3430 962 est
3480 916 3598 963 tota

1903 989 2198 1054 damnata;
2233 991 2330 1044 sed
2356 998 2626 1061 tauquam
2664 993 2875 1062 ﬁgulus
2907 995 3053 1047 Deus
3083 1012 3095 1048 :
3129 996 3273 1049 hanc
3321 998 3474 1050 enim
3521 999 3595 1051 si-

1904 1078 2288 1132 militudinem
2322 1096 2438 1132 non
2471 1080 2889 1150 imprudenter,
2938 1083 3036 1135 sed
3069 1085 3379 1152 prudenter
3409 1087 3596 1139 intro-

1902 1165 2056 1218 ducit
2083 1167 2420 1236 Apostolus:
2457 1170 2530 1221 Ex
2561 1169 2759 1222 eadem
2805 1186 2990 1222 massa
3028 1171 3162 1224 fecit
3194 1172 3343 1225 aliud
3395 1189 3489 1225 vas
3536 1173 3595 1226 in

1901 1253 2201 1320 honorem,
2237 1257 2390 1309 aliud
2430 1256 2488 1308 in
2521 1258 2928 1310 contumeliam
2963 1260 3140 1327 (Rom.
3184 1276 3257 1324 ix,
3293 1263 3401 1327 2|).
3437 1261 3598 1313 Prius

1901 1348 2092 1394 autem
2121 1343 2331 1395 factum
2365 1349 2448 1396 est
2478 1360 2574 1396 vas
2607 1344 2666 1396 in
2711 1346 3144 1411 contumeliam,
3193 1354 3326 1415 post
3357 1364 3487 1401 vero
3514 1349 3594 1400 al-

1900 1435 2087 1483 terum
2111 1431 2167 1483 in
2197 1432 2497 1485 honorem.
2535 1432 2678 1495 Quia
2709 1439 2763 1484 ct
2795 1433 2852 1486 in
2880 1434 3006 1502 ipso
3041 1451 3154 1487 uno
3190 1435 3443 1497 homine,
3483 1436 3596 1488 sic-

1903 1525 1962 1571 ut
2009 1519 2149 1571 dixit
2180 1521 2504 1588 Apostolus,
2551 1537 2666 1573 non
2717 1543 2737 1567 «
2791 1521 3042 1590 primum
3098 1524 3247 1592 quod
3299 1524 3594 1593 spirituale

1899 1614 2006 1674 est,
2039 1609 2138 1660 sed
2172 1609 2320 1676 quod
2356 1609 2622 1673 animale,
2655 1609 2862 1662 deinde
2891 1610 3046 1678 quod
3070 1611 3363 1678 spirituale
3396 1614 3450 1679 (Ι
3468 1614 3588 1668 Cor.

1896 1711 1985 1760 xv,
2017 1694 2132 1764 42),
2163 1717 2190 1742 ››
2225 1696 2353 1764 etc.]
2402 1697 2543 1748 Item
2577 1695 2633 1748 in
2685 1697 2827 1748 lilnro
2884 1698 3243 1750 Enchiridion
3290 1700 3432 1767 (cap.
3472 1701 3590 1768 100)

1899 1797 2068 1851 quem
2103 1783 2171 1836 ad
2209 1783 2580 1836 Laurentium
2629 1784 2890 1836 Ecclesiae
2941 1786 3208 1838 Romana:
3241 1786 3592 1842 archidiaco-

1899 1886 2037 1923 num
2078 1871 2323 1940 scripsit,
2357 1873 2426 1924 de
2459 1873 2659 1924 eadem
2691 1874 2853 1925 reita
2900 1873 3188 1942 loquitur:
3225 1875 3386 1943 [Cum
3414 1892 3591 1946 ange-

1895 1957 2022 2023 lica,
2066 1957 2276 2028 inquit,
2327 1965 2383 2011 et
2434 1960 2688 2012 humana
2736 1965 2995 2013 creatura
3037 1968 3344 2029 peccasset,
3400 1963 3454 2016 id
3486 1971 3590 2032 est,

1896 2062 2012 2099 non
2045 2047 2196 2115 quod
2233 2048 2378 2099 Dcus
2422 2048 2519 2100 sed
2569 2048 2722 2116 quod
2765 2049 2888 2116 ipsa
2922 2049 3102 2101 voluit
3140 2050 3382 2116 fecisset,
3417 2051 3590 2105 etiam

1894 2148 1998 2201 per
2026 2134 2288 2187 eamdem
2336 2141 2626 2194 creaturae,
2677 2135 3047 2200 voluntatem,
3102 2153 3216 2206 qua
3259 2138 3470 2191 factum
3503 2145 3591 2194 est

1895 2219 2048 2289 quod
2078 2223 2312 2274 Creator
2342 2223 2547 2288 noluit,
2584 2223 2840 2292 implevit
2868 2224 2989 2292 ipse
3027 2226 3179 2294 quod
3211 2223 3411 2294 voluit,
3443 2228 3587 2281 bene

1892 2313 2058 2360 utens
2079 2315 2132 2362 et
2153 2309 2316 2361 malis
2336 2321 2610 2380 tanquam
2642 2327 2862 2364 summe
2891 2313 3076 2365 bonus
3103 2315 3171 2366 ad
3197 2331 3394 2367 eorum
3420 2315 3580 2369 dam—

1894 2397 2210 2463 nationem,
2242 2414 2384 2467 quos
2407 2399 2556 2467 justo
2587 2399 3016 2468 praedestinavit
3044 2403 3115 2454 ad
3142 2418 3392 2471 poenam,
3429 2409 3485 2456 et
3515 2404 3580 2456 ad

1894 2499 2093 2538 eorum
2121 2487 2382 2553 salutem,
2418 2504 2562 2557 quos
2595 2488 2839 2557 benigne
2893 2490 3323 2557 praedestinavit
3353 2491 3418 2544 ad
3455 2507 3581 2560 gra-

1896 2572 2079 2640 tiam]

1967 2661 2096 2714 Haec
2125 2677 2306 2730 pauca
2335 2679 2398 2716 ex
2445 2663 2663 2732 praefati
2712 2663 3026 2718 beatissimi
3076 2666 3323 2719 doctoris
3363 2667 3584 2722 duobus

1893 2749 2056 2802 libris
2101 2751 2418 2819 posuimus,
2467 2768 2611 2821 quos
2659 2769 2792 2806 cum
2841 2769 2952 2806 non
3000 2755 3184 2806 solum
3229 2755 3504 2808 catholice
3528 2761 3584 2809 et

1893 2837 2139 2890 veridice
2165 2839 2481 2912 scripsisse,
2529 2841 2626 2893 sed
2675 2842 2848 2894 etiam
2900 2842 3208 2910 diligenter
3255 2848 3311 2896 et
3340 2843 3584 2897 ﬁdeliter

1892 2931 2243 2992 retractasse,
2285 2928 2383 2997 qui
2413 2929 2588 2982 libros
2641 2929 3124 2983 Retractationum
3157 2932 3280 3000 ejus
3310 2932 3581 2986 attentius

60 3007 130 3059 ad
161 3023 497 3061 numerum
525 3007 1087 3077 praedestinatorum,
1121 3007 1222 3078 qui
1253 3015 1385 3062 ante
1417 3009 1778 3063 constitutio-
1819 3035 1858 3088 ρ
1890 3013 2045 3082 legit,
2073 3014 2364 3068 evidenter
2388 3016 2643 3085 agnoscit
2672 3021 2737 3069 ut
2783 3017 2920 3087 quia
2957 3017 3076 3086 jam
3122 3019 3244 3087 ejus
3275 3020 3580 3074 auctoritas

61 3111 194 3148 nem
232 3095 450 3148 mundi
481 3094 646 3148 electi
673 3100 805 3148 sunt
835 3111 868 3147 a
911 3095 1048 3160 Deo,
1088 3095 1176 3149 vel
1214 3111 1387 3148 unam
1436 3097 1614 3165 possit
1654 3097 1777 3150 ani-

59 3200 220 3237 mam
254 3184 538 3254 adjicere.
566 3182 731 3237 Novit
750 3183 902 3236 enim
926 3183 1201 3237 Dominus
1219 3185 1319 3254 qui
1343 3191 1476 3238 sunt
1501 3185 1644 3254 ejus.
1670 3186 1780 3239 Ve-

61 3289 189 3326 rum
224 3279 284 3326 et
314 3274 367 3325 si
394 3278 653 3326 nostram
681 3271 1053 3341 fragilitatem
1084 3273 1185 3342 qui
1215 3273 1281 3327 ad
1313 3275 1624 3327 electorum
1648 3290 1780 3328 sor-

61 3365 180 3413 tem
211 3361 565 3430 pertineant
593 3361 750 3427 latet,
784 3377 899 3414 non
931 3366 1126 3416 tamen
1157 3362 1227 3416 ab
1259 3364 1479 3432 agenda
1511 3380 1647 3418 cura
1674 3380 1778 3418 no-

61 3453 191 3502 stra:
226 3449 440 3502 salutis
481 3448 840 3514 cessandum,
873 3465 992 3502 non
1023 3449 1094 3502 ab
1123 3449 1472 3504 instruendis
1501 3452 1778 3521 proximis

59 3536 267 3607 lingua
297 3543 390 3590 est
431 3536 804 3602 continenda,
847 3537 944 3591 sed
989 3538 1061 3591 ad
1111 3539 1439 3608 exemplum
1470 3540 1623 3593 beati
1659 3542 1776 3606 Lot,

61 3633 116 3680 et
140 3629 318 3681 nobis
347 3633 504 3681 caste
536 3627 864 3692 vivendum,
901 3633 958 3682 et
986 3629 1302 3682 errantium
1336 3645 1566 3700 quoque
1597 3646 1779 3684 corre-

63 3716 242 3768 ctioni
279 3715 544 3769 ofﬁcium
575 3715 804 3785 pietatis
842 3715 1321 3786 impendentium.
1361 3718 1590 3771 Constat
1623 3717 1778 3770 enim

63 3804 200 3873 quia
223 3803 335 3857 etsi
358 3803 796 3874 praedestinatos
809 3804 878 3857 ad
894 3803 1188 3858 interitum
1212 3805 1426 3859 salvere
1449 3806 1777 3876 nequimus,

65 3898 280 3945 nostrae
303 3877 505 3946 tamen
525 3892 915 3961 benignitatis,
939 3909 1110 3962 quam
1135 3910 1266 3963 erga
1283 3894 1514 3948 illorum
1537 3897 1777 3948 salutem

65 3979 496 4050 impendimus,
529 3980 851 4034 mercedem
880 3996 995 4033 non
1018 3980 1347 4051 perdimus]

723 4084 949 4138 CAPUT
997 4085 1138 4138 VIII.

69 4175 387 4240 Degemina
427 4171 926 4240 praedestinatione.
979 4175 1064 4226 Ea:
1110 4173 1585 4241 przdestinatione
1626 4175 1780 4228 nulla

601 4246 886 4297 necessitas
925 4244 1001 4298 ad
1037 4245 1258 4297 malum.

1889 3101 1958 3154 de
1980 3103 2085 3156 hac
2116 3119 2195 3168 re,
2227 3103 2286 3156 id
2319 3109 2406 3156 est
2434 3105 2504 3156 de
2538 3103 2732 3158 divina
2758 3105 2819 3157 in
2849 3110 3155 3176 utramque
3187 3113 3408 3176 partem
3440 3123 3581 3177 pras-

1891 3190 2289 3255 destinatione,
2333 3195 2389 3245 et
2435 3192 2748 3246 electorum
2799 3193 3062 3247 videlicet
3113 3195 3179 3246 ad
3229 3195 3493 3264 gloriam,
3525 3201 3581 3250 et

1887 3280 2268 3348 reproborum
2301 3281 2368 3333 ad
2409 3296 2634 3350 poenam
2668 3297 2701 3334 a
2732 3282 3024 3334 nonnullis
3054 3282 3281 3351 publice
3324 3289 3578 3338 contem-

1888 3367 2063 3434 nitur,
2098 3374 2155 3420 et
2188 3369 2585 3422 conculcatur:
2621 3369 2699 3422 ita
2731 3376 2794 3422 ut
2832 3371 2968 3439 quia
2998 3387 3056 3422 se
3088 3371 3210 3439 ipse
3241 3371 3302 3424 in
3345 3371 3579 3441 quihus-

1886 3456 2018 3509 dam
2063 3455 2287 3526 scriptis
2338 3457 2455 3509 suis
2493 3457 2609 3527 pic,
2659 3463 2830 3527 atque
2880 3457 3175 3511 humiliter
3216 3460 3581 3528 reprehendit

1887 3549 1944 3598 et
1972 3544 2229 3614 corrigit,
2258 3549 2464 3613 putent
2513 3561 2594 3612 se,
2647 3545 2746 3598 ubi
2779 3545 2859 3597 eis
2892 3546 3077 3598 visum
3109 3545 3304 3611 fuerit,
3340 3547 3580 3601 licenter

1887 3647 2022 3685 eum
2051 3647 2212 3701 posse
2241 3631 2680 3700 reprehendere.
2717 3632 2779 3684 Et
2809 3631 2964 3700 quod
2994 3631 3090 3685 ille
3121 3631 3252 3684 fecit
3283 3632 3352 3685 ad
3383 3649 3574 3686 exem-

1886 3718 2046 3787 plum
2081 3718 2440 3784 humilitatis,
2492 3718 2602 3787 ipsi
2655 3734 2930 3788 usurpare
2978 3735 3093 3772 non
3135 3719 3472 3774 erubescant
3503 3721 3576 3776 ad

1887 3810 2171 3861 tumorem
2209 3807 2692 3877 praesumptionis.
2728 3809 2804 3861 Ex
2838 3808 2925 3861 his
2965 3809 3167 3861 saltem
3196 3799 3357 3862 libris
3398 3826 3577 3878 agno-

1887 3900 2044 3948 scant
2072 3896 2206 3966 quia
2253 3896 2358 3950 hoc
2401 3896 2641 3949 verbum
2691 3896 2896 3949 divinze
2947 3896 3468 3966 praedestinationis
3515 3899 3575 3952 in

1886 3988 2048 4051 parte
2077 3983 2458 4053 reproborum
2487 3985 2761 4053 positum,
2795 3983 2930 4054 quia
2973 3984 3266 4037 verissime
3297 3990 3352 4039 et
3382 3986 3576 4040 rectis-

1888 4071 2031 4124 sime
2063 4071 2256 4125 divino
2287 4072 2506 4142 judicio
2555 4072 2946 4142 praedestinati
2978 4091 3006 4122 ιι
3036 4073 3324 4135 dicuntur,
3355 4090 3476 4128 non
3503 4076 3574 4129 ad

1887 4159 2112 4230 culpam
2144 4161 2366 4230 utique,
2403 4161 2500 4214 sed
2529 4161 2599 4214 ad
2631 4177 2881 4230 poenam,
2916 4177 3018 4214 nec
3052 4162 3121 4215 ad
3153 4163 3364 4216 malum
3409 4179 3574 4234 opus,

1890 4248 2044 4317 quod
2075 4249 2183 4318 ipsi
2208 4249 2460 4302 volentes
2505 4256 2704 4318 agunt,
2768 4251 2864 4302 sed
2917 4250 2986 4302 ad
3025 4251 3279 4318 malum;
3319 4253 3471 4322 quod
3520 4253 3580 4306 in

131 4334 300 4386 Hanc
331 4330 468 4384 ﬁdei
497 4331 756 4400 regulam
806 4331 1131 4385 ﬁrmissime
1182 4347 1245 4385 ac
1292 4331 1622 4386 ﬁdelissime
1668 4349 1776 4386 no-
1815 4330 1860 4382 D
1885 4336 2114 4390 aeternis
2142 4337 2441 4406 suppliciis
2469 4337 2635 4391 inviti
2683 4339 2992 4407 patientur,
3018 4358 3045 4390 »
3092 4355 3192 4392 nec
3223 4340 3343 4410 ipse
3374 4341 3434 4394 in
3465 4341 3580 4394 suis

69 4420 151 4474 bis
192 4419 515 4473 tenendam
561 4419 760 4473 beatus
819 4420 1174 4490 Augustinus
1223 4421 1330 4473 ista
1388 4420 1693 4490 diligenter
1722 4425 1776 4474 et

69 4509 326 4563 breviter
358 4509 722 4562 commendat
747 4509 806 4562 in
831 4508 992 4562 libris
1028 4509 1097 4562 de
1126 4509 1360 4564 Civitate
1399 4510 1500 4563 Dei
1531 4511 1650 4578 (lib.
1683 4526 1773 4576 xv,

69 4613 189 4666 cup.
233 4600 306 4664 t),
341 4597 422 4649 ita
455 4598 681 4650 dicens:
716 4597 1084 4666 (Humanum,
1121 4598 1327 4666 inquit,
1361 4597 1622 4668 genusin
1661 4598 1776 4652 duo

72 4701 292 4754 genera
371 4685 806 4751 distribuimus,
879 4701 1055 4738 unum
1127 4701 1328 4739 eorum
1406 4687 1505 4757 qui
1580 4702 1777 4740 secun-

75 4775 212 4828 dum
281 4773 606 4839 hominem,
678 4773 922 4827 alterum
1010 4789 1212 4827 eorum
1297 4774 1398 4844 qui
1462 4775 1776 4828 secundum

77 4863 259 4916 Deum
292 4862 528 4926 vivunt;
555 4877 698 4931 quas
737 4862 910 4915 etiam
961 4862 1197 4932 mystice
1240 4862 1598 4932 appellamus
1636 4863 1780 4916 civi-

76 4955 220 5004 tates
253 4950 420 5014 duas,
474 4949 584 5002 hoc
629 4956 732 5016 est,
779 4950 920 5003 duas
963 4950 1262 5004 societates
1301 4951 1602 5005 hominum
1638 4968 1780 5022 qua-

76 5055 204 5092 rum
235 5045 321 5092 est
358 5054 494 5102 una,
532 5054 661 5108 qua:
708 5038 1113 5107 praedestinata
1159 5044 1241 5092 est
1277 5039 1337 5092 in
1384 5045 1665 5094 aeternum
1694 5057 1780 5094 re-

77 5143 253 5195 gnare
285 5143 419 5181 cum
455 5129 607 5181 Deo:
661 5127 842 5180 altera
879 5131 1162 5180 aeternum
1201 5128 1549 5198 supplicium
1589 5127 1781 5182 subire

79 5232 206 5269 cum
231 5212 518 5284 diabolo.]
555 5216 619 5268 Et
663 5220 791 5283 post
823 5231 1023 5285 pauca,
1055 5217 1124 5269 de
1172 5221 1370 5270 exortu
1422 5217 1667 5272 duarum
1699 5217 1781 5270 ci-

81 5304 316 5358 vitatum
349 5304 621 5368 istarum,
651 5303 708 5356 id
759 5307 844 5356 est
872 5303 1114 5357 civitatis
1146 5305 1246 5358 Dei
1291 5310 1348 5358 et
1390 5306 1629 5359 civitatis
1669 5307 1786 5360 dia-

78 5393 212 5458 boli,
247 5393 593 5462 diligentius
639 5391 954 5462 disputans,
1011 5393 1090 5446 ita
1139 5393 1276 5448 dicit
1327 5395 1548 5464 (Ibid):
1589 5393 1784 5466 [Natus

82 5487 162 5534 est
189 5481 365 5551 igitur
393 5479 564 5549 prior
595 5478 731 5532 Cain
769 5495 833 5532 ex
864 5479 978 5533 illis
1018 5481 1243 5534 duobus
1282 5481 1522 5535 humani
1552 5483 1781 5551 generis

79 5570 414 5638 parentibus
446 5566 749 5637 pertinens
779 5567 847 5621 ad
892 5567 1196 5622 hominum
1229 5567 1514 5624 civitatem
1545 5586 1558 5624 :
1589 5578 1784 5640 posto—

435 5658 724 5722 PATROL.
776 5657 978 5722 CXXI.

1886 4425 2048 4480 dictis
2100 4426 2554 4494 reprehenderit,
2599 4443 2702 4479 nec
2743 4426 2812 4479 ab
2854 4426 2986 4480 ullis
3034 4427 3308 4480 catholice
3348 4433 3403 4480 et
3447 4443 3582 4482 sane

1887 4513 2263 4567 sentientibus
2315 4515 2728 4584 reprehensum
2789 4515 2878 4567 sit.
2927 4514 3164 4579 ELideo
3214 4515 3437 4568 etiame
3468 4531 3584 4569 mo-

1889 4602 2070 4656 derno
2121 4607 2403 4672 tempore,
2446 4624 2466 4650 ι
2515 4620 2549 4656 a
2589 4602 2752 4656 nobis
2792 4602 2890 4670 qui
2942 4606 3115 4654 tanta:
3166 4601 3493 4671 imperitia,
3527 4608 3585 4656 et

1885 4689 2240 4750 inﬁrmitatis
2271 4706 2469 4744 sumus
2499 4705 2865 4760 nequaquam
2905 4689 3464 4757 reprehendendum,
3495 4691 3582 4742 vel

1887 4777 2260 4847 rejiciendum
2291 4779 2506 4841 debuit,
2532 4777 2803 4846 judicari,
2848 4776 2942 4830 sed
2974 4776 3166 4845 potius
3215 4776 3496 4845 diligenti,
3528 4784 3584 4831 et

1886 4867 2094 4922 humili
2128 4868 2338 4937 pietate
2365 4866 2736 4937 perscrutari,
2759 4871 2816 4918 et
2841 4865 3101 4936 intelligi.
3128 4867 3194 4919 Et
3223 4866 3268 4918 si
3301 4865 3400 4935 qui
3427 4872 3580 4932 sunt,

1890 4955 1990 5026 qui
2048 4972 2112 5010 ex
2173 4956 2282 5009 hoc
2341 4954 2709 5008 scandalizari
2766 4954 3088 5018 videantur,
3148 4959 3422 5023 tanquam
3482 4970 3586 5024 per

1890 5043 2045 5096 istud
2068 5042 2594 5112 prmdestinationis
2615 5041 2848 5094 verbum
2883 5042 3188 5095 necessitas
3212 5043 3358 5095 male
3380 5042 3586 5111 agendi

1890 5132 2161 5200 cuiquam
2194 5131 2460 5199 imposita
2490 5147 2613 5183 esse
2645 5129 3020 5198 signiﬁcetur,
3048 5131 3366 5184 instruendi
3397 5132 3586 5200 potius

1889 5218 2123 5271 fuerunt
2146 5223 2203 5270 et
2234 5217 2483 5270 breviter
2515 5234 2577 5269 ac
2608 5217 2795 5270 lucide
2826 5218 3090 5285 docendi,
3124 5219 3274 5287 quod
3303 5219 3449 5273 Deus
3480 5235 3587 5272 ne—

1893 5305 2108 5360 minem
2143 5305 2650 5375 praedestinaverit
2688 5305 2758 5358 ad
2792 5311 3104 5375 peccatum,
3159 5306 3259 5359 sed
3297 5305 3367 5358 ad
3421 5306 3590 5358 luen-

1894 5395 2030 5448 dum
2057 5393 2409 5462 supplicium
2453 5410 2557 5463 pro
2601 5399 2854 5464 peccato.
2910 5394 3022 5448 Nec
3065 5393 3172 5447 ista
3219 5393 3590 5464 praedestina-

1892 5481 2049 5535 tione
2091 5481 2344 5550 aliquem
2386 5486 2551 5552 cogat
2599 5482 2666 5536 ad
2708 5481 2857 5535 male
2897 5481 3206 5551 agendum,
3257 5481 3353 5535 sed
3401 5483 3594 5550 potius

1894 5571 2144 5625 declaret
2165 5569 2417 5639 judicem
2451 5571 2696 5640 justum,
2729 5569 2911 5640 quiet
2956 5576 3188 5640 peccata
3218 5569 3343 5624 ﬁeri
3385 5569 3593 5635 noluit,
