3884 6218
380 325 515 377 1003

1504 320 1558 373 S.
1603 317 1874 372 REMIGII
1917 315 2399 373 LUGDUNENSIS
2437 314 2750 371 EPISCOPI

3748 314 3766 365 i
3774 314 3851 366 illi

376 466 433 515 et
463 462 606 515 facta
629 461 778 529 juste
812 475 868 510 se
908 458 1247 527 puniturqu
1290 472 1409 508 esse
1460 453 1763 523 praescivit,
1806 455 1956 523 juste
2004 468 2061 505 se
2100 456 2145 506 Α
2171 456 2364 521 aperte
2395 451 2568 503 dicit:
2599 450 2768 520 [Inest
2793 450 2906 502 Deo
2939 449 3111 502 etiam
3144 448 3519 517 profundum,
3552 463 3677 516 quo
3709 447 3851 499 dam-

376 549 714 619 puniturum
749 553 803 599 et
836 564 954 599 esse
989 543 1433 615 praedestinavit.
1476 545 1586 596 Hac
1632 557 1881 611 namque
1915 558 2066 611 prm-

373 637 750 691 destiuatione
784 652 898 688 non
932 651 1077 704 opus
1130 631 1378 685 hominis
1426 632 1663 696 malum,
1714 632 1808 683 sed
1845 631 2063 699 justum

375 724 626 779 hominis
658 723 1079 793 praedestinavii
1111 721 1475 791 supplicium.

446 815 605 867 Hunc
650 828 877 865 sensum
924 812 979 863 Β.
1033 809 1332 879 Augustini
1381 823 1601 871 verum,
1650 810 1820 875 atque
1866 804 2068 858 catho-

373 902 550 955 licum
590 901 742 971 quod
773 902 949 953 Deum
982 899 1169 968 aperis
1219 896 1304 949 sui
1336 896 1536 959 futuri,
1588 895 1644 949 id
1677 900 1760 947 est
1798 893 1937 961 justi
1967 894 2068 961 ju—

373 990 503 1043 dicii
539 990 607 1042 de
655 990 817 1041 malis
869 987 1013 1039 etin
1051 986 1213 1039 malis
1273 984 1568 1038 exercendi
1626 998 1851 1051 semper
1895 982 2069 1033 fuisse

379 1077 708 1147 prtescium,
764 1091 988 1144 semper
1030 1074 1207 1127 fuisse
1258 1072 1784 1142 praedestinatorem
1823 1069 2065 1137 justum,

376 1166 624 1219 ﬁdeliter
644 1163 1005 1217 commendat
1048 1163 1107 1215 Β.
1144 1160 1500 1225 Fulgentius,
1534 1167 1595 1210 ut
1640 1174 1807 1226 supra
1849 1173 2068 1210 memo-

375 1254 643 1316 ravimus,
680 1253 833 1304 illius
864 1249 1139 1317 temporis
1174 1250 1411 1311 vicinus,
1461 1253 1517 1300 et
1554 1252 1813 1315 tempore
1836 1245 2068 1298 Vanda—

376 1343 499 1395 licas
528 1339 943 1410 persecutionis
975 1339 1123 1406 apud
1157 1337 1402 1389 Africam
1426 1336 1574 1387 inter
1605 1340 1838 1387 cmteros
1862 1334 2068 1387 Christi

376 1429 698 1482 sacerdotes
740 1427 1088 1478 confessores
1126 1424 1368 1491 inclytus
1423 1424 1807 1491 interrogatus
1846 1438 1878 1473 a
1924 1438 2065 1490 quo-

377 1518 507 1570 dam
539 1515 653 1585 pio,
689 1521 743 1567 et
769 1513 1036 1582 religioso
1074 1513 1191 1564 viro
1236 1528 1351 1564 non
1398 1510 1628 1579 sprevit,
1665 1524 1780 1561 non
1827 1507 2064 1575 respuit,

373 1604 469 1657 sed
504 1605 693 1673 potius
724 1603 1032 1670 diligenter
1077 1599 1355 1669 exposuit,
1398 1605 1454 1651 et
1484 1596 1847 1650 conﬁrmavit
1876 1595 2068 1648 dicens

376 1692 473 1760 (ad
504 1694 646 1746 Mon.
684 1692 719 1743 l.
756 1708 791 1755 ι,
816 1707 861 1743 c.
890 1691 939 1757 5)
965 1706 977 1742 :
1010 1687 1182 1759 [Nihil
1204 1687 1356 1740 aliud
1381 1685 1777 1755 accipiendum
1805 1684 2065 1736 existimo

374 1782 433 1834 in
466 1782 563 1833 illo
595 1779 773 1832 sancti
810 1776 1115 1846 Augustini
1167 1790 1452 1839 sermone,
1497 1788 1611 1842 quo
1661 1771 1728 1824 ad
1770 1770 2066 1823 interitum

376 1869 658 1938 quosdam
688 1866 1123 1935 prasdestinatos
1152 1862 1421 1926 afﬁrmat,
1460 1882 1486 1909 ‹‹
1514 1859 1624 1913 nisi
1666 1860 1737 1912 ad
1770 1858 2068 1911 interitum

376 1955 641 2025 supplicii
680 1970 794 2007 non
824 1952 1035 2015 delicti,
1072 1966 1255 2019 neque
1293 1949 1363 2002 ad
1398 1948 1617 2001 malum
1659 1947 1811 2017 quod
1858 1946 2068 2015 injuste

375 2045 705 2106 admittunt,
737 2042 832 2094 sed
862 2041 932 2093 ad
966 2039 1282 2092 cruciatum
1315 2037 1467 2107 quod
1493 2036 1808 2104 justissime
1838 2035 2068 2104 patiun-

376 2140 503 2187 tur:
540 2148 642 2185 nec
668 2131 733 2183 ad
764 2133 1082 2199 peccatum,
1114 2127 1210 2179 sed
1246 2126 1315 2179 ad
1340 2130 1714 2189 tormentum,
1765 2123 1917 2193 quod
1958 2123 2069 2175 illis

372 2221 611 2291 propria
655 2218 930 2287 iniquitas
960 2217 1107 2268 male
1146 2214 1313 2283 parit,
1346 2219 1401 2265 et
1430 2213 1671 2282 aequitas
1700 2211 1891 2265 divina
1921 2211 2069 2265 bene

374 2308 733 2372 retribuit;»
766 2321 868 2357 nec
908 2304 977 2357 ad
1022 2309 1265 2355 mortem
1306 2301 1513 2354 animm
1563 2300 1811 2369 primam
1857 2298 1954 2351 sed
1999 2298 2070 2351 ad

374 2403 619 2450 mortem
648 2394 993 2447 secundam:
1026 2392 1179 2460 quod
1210 2390 1363 2442 enim
1400 2394 1528 2442 ante
1576 2388 1899 2458 gehennam
1935 2386 2070 2438 mali

374 2484 658 2555 peccando
692 2486 956 2551 pereunt,
993 2495 1105 2532 non
1130 2483 1213 2531 est
1240 2478 1419 2531 divini
1446 2476 1636 2546 operis
1665 2476 1759 2528 sed
1790 2474 2028 2527 humani
2052 2490 2065 2527 :

374 2573 527 2641 quod
561 2576 755 2623 autem
783 2569 842 2621 in
882 2568 1146 2637 gehenna
1190 2566 1428 2635 perituri
1480 2570 1629 2631 sunt,
1665 2565 1771 2617 hoc
1800 2564 1933 2617 facit
1969 2562 2066 2615 Dei

373 2661 632 2731 mquitas,
687 2658 779 2711 cui
834 2657 992 2709 nulla
1040 2656 1225 2724 placet
1268 2653 1556 2722 peccantis
1610 2652 1902 2720 iniquitas.
1958 2652 2069 2704 Hoc

370 2749 563 2817 itaque
596 2744 1023 2815 praedestinavit
1057 2745 1220 2807 Deus,
1266 2741 1417 2811 quod
1465 2746 1587 2793 erat
1618 2741 1736 2809 ipse
1777 2740 2062 2804 facturus;

369 2835 512 2887 illud
557 2850 690 2887 vero
744 2833 1066 2885 nullatenus
1119 2828 1570 2899 praedestinavit,
1622 2827 1775 2897 quod
1818 2828 2067 2881 facturus

368 2923 489 2992 ipse
522 2940 640 2976 non
670 2922 778 2975 fuit
806 2941 819 2988 ς
853 2922 1003 2973 mala
1024 2920 1238 2989 quippe
1271 2918 1537 2971 voluntas
1564 2933 1682 2969 non
1712 2915 1962 2986 pertinet
1994 2914 2065 2967 ad

370 3013 653 3081 Optimum
698 3012 1022 3064 Creatorem
1062 3025 1073 3060 :
1110 3008 1265 3077 justa
1313 3023 1446 3059 vero
1504 3006 1849 3071 injustorum
1903 3005 2061 3057 dam-
2102 3042 2141 3096 Ο

368 3100 524 3153 natio
560 3099 810 3168 pertinet
852 3097 920 3149 ad
964 3096 1354 3164 aequissimum
1402 3094 1799 3161 cognitorem;
1834 3092 2061 3160 praede—

371 3186 601 3239 stinavit
630 3186 819 3254 itaque
852 3186 1000 3237 Deus
1029 3182 1255 3251 iniquos
1290 3188 1346 3234 et
1376 3180 1581 3249 impios
1614 3182 1683 3233 ad
1716 3180 2063 3249 supplicium

364 3277 609 3344 justum,
638 3290 751 3325 non
787 3272 858 3325 ad
902 3271 1131 3341 aliquod
1168 3287 1309 3339 opus
1340 3270 1617 3339 injustum
1645 3288 1659 3335 ;
1692 3269 1763 3321 ad
1814 3284 2059 3337 poenam,

371 3378 485 3415 non
515 3362 585 3415 ad
616 3362 877 3430 culpam;
908 3360 977 3413 ad
1010 3359 1375 3429 punitionem
1408 3374 1523 3410 non
1555 3358 1624 3411 ad
1655 3357 2064 3425 transgressio-

370 3467 539 3515 nem;
585 3450 657 3502 ad
695 3449 1010 3513 interitum,
1056 3464 1227 3517 quem
1274 3447 1358 3499 ira
1398 3446 1540 3515 justi
1586 3446 1790 3515 judicis
1831 3461 2064 3515 peccan-

338 3544 341 3547 ⁷
369 3539 521 3592 tibus
551 3537 814 3603 reddidit,
862 3553 975 3589 non
1003 3536 1074 3588 ad
1105 3536 1419 3596 interitum,
1459 3550 1571 3604 quo
1604 3534 1663 3587 in
1694 3550 1752 3587 se
1785 3534 1928 3586 iram
1963 3533 2062 3586 Dei

368 3626 728 3696 peccantium
763 3625 1038 3695 iniquitas
1081 3622 1456 3694 provocavit.]
1499 3624 1617 3677 Huc
1650 3638 1829 3691 usque
1864 3621 2063 3676 beatus

371 3715 723 3786 Fulgentius.

1046 3821 1267 3874 CAPUT
1309 3821 1393 3875 IX.

628 3947 952 3999 Testimonia
980 3959 1047 3997 ea:
1076 3946 1138 3999 S.
1170 3944 1339 3996 Leone
1362 3947 1411 3996 et
1438 3944 1495 3997 S.
1529 3943 1807 4010 Gregorio.

440 4068 646 4121 Beatus
679 4066 853 4119 etiam
886 4067 993 4118 Leo
1027 4064 1095 4117 de
1133 4064 1301 4133 hujus
1329 4063 1533 4117 divinae
1576 4062 1969 4132 prmscientim,
2004 4065 2061 4115 et

367 4153 888 4224 praedestinationis
924 4153 1177 4217 veritate,
1213 4153 1271 4205 id
1303 4156 1388 4204 est
1423 4152 1906 4220 sempiternarum
1944 4149 2058 4203 dis-

367 4242 722 4311 positionum
793 4241 890 4294 Dei
938 4239 1394 4293 incommutabili
1456 4240 1679 4304 ordine,
1733 4239 1811 4292 sic
1866 4240 2055 4292 docet:

368 4330 532 4398 [Cum
563 4330 776 4391 omnia,
809 4344 937 4398 quin
966 4327 1028 4379 in
1060 4328 1300 4379 Domino
1334 4328 1644 4397 majestatis
1681 4327 1915 4381 Judaica
1952 4327 2054 4380 ad-

366 4419 521 4472 misit
545 4416 827 4487 impietas,
852 4422 1008 4469 tanto
1042 4420 1172 4467 ante
1203 4416 1474 4484 praedicta
1511 4416 1645 4480 sint,
1683 4421 1745 4469 ut
1788 4432 1902 4469 non
1936 4420 2055 4469 tam

367 4508 436 4561 de
470 4507 696 4571 futuris,
726 4521 895 4575 quam
932 4504 1001 4557 de
1035 4503 1337 4574 prmteritis
1368 4504 1732 4572 propheticus
1765 4504 1836 4557 sit
1869 4519 2055 4557 sermo

364 4600 684 4660 contextus,
721 4593 857 4664 quid
903 4593 1056 4645 aliud
1114 4591 1295 4658 nobis,
1346 4607 1519 4661 quam
1573 4592 2054 4661 sempiternarum

367 4683 812 4754 dispositionum
870 4681 972 4734 Dei
1020 4680 1506 4734 incommutabilis
1560 4681 1699 4734 ordo
1732 4680 2053 4735 referatur?

362 4772 527 4842 Apud
579 4787 748 4841 quem
805 4769 1185 4823 discernenda
1218 4769 1338 4838 jam
1389 4769 1716 4837 dijudicata,
1769 4774 1826 4821 et
1863 4769 2054 4823 futura

357 4861 478 4930 jam
510 4860 653 4913 facta
680 4864 831 4912 sunt.
867 4859 1007 4912 Cum
1041 4859 1268 4910 enimet
1299 4859 1601 4927 qualitates
1637 4858 1924 4910 actionum
1947 4874 2052 4911 no-

362 4954 630 5009 strarum,
662 4954 717 5000 et
740 4946 973 5000 etIectus
1005 4946 1265 4999 omnium
1298 4948 1654 5000 voluntatum
1690 4946 1927 4999 scientia
1959 4947 2053 5000 di-

362 5037 493 5090 vina
522 5035 849 5105 praeveniat,
899 5038 1113 5104 quanto
1164 5034 1348 5104 magis
1392 5039 1527 5086 nota
1569 5039 1703 5087 sunt
1736 5035 1848 5087 Deo
1880 5050 2052 5103 opera

361 5127 511 5179 sua?
540 5127 607 5179 Et
644 5129 797 5177 recte
839 5124 1055 5193 placuit
1103 5123 1265 5193 quasi
1314 5122 1463 5176 facta
1508 5122 1701 5191 recoli,
1752 5138 1880 5192 quae
1934 5138 2050 5176 non

360 5218 626 5283 poterant
653 5212 890 5265 omnino
924 5227 1036 5264 non
1062 5209 1234 5281 ﬁeri.]

434 5301 635 5353 Beatus
666 5316 896 5370 quoque
920 5300 1222 5368 Gregorius
1250 5315 1543 5368 exponens
1574 5299 1673 5352 illa
1700 5298 1873 5352 verba
1903 5302 2048 5368 Apo-

362 5387 513 5453 stoli,
544 5388 598 5440 id
631 5393 750 5441 est:
788 5409 811 5437 ι
849 5388 986 5449 Quae
1018 5388 1090 5439 sit
1121 5388 1441 5457 longitudo,
1486 5393 1545 5441 et
1568 5388 1832 5455 latitudo,
1865 5392 1920 5440 et
1955 5403 2051 5441 su-

362 5473 628 5532 blimitas.
659 5480 715 5526 et
758 5474 1112 5543 profundum
1144 5474 1304 5543 (Eph.
1356 5492 1433 5541 ιιι,
1474 5476 1577 5543 l8),
1619 5496 1639 5522 ›
1676 5476 1755 5528 ita
1787 5476 1855 5527 de
1900 5492 2047 5544 prte-

363 5560 744 5613 destinatione
800 5560 1179 5629 reproborum
1228 5563 1297 5615 ad
1344 5564 1642 5616 interitum
1692 5564 1939 5616 breviter
1992 5569 2049 5616 et

2179 540 2400 593 nandos
2438 539 2675 592 inferius
2723 538 2877 605 justa
2923 538 3191 607 aequitate
3230 538 3548 606 disponens
3604 539 3855 605 praeordi-

2179 626 2316 699 nat.]
2357 630 2499 681 Item
2528 630 2597 680 de
2630 627 2826 679 eadem
2860 643 2919 679 re
2954 626 3065 678 alio
3100 627 3220 678 loco
3258 626 3337 677 sic
3372 625 3548 677 dicrt:
3624 625 3729 690 [Ad
3778 626 3857 676 lae.-

2177 733 2304 769 vam
2339 732 2568 786 quoque
2599 716 2869 769 dilatatur
2916 715 3176 779 Ecclesia,
3211 715 3351 767 dum
3393 714 3463 766 ad
3499 730 3556 765 se
3602 713 3862 781 quosdam

2177 803 2238 856 in
2291 803 2592 873 iniquitate
2652 818 3059 872 permansuros
3110 802 3380 854 admittit.
3442 803 3696 870 Propter
3744 802 3865 853 hanc

2180 892 2627 958 multitudinem,
2658 907 2787 961 quas
2812 897 2971 943 extra
3011 891 3321 943 electorum
3366 906 3685 942 numerum
3713 890 3863 958 jacet.

2181 981 2243 1032 In
2274 980 2580 1049 Evangelio
2624 980 2897 1032 Dominus
2946 979 3115 1031 dicit:
3156 1002 3175 1026 ι
3234 979 3393 1032 Multi
3444 978 3661 1043 vocati,
3722 982 3863 1047 pauci

2179 1071 2367 1120 autem
2401 1067 2566 1119 electi
2610 1066 2831 1133 (Matth.
2864 1082 2957 1132 xx,
3022 1068 3128 1133 16).
3191 1064 3240 1135 nl
3301 1067 3429 1119 Alio
3473 1081 3713 1135 quoque
3763 1066 3863 1118 loco

2177 1155 2292 1207 vim
2324 1170 2588 1223 supernae
2619 1153 3008 1222 dispositionis
3054 1153 3589 1206 incommutabilem
3625 1170 3750 1205 esse
3783 1155 3863 1205 de-

2179 1250 2505 1296 monstrans
2532 1242 2611 1294 ita
2639 1243 2750 1295 ait:
2788 1242 2988 1311 [Vitari
3042 1242 3195 1294 enim
3249 1242 3330 1293 vis
3378 1241 3620 1309 superni
3664 1236 3865 1291 consilii

2179 1347 2540 1401 nequaquam
2568 1336 2776 1399 potest,
2807 1331 2905 1383 sed
2938 1346 3147 1399 magna
3175 1330 3282 1382 sibi
3317 1330 3531 1381 virtute
3562 1331 3717 1381 hanc
3750 1336 3869 1380 tem-

2178 1426 2357 1489 perat,
2392 1420 2491 1489 qui
2523 1436 2580 1471 se
2612 1420 2717 1472 sub
2743 1418 2865 1487 ejus
2898 1419 3133 1471 nutibus
3166 1418 3450 1479 refrenat;
3502 1417 3748 1485 ejusque
3779 1414 3869 1466 sibi

2177 1508 2432 1577 pondera
2472 1508 2698 1576 levigat,
2746 1508 2846 1577 qui
2898 1509 3045 1560 hanc
3094 1506 3348 1573 subjecto
3398 1506 3587 1557 cordis
3645 1510 3865 1556 humero

2178 1597 2371 1649 volens
2398 1596 2632 1666 portat.]
2670 1598 2809 1649 Item
2854 1596 2990 1648 alibi
3025 1596 3092 1648 de
3124 1596 3325 1648 eadem
3356 1611 3453 1647 re:
3499 1594 3686 1663 [Sicut
3718 1609 3867 1645 nemo

2181 1683 2407 1736 obsistit
2436 1684 2689 1751 largitati
2722 1684 2822 1735 Dei
2854 1684 3128 1747 vocantis,
3155 1682 3231 1733 ita
3276 1682 3467 1733 nullus
3497 1681 3695 1733 obviat
3718 1680 3865 1746 justi-

2107 1751 2147 1802 Β
2180 1772 2271 1824 tias
2305 1769 2727 1841 relinquemus]
2764 1772 2828 1823 Et
2871 1772 3083 1823 iterum
3128 1771 3197 1822 de
3238 1769 3433 1838 impiis
3454 1770 3575 1837 jam
3615 1770 3869 1838 przejudi-

2177 1860 2350 1912 catis:
2402 1858 2534 1930 [Qui
2582 1876 2716 1912 vero
2782 1874 2886 1911 nec
2952 1859 3085 1911 ﬁdei
3133 1867 3490 1911 sacramenta
3544 1864 3866 1918 tenuerunt,

2176 1948 2629 2017 increpationem
2655 1947 2865 2016 judicis
2910 1947 2968 2000 in
3014 1953 3263 2000 extrema
3302 1947 3738 2000 examinatione
3769 1963 3867 1998 non

2177 2037 2455 2090 audiunt:
2492 2037 2626 2105 quia
2675 2036 3033 2106 prmjudicati
3065 2035 3416 2087 inﬁdelitatis
3448 2051 3567 2087 sua:
3603 2036 3865 2089 tenebris.

2178 2126 2300 2195 ejus
2327 2142 2497 2196 quem
2530 2126 2909 2194 despexerunt
2955 2125 3271 2176 invectione
3304 2124 3574 2193 redargui
3605 2139 3727 2175 non
3757 2140 3869 2174 me-

2180 2212 2422 2283 rentur.]
2458 2215 2597 2266 Item
2629 2214 2700 2266 de
2754 2212 3248 2281 praedestinatione
3304 2212 3649 2281 perditionis
3684 2228 3865 2281 τερπο-

2177 2301 2383 2354 borum
2409 2318 2420 2353 :
2460 2300 2881 2371 (Omnipotens,
2918 2300 3127 2369 inquit,
3165 2300 3524 2368 Deijustitia,
3550 2301 3864 2352 futurorum

2176 2390 2414 2459 praescia
2445 2389 2513 2442 ab
2541 2389 2663 2458 ipsa
2690 2388 2893 2441 mundi
2928 2389 3150 2456 origine
3182 2390 3461 2456 gehennae
3496 2389 3699 2457 ignem
3733 2404 3863 2439 crea-

2176 2479 2277 2541 vit,
2309 2478 2408 2547 qui
2438 2478 2497 2529 in
2528 2493 2759 2545 pcenam
2799 2477 3178 2545 reproborum
3210 2493 3329 2529 esse
3361 2478 3538 2529 semel
3572 2476 3859 2545 inciperet,

2178 2566 2275 2619 sed
2316 2566 2580 2619 ardorem
2613 2582 2780 2618 suum
2812 2566 2985 2618 etiam
3033 2565 3154 2617 sine
3195 2564 3366 2633 lignis
3407 2581 3712 2634 nunquam
3742 2564 3861 2616 tini-

2176 2652 2309 2725 ret.]
2333 2653 2480 2706 Alibi
2511 2669 2741 2723 quoque
2772 2652 2840 2705 de
2877 2654 2994 2721 ipso
3018 2651 3331 2720 impiorum
3364 2659 3420 2705 et
3464 2654 3857 2721 reproboruni,

2179 2748 2349 2811 atque
2377 2747 2590 2794 aeterno
2621 2742 2854 2794 interitu
2888 2741 3291 2793 damnatorum
3324 2742 3533 2810 capite,
3566 2741 3623 2793 id
3651 2747 3735 2792 est
3760 2744 3857 2791 An-

2174 2830 2451 2895 tichristo,
2494 2829 2615 2898 jam
2683 2844 2814 2881 eum
2861 2829 3191 2881 damnatum
3240 2844 3362 2881 esse
3408 2834 3760 2887 contestans,
3795 2830 3861 2879 ita

2175 2918 2313 2972 dicit
2344 2936 2355 2971 :
2392 2918 2510 2987 [Ille
2543 2918 2845 2970 damnatus
2874 2918 3041 2970 homo
3074 2933 3243 2987 quem
3278 2918 3335 2969 in
3366 2916 3479 2969 ﬁne
3511 2918 3713 2970 mundi
3740 2934 3858 2985 apo-

2175 3012 2317 3059 stata
2373 3007 2608 3074 angelus
2670 3005 2910 3058 assumit
2975 3006 3042 3057 ad
3093 3005 3518 3074 praedicandum
3568 3005 3862 3058 falsitatem

2174 3110 2355 3154 suam,
2393 3099 2629 3156 astutos,
2660 3109 2723 3146 ac
2767 3094 3043 3163 duplices,
3076 3100 3248 3163 atque
3305 3094 3641 3163 hujusmodi
3692 3095 3857 3146 scien-

2173 3183 2310 3236 tiam
2362 3182 2635 3236 babentes
2696 3182 3006 3235 selecturus
3037 3181 3165 3253 est.]
3198 3183 3267 3235 Et
3315 3183 3426 3235 alio
3470 3184 3633 3236 loco:
3674 3182 3855 3253 [Terra

2173 3272 2265 3324 cui
2299 3288 2381 3324 vae
2415 3271 2624 3325 dicitur
2653 3271 2747 3324 ille
2793 3271 3189 3340 principaliter
3227 3271 3538 3325 damnatus
3587 3272 3756 3324 homo
3782 3278 3853 3323 est

2173 3359 2272 3428 qui
2303 3360 2524 3412 alarum
2569 3358 2893 3429 cymbalum
2927 3366 3194 3412 vocatur:
3230 3360 3363 3428 quia
3392 3360 3492 3429 qui
3524 3377 3628 3429 per
3675 3376 3855 3428 super-

2171 3447 2325 3500 biam
2382 3447 2814 3500 multitudinem
2862 3447 3226 3517 cogitationis
3299 3450 3547 3513 evolant,
3599 3449 3853 3501 eumdem

2172 3552 2503 3605 perversum
2535 3536 2832 3589 hominem
2882 3537 3246 3605 praedicando
3298 3536 3546 3609 sonant.]
3590 3539 3650 3590 Et
3700 3538 3853 3606 paulo

2172 3630 2341 3694 post:
2382 3625 2594 3694 [Terra,
2641 3624 2849 3693 inquit,
2896 3624 2987 3677 cui
3029 3641 3107 3676 vm
3146 3624 3372 3690 dicitur,
3424 3632 3582 3678 trans
3631 3626 3855 3678 ﬁumina

2170 3713 2473 3782 Ethiopiae
2505 3729 2624 3765 esse
2654 3713 3019 3782 perhibetur:
3057 3713 3191 3782 quia
3226 3713 3532 3766 damnatus
3566 3716 3661 3767 ille
3697 3718 3853 3767 homo

2170 3806 2329 3856 tanta
2357 3802 2742 3855 immensitate
2786 3801 3021 3869 iniquus
3072 3807 3174 3867 est,
3238 3806 3300 3856 ut
3328 3803 3597 3856 omnium
3628 3818 3853 3873 peccan-

2171 3891 2315 3945 tium
2346 3894 2576 3961 peccata
2615 3888 3024 3961 transcendat.]

2846 4014 3068 4068 CAPUT
3104 4014 3165 4068 Χ.

2594 4122 2668 4173 De
2696 4122 2911 4185 gemina.
2937 4119 3433 4187 praedestinatione.

2242 4243 2382 4296 Ecce
2431 4241 2744 4295 beatissimi
2785 4244 2978 4295 Patres
3031 4242 3281 4295 Ecclesiae
3330 4258 3447 4295 uno
3505 4259 3699 4309 sensu,
3751 4260 3850 4297 uno

2100 4338 2140 4390 D
2172 4347 2288 4397 ore,
2315 4331 2448 4401 quia
2468 4335 2525 4384 et
2556 4347 2669 4384 uno
2702 4331 2907 4400 spiritu
2939 4330 3147 4384 divinae
3178 4330 3573 4401 prmscientiae,
3622 4338 3681 4385 et
3711 4349 3849 4402 prae-

2167 4420 2566 4474 destinationis
2596 4419 2952 4472 immobilem
2984 4420 3277 4473 veritatem
3312 4422 3368 4472 in
3400 4425 3649 4490 utraque
3679 4428 3846 4490 parte.

2165 4510 2479 4562 electorum
2513 4509 2724 4562 scilicet
2754 4512 2808 4561 et
2838 4508 3217 4577 reproborum
3247 4508 3582 4578 praedicant,
3620 4516 3679 4562 et
3711 4526 3849 4561 com-

2167 4598 2460 4651 mendant.
2499 4598 2818 4649 Electorum
2850 4597 3044 4667 utique
3074 4596 3142 4648 ad
3179 4596 3444 4664 gloriam,
3479 4597 3843 4665 reproborum

2163 4702 2298 4738 vero
2322 4701 2436 4738 non
2480 4685 2548 4738 ad
2579 4685 2827 4753 culpam,
2870 4684 2965 4736 sed
3020 4683 3090 4736 ad
3144 4699 3390 4752 poenam.
3436 4685 3500 4736 Et
3532 4685 3594 4737 in
3626 4685 3715 4737 his
3745 4700 3845 4737 non

2161 4774 2587 4843 temporalium,
2620 4788 2806 4841 neque
2828 4787 2895 4824 ex
2926 4772 3120 4842 aliquo
3151 4777 3408 4841 tempore
3436 4772 3848 4837 inchoantium,

2162 4862 2258 4915 sed
2284 4863 2759 4931 sempiternarum
2800 4860 3243 4930 dispositionum
3287 4860 3385 4913 Dei
3431 4860 3847 4915 immutabilem

2163 4948 2425 5001 ordinem
2452 4947 2612 5001 nobis
2639 4946 3019 5000 demonstrari
3050 4946 3411 5010 conﬁrmant,
3461 4963 3565 4999 nec
3607 4948 3844 5018 aliquem

2163 5037 2472 5090 electorum
2506 5053 2669 5106 posse
2705 5035 2913 5106 perire,
2952 5052 3052 5088 nec
3082 5037 3265 5089 ullum
3309 5036 3697 5105 reproborum
3728 5053 3843 5105 pro-

2161 5130 2291 5193 pter
2341 5125 2610 5179 duritiam
2670 5131 2726 5177 et
2790 5125 3273 5193 impoenitentiam
3327 5125 3513 5177 cordis
3558 5126 3652 5178 sui
3699 5140 3843 5195 posse

2163 5213 2384 5265 salvari.
2433 5214 2547 5266 Hoc
2595 5216 2647 5265 et
2699 5213 3024 5266 divinarum
3058 5212 3477 5281 Scripturarum
3528 5215 3761 5273 veritas,
3798 5218 3845 5264 et

2161 5306 2505 5367 sanctorum,
2540 5306 2710 5370 atque
2765 5300 3215 5354 orthodoxorum
3266 5302 3498 5354 Patrum
3549 5303 3844 5355 auctoritas

2159 5393 2541 5443 consonanter
2569 5388 2938 5454 annuntiant,
2990 5388 3383 5442 indubitanter
3412 5389 3578 5442 nobis
3620 5390 3841 5443 creden—

2158 5475 2317 5540 dum,
2369 5475 2679 5529 tenendum
2725 5475 3033 5529 inculcant.
3080 5476 3442 5545 Quapropter
3473 5482 3530 5529 et
3560 5478 3607 5530 si
3651 5480 3840 5531 «illius

2165 5564 2506 5617 miserabilis
2536 5564 2801 5617 monachi
2831 5584 2858 5611 n
2906 5564 3265 5633 improbatur
3310 5563 3533 5629 levitas,
3570 5566 3837 5637 improba-
