3884 6218
75 252 210 300 “alii

1332 255 1535 309 LIBER
1579 257 1665 309 DE
1708 258 1959 312 TltlBUS
2002 259 2370 314 EPISTOLIS.

3449 266 3581 318 1006

73 397 162 432 aur
217 384 541 447 temeritas,
587 386 849 452 culpatur
895 385 1222 452 importuna
1280 386 1606 454 loquacitas,
1664 402 1778 437 non
1817 385 2074 438 Asalvus
2108 387 2244 452 erit;
2277 389 2374 458 qui
2423 407 2551 442 vero
2585 407 2698 442 non
2731 390 3059 456 crediderit,
3105 390 3583 444 condemuabitur

67 468 199 520 ideo
227 469 432 522 divina
463 471 724 540 neganda
761 475 844 523 est
873 473 1078 523 veritas
1115 488 1125 523 :
1165 472 1295 540 quia
1322 472 1482 539 juxta
1527 474 1784 541 prmmis-

72 572 191 608 sam
241 559 546 611 catholicze
595 559 728 611 ﬁdei
760 560 1038 612 rationem
1083 560 1445 628 omnipotens
1478 561 1624 612 Deus
1659 568 1784 613 ante

69 646 554 698 constitutionem
588 647 806 706 mundi.
843 656 1149 717 ante-quani
1189 648 1504 717 quidquam
1551 648 1779 710 iaceret,

73 751 100 782 ιι
128 733 427 802 principio
459 734 625 785 certis
650 739 705 786 et
729 735 921 803 justis,
958 743 1126 804 atque
1159 736 1616 788 immutabilibus
1648 755 1783 788 eau-

73 821 145 870 sis
193 822 408 873 zeterni
459 823 676 875 consilii
725 823 812 875 sui
859 825 1132 893 quosdam
1186 824 1677 892 praedestinaverit
1716 825 1781 877 ad

75 924 328 976 regnum
379 911 628 979 gratuita
671 911 925 974 bonitate.
973 929 1092 968 sua.
1142 929 1206 964 ex
1253 913 1460 982 quibus
1507 929 1672 964 ﬂeuit.)
1715 913 1786 966 sit

74 997 376 1066 periturus
431 1005 766 1068 protegente
812 999 1195 1053 misericordia
1243 987 1362 1060 sua,
1410 1006 1462 1052 et
1509 1003 1784 1071 quosdam

76 1085 576 1155 prtedestinaverit
627 1088 696 1140 ad
731 1088 1025 1142 interitum
1068 1088 1221 1156 justo
1247 1089 1464 1157 judicio
1509 1107 1610 1142 suo
1652 1107 1783 1160 pro-

75 1183 200 1244 pter
236 1199 265 1223 ‹‹
300 1178 588 1240 meritum,
625 1178 772 1247 quod
806 1178 1088 1247 prmscivit
1133 1179 1437 1247 impietatis
1470 1196 1663 1231 eorum
1705 1197 1716 1232 :
1757 1199 1782 1230 ››

78 1280 134 1315 ex
164 1265 387 1334 quibus
423 1281 589 1318 nemo
621 1266 798 1335 possit
831 1265 1033 1318 salvari
1057 1283 1168 1318 non
1200 1273 1437 1336 propter
1460 1267 1782 1321 violentiam

81 1354 336 1421 aliquam
365 1354 571 1406 divinae
607 1354 922 1423 potestatis,
956 1355 1046 1406 sed
1084 1361 1316 1423 propinr
1348 1354 1782 1424 indormbilem,

79 1447 128 1494 et
158 1448 633 1510 perseverantem
661 1443 975 1513 nequitiam
1005 1445 1252 1512 propriae
1280 1443 1615 1513 iniquitatis.
1642 1447 1782 1509 Quid

81 1548 210 1600 ergo
247 1534 450 1596 restat,
488 1531 600 1583 nisi
633 1537 694 1584 ut
742 1532 785 1584 si
819 1532 953 1600 quid
997 1533 1158 1583 aliter
1194 1532 1508 1601 sapuimus,
1552 1534 1658 1586 hoe
1692 1552 1786 1587 no-

81 1620 180 1684 bis,
220 1621 342 1672 Deo
375 1621 682 1686 revelaute,
713 1621 1008 1674 humiliter
1032 1622 1368 1686 aliuuamus,
1405 1627 1460 1675 et
1481 1622 1787 1676 clarescen-

81 1717 190 1761 tem
225 1709 534 1761 veritatem
571 1709 816 1762 ﬁdeliter
847 1710 1262 1778 amplectamur
1299 1726 1309 1760 :
1346 1709 1500 1778 quia,
1538 1716 1598 1763 ut
1631 1714 1782 1781 Apo-

84 1798 260 1849 stoius
295 1797 481 1861 docet,
521 1817 546 1845 ι(
581 1814 696 1850 non
742 1799 1016 1850 debemus
1061 1813 1220 1866 posse
1255 1797 1468 1866 aliquid
1519 1799 1786 1851 adversus

86 1885 386 1938 veritatem
419 1885 515 1938 sed
551 1901 656 1955 pro
691 1886 926 1938 veritate
960 1888 1006 1955 (Ι
1039 1888 1166 1938 Cor.
1196 1902 1310 1950 xui,
1347 1889 1415 1947 8).
1447 1907 1471 1935 ››

765 2025 987 2077 CAPUT
1027 2027 1107 2078 ΧΙ.

91 2131 160 2182 De
187 2130 473 2183 voluntate
507 2132 617 2183 Dei.
653 2161 720 2169 —
753 2133 920 2183 Locus
952 2132 1330 2198 difﬁcillimus,
1371 2132 1474 2194 Qui
1510 2132 1632 2183 vult
1663 2146 1784 2182 oin-

153 2216 249 2252 nes
298 2202 566 2253 homines
616 2203 799 2254 salvos
839 2200 962 2254 ﬁeri
1008 2219 1042 2254 α
1089 2204 1344 2255 I‘atribus
1389 2207 1624 2270 quatuor
1668 2217 1781 2254 mo-

151 2271 233 2324 dis
263 2273 603 2339 eui-plicetur.

151 2407 431 2476 Sequitur
473 2408 533 2461 in
573 2409 692 2477 jam
743 2409 889 2462 dicta
915 2409 1178 2478 _Epistol:i
1235 2410 1531 2477 praefatum
1586 2426 1786 2463 mona-

91 2496 248 2547 chum
284 2495 501 2549 dixisse
537 2502 708 2566 atque
741 2498 1000 2550 docuisse
1035 2517 1044 2549 :
1086 2521 1104 2544 ι
1141 2499 1294 2560 Quod
1336 2499 1481 2550 Deus
1519 2515 1628 2550 non
1669 2501 1786 2551 vult

91 2599 280 2636 omnes
311 2584 580 2638 homines
625 2587 810 2638 salvos
840 2586 984 2650 ﬁeri,
1023 2587 1117 2638 sed
1151 2603 1244 2637 eos
1287 2592 1509 2638 tantum
1543 2587 1640 2655 qui
1670 2588 1781 2639 sal-

97 2676 290 2725 vantur
319 2695 347 2719 ››
386 2689 398 2726 :
435 2678 491 2725 et
521 2675 675 2743 quod
706 2674 840 2726 dicit
871 2676 1197 2743 Apostolus,
1237 2696 1262 2722 «
1299 2675 1397 2744 qui
1429 2676 1548 2727 vult
1589 2692 1784 2728 omnes

92 2759 347 2812 homines
382 2761 568 2814 salvos
617 2761 743 2814 ﬁeri
783 2761 827 2831 (1
858 2765 991 2815 Tim.
1031 2780 1084 2828 ιι,
1118 2764 1193 2831 4),
1245 2782 1270 2811 »
1312 2765 1438 2816 illos
1470 2764 1579 2816 dici
1609 2780 1784 2818 omich

102 2849 184 2916 qui
219 2853 446 2901 tantum
483 2851 790 2903 salvantur.

158 2939 284 2989 [hec
332 2944 527 2992 autem
580 2940 817 3009 quaestio
847 2939 1008 2992 valde
1051 2941 1342 3009 perplexa,
1389 2945 1443 2993 et
1473 2941 1528 2992 in
1561 2945 1781 2994 sancto-

96 3041 208 3078 rum
245 3029 484 3079 Patrum
516 3027 741 3096 scriptis
770 3029 1011 3080 multum
1043 3033 1283 3094 versata,
1319 3034 1372 3080 et
1395 3028 1787 3097 multipliciter

97 3117 361 3183 exposita,
397 3132 516 3168 non
547 3116 705 3169 vobis
735 3117 955 3170 videtur
984 3116 1411 3186 praecipitanter
1433 3117 1791 3184 deﬁnienda,-

97 3203 178 3254 sed
233 3205 587 3271 cautissime,
636 3209 689 3257 et
745 3204 1073 3258 ﬁdelissime
1123 3205 1554 3274 perscrutanda,
1611 3209 1782 3273 atque

99 3292 511 3359 pertractanda,
557 3297 610 3345 et
641 3309 707 3345 ex
752 3292 877 3346 aliis
915 3293 1178 3346 videlicet
1225 3293 1531 3362 Scriptura:
1575 3297 1783 3345 sanctae

99 3380 582 3434 manifestioribus
611 3380 750 3433 locis
782 3381 990 3450 quibus
1025 3382 1146 3450 ejus
1183 3381 1495 3434 obscuritas
1535 3381 1782 3434 illustre-

101 3475 198 3532 tur,
230 3475 286 3522 et
318 3486 386 3522 ex
439 3475 714 3538 paternus,
767 3477 829 3522 ut
871 3469 1085 3522 dictum
1136 3475 1239 3535 est,
1290 3469 1648 3523 auctoritatis
1695 3485 1786 3522 ex-

96 3557 493 3626 positionibus,
529 3563 585 3611 et
615 3575 676 3611 ex
709 3558 831 3628 ipsa
863 3558 995 3611 ﬁdei
1026 3558 1264 3612 ratione.

161 3654 182 3678 ³
211 3648 400 3700 Primo
437 3647 634 3717 itaque
664 3647 772 3700 hoc
823 3647 1127 3700 dicendum
1162 3646 1311 3716 quod
1359 3645 1682 3699 ﬁrmissime
1715 3646 1788 3698 sit

99 3735 459 3801 credendum,
495 3742 552 3788 et
579 3737 905 3788 nullatenus
937 3735 1340 3801 dubitandum,
1373 3735 1519 3804 quod
1549 3738 1787 3805 Aposto-

99 3821 173 3873 lus
203 3824 425 3876 Christo
481 3824 536 3877 in
589 3840 646 3876 se
689 3825 962 3893 loquente
1012 3828 1249 3876 testatur
1279 3829 1335 3876 et
1381 3823 1652 3892 praedicat
1697 3822 1785 3875 di-

101 3926 216 3962 cens
244 3912 311 3964 de
343 3913 463 3965 Deo
493 3928 505 3964 :
547 3935 567 3959 ε
606 3911 711 3974 Qui
743 3914 860 3965 vult
891 3928 1090 3964 omnes
1129 3911 1393 3964 homines
1423 3911 1604 3963 salvos
1634 3911 1779 3976 ﬁeri,

103 4005 149 4049 et
175 3999 238 4051 ad
269 4000 628 4070 agnitionem
665 3999 916 4053 veritatis
963 3999 1154 4052 venire
1182 3999 1236 4064 (I
1265 4002 1402 4053 Tim.
1448 4015 1504 4059 ιι,
1540 3999 1618 4067 4).
1658 3987 1784 4052 »Εἰ

104 4090 272 4138 tamen
319 4088 691 4140 manifestum
725 4095 809 4140 est
852 4104 969 4140 non
1001 4103 1198 4141 omnes
1232 4087 1456 4152 salvari,
1501 4103 1629 4140 cum
1661 4087 1784 4156 ipsa

103 4174 297 4229 Veritas
335 4179 516 4241 dicat,
563 4178 888 4231 discernens
920 4178 1070 4230 inter
1114 4194 1210 4230 eos
1256 4177 1356 4247 qui
1402 4179 1692 4229 salvantur
1729 4182 1786 4230 et.

104 4265 186 4332 qui
207 4267 699 4320 condemnautur:
729 4289 755 4316 «
780 4266 888 4331 Qui
910 4266 1219 4320 crediderit
1241 4272 1294 4318 et
1315 4267 1632 4336 baptizatus
1654 4267 1781 4334 erit,

1895 472 2084 541 (Marc.
2120 491 2228 538 xvx,
2271 478 2378 545 lt'»).
2416 500 2439 523 ››
2470 479 2658 546 Neque
2686 497 2709 527 α
2737 495 2935 530 omnes
2960 479 3024 530 uti
3059 478 3410 546 agnitionem
3447 478 3584 531 Veri-

1896 561 2025 612 tatis
2067 562 2259 614 γυιιίΓο
2290 565 2343 632 (Ι
2389 565 2526 617 Tim.
2564 582 2620 629 ιι,
2654 566 2726 633 4),
2765 587 2791 616 ››
2830 567 2936 618 nisi
2984 583 3077 617 eos
3110 567 3280 633 solos,
3329 567 3428 636 qui
3461 584 3585 636 my-

1895 648 2130 700 sterium
2189 651 2288 702 Dei
2337 653 2535 716 Patris,
2591 659 2645 706 et
2697 654 2976 722 uuigcniti
3027 655 3151 707 Filii
3201 655 3342 723 ejus,
3391 661 3445 707 et
3496 655 3584 708 hic

1895 737 2233 805 agnoverint
2280 755 2381 807 per
2410 741 2600 802 tidem,
2637 743 2775 793 etin
2812 744 3001 793 futuro
3049 743 3232 795 videre
3269 745 3585 797 memerint

1894 842 1996 893 per
2045 827 2291 894 speciem
2331 845 2341 880 :
2375 828 2515 879 sicut
2550 830 2748 880 eadem
2797 831 3010 881 Veritas
3043 832 3107 882 ad
3145 833 3365 884 Patrem
3397 832 3535 885 dicit
3568 851 3578 884 :

1899 936 1917 960 α
1954 915 2021 967 Ut
2069 932 2239 967 omne
2269 918 2419 986 quod
2472 917 2674 970 dedisti
2709 918 2780 983 ei,
2832 919 2925 970 det
2956 919 3033 970 eis
3085 920 3254 972 vitam
3287 926 3579 974 aeternam.

1897 1004 2024 1056 Haec
2059 1009 2137 1056 est
2172 1010 2361 1057 autem
2403 1007 2517 1058 vita
2554 1010 2785 1070 interna,
2836 1013 2890 1057 ut
2928 1013 3268 1076 cognoscant
3315 1015 3366 1060 te
3399 1011 3582 1062 solum

1893 1106 2088 1144 verum
2125 1093 2302 1145 Deum
2337 1098 2391 1145 et
2423 1110 2594 1163 quem
2631 1094 2831 1146 misisti
2862 1095 3052 1147 .lcsum
3088 1095 3370 1148 Christum
3407 1100 3580 1163 (Joun.

1894 1193 2022 1243 Xvn,
2059 1181 2108 1241 2,
2146 1179 2217 1247 3).
2256 1203 2276 1227 ι
2326 1180 2618 1243 Quomodo
2652 1198 2786 1249 ergo
2835 1182 3203 1250 Otlllllpult'ns
3259 1184 3423 1247 Deus,
3466 1205 3492 1234 ί(
3531 1190 3588 1238 et

1894 1283 2092 1319 omnes
2127 1266 2388 1320 homines
2412 1269 2594 1321 salvos
2625 1268 2750 1321 ﬁeri
2778 1270 2912 1333 vult,
2943 1276 3110 1339 atque
3139 1271 3206 1323 ad
3229 1272 3587 1341 agnitionem

1893 1355 2146 1407 veritatis
2187 1356 2398 1420 venire,
2450 1378 2475 1403 η
2514 1361 2567 1408 et
2616 1363 2805 1409 tamen
2856 1375 2970 1410 non
3026 1375 3223 1410 omnes
3273 1361 3583 1424 salvantur,

1897 1461 1995 1495 nec
2029 1445 2263 1495 veniunt.
2295 1447 2359 1495 ad
2393 1445 2538 1497 hanc
2568 1445 2940 1514 agnitionem,
2968 1463 3096 1499 eum
3131 1447 3264 1499 alibi
3298 1449 3586 1518 Scriptura

1895 1532 2041 1584 dicat
2088 1548 2100 1584 :
2147 1553 2172 1582 «
2225 1532 2423 1586 Omnia
2473 1549 2828 1602 quaecunque
2881 1533 3075 1594 voluit,
3132 1535 3406 1586 Dominus
3458 1535 3589 1586 fecit

1895 1621 2069 1688 (Paul.
2105 1637 2250 1686 cxm,
2284 1620 2360 1688 3),
2395 1641 2420 1668 »
2461 1639 2559 1672 cur
2603 1621 2791 1689 itaque
2825 1622 2930 1674 hoc
2973 1623 3147 1674 voluit
3178 1627 3233 1674 et
3267 1639 3381 1674 non
3432 1622 3582 1688 fecit,

1899 1707 1995 1775 qui
2031 1707 2221 1758 omnia
2252 1723 2608 1775 quaecunque
2642 1708 2821 1759 voluit
2849 1707 3024 1759 fecit?

1969 1795 2127 1846 Ilunc
2177 1795 2643 1847 obscurissimum
2707 1801 2762 1846 et
2809 1794 3210 1847 difﬁcillimum
3266 1795 3472 1862 locum,
3529 1797 3588 1849 in

1897 1887 2176 1951 quantum
2215 1888 2423 1935 nostra:
2456 1881 2784 1951 pusillitatis
2813 1883 3107 1935 memoriae
3147 1882 3406 1948 occurrit,
3442 1898 3588 1951 qua-

1897 1974 2030 2022 tuor
2061 1970 2245 2022 modis
2277 1970 2332 2022 in
2387 1970 2612 2038 scriptis
2645 1970 3055 2024 catholicorum
3101 1973 3332 2024 Patrum
3364 1971 3591 2023 inveni-

1898 2073 2022 2110 mus
2076 2059 2458 2127 explanatum.
2522 2057 2781 2110 videlicet
2833 2062 2893 2109 ut
2936 2057 3018 2109 vel
3069 2057 3147 2109 ita
3197 2057 3588 2126 intelligamus

1897 2147 2111 2198 dictum
2147 2162 2160 2198 :
2201 2169 2219 2193 ι
2254 2146 2360 2209 Qui
2391 2147 2510 2198 vult
2537 2162 2736 2199 omnes
2779 2146 3042 2198 homines
3071 2147 3251 2198 salvos
3287 2147 3434 2210 ﬁeri,
3471 2169 3495 2193 ››
3530 2151 3591 2198 ut

1895 2250 2070 2287 omnes
2105 2236 2338 2288 homines
2386 2234 2576 2287 omnia
2619 2235 2921 2287 hominum
2970 2249 3178 2303 genera
3219 2234 3585 2303 accipiamus,

1897 2322 1949 2375 id
2003 2327 2083 2374 est
2128 2323 2455 2375 Judzeorum
2505 2327 2557 2374 et
2607 2323 2885 2392 gentium,
2940 2322 3249 2375 liberorum
3297 2328 3349 2374 et
3394 2339 3585 2375 servo-

1899 2427 2047 2475 rum,
2100 2412 2350 2464 virorum
2383 2417 2435 2464 ct
2482 2411 2809 2475 mulierum,
2856 2411 3096 2463 divitum
3147 2417 3202 2463 et
3245 2427 3583 2480 pauperum,

1896 2498 2174 2552 nobilium
2211 2505 2265 2552 et
2290 2499 2652 2568 ignobilium,
2687 2505 2742 2551 et
2775 2515 3131 2569 quatcuuque
3164 2499 3496 2568 hujusmodi
3522 2515 3587 2552 ex

1895 2587 2054 2639 omni
2085 2603 2293 2656 genere
2325 2588 2620 2640 hominum
2671 2588 2866 2648 salvat,
2903 2593 2956 2639 et
3001 2587 3068 2639 ad
3105 2587 3459 2654 agnitionem
3493 2603 3589 2639 ve-

1897 2675 2077 2728 ritatis
2123 2675 2385 2744 perducit
2413 2691 2516 2744 per
2569 2675 2868 2728 Dominum
2913 2675 3102 2727 Jesum
3157 2674 3441 2726 Christum
3488 2673 3586 2744 qui

1896 2763 1955 2816 in
2005 2764 2310 2832 Evangelio
2355 2763 2488 2818 dicit
2525 2780 2536 2816 :
2578 2783 2604 2813 ‹‹
2641 2763 2834 2817 Simile
2884 2768 2965 2814 est
3018 2778 3260 2831 regnum
3309 2763 3585 2816 cmlorum

1897 2868 2120 2921 sageme
2163 2853 2346 2904 missae
2383 2853 2440 2905 in
2472 2869 2649 2917 mare,
2702 2857 2756 2903 et
2787 2867 2847 2904 cx
2883 2852 3038 2904 omni
3088 2867 3299 2919 genere
3344 2851 3583 2920 piscium

1845 2983 1862 2994 .
1897 2940 2266 3008 congregauti
2299 2941 2515 3009 (Matth.
2563 2956 2679 3004 xin,
2717 2941 2824 3007 47).
2864 2960 2886 2986 ι
2922 2941 3029 2991 lsto
3065 2955 3311 3008 namque
3338 2939 3586 2991 locutio—

1897 3028 1984 3080 nis
2019 3030 2182 3080 modo
2213 3028 2330 3097 ipse
2365 3028 2642 3080 Dominus
2679 3029 2734 3080 in
2771 3028 3072 3097 Evangelio
3107 3027 3242 3080 dicit
3275 3043 3287 3080 :
3319 3045 3348 3078 α
3383 3028 3448 3079 Et
3479 3043 3584 3096 ego

1898 3117 1942 3168 si
1992 3117 2268 3170 exaltatas
2330 3117 2491 3170 fuero
2542 3135 2574 3169 a
2631 3123 2798 3184 terra,
2867 3116 3058 3169 omnia
3105 3117 3323 3168 traham
3378 3115 3447 3168 ad
3496 3131 3585 3169 me

1897 3205 2072 3271 (Joan.
2104 3222 2200 3270 xu,
2241 3205 2351 3273 32).
2389 3224 2414 3255 »
2449 3206 2747 3268 Quomodo
2781 3205 2934 3258 enim
2971 3222 3071 3274 per
3102 3205 3422 3274 passionem
3453 3220 3584 3258 cru-

1893 3294 1992 3358 cis,
2044 3294 2103 3346 in
2151 3310 2264 3362 qua
2309 3294 2580 3346 exaltatus
2631 3300 2732 3356 est,
2785 3295 2976 3346 omnia
3025 3294 3194 3346 traxit
3235 3294 3301 3346 ad
3356 3309 3434 3358 se,
3488 3293 3587 3362 qui

1895 3382 2030 3436 alibi
2061 3382 2194 3435 dicit
2228 3398 2239 3435 :
2272 3401 2297 3431 «
2331 3383 2504 3434 Nemo
2554 3388 2738 3450 potest
2775 3383 2971 3435 venire
3015 3383 3081 3434 ad
3117 3398 3228 3443 me,
3281 3381 3390 3433 nisi
3424 3383 3590 3434 Pater

1896 3471 1995 3540 qui
2045 3471 2204 3523 misit
2250 3487 2340 3522 me
2388 3470 2623 3522 traxerit
2654 3487 2781 3522 eum
2806 3471 2834 3522 ?
2866 3489 2891 3519 »
2941 3470 3130 3536 (Joan.
3179 3485 3248 3532 vr,
3279 3470 3392 3537 44.)
3425 3470 3588 3532 Quod

1894 3559 2091 3629 utique
2135 3559 2203 3610 de
2239 3558 2371 3610 solis
2401 3558 2663 3610 ﬁdelibus
2696 3557 3132 3628 intelligendum
3166 3561 3285 3623 est;
3338 3557 3436 3610 sed
3470 3573 3589 3610 om-

1896 3649 1990 3701 nia
2018 3648 2085 3700 ad
2123 3663 2179 3699 se
2213 3647 2387 3700 trahit
2436 3647 2530 3715 qui
2566 3663 2632 3698 ex
2664 3647 2840 3711 omni,
2883 3651 2946 3698 ut
2978 3645 3188 3698 dictum
3223 3649 3325 3707 est,
3376 3661 3586 3712 genere

1894 3737 2193 3790 hominum
2242 3735 2542 3788 Ecclesium
2593 3751 2751 3786 suam
2783 3734 3021 3802 colligit,
3075 3739 3130 3786 et
3162 3732 3399 3802 perﬁcit.
3430 3733 3588 3786 Sicut

1894 3825 2066 3879 etiam
2106 3824 2246 3877 illud
2275 3824 2342 3877 ab
2373 3825 2637 3894 Apostolo
2670 3824 2880 3876 dictum
2905 3831 2989 3875 est
3020 3839 3032 3874 :
3072 3841 3095 3873 α
3125 3821 3410 3876 (Ionclusit
3430 3821 3586 3875 enim

1897 3914 2042 3966 Deus
2071 3913 2262 3966 omnia
2293 3913 2345 3964 in
2397 3912 2808 3975 incredulitate,
2845 3916 2906 3963 ut
2937 3909 3193 3962 omnium
3241 3910 3586 3963 misereatur

1895 4003 2065 4070 (Rom.
2117 4018 2186 4067 xi,
2218 4003 2332 4068 32),
2367 4021 2392 4050 »
2446 4002 2732 4070 quomodo
2783 3999 2935 4052 enim
2983 4000 3242 4052 omnium
3281 3999 3585 4052 miseretur

1896 4096 2113 4143 aeterna
2170 4090 2268 4142 illa
2315 4090 2702 4153 miseratione,
2758 4105 2870 4157 qua
2918 4088 3123 4140 electos
3169 4104 3298 4141 suos
3349 4108 3371 4136 ι
3419 4088 3587 4141 Coro-

1895 4183 1991 4231 nat
2043 4178 2458 4242 misericordia,
2494 4184 2549 4230 et
2593 4178 3058 4230 miserationibus
3107 4177 3273 4247 (Psal.
3317 4193 3407 4242 cn,
3444 4179 3520 4244 4),
3557 4195 3583 4226 »

1896 4266 1995 4337 qui
2026 4267 2244 4319 occulta
2277 4266 2650 4334 dispositione
2680 4264 2881 4335 judicii
2924 4265 3031 4324 sui,
3067 4285 3093 4315 «
3123 4266 3296 4336 Cujus
3327 4265 3444 4318 vult
3474 4265 3584 4317 mi-

1156 4395 1354 4450 NOTz’E
1396 4394 1720 4449 DUVALLII
1762 4394 2098 4452 DOCTORIS
2136 4395 2521 4451 SORBONICI.

162 4493 476 4571 “Quatuor.
510 4492 1173 4571 explicationes__profqrt.
1203 4491 1604 4571 propositionis
1634 4495 1782 4571 Apo-
1825 4495 1867 4546 D
1895 4493 2092 4562 ptione
2120 4493 2412 4571 eet-Gratia,
2443 4511 2563 4571 cap,
2698 4497 2751 4544 et
2783 4492 2972 4571 22;._d_e
2995 4492 3188 4571 Civit,
3221 4509 3342 4571 cap.
3381 4496 3416 4571 lx
3439 4497 3493 4544 et
3522 4496 3586 4571 2;

105 4561 214 4613 stoli
245 4564 260 4614 Ι
289 4565 358 4616 ad
413 4561 668 4615 Timoth.
721 4579 757 4616 ιι
796 4578 806 4616 :
848 4584 873 4610 ‹‹
921 4563 1048 4615 Vult
1097 4564 1247 4615 Deus
1279 4561 1477 4615 omnes
1521 4563 1782 4616 homines

106 4634 263 4703 salvos
292 4634 507 4699 facere,
540 4639 593 4686 et
627 4633 696 4685 ad
729 4633 1083 4703 agnitionem
1118 4634 1364 4686 veritatis
1395 4634 1711 4702 pervenire.
1752 4654 1772 4678 ι

106 4700 219 4773 Tres
255 4705 479 4773 priores
530 4700 893 4756 commendat
924 4708 979 4756 et
1009 4708 1271 4773 quartam
1315 4700 1586 4773 tanquam
1630 4704 1782 4756 Pela-

110 4772 307 4838 gianam
341 4773 713 4827 condemnat.
751 4775 955 4826 Verum
988 4772 1348 4842 licet,prima
1377 4772 1448 4826 sit
1477 4773 1782 4843 Augustini

109 4844 154 4892 in
182 4844 523 4903 Euchiridio,
575 4861 698 4914 cap.
737 4847 854 4908 103,
906 4845 1278 4898 nihilominus
1326 4850 1566 4914 propter
1609 4845 1782 4913 hujus

109 4916 356 4984 temporis
391 4915 695 4968 haereticos
713 4931 1026 4984 parumper
1051 4922 1134 4968 est
1155 4916 1492 4984 periculosa.
1523 4916 1589 4968 Ut
1621 4915 1773 4966 enim

113 4981 318 5056 impiam
372 5001 539 5038 suam
597 4986 665 5038 de
713 4981 1122 5056 reprobatione
1155 4981 1511 5056 ’0pinionem
1567 4990 1783 5056 astruat

111 5051 344 5110 Calvinus
388 5071 470 5122 ιιι,
525 5051 808 5120 Ιιιεῐὶἰιιῐξ
834 5073 877 5109 c.
934 5057 1017 5118 14,
1050 5051 1396 5108 illam—dicit
1435 5055 1511 5107 ita
1563 5055 1778 5108 intelli—

113 5127 322 5196 gendam
377 5128 451 5180 de
483 5127 791 5196 generibus
822 5126 1034 5179 scilicet
1067 5127 1446 5193 singulorum,
1482 5131 1538 5178 et
1568 5141 1682 5178 non
1711 5125 1781 5178 de

115 5194 323 5263 singulis
354 5194 640 5267 generum
673 5213 684 5249 :
720 5197 796 5250 ita
828 5202 890 5249 ut
922 5199 1065 5250 Deus
1097 5213 1160 5249 ex
1213 5198 1368 5249 omni
1401 5212 1557 5261 sexu,
1593 5201 1774 5259 astate,

114 5267 406 5336 conditione
442 5275 500 5320 et
542 5272 710 5333 statu,
759 5267 982 5336 aliquos
1013 5269 1287 5321 duntaxat
1334 5269 1548 5319 salvare
1590 5267 1779 5318 volue-

115 5333 190 5399 rit,
219 5353 322 5391 non
356 5346 559 5391 tamen
611 5354 808 5390 omnes
853 5333 910 5390 et
937 5338 1212 5406 singulos.
1265 5337 1525 5391 Secunda
1567 5336 1780 5405 pariter

117 5411 199 5478 est,
223 5409 527 5478 Augustini
577 5409 696 5460 loco
749 5408 918 5461 citato
972 5408 1300 5473 Enchiridii,
1353 5408 1611 5476 Prosperi
1663 5407 1782 5478 epi-

117 5476 235 5529 stola
265 5476 328 5533 ad
378 5479 684 5536 Ruﬁnum.
717 5484 770 5530 et
812 5479 872 5532 in
904 5479 1275 5548 responsione
1322 5485 1516 5531 octava
1550 5478 1614 5530 ad
1661 5477 1780 5545 epi-

120 5559 284 5616 scopos
313 5551 534 5604 Galliae.
586 5549 772 5601 Tertia
801 5547 1075 5616 sejusdem
1123 5549 1425 5618 Augustini
1459 5549 1528 5601 de
1582 5547 1779 5600 Corre-

1891 4561 1996 4618 nec
2025 4580 2143 4617 non
2187 4566 2249 4617 D.
2283 4566 2514 4618 Thomze
2549 4564 2605 4614 in
2647 4565 2832 4614 locum
2877 4563 3038 4613 illum
3069 4563 3344 4629 Apostoli.
3379 4561 3589 4623 Quarta

1893 4653 1960 4687 eo
1995 4636 2163 4688 modo
2197 4651 2311 4705 quo
2366 4634 2679 4704 explicatur
2709 4633 2776 4684 ab
2809 4633 3064 4705 Ecclesia
3097 4632 3459 4699 Lugdunensi
3494 4648 3586 4684 ex-

1892 4705 2176 4774 plodenda
2210 4702 2293 4756 est
2328 4722 2338 4757 :
2371 4702 2588 4758 certum
2623 4710 2708 4755 est
2731 4702 2881 4754 enim
2919 4703 3092 4754 Deum
3119 4718 3228 4753 non
3266 4707 3587 4774 exspectare

1892 4773 2118 4828 nostras
2152 4776 2470 4827 voluntates
2519 4774 2603 4824 vel
2637 4775 3091 4840 cooperationem
3137 4773 3488 4838 earumdem,
3525 4779 3589 4825 ut

1894 4846 2301 4915 simpliciteret
2319 4846 2573 4897 absolute
2598 4848 2854 4915 nostrum
2881 4841 3137 4915 omnium
3165 4843 3405 4894 salutem
3431 4843 3583 4895 velit.

1895 4917 1952 4969 Si
1984 4913 2176 4969 tamen
2209 4916 2286 4968 ita
2333 4920 2671 4982 expoliatur,
2712 4918 2773 4964 ut
2821 4914 2968 4964 Deus
3016 4913 3308 4964 voluntate
3356 4919 3584 4965 antece-

1893 4988 2060 5039 dente
2094 5002 2291 5039 omnes
2324 4987 2540 5037 salvare
2580 4983 2733 5045 velit,
2769 4985 2902 5052 quia
2935 4982 3275 5034 sufﬁcientia
3322 4983 3586 5035 omnibus

1893 5066 1947 5111 et
1978 5056 2219 5123 singulis
2256 5056 2443 5108 media
2491 5055 2556 5106 ad
2591 5053 2832 5104 salutem
2867 5052 3105 5114 confert,
3139 5068 3360 5110 verum.
3401 5053 3582 5121 pium,

1889 5128 2226 5180 catholicum
2251 5131 2308 5178 et
2333 5126 2490 5177 nullo
2514 5123 2678 5176 modo
2708 5123 3073 5191 Pelagianum
3122 5139 3348 5174 sensum
3380 5124 3582 5176 habet:

1891 5199 2037 5250 hanc
2081 5198 2234 5249 enim
2280 5200 2436 5248 tenet
2491 5194 2822 5247 Ambrosius
2871 5196 3120 5245 secundo
3171 5195 3238 5245 de
3286 5194 3587 5246 Vocatione

1891 5268 2171 5336 gentium,
2209 5281 2332 5333 cap.
2378 5270 2422 5323 l.
2461 5269 2490 5316 6
2523 5271 2586 5336 et,
2613 5267 2674 5316 lO
2701 5266 2993 5336 ;_Prospcr
3021 5264 3090 5316 ad
3134 5263 3375 5331 primam
3411 5270 3463 5336 et
3495 5280 3586 5336 se—

1894 5334 2139 5390 cundum
2192 5336 2484 5389 Gallorum
2539 5334 2942 5402 objectionem,
3012 5349 3322 5402 omnesque
3373 5334 3588 5386 schola-

1894 5407 2014 5460 stici
2062 5407 2117 5459 in
2175 5407 2360 5476 prima
2408 5406 2676 5469 distinct.,
2730 5408 2818 5468 46,
2867 5404 3032 5457 unico
3082 5409 3316 5472 excepto
3376 5405 3585 5457 Arimi-

1890 5494 2074 5531 DPHSI.
