3884 6218
322 295 454 345 1007

320 428 558 488 seretur,
591 428 648 475 et
693 437 865 491 quem
913 420 1030 472 vult
1074 419 1305 472 indurat
1352 420 1534 487 (Rom.
1571 436 1646 484 ix,
1696 422 1804 485 18),
1839 438 1866 468 ι)
1901 419 2010 471 nisi
2050 425 2093 473 A
2123 421 2329 473 Psalmi
2375 420 2561 475 verbis
2591 421 2659 474 de
2706 436 2877 491 opere
2924 421 3332 475 misericordia:
3368 421 3471 475 Dei

2123 508 2222 583 illa
2267 510 2577 579 apostolica
2626 509 2928 576 sententia,
2980 510 3114 580 quia
3146 513 3215 563 de
3266 510 3390 579 ipso
3447 509 3676 562 dictum
3708 518 3817 563 est:

319 512 455 581 quia
490 512 577 580 (ut
611 511 823 564 dictum
855 508 956 577 est)
990 508 1148 561 omni
1196 507 1501 561 hominum
1537 509 1735 577 generi
1783 508 2017 560 misere-

320 610 433 655 tur.
466 599 628 663 Quod
672 600 732 651 in
766 598 989 651 duobus
1032 597 1259 667 populis
1302 597 1631 650 Judzeorum
1678 596 1907 661 scilicet,
1960 602 2017 649 et

320 687 578 757 gentium
626 687 971 739 continetur.
1029 687 1106 739 De
1138 685 1366 755 quibus,
1418 691 1479 738 ut
1506 684 1615 737 hoc
1665 685 1895 750 diceret,
1931 700 2018 738 suo

319 794 423 848 pra
450 775 792 845 loquebatur
819 776 1142 844 Apostolus.

391 869 502 917 Aut
528 863 607 916 ita
636 862 983 932 accipiamus
1016 862 1230 915 dictum
1266 877 1278 913 :
1317 860 1423 924 Qui
1454 861 1573 914 vult
1601 877 1801 913 omnes
1831 860 2019 913 homi-

320 969 424 1006 nes
473 951 655 1006 salvos
696 950 843 1017 ﬁeri,
886 955 949 1002 ut
988 949 1115 1001 illos
1159 949 1307 1001 solos
1346 949 1551 1001 salvari
1600 947 2014 1017 intelligamus,

321 1042 471 1106 Quos
502 1042 624 1109 ipse
666 1040 881 1091 salvare
928 1036 1192 1105 voluerit,
1243 1036 1300 1089 id
1347 1043 1431 1089 est
1475 1053 1589 1089 non
1621 1037 1773 1106 quod
1819 1052 2018 1089 omnes

321 1131 633 1193 salventur,
668 1127 762 1180 sed
795 1126 945 1196 quod
974 1141 1161 1190 nemo,
1191 1124 1302 1176 nisi
1339 1123 1726 1177 miserationis
1758 1125 1882 1194 ejus
1913 1140 2014 1177 vo-

322 1220 539 1271 luntate
587 1216 852 1279 salvetur,
899 1214 968 1267 de
1017 1203 1129 1283 quo
1174 1213 1470 1265 Psalmista
1510 1213 1646 1265 dicit
1681 1229 1692 1265 :
1728 1232 1755 1261 ‹‹
1790 1213 2016 1266 Salvum

323 1322 416 1361 me
455 1305 605 1370 fecit,
658 1303 932 1374 quoniam
976 1302 1154 1354 voluit
1183 1301 1355 1369 (Psal.
1404 1317 1532 1366 xvu,
1566 1300 1693 1370 20);
1744 1320 1770 1351 »
1806 1306 1863 1353 et
1910 1300 2019 1354 ite-

323 1409 452 1447 rum
486 1410 497 1446 :
536 1413 561 1441 ι(
598 1393 659 1444 Et
692 1391 803 1442 vita
830 1390 889 1441 in
932 1389 1228 1441 voluntate
1280 1388 1404 1457 ejus
1452 1389 1623 1456 (Psul.
1676 1404 1824 1454 xxxx,
1874 1389 1951 1456 6).
1991 1408 2011 1434 η

322 1484 430 1537 Iste
462 1480 613 1533 enim
662 1478 962 1531 locutionis
995 1477 1198 1529 modus
1243 1477 1299 1529 in
1330 1476 1517 1528 verbis
1562 1476 1815 1546 Apostoli
1844 1475 2019 1528 etiam

322 1570 447 1622 aliis
478 1567 613 1620 locis
634 1565 941 1629 invenitur,
977 1565 1121 1617 sicut
1151 1570 1236 1617 est
1264 1564 1407 1617 illud
1437 1582 1449 1617 :
1487 1586 1512 1613 ‹‹
1545 1564 1699 1618 Sicut
1728 1580 1829 1633 per
1852 1564 2020 1615 unius

321 1656 570 1710 hominis
618 1654 887 1708 delictum
917 1654 976 1706 in
1022 1670 1221 1706 omnes
1268 1654 1533 1706 homines
1563 1654 1620 1704 in
1669 1652 2018 1705 condemna-

323 1748 563 1809 tionem,
598 1744 678 1797 ita
707 1749 763 1796 et
791 1759 895 1811 per
927 1742 1098 1795 unius
1132 1741 1380 1795 hominis
1413 1740 1696 1810 justitiam
1730 1741 1788 1792 in
1823 1756 2022 1793 omnes

321 1833 582 1887 homines
612 1833 671 1885 in
694 1830 1166 1901 justilicationcm
1218 1830 1355 1882 vitai
1387 1830 1559 1898 (Rom.
1595 1845 1647 1896 v,
1686 1832 1792 1894 l8).
1827 1848 1853 1879 ι)
1888 1828 2031 1891 Quo-

324 1922 496 1975 modo
528 1920 684 1974 enim
714 1936 814 1989 per
844 1918 1013 1973 unius
1044 1918 1296 1971 hominis
1332 1918 1643 1986 justitiam,
1676 1917 1733 1970 id
1764 1921 1847 1969 est
1872 1916 2029 1972 Chri-

321 2011 413 2076 sti,
446 2012 503 2062 in
537 2025 737 2063 omnes
767 2008 1032 2061 homines
1059 2007 1119 2059 in
1159 2006 1627 2076 justiticationem
1672 2006 1799 2058 vita:
1833 2004 1860 2057 ?
1894 2021 2023 2057 cum

320 2097 781 2152 manifestissime
832 2112 949 2149 non
1007 2111 1206 2148 omnes
1256 2095 1522 2147 homines
1584 2110 1689 2163 per
1742 2093 2027 2163 justitiam

321 2187 528 2242 Christi
572 2185 975 2256 justiticentur,
1026 2188 1083 2235 et
1131 2182 1492 2236 vivificentur
1548 2182 1607 2234 in
1672 2182 1914 2235 Christo.
1964 2182 2031 2233 Et

318 2282 511 2329 tamen
542 2274 835 2327 verissime
858 2272 1003 2326 dixit
1024 2273 1336 2341 Apostolus
1362 2287 1375 2323 :
1403 2290 1430 2321 (ι
1456 2272 1561 2324 Per
1585 2270 1753 2323 unius
1774 2269 2029 2324 hominis

314 2365 597 2434 justitiam
665 2363 724 2416 in
796 2378 997 2415 omnes
1077 2361 1341 2414 homines
1419 2360 1480 2413 in
1552 2359 2028 2429 justiticationem

320 2454 472 2519 vitae,
506 2472 534 2503 »
568 2468 683 2505 non
713 2451 849 2521 quia
880 2451 1075 2503 nullus
1123 2449 1427 2502 hominum
1459 2452 1563 2513 est,
1608 2448 1707 2517 qui
1739 2464 1842 2517 per
1876 2448 2029 2500 illius

315 2542 601 2613 justitiam
633 2557 749 2594 non
792 2539 1141 2609 justiticetur
1174 2554 1184 2587 τ
1218 2538 1315 2591 sed
1348 2538 1503 2607 quia,
1551 2543 1760 2607 printer
1791 2536 1915 2605 ejus
1939 2536 2029 2605 ju-

323 2631 558 2694 stitiam,
594 2644 764 2682 nemo
811 2627 1182 2697 justiticatur.
1220 2646 1248 2675 α
1283 2626 1495 2679 Omnes
1530 2646 1550 2672 ι
1598 2641 1733 2694 ergo
1771 2640 1873 2692 per
1915 2624 2029 2694 pri-

322 2735 481 2772 mum
514 2718 691 2772 Adam
738 2717 800 2769 in
845 2715 1415 2779 condemnationem,
1450 2718 1504 2766 et
1548 2733 1575 2762 (ι
1625 2729 1823 2765 omnes
1866 2734 1892 2760 ››
1927 2729 2029 2782 per

322 2806 701 2861 novissimum
734 2804 915 2858 Adam
954 2804 1015 2856 in
1039 2803 1511 2873 justiticationem
1548 2818 1561 2854 :
1596 2801 1732 2871 quia
1765 2817 1933 2854 nemo
1967 2801 2026 2853 in

322 2894 795 2949 condemnatione
834 2891 946 2944 nisi
980 2908 1079 2960 per
1106 2892 1291 2956 illum,
1327 2907 1496 2943 nemo
1527 2890 1586 2943 in
1613 2890 2026 2959 justiﬁcatione

1447 290 1497 343 S.
1542 287 1812 343 REllICll
1861 288 2349 345 LUGDUNENSIS
2390 290 2705 346 EPISCOPI

2062 1718 2102 1770 Β

3701 294 3715 342 1
3728 294 3811 341 ωδ

3560 420 3646 473 ita
3694 428 3747 474 et
3773 424 3817 474 in

2128 616 2156 650 α
2181 598 2289 661 Qui
2335 600 2456 652 vult
2486 615 2687 651 omnes
2731 598 2993 651 homines
3042 600 3225 652 salvos
3259 598 3401 661 fieri,
3454 622 3481 646 »
3516 598 3821 651 rectissime

2124 686 2470 755 intelligitur
2502 686 2570 739 de
2597 685 2889 738 voluntate
2920 686 3191 738 bonitatis
3227 686 3347 739 Dei.

2196 775 2295 827 Vel
2321 780 2471 827 certe
2504 774 2583 827 ita
2613 774 2967 843 intelligatur
3000 791 3011 827 :
3050 795 3076 823 «
3104 774 3211 837 Qui
3236 776 3355 826 vult
3385 790 3598 827 omnes
3642 774 3821 826 homi-

2128 878 2227 915 nes
2277 863 2465 915 salvos
2494 862 2621 915 fieri
2671 862 2852 931 (Rom.
2889 878 3009 929 vni,
3054 865 3140 928 26,
3174 864 3287 929 27),
3328 881 3354 913 »
3387 863 3525 934 quia
3575 861 3687 914 hoc
3717 878 3825 913 san-

2128 956 2246 1003 ctos
2277 967 2411 1003 suos
2451 966 2551 1020 per
2583 949 2859 1019 Spiritum
2894 966 3060 1003 suum
3089 950 3230 1002 velle
3266 950 3416 1013 facit,
3454 950 3508 1003 id
3563 955 3657 1003 est
3697 951 3822 1002 velle

2127 1039 2207 1091 eis
2254 1039 2517 1109 inspirat,
2552 1042 2614 1091 ut
2650 1054 2853 1091 omnes
2894 1038 3158 1091 homines
3207 1038 3353 1091 sicut
3382 1038 3613 1107 seipsos
3660 1038 3824 1089 salvos

2128 1127 2252 1181 fieri
2282 1132 2515 1197 optent;
2550 1128 2693 1179 sicut
2717 1132 2771 1180 et
2810 1127 2879 1180 de
2912 1126 3126 1195 Spiritu
3156 1132 3347 1179 sancto
3380 1126 3819 1195 intelligendum

2128 1219 2214 1268 est
2238 1216 2391 1285 quod
2421 1216 2575 1268 idem
2603 1214 2741 1267 dicit
2761 1216 3063 1284 Apostolus
3090 1231 3103 1268 :
3131 1237 3152 1263 ι
3188 1215 3296 1268 Sed
3316 1214 3437 1284 ipse
3461 1214 3723 1285 Spiritus
3746 1231 3826 1283 po.

2129 1304 2303 1357 stulat
2329 1319 2429 1372 pro
2457 1303 2623 1356 nobis
2644 1303 2952 1372 gemitibus
2974 1303 3471 1357 inenarrabilibus.
3506 1302 3628 1365 Qui
3648 1308 3825 1356 autem

2130 1395 2415 1445 scrutatur
2444 1392 2633 1459 corda,
2667 1392 2769 1445 scit
2798 1392 2938 1462 quid
2970 1392 3254 1445 desideret
3283 1392 3549 1461 Spiritus,
3592 1392 3733 1461 quia
3761 1408 3825 1444 se-

2129 1480 2380 1533 cundum
2406 1480 2582 1532 Deum
2604 1481 2858 1549 postulat
2879 1496 2982 1549 pro
3002 1478 3227 1532 sanctis.
3252 1501 3277 1526 ››
3306 1480 3563 1532 Postulat
3585 1495 3825 1548 namque

2127 1568 2392 1635 Spiritus,
2429 1568 2584 1637 quia,
2621 1573 2682 1621 ut
2710 1568 2908 1621 beatus
2940 1567 3246 1635 Gregorius
3278 1569 3509 1637 exponit
3542 1567 3621 1620 ad
3651 1572 3829 1637 postu-

2131 1656 2362 1709 landum
2384 1673 2479 1710 eos
2501 1672 2642 1726 quos
2667 1657 2971 1725 repleverit
2996 1655 3335 1709 inflammat.
3368 1656 3433 1708 Et
3454 1655 3649 1725 gemit
3671 1661 3827 1725 atque

2138 1744 2422 1797 desiderat
2444 1743 2711 1813 Spiritus,
2738 1744 2872 1814 quia
2890 1749 3113 1797 sanctos
3134 1744 3192 1796 in
3219 1744 3578 1797 orationibus
3602 1759 3829 1813 gemen-

2137 1838 2218 1886 tes
2264 1836 2319 1885 et
2347 1831 2735 1885 desiderantes
2764 1832 2916 1899 facit,
2944 1832 3106 1900 juxta
3151 1833 3301 1885 hunc
3332 1832 3527 1902 itaque
3580 1848 3829 1893 sensum.

2141 1942 2168 1969 ‹‹
2200 1921 2347 1973 Deus
2373 1921 2493 1973 vult
2520 1936 2719 1973 omnes
2746 1920 3009 1973 homines
3042 1920 3224 1972 salvos
3247 1920 3393 1985 ﬁeri,
3422 1941 3448 1966 ››
3482 1919 3647 1988 quia,
3680 1926 3740 1972 ut
3767 1920 3832 1971 di-

2137 2014 2292 2062 ctum
2325 2013 2427 2073 est,
2464 2008 2586 2077 ipse
2617 2009 2825 2061 sanctis
2857 2009 2973 2060 suis
3000 2008 3245 2077 inspirat
3272 2014 3335 2061 ut
3356 2008 3461 2060 hoc
3488 2010 3693 2074 velint,
3727 2008 3830 2077 ipse

2137 2115 2231 2150 eos
2262 2098 2341 2151 ita
2360 2098 2613 2150 volentes
2645 2096 2775 2150 facit
2799 2098 2943 2149 sicut
2964 2097 3344 2166 inspiraverat
3368 2097 3533 2149 beato
3558 2098 3829 2166 Apostolo

2137 2187 2237 2257 qui
2271 2185 2496 2239 dicebat
2526 2202 2539 2239 :
2577 2206 2602 2234 ‹‹
2638 2187 2775 2238 Volo
2807 2192 3001 2238 autem
3034 2201 3232 2238 omnes
3261 2185 3527 2238 homines
3548 2201 3679 2239 esse
3700 2187 3832 2237 sicut

2136 2275 2422 2343 meipsum
2476 2276 2521 2343 (ι
2552 2276 2670 2329 Cor.
2706 2291 2801 2340 v11,
2837 2278 2907 2339 ‘7).
2953 2294 2979 2323 ι)
3019 2275 3084 2326 Et
3131 2274 3269 2327 alibi
3298 2290 3425 2327 cum
3476 2290 3677 2327 coram
3712 2290 3831 2341 rege

2136 2364 2394 2433 Agrippa
2440 2369 2496 2415 et
2548 2364 2906 2433 principibus
2962 2363 3355 2416 testimonium
3419 2363 3635 2416 Christi
3696 2364 3830 2414 mira

2136 2452 2399 2505 libertate
2444 2458 2503 2505 et
2545 2452 2865 2505 constantia
2913 2452 3267 2521 prwdicaret,
3313 2451 3535 2504 dicente
3583 2451 3694 2504 sibi
3741 2468 3827 2503 eo-

2137 2540 2268 2592 dem
2295 2555 2428 2609 rege
2453 2555 2465 2592 :
2494 2560 2521 2587 ‹‹
2548 2540 2607 2591 In
2631 2539 2855 2591 modico
2882 2539 3085 2592 suades
3108 2556 3195 2591 me
3224 2539 3611 2591 Christianum
3639 2540 3782 2597 fieri,
3808 2564 3825 2581 η

2138 2626 2405 2679 continuo
2452 2627 2657 2696 plenus
2687 2626 2991 2693 desiderio,
3044 2627 3241 2679 salutis
3282 2627 3544 2680 omnium
3593 2642 3825 2695 respon-

2139 2716 2222 2768 dit
2255 2732 2267 2767 :
2308 2736 2329 2763 ι
2366 2714 2511 2784 Opto
2556 2714 2709 2784 apud
2758 2715 2939 2767 Deum
2970 2720 3022 2767 et
3053 2714 3112 2767 in
3158 2715 3406 2781 modico,
3440 2722 3495 2768 et
3527 2716 3584 2768 in
3622 2731 3827 2784 magno

2136 2820 2255 2857 non
2302 2804 2486 2856 solum
2536 2809 2611 2868 te,
2646 2803 2743 2855 sed
2788 2807 2845 2855 et
2883 2819 3080 2856 omnes
3111 2804 3210 2873 qui
3244 2819 3333 2857 me
3378 2803 3625 2856 audiunt
3666 2804 3825 2856 hodie

2136 2894 2277 2946 tales
2321 2892 2448 2946 fieri
2490 2909 2503 2945 :
2554 2892 2739 2962 qualis
2787 2907 2894 2961 ego
2952 2908 3078 2945 sum
3128 2892 3375 2962 exceptis
3422 2891 3670 2945 vinculis
3716 2892 3826 2943 istis

322 2984 434 3037 nisi
464 2999 566 3053 per
592 2982 787 3034 istum.
820 2979 940 3032 Tali
995 2994 1169 3031 sensu
1208 2984 1263 3031 et
1291 2978 1434 3030 illud
1464 2978 1860 3046 accipiendum
1894 2984 1977 3031 est
2011 2994 2023 3031 :
2066 2990 2107 3045 ς,
2136 2984 2276 3051 (Act.
2313 2997 2457 3048 xxvx,
2486 2983 2574 3048 28,
2608 2981 2717 3051 29).
2754 3002 2779 3029 υ

323 3090 351 3125 α
389 3072 545 3126 Sicut
572 3070 630 3122 in
662 3069 844 3122 Adam
876 3082 1075 3118 omnes
1113 3067 1466 3130 moriuntur,
1505 3065 1583 3119 ita
1626 3070 1681 3119 et
1709 3066 1767 3118 in
1801 3066 2021 3120 Christo

324 3174 526 3212 omnes
575 3154 1008 3209 vivificabuntur
1040 3155 1091 3223 (Ι
1128 3156 1246 3209 Cor.
1281 3170 1369 3218 xv,
1408 3152 1516 3221 22).
1550 3172 1577 3205 »
1629 3154 1789 3217 Quod
1823 3153 2020 3224 utique

325 3248 394 3301 de
443 3247 635 3298 futura
691 3242 1102 3297 resurrectione
1161 3241 1302 3294 dixit
1357 3242 1687 3310 Apostolus.
1751 3243 2021 3312 Nunquid

324 3336 479 3389 enim
517 3339 654 3387 tunc
699 3330 1138 3384 vivificabuntur
1185 3330 1245 3381 in
1289 3329 1532 3396 Christo,
1568 3330 1669 3399 qui
1720 3345 2020 3399 nunquam

324 3424 693 3479 crediderunt
740 3422 799 3474 in
849 3421 1162 3488 Christum,
1207 3418 1306 3489 qui
1338 3435 1638 3488 nunquam
1686 3420 1921 3473 fuerunt
1960 3420 2021 3473 in

324 3514 571 3575 Christo,
612 3510 710 3581 qui
741 3526 1039 3580 nunquam
1071 3509 1353 3574 vixerunt,
1389 3524 1494 3561 nec
1537 3509 1753 3561 mortui
1799 3513 1930 3561 sunt
1961 3509 2021 3561 in

325 3603 549 3657 Christo
571 3601 596 3653 ?
629 3602 693 3653 Et
722 3600 850 3653 ideo
881 3597 1211 3652 nullatenus
1244 3597 1553 3666 pertinent,
1582 3598 1725 3649 utin
1756 3597 1854 3649 illo
1886 3598 2021 3650 acci-

324 3692 484 3761 piant
526 3687 1003 3742 resurrectionem
1034 3685 1185 3750 vitae,
1233 3701 1404 3754 quam
1434 3684 1713 3738 Dominus
1757 3685 2020 3739 fidelibus

323 3777 607 3849 promittit
637 3776 827 3830 dicens
864 3792 876 3827 :
916 3798 936 3823 ι
971 3774 1078 3837 Qui
1117 3774 1270 3827 bona
1310 3774 1587 3841 fecerunt,
1634 3772 1693 3825 in
1741 3789 2021 3827 resurrec-

325 3869 565 3920 ctionem
598 3864 746 3930 vitae,
786 3885 807 3911 ι
846 3867 901 3916 et
932 3862 1061 3916 ideo
1108 3862 1179 3915 ad
1211 3878 1412 3915 eorum
1458 3861 1753 3929 pertinent
1784 3867 2015 3928 sortem,

324 3958 393 4009 de
433 3954 641 4025 quibus
675 3953 862 4005 statim
912 3950 1248 4020 subjungit:
1295 3973 1314 3997 α
1348 3950 1457 4013 Qui
1504 3966 1638 4002 vero
1687 3949 1837 4002 mala
1887 3967 2019 4021 ege-

325 4049 481 4109 runt,
531 4042 587 4094 in
618 4041 1099 4094 resurrectionem
1132 4038 1336 4107 judicii
1372 4036 1554 4106 (Joan.
1590 4052 1681 4103 xv,
1731 4036 1842 4108 29).
1892 4060 1921 4087 ››
1957 4040 2022 4092 Et

326 4138 519 4185 tamen
568 4145 698 4181 vere
763 4128 820 4179 in
868 4127 1047 4179 Adam
1118 4148 1139 4174 ι
1184 4142 1384 4179 omnes
1417 4146 1443 4175 ›
1491 4126 1839 4191 moriuntur,
1886 4127 2021 4197 quia

326 4235 496 4273 nemo
529 4217 591 4269 in
632 4221 877 4269 mortem
911 4215 1019 4267 nisi
1051 4230 1152 4284 per
1183 4215 1365 4268 illum.
1417 4216 1481 4268 Et
1524 4232 1653 4268 vere
1686 4216 1745 4268 in
1796 4215 2017 4269 Christo

2788 3105 3013 3159 CAPUT
3051 3105 3164 3158 XII.

2464 3212 2722 3281 Sequitur
2748 3210 2988 3279 ejusdem
3023 3212 3126 3263 loci
3155 3212 3492 3279 explanatio.

2204 3336 2412 3399 Quarto
2453 3340 2645 3388 autem
2678 3334 2844 3388 modo
2876 3333 2955 3387 ita
2990 3350 3021 3386 a
3062 3334 3269 3387 sanctis
3301 3334 3565 3387 Patribus
3599 3334 3814 3387 intelle-

2131 3428 2285 3477 ctum
2316 3424 2607 3477 invenitur
2651 3423 2807 3492 quod
2842 3422 3057 3475 dictum
3090 3427 3175 3473 est
3206 3437 3219 3473 :
3258 3444 3276 3469 ι
3310 3421 3417 3484 Qui
3463 3423 3583 3475 vult
3630 3439 3821 3475 omnes

2130 3512 2397 3567 homines
2425 3513 2605 3565 salvos
2649 3510 2796 3575 ﬁeri,
2834 3528 2859 3561 n
2906 3514 2969 3563 ut
3000 3509 3336 3578 simpliciter
3383 3511 3702 3579 accipiatur
3730 3512 3822 3563 hoc

2129 3602 2198 3655 de
2225 3600 2495 3654 omnibus
2524 3598 2859 3653 hominibus
2895 3620 2914 3645 α
2960 3598 3247 3661 Quantum
3281 3598 3340 3650 in
3374 3598 3496 3668 ipso
3534 3604 3617 3652 est
3652 3601 3821 3653 Deum

2130 3691 2295 3757 velle,
2326 3708 2355 3742 υ
2387 3706 2451 3742 eo
2480 3687 2631 3758 quod
2678 3703 2879 3740 omnes
2906 3686 3111 3739 salvari
3144 3687 3282 3739 velit
3310 3708 3335 3735 ‹‹
3368 3686 3625 3740 bonitate
3662 3688 3820 3741 Crea-

2130 3779 2268 3832 toris
2302 3794 2313 3831 :
2346 3800 2374 3827 ››
2406 3777 2504 3830 sed
2548 3775 2682 3845 quia
2714 3775 2881 3828 liberi
2928 3774 3153 3828 arbitrii
3184 3792 3280 3829 eos
3313 3775 3589 3841 condidit,
3626 3792 3817 3847 exspe-

2129 3871 2261 3932 ctet,
2309 3871 2375 3920 ut
2402 3866 2509 3919 hoc
2540 3864 2712 3917 etiam
2764 3863 2867 3933 ipsi
2906 3863 3082 3916 velint
3115 3880 3126 3916 :
3158 3869 3213 3917 et
3243 3864 3288 3916 si
3318 3865 3624 3928 voluerint,
3674 3867 3817 3935 juste

2130 3955 2419 4008 salventur
2451 3969 2463 4005 :
2499 3951 2542 4005 si
2590 3952 2901 4017 noluerint,
2945 3952 3099 4021 juste
3150 3951 3481 4021 puniantur.
3536 3952 3644 4005 Sed
3694 3954 3817 4006 huic

2130 4042 2321 4095 sensui
2386 4041 2672 4111 imprimis
2741 4040 2881 4093 illud
2941 4039 3163 4093 videtur
3226 4056 3346 4093 esse
3414 4040 3814 4093 contrarium:

2136 4152 2156 4178 ι
2193 4130 2493 4194 Quomodo
2527 4130 2893 4200 omnipotens
2924 4130 3074 4181 Deus
3108 4144 3328 4191 eorum,
3366 4145 3510 4198 quos
3560 4130 3679 4182 vult
3714 4129 3820 4180 sal-

2129 4235 2226 4272 vos
2263 4218 2390 4272 ﬁeri
2440 4223 2725 4287 exspectet
2772 4218 3209 4282 voluntatem,»
3260 4223 3323 4269 ut
3356 4222 3411 4269 et
3457 4218 3568 4286 ipsi
3616 4216 3821 4269 scilicet

333 4330 351 4355 α
390 4321 590 4359 omnes
621 4323 649 4355 »
697 4302 1138 4356 vivificabuntur
1172 4319 1183 4354 :
1219 4302 1354 4372 quia
1402 4320 1569 4356 nemo
1609 4304 1669 4356 in
1704 4304 1801 4357 illa
1831 4320 2018 4356 resur-
2060 4300 2104 4353 D
2134 4306 2367 4376 propria
2397 4305 2618 4359 arbitrii
2655 4305 2915 4357 libertate
2947 4304 3085 4357 salvi
3131 4320 3250 4357 esse
3284 4304 3483 4370 velint,
3525 4321 3655 4357 cum
3688 4306 3822 4357 velle

327 4394 579 4448 rectione
610 4392 738 4444 vitae
770 4390 880 4443 nisi
914 4406 1016 4459 per
1046 4390 1250 4458 ipsum.
1276 4390 1396 4452 Quo
1428 4391 1600 4444 etiam
1632 4407 1798 4443 sensu
1834 4391 2023 4445 mani-

326 4482 627 4537 festissime
654 4478 795 4533 illud
825 4479 881 4530 in
902 4478 1122 4547 psalmo
1153 4477 1367 4530 dictum
1392 4485 1476 4531 est
1499 4495 1511 4531 :
1547 4500 1567 4526 ι
1594 4480 1811 4532 Allevat
1835 4480 2025 4533 Domi-

327 4588 435 4624 nus
502 4586 700 4623 omnes
740 4568 839 4638 qui
904 4570 1197 4631 corruunt,
1263 4571 1317 4618 et
1367 4566 1536 4635 erigit
1587 4583 1784 4620 omnes
1854 4568 2022 4622 elisos

329 4660 507 4723 (Psal.
549 4674 725 4723 cxmv,
778 4655 884 4726 14).
921 4678 949 4704 ››
1002 4656 1197 4723 Neque
1229 4654 1380 4707 enim
1416 4676 1443 4702 ι(
1472 4671 1668 4708 omnes
1699 4678 1725 4703 ››
1765 4656 2021 4724 omnino,

328 4748 428 4818 qui
459 4747 519 4799 in
550 4745 784 4799 diversis
817 4742 1177 4808 criminibus,
1213 4748 1268 4796 et
1300 4742 1454 4795 vitiis
1497 4747 1787 4808 corruunt,
1835 4749 1889 4797 et
1919 4744 2023 4797 eli-

328 4836 546 4888 duntur
612 4832 890 4887 Dominus
960 4831 1304 4897 miserendo,
1369 4836 1538 4900 atque
1604 4830 1953 4899 indulgendo
1993 4849 2024 4884 a

328 4924 487 4993 lapsu
556 4924 739 4976 ruina:
781 4937 898 4975 sum
950 4922 1175 4984 allevat,
1228 4928 1283 4971 et
1328 4919 1496 4987 erigit
1548 4934 1678 4971 cum
1727 4925 1915 4972 tantos
1963 4920 2024 4972 in

328 5013 542 5066 eisdem
591 5012 707 5064 suis
745 5009 1104 5073 criminibus,
1140 5013 1195 5061 et
1232 5007 1634 5077 iniquitatibus
1670 5009 1855 5077 perire
1901 5024 2021 5061 cer-

327 5106 450 5155 tum
493 5101 583 5153 sit.
620 5099 684 5152 Et
726 5103 920 5151 tamen
961 5113 1094 5150 vere
1142 5096 1264 5165 ipse
1297 5114 1323 5147 α
1358 5112 1556 5148 omnes
1589 5118 1614 5144 ››
1668 5102 2020 5163 corruentes,

330 5196 386 5243 et
417 5210 443 5237 ‹‹
478 5204 677 5242 omnes
708 5207 736 5234 ››
777 5186 949 5240 elisos
979 5186 1199 5252 allevat,
1233 5190 1405 5254 atque
1438 5184 1626 5255 erigit,
1677 5185 1811 5255 quia
1838 5185 1924 5238 vel
1955 5201 2023 5238 ex

330 5278 490 5330 omni
538 5290 747 5345 genere
794 5273 1156 5344 peccantium
1207 5273 1322 5326 sive
1372 5274 1834 5339 criminosorum,
1879 5289 2024 5343 quos

330 5364 597 5429 voluerit,
631 5362 848 5430 salvat;
892 5360 980 5415 vel
1011 5362 1148 5431 quia
1194 5361 1304 5414 nisi
1331 5377 1434 5429 per
1478 5362 1641 5415 illum
1685 5378 1857 5415 nemo
1890 5378 2024 5432 pro-

331 5455 540 5503 stratus
571 5449 833 5518 erigitur,
866 5455 964 5502 aut
996 5450 1289 5507 allevatur,
1317 5450 1454 5503 dum
1491 5467 1604 5503 non
1635 5450 1751 5503 suis
1780 5450 2019 5514 viribus,

331 5537 431 5591 sed
477 5536 578 5590 Dei
637 5535 1007 5591 miseratione
1051 5536 1361 5606 consurgit.
1427 5536 1583 5591 Sicut
1647 5552 1782 5606 ergo
1828 5536 1890 5590 in
1933 5537 2024 5590 his

2132 4392 2377 4446 ﬁdeliter
2419 4394 2634 4445 salvum
2686 4392 2813 4445 fieri
2854 4392 2925 4445 sit
2956 4408 3058 4461 per
3092 4392 3555 4461 redemptionem
3603 4392 3822 4446 Domini

2130 4482 2260 4535 Jesu
2310 4480 2537 4536 Christi.
2614 4480 2777 4545 Quia,
2830 4480 2977 4533 sicut
3028 4479 3231 4533 beatus
3285 4482 3482 4533 Petrus
3534 4484 3821 4550 apostolus

2133 4570 2301 4623 docet
2332 4586 2345 4622 :
2381 4590 2408 4617 ‹‹
2440 4569 2563 4621 Non
2596 4574 2679 4621 est
2708 4568 2767 4620 in
2802 4569 2915 4620 ullo
2964 4568 3077 4620 alio
3110 4568 3283 4635 salus,
3317 4574 3373 4621 et
3413 4585 3527 4622 non
3559 4575 3645 4621 est
3673 4569 3820 4621 aliud

2134 4672 2343 4711 nomen
2392 4656 2496 4709 sub
2527 4656 2667 4709 caelo
2700 4655 2899 4707 datum
2932 4654 3284 4723 hominibus,
3318 4656 3375 4707 in
3421 4672 3536 4725 quo
3566 4660 3821 4724 Oporteat

2133 4762 2235 4799 nos
2268 4745 2446 4797 salvos
2476 4743 2599 4797 ﬁeri
2644 4743 2786 4813 (Act.
2822 4760 2894 4809 ιν,
2934 4744 3038 4813 l2),
3088 4764 3115 4791 ››
3148 4760 3317 4796 nemo
3358 4744 3599 4796 omnino
3630 4744 3816 4813 possit,

2134 4830 2245 4884 nisi
2273 4829 2333 4883 in
2359 4846 2425 4884 eo
2459 4833 2602 4885 Deus
2634 4836 2905 4899 operetur
2935 4835 2992 4882 et
3016 4830 3157 4883 velle
3190 4836 3246 4883 et
3274 4847 3438 4898 posse
3465 4848 3477 4883 :
3503 4830 3650 4883 sicut
3676 4836 3817 4901 Apo-

2133 4920 2310 4972 stolus
2332 4923 2570 4971 testatur
2599 4918 2791 4971 dicens
2816 4935 2827 4971 :
2851 4936 2877 4968 (ί
2900 4919 3046 4971 Deus
3069 4923 3153 4971 est
3173 4918 3325 4970 enim
3350 4919 3450 4987 qui
3475 4925 3749 4988 operatur
3767 4920 3817 4970 in

2132 5008 2288 5061 vobis
2319 5011 2373 5060 et
2400 5008 2544 5060 velle
2596 5013 2652 5059 ct
2680 5006 2953 5075 perﬁcere
2988 5022 3091 5076 pro
3139 5006 3291 5059 bona
3320 5008 3613 5059 voluntate
3662 5008 3814 5076 (Phil.

2133 5112 2190 5162 ιι,
2235 5096 2338 5163 13),
2373 5117 2399 5143 ››
2430 5095 2477 5148 si
2512 5095 2669 5148 enim
2715 5096 2862 5147 hanc
2912 5095 3261 5147 voluntatem
3310 5094 3725 5164 redemptionis
3769 5099 3817 5147 et

2131 5184 2331 5236 salutis
2374 5200 2502 5253 qua:
2534 5190 2619 5237 est
2665 5183 2725 5235 in
2759 5183 2982 5238 Christo
3029 5198 3199 5237 nemo
3256 5183 3429 5236 habet
3466 5170 3541 5236 ex
3589 5200 3649 5237 se
3684 5184 3813 5254 ipso,

2132 5271 2227 5325 sed
2258 5271 2329 5324 ab
2356 5271 2454 5324 illo
2501 5293 2527 5319 ‹‹
2564 5272 2663 5341 qui
2694 5276 2964 5341 operatur
2991 5272 3049 5325 in
3090 5272 3188 5334 eis,
3222 5288 3365 5342 quos
3405 5278 3567 5326 vocat
3598 5278 3653 5326 et
3684 5274 3816 5325 velle

2132 5364 2189 5413 et
2219 5360 2489 5429 perﬁcere
2515 5376 2619 5429 pro
2639 5359 2791 5413 bona
2811 5361 3122 5426 voluntate,
3153 5382 3172 5408 ι
3199 5361 3345 5414 sicut
3363 5361 3816 5415 manifestissime

2132 5447 2458 5518 apostolicae
2523 5447 2797 5501 doctrinae
2861 5449 3066 5502 veritas
3132 5450 3317 5517 docet,
3368 5454 3433 5503 ut
3488 5450 3630 5519 quid
3678 5452 3815 5504 Deus

2133 5540 2416 5606 exspectat
2441 5552 2637 5590 eorum
2667 5552 2812 5606 quos
2841 5537 2961 5591 vult
2981 5536 3166 5591 salvos
3196 5537 3323 5591 ﬁeri
3350 5538 3731 5604 voluntatem,
3760 5542 3815 5591 ut
