3884 6218
56 344 171 392 “HN

46 476 139 544 ipsi
161 475 356 527 libero
391 474 628 528 arbitrio
650 490 751 527 suo
782 474 1059 543 incipiant
1090 475 1232 528 velle
1267 475 1492 539 salvari,
1523 482 1579 528 et
1612 480 1746 528 tunc
1784 478 1826 527 A

47 565 223 618 divina
273 564 543 617 bonitate
594 565 899 628 salventur,
934 567 999 615 ut
1036 563 1264 616 initium
1307 564 1504 616 salutis
1544 579 1742 616 eorum

47 654 103 704 sit
135 667 199 703 ex
232 651 403 720 ipsis,
438 651 710 720 perfectio
740 655 928 704 autem
963 652 1221 720 ejusdem
1258 652 1457 703 salutis
1496 668 1558 703 ex
1605 652 1736 704 Deo.

48 744 99 795 Et
141 741 237 793 ubi
272 741 391 792 erit
420 740 578 810 quod
609 741 764 793 idem
811 740 1117 810 Apostolus
1164 740 1301 792 dicit
1335 756 1347 792 :
1399 762 1423 787 ‹‹
1452 744 1565 793 Aut
1614 740 1740 809 quis

44 828 181 897 prior
212 828 384 879 dedit
418 828 503 881 illi
534 833 592 881 et
619 828 966 881 retribuetur
992 826 1079 879 ei?
1118 846 1142 878 io
1173 827 1342 897 (Rom.
1370 844 1443 893 x1,
1479 830 1592 895 35.)
1631 830 1742 880 Aut

48 917 320 986 quomodo
375 917 436 968 in
490 917 590 969 tali
627 932 796 968 sensu
847 916 1183 983 Pelagianus
1216 931 1378 968 error
1418 932 1532 967 non
1566 915 1739 967 habet

46 1004 349 1065 victoriam,
393 1004 494 1074 qui
519 1005 761 1057 salutem
797 1004 1044 1057 hominis
1073 1020 1188 1056 non
1210 1019 1274 1056 ex
1304 1004 1404 1056 Dei
1432 1004 1606 1069 dono,
1641 1003 1737 1056 sed

46 1110 96 1145 ex
121 1092 299 1145 libero
334 1092 525 1162 ipsius
555 1092 807 1145 hominis
837 1092 1073 1145 arbitrio
1102 1108 1223 1144 esse
1255 1091 1595 1145 confirmat“?

102 1180 255 1242 Quod
296 1181 349 1231 si
388 1180 595 1233 falsum
629 1183 729 1243 est,
764 1179 909 1232 sicut
939 1178 1175 1230 omnino
1206 1178 1415 1231 falsum
1447 1194 1568 1231 esse
1600 1194 1735 1231 con-

46 1268 291 1331 Vincitur,
326 1268 472 1337 quid
510 1284 693 1321 causa:
728 1272 828 1331 est,
861 1273 920 1319 ut
952 1269 1097 1320 Deus
1130 1288 1155 1313 ‹‹
1193 1266 1289 1335 qui
1323 1282 1520 1318 omnes
1546 1265 1733 1317 homi-

50 1374 130 1407 nes
156 1357 277 1407 vult
308 1357 502 1408 salvos
546 1356 669 1408 fieri
700 1356 757 1421 (I
803 1358 941 1409 Tim.
980 1372 1036 1419 ιι,
1070 1356 1141 1418 4),
1172 1373 1195 1403 ,ι
1253 1370 1366 1406 non
1400 1369 1597 1405 omnes
1632 1353 1731 1405 ho-

49 1445 207 1496 mines
272 1444 502 1497 snlvet?
564 1444 920 1495 Voluntatem
980 1459 1179 1495 eorum
1238 1458 1352 1493 non
1429 1445 1729 1510 exspectat,

48 1534 159 1601 quia
181 1532 550 1584 voluntatem
574 1548 722 1584 verae
746 1532 941 1583 salutis
964 1548 1080 1583 suae.
1105 1546 1273 1583 nemo
1293 1530 1501 1582 habere
1526 1534 1730 1597 potest,

47 1622 137 1673 nisi
162 1637 263 1689 per
286 1621 485 1673 illum.
512 1624 595 1674 An
622 1620 777 1689 quod
798 1620 938 1684 vult,
965 1636 1079 1672 non
1112 1623 1300 1688 potest
1324 1618 1734 1687 omnipotens?

50 1718 97 1761 ut
144 1710 313 1779 (quod
369 1710 541 1775 absit)
597 1708 732 1761 velit
785 1710 1001 1761 salvare
1046 1724 1248 1761 omnes
1296 1706 1580 1771 homines,
1630 1722 1733 1759 nec

47 1798 222 1866 possit.
278 1797 435 1859 Quid
492 1814 625 1866 ergo
671 1801 865 1861 restat,
924 1796 1033 1849 nisi
1084 1801 1147 1849 ut
1194 1796 1289 1848 ille
1318 1817 1345 1843 ‹‹
1392 1794 1500 1857 Qui
1537 1794 1733 1847 omnia

50 1901 391 1955 quaecunque
422 1885 606 1937 voluit
638 1884 767 1937 fecit
796 1886 917 1953 (Ps.
952 1901 1102 1950 cxm,
1146 1883 1220 1953 3),
1260 1903 1285 1929 ››
1319 1883 1445 1935 ideo
1478 1882 1583 1934 hoc
1612 1898 1729 1935 non

48 1974 208 2041 faciat,
242 1974 386 2043 quia
417 1973 579 2038 nolit,
633 1989 747 2025 non
792 1972 930 2042 quia
980 1988 1095 2025 non
1126 1971 1343 2041 possit?
1372 1971 1517 2033 Quia
1586 1970 1731 2023 sicut

48 2078 153 2115 Vere
188 2083 207 2109 ι
244 2061 453 2115 omnia
495 2077 623 2131 quae
654 2061 833 2113 voluit
864 2060 998 2113 fecit
1030 2079 1057 2111 »
1109 2059 1186 2112 ita
1218 2074 1349 2111 vere
1382 2058 1568 2110 noluit
1599 2074 1726 2127 quae

50 2167 144 2203 non
173 2151 324 2203 fecit.
352 2152 473 2204 Cur
502 2166 637 2220 ergo
674 2149 881 2213 noluit,
910 2148 1021 2201 nisi
1052 2148 1188 2218 quia
1229 2148 1285 2200 in
1319 2148 1421 2199 hac
1466 2162 1549 2211 re,
1587 2146 1731 2199 sicut

47 2242 254 2308 justum,
306 2239 391 2290 ita
426 2242 483 2291 et
514 2238 800 2291 occultum
845 2241 897 2289 et
935 2236 1221 2305 judicium
1264 2236 1408 2304 ejus,
1461 2234 1551 2286 cui
1582 2234 1731 2287 Psal-

55 2329 191 2380 mista
219 2327 359 2380 dicit
388 2342 402 2378 :
440 2346 468 2377 ‹‹
500 2326 717 2379 Iudicia
737 2328 836 2377 tua
862 2325 1095 2395 abyssus
1124 2324 1342 2376 multa?
1376 2348 1399 2369 ι)
1430 2325 1535 2391 (Ps.
1562 2338 1726 2387 xxxv,

54 2420 113 2479 ΤΛ
149 2418 210 2469 Et
246 2415 317 2468 de
354 2432 475 2486 quo
516 2415 822 2483 Apostolus
870 2413 1007 2466 dicit
1040 2430 1052 2466 :
1094 2432 1120 2462 ‹‹
1154 2413 1289 2476 Quis
1328 2411 1480 2464 enim
1528 2426 1731 2479 cogno-

57 2506 117 2557 vit
145 2521 369 2557 sensum
422 2502 671 2568 Domini,
707 2507 805 2555 aut
836 2502 964 2571 quis
1019 2499 1377 2553 consiliarius
1410 2499 1531 2568 ejus
1583 2498 1729 2553 'uit?

58 2596 198 2646 (Rom.
230 2609 308 2654 x1,
344 2593 467 2658 34.)
492 2612 518 2641 ››
542 2592 603 2644 Et
628 2592 838 2643 iterum
868 2606 881 2642 :
910 2609 937 2639 α
970 2588 1243 2659 Nunquid
1274 2587 1547 2657 iniquitas
1578 2588 1730 2656 apud

62 2681 248 2735 Deum?
275 2680 446 2733 Absit
478 2681 652 2746 (Rom.
706 2696 779 2743 ix,
834 2677 941 2746 14.)
968 2700 987 2725 ι
1038 2678 1190 2740 Quos
1221 2692 1357 2743 ergo
1402 2676 1581 2728 voluit
1620 2676 1727 2727 sal-

57 2786 181 2833 vare,
232 2769 498 2836 salvavit,
530 2768 665 2837 quia
712 2766 905 2819 omnia
947 2781 1305 2835 quazcunque
1340 2765 1519 2817 voluit
1562 2765 1726 2828 fecit;

60 2876 172 2927 quos
199 2864 396 2910 autem
440 2858 655 2909 salvare
688 2856 888 2919 noluit,
924 2855 1025 2908 ubi
1059 2854 1168 2907 nisi
1217 2854 1275 2906 in
1307 2853 1406 2906 illa
1445 2870 1511 2905 ex
1548 2853 1726 2905 Adam

58 2947 285 2999 veniente
318 2962 508 2998 massa
543 2944 926 2997 damnationis
960 2942 1211 3012 reliquit.
1266 2943 1347 2994 Ita
1385 2942 1447 2993 ﬁt
1477 2941 1648 2993 etiam
1682 2940 1727 2992 si

60 3035 336 3088 secundum
372 3035 536 3105 pium
562 3032 945 3103 quorumdam
977 3033 1208 3084 Patrum
1234 3030 1461 3099 piorum
1495 3045 1725 3082 sensum

60 3126 177 3175 Deus
206 3140 407 3176 omnes
438 3123 703 3176 homines
735 3122 854 3174 vult
897 3120 1080 3173 salvos
1111 3118 1237 3172 ﬁeri
1268 3118 1521 3171 bonitate
1569 3118 1727 3171 Crea-

56 3213 189 3275 toris,
217 3228 329 3281 qua
361 3216 683 3263 creaturam
717 3225 878 3262 suam
924 3209 1070 3262 bene
1101 3228 1133 3260 a
1187 3223 1244 3259 se
1288 3207 1576 3260 conditam
1623 3223 1723 3275 pe-

56 3301 144 3352 rire
191 3316 301 3353 non
335 3301 478 3363 vult,
512 3298 569 3352 id
594 3299 781 3368 ipsum
815 3297 1021 3350 iterum
1055 3296 1215 3361 nolit,
1248 3314 1274 3345 »
1298 3295 1508 3363 judicis
1538 3294 1725 3365 tequi-

57 3392 166 3453 tate,
194 3412 218 3435 ››
238 3406 351 3458 qua
376 3388 641 3441 eamdem
666 3391 985 3439 creaturam
1014 3400 1175 3436 suam
1202 3384 1286 3437 vel
1312 3383 1603 3451 originali,
1636 3382 1724 3436 vel

60 3478 203 3529 etiam
241 3476 455 3529 actuali
488 3480 719 3545 peccato
751 3474 1035 3543 .nequiter
1068 3471 1429 3541 inquinatam
1465 3476 1522 3524 et
1558 3471 1714 3523 vitia-

59 3568 151 3615 tam
194 3565 539 3635 impunitam
589 3579 710 3615 esse
766 3578 883 3615 non
931 3561 1085 3614 sinit.
1137 3561 1200 3612 In
1253 3564 1473 3612 tantum
1522 3559 1721 3612 enim:

65 3654 381 3707 «Neminem
446 3654 565 3705 vult
619 3652 827 3721 perire,
893 3665 998 3703 nec
1050 3650 1315 3701 voluntas
1370 3648 1494 3717 ejus
1556 3646 1726 3700 alicui

60 3754 197 3793 causa
239 3741 590 3811 perditionis
637 3740 841 3803 existit,
901 3743 962 3791 ut
1019 3754 1123 3807 per
1171 3736 1509 3807 prophetam
1549 3736 1723 3788 etiam

59 3829 184 3896 jurat
209 3836 262 3884 et
300 3832 452 3885 dicat
486 3847 499 3884 :
537 3849 564 3879 ι(
592 3830 725 3881 Vivo
759 3845 890 3897 ego,
937 3826 1071 3880 dicit
1098 3825 1391 3890 Dominus,
1426 3824 1559 3894 quia
1590 3824 1724 3877 nolo

61 3924 269 3972 mortem
327 3919 521 3989 impii,
572 3918 669 3970 sed
721 3922 785 3970 ut
828 3919 1145 3969 revertatur
1189 3932 1221 3967 a
1264 3915 1355 3967 via
1401 3930 1504 3966 sua
1544 3913 1724 3982 impia

64 4014 105 4059 et
150 4009 289 4062 vivat
341 4011 563 4077 (Επειδὴ.
624 4024 817 4073 xxxui,
864 4006 1032 4077 11).»
1085 4007 1150 4059 Et
1203 4010 1399 4059 tamen
1448 4005 1589 4072 ipse,
1624 4004 1725 4074 qui

62 4111 151 4149 non
178 4098 291 4151 vult
333 4103 585 4151 mortem
618 4096 781 4166 impii
831 4098 1263 4164 peseverantem
1315 4094 1375 4145 in
1425 4092 1721 4161 impietate

64 4199 141 4235 sua
165 4186 400 4256 impium
451 4185 654 4255 procul
703 4183 875 4237 dubio
905 4183 1093 4252 punit.
1130 4183 1213 4235 Ita
1268 4182 1327 4233 in
1376 4196 1491 4233 uno
1550 4186 1722 4250 atque

64 4273 228 4327 eodem
260 4275 496 4328 homine
524 4278 577 4326 et
612 4273 925 4326 bonitatem
959 4278 1015 4325 et
1038 4271 1400 4324 severitatem
1432 4286 1592 4323 suam
1626 4287 1719 4323 os-

1295 341 1505 396 LIBER
1550 342 1635 394 DE
1673 341 1929 397 TRIBUS
1968 342 2342 396 EPISTOLIS.

3418 343 3550 394 1010

2499 494 2719 547 CAPUT
2757 494 2896 547 XIII.

2550 618 2844 672 Conclusio.

1921 742 1983 794 In
2015 741 2198 794 tribus
2230 740 2424 810 itaque
2460 740 2747 809 prioribus
2794 741 2973 793 modis
3016 740 3412 809 intelligentiae
3444 756 3539 793 eo-

1851 846 1978 882 rum
2018 830 2345 894 verborum,
2393 829 2599 898 quibus
2646 829 2713 881 de
2758 830 2873 883 Deo
2914 830 3121 881 dicitur
3152 846 3163 883 :
3192 848 3217 877 (ι
3268 829 3374 891 Qui
3418 830 3543 881 vult

1849 934 2047 971 omnes
2088 918 2352 971 homines
2383 918 2564 970 salvos
2596 917 2739 981 ﬁeri,
2785 923 2840 969 et
2872 918 2938 969 ad
2988 917 3338 985 agnitionem
3392 917 3535 969 veri-

1848 1006 1978 1058 tatis
2009 1006 2205 1059 venire
2241 1008 2297 1073 (Ι
2331 1008 2467 1058 Tim.
2510 1022 2569 1065 ιι,
2614 1004 2685 1073 4).
2718 1026 2737 1051 ι
2795 1004 2960 1057 Nulla
2991 1003 3329 1068 absurditas,
3382 1006 3541 1057 nulla

1847 1094 2228 1165 repugnantia
2276 1094 2409 1147 ﬁdei
2440 1093 2733 1145 invenitur
2768 1108 2778 1145 :
2823 1091 2957 1161 quia
2990 1092 3102 1143 sive
3145 1108 3319 1145 omnes
3352 1093 3538 1145 homi-

1845 1199 1945 1235 nes
1979 1198 2123 1252 quos
2153 1183 2300 1235 Deus
2331 1181 2454 1234 vult
2500 1182 2683 1233 salvos
2732 1181 2859 1233 ﬁeri
2890 1182 3071 1233 omnia
3112 1195 3308 1246 genera
3353 1181 3536 1233 homi-

1848 1287 1983 1324 num
2036 1271 2410 1339 accipiantur,
2455 1270 2568 1321 sive
2619 1285 2819 1321 omnes
2875 1268 3138 1321 homines
3187 1270 3366 1321 salvos
3416 1268 3540 1321 fieri

1850 1361 2027 1412 Deum
2062 1360 2204 1411 velle
2235 1359 2313 1410 ita
2344 1358 2700 1425 intelligatur
2731 1372 2741 1409 :
2776 1356 2911 1427 quia
2953 1373 3151 1409 omnes
3184 1356 3285 1426 qui
3315 1358 3540 1410 salvan-

1845 1454 1937 1501 tur
1971 1464 2087 1500 non
2119 1447 2229 1499 nisi
2261 1448 2383 1515 ejus
2416 1448 2705 1499 voluntate
2740 1447 3032 1497 salvantur
3060 1461 3073 1498 :
3108 1446 3225 1499 sive
3256 1461 3323 1497 eo
3369 1445 3538 1498 modo

1844 1536 2059 1589 dictum
2090 1536 2353 1588 credatur
2384 1552 2395 1589 :
2432 1551 2630 1587 omnes
2664 1534 2927 1587 homines
2969 1535 3143 1587 Deum
3174 1534 3315 1587 velle
3356 1534 3537 1586 salvos

1843 1625 1967 1678 ﬁeri
1998 1642 2009 1677 :
2048 1624 2181 1693 quia
2219 1624 2277 1676 in
2312 1624 2517 1675 sanctis
2563 1623 2681 1675 suis
2715 1623 2833 1692 ipse
2881 1624 2991 1675 hoc
3021 1622 3160 1682 vult,
3196 1622 3294 1691 qui
3341 1624 3422 1675 eis
3452 1627 3536 1673 ta-

1842 1716 1958 1767 lem
1993 1714 2343 1765 voluntatem
2389 1710 2651 1780 inspirat,
2710 1716 2773 1763 ut
2825 1726 3021 1762 omnes
3065 1710 3327 1762 homines
3360 1710 3537 1762 velint

1774 1816 1814 1868 Β
1844 1802 2025 1854 salvos
2067 1800 2193 1853 ﬁeri
2241 1801 2383 1852 sicut
2423 1800 2639 1868 seipsos
2672 1815 2684 1851 :
2718 1798 2777 1850 in
2808 1798 2898 1851 his
2947 1798 3222 1867 (inquam)
3269 1798 3536 1851 omnibus

1840 1896 1896 1944 et
1923 1905 2056 1942 vera
2080 1890 2339 1951 omnino,
2364 1894 2419 1941 et
2439 1888 2681 1941 salubris
2710 1887 3091 1956 intelligentia
3119 1893 3221 1940 est.
3248 1888 3308 1939 In
3333 1893 3535 1956 quarto

1839 1983 2027 2033 autem
2065 1980 2233 2032 modo
2285 1977 2423 2030 illud
2455 1977 2575 2029 sine
2619 1976 2791 2029 dubio
2826 1976 3162 2039 cavendum,
3197 1975 3331 2044 quia
3357 1980 3411 2027 et
3442 1993 3534 2029 oc-

1839 2067 2127 2120 casionem
2162 2067 2480 2134 Pelagianae
2513 2064 2781 2134 pravitati
2824 2064 3063 2134 praebet,
3111 2063 3261 2133 quod
3316 2065 3531 2128 Deum;

1838 2161 1901 2209 ut
1938 2156 2111 2207 salvet
2156 2154 2438 2219 homines,
2494 2154 2777 2206 humanas
2824 2158 3152 2221 exspectare
3192 2152 3396 2205 asserit
3433 2170 3530 2205 vo-

1838 2241 2105 2294 luntates.
2145 2241 2351 2296 Contra
2392 2258 2563 2309 quem
2604 2256 2857 2293 errorem
2900 2240 2978 2291 ita
3031 2240 3091 2291 in
3138 2239 3387 2309 antiquis
3436 2242 3532 2292 Pa-

1838 2334 1992 2381 trum
2054 2329 2310 2382 conciliis
2390 2329 2599 2397 legitur
2668 2327 2970 2380 deﬁnitum
3048 2328 3225 2395 (Cone.
3298 2330 3526 2393 Araus.,

1837 2432 1960 2470 can.
1994 2416 2086 2487 4):
2123 2416 2204 2489 [Si
2245 2417 2369 2484 quis
2412 2422 2529 2469 uta
2562 2420 2789 2486 peccato
2835 2430 3149 2484 purgemur
3174 2416 3524 2468 voluntatem

1839 2509 2091 2557 nostram
2156 2505 2332 2557 Deum
2392 2508 2715 2571 exspectare
2785 2502 3102 2569 contendit,
3151 2518 3265 2555 non
3313 2507 3522 2567 autem,

1836 2598 1902 2646 ut
1932 2594 2106 2646 etiam
2140 2593 2377 2663 purgari
2408 2593 2669 2657 velimus,
2704 2608 2803 2661 per
2851 2592 3031 2644 sancti
3082 2591 3329 2661 Spiritus
3370 2592 3528 2644 infu-

1838 2681 2081 2745 sionem,
2117 2686 2171 2733 et
2200 2680 2586 2748 operationem
2624 2679 2680 2731 in
2716 2678 2880 2731 nobis
2920 2678 3044 2731 tieri
3079 2678 3402 2742 conﬁtetur,
3447 2696 3529 2732 re-

1838 2768 1984 2822 sistit
2031 2768 2139 2837 ipsi
2184 2768 2420 2837 Spiritui
2473 2771 2664 2819 sancto
2718 2782 2818 2835 per
2865 2767 3226 2819 Salomonem
3268 2766 3523 2819 dicenti:

1842 2878 1869 2905 ‹‹
1904 2858 2262 2926 Praeparatur
2307 2856 2567 2908 voluntas
2600 2873 2628 2906 a
2662 2855 2902 2908 Domino
2940 2858 3111 2922 (Prov.
3164 2870 3278 2921 vm,
3326 2858 3383 2908 3t
3422 2870 3523 2909 sec.

1837 2944 2039 3014 LXX);
2075 2966 2101 2991 »
2139 2949 2193 2996 et
2226 2944 2495 3012 Apostolo
2534 2942 2839 2995 salubriter
2864 2942 3199 3010 prasdicanti
3233 2960 3249 2994 :
3297 2962 3324 2989 α
3381 2942 3526 2993 Deus

1838 3039 1923 3086 est
1964 3033 2060 3103 qui
2096 3038 2367 3102 operatur
2408 3032 2465 3084 in
2505 3031 2688 3097 nobis,
2739 3036 2793 3082 et
2822 3030 2964 3083 velle
2997 3035 3051 3082 et
3100 3030 3373 3099 perlicere
3419 3045 3523 3098 pro

1834 3123 1986 3175 bona
2018 3122 2329 3173 voluntate.
2370 3120 2417 3189 »ξι
2440 3121 2598 3183 Quod
2641 3124 2831 3171 autem
2868 3118 2947 3171 ibi
2978 3118 3313 3187 simpliciter
3360 3118 3522 3171 intel-

1834 3211 2034 3279 ligitur
2058 3212 2234 3264 Deum
2276 3226 2476 3261 omnes
2501 3208 2762 3261 homines
2801 3208 2941 3261 velle
2986 3208 3167 3260 salvos
3200 3207 3324 3260 ﬁeri
3370 3206 3527 3260 boni-

1834 3305 1950 3353 tate
1981 3300 2191 3352 scilicet
2223 3299 2506 3353 Creatoris
2547 3298 2646 3363 (ita
2677 3303 2739 3349 ut
2788 3300 3080 3366 putamus)
3131 3296 3377 3349 ﬁdeliter
3420 3312 3525 3365 po-

1832 3393 1944 3441 test
1975 3388 2169 3457 recipi,
2222 3388 2267 3439 si
2310 3388 2455 3440 hanc
2504 3387 2853 3439 voluntatem
2905 3386 3174 3438 bonitatis
3221 3401 3337 3437 suae
3392 3400 3527 3452 erga

1833 3477 2075 3529 salutem
2110 3476 2413 3529 hominum
2449 3491 2565 3527 non
2612 3475 2874 3527 credatur
2917 3474 3169 3526 humana
3217 3472 3525 3525 obsistente

1831 3566 2123 3618 voluntate
2156 3564 2397 3632 implere
2430 3579 2540 3615 non
2574 3578 2757 3631 posse,
2792 3562 2887 3615 sed
2932 3561 3240 3614 obsistente
3272 3561 3525 3613 humana

1830 3653 2134 3723 iniquitate
2209 3652 2446 3721 implere
2518 3651 2686 3703 nolle.
2747 3650 2883 3713 Qum
2961 3649 3157 3702 omnia
3222 3665 3351 3701 cum
3405 3654 3520 3702 tam

1833 3741 2073 3795 obscura
2100 3740 2235 3807 sint,
2269 3745 2325 3792 et
2356 3743 2470 3791 tam
2522 3738 2803 3808 profunda
2836 3742 3006 3807 atque
3053 3738 3342 3806 perplexa,
3390 3738 3517 3791 nol-

1830 3830 2014 3883 lemus
2063 3829 2212 3881 inter
2248 3828 2449 3881 fratres
2476 3831 2531 3879 et
2560 3826 2915 3879 charissimos
2953 3831 3178 3878 nostros
3200 3824 3415 3895 aliquid
3447 3825 3516 3879 de

1830 3917 1919 3972 his
1965 3916 2318 3970 contentiose
2349 3916 2610 3969 ventilari
2647 3915 2731 3967 vel
2764 3919 2975 3967 temere
3009 3913 3257 3979 deﬁniri,
3288 3914 3384 3967 sed
3416 3931 3518 3982 po-

1832 4006 1945 4060 tius
1977 4007 2128 4076 quod
2156 4006 2215 4059 in
2249 4005 2329 4058 eis
2360 4010 2575 4058 certum
2608 4008 2690 4057 est
2719 4003 2841 4056 sine
2872 4001 3227 4055 dubitatione
3267 4002 3514 4055 defendi.

1831 4095 1995 4158 Quod
2024 4100 2218 4147 autem
2255 4094 2424 4147 etiam
2456 4093 2605 4146 inter
2647 4108 2884 4161 magnos
2922 4091 3144 4144 diverso
3192 4090 3386 4153 modo,
3421 4089 3519 4143 sed

1832 4200 1946 4237 non
1981 4184 2201 4236 diversa
2250 4184 2459 4253 pietate
2491 4182 2800 4235 sentientes
2847 4180 3183 4249 ambiguum
3233 4182 3399 4249 atque
3431 4178 3516 4232 in-

1829 4276 2048 4325 certum
2086 4272 2382 4334 remansit,
2427 4271 2602 4324 etiam
2629 4270 2778 4339 apud
2820 4285 2926 4322 nos
2965 4274 3019 4321 et
3050 4274 3379 4321 reverenter
3422 4267 3521 4321 ho-

64 4361 302 4415 tendens:
356 4364 669 4427 bonitatem,
717 4377 832 4431 qua
865 4377 977 4413 non
1009 4360 1129 4412 vult
1160 4376 1290 4411 eum
1325 4359 1543 4429 perire;
1584 4374 1722 4411 seve-
1761 4374 1803 4427 ι)
1837 4360 2049 4427 norari,
2102 4360 2236 4429 quia
2282 4364 2551 4412 neutrum
2613 4373 2810 4411 eorum
2841 4357 3065 4409 videtur
3114 4372 3235 4408 esse
3292 4356 3521 4419 falsum,

66 4450 261 4511 ritatcm,
319 4467 437 4520 qua
490 4453 954 4519 perseverantem
996 4448 1056 4501 in
1099 4448 1400 4517 iniquitate
1457 4463 1571 4499 non
1604 4447 1727 4499 vult

67 4532 372 4604 impunitum
407 4539 756 4607 relinquere.
797 4536 853 4591 Si
884 4552 1019 4606 ergo
1050 4535 1159 4588 hoc
1188 4535 1339 4605 quod
1368 4535 1436 4588 de
1470 4550 1583 4587 uno
1626 4534 1725 4587 ho-

68 4622 188 4675 mine
208 4625 452 4678 diximus
479 4642 492 4678 :
522 4628 599 4680 De
617 4625 883 4679 universo
907 4639 1113 4693 genere
1138 4622 1441 4676 hominum
1485 4638 1724 4691 pereun-

66 4709 180 4763 tium
222 4712 492 4767 similiter
538 4714 914 4783 intelligatur,
963 4716 1151 4783 potest
1192 4711 1433 4765 forsitan
1466 4727 1582 4763 non
1626 4709 1720 4763 ab-

71 4800 202 4852 surde
259 4802 363 4856 dici
397 4802 557 4873 quod
609 4803 755 4856 Deus
786 4817 986 4854 omnes
1033 4800 1296 4853 homines
1348 4799 1483 4851 velit
1542 4798 1723 4851 salvos

70 4886 161 4939 ﬁeri
190 4888 437 4944 bonitate
471 4890 784 4955 Creatoris;
817 4893 874 4942 et
919 4893 1115 4942 tamen
1156 4904 1253 4939 eos
1284 4904 1427 4957 quos
1458 4886 1726 4955 indignos

72 4975 214 5029 salute
234 4978 599 5046 judicaverit,
621 4978 776 5047 justa
798 4978 1007 5048 judicis
1051 4976 1349 5031 severitate
1381 4991 1497 5029 non
1525 4976 1721 5030 salvet.

74 5059 181 5115 Nam
204 5072 256 5118 et
283 5066 339 5119 in
385 5083 503 5120 uno
546 5066 801 5133 homine,
835 5071 899 5119 ut
938 5066 1059 5136 jam
1102 5065 1317 5121 dictum
1350 5068 1454 5129 est,
1508 5067 1727 5116 utrum-

73 5164 154 5215 que
181 5153 292 5207 ﬁeri
336 5172 509 5226 posse
562 5155 815 5209 ostendit
841 5154 1168 5224 Apostolus,
1220 5153 1460 5207 dicens:
1508 5173 1534 5199 «
1585 5151 1725 5205 Vide

73 5252 176 5307 ergo
202 5241 514 5298 bonitatem
562 5248 620 5296 et
668 5244 1026 5296 severitatem
1077 5242 1197 5306 Dei,
1246 5242 1303 5294 in
1334 5240 1449 5294 illis
1492 5240 1726 5311 quidem

75 5327 149 5393 qui
173 5331 486 5386 ceciderunt
533 5332 892 5384 severitatem
919 5348 931 5384 :
964 5331 1023 5383 in
1073 5336 1127 5383 te
1157 5334 1349 5383 autem
1380 5329 1724 5392 bonitatem,

76 5414 497 5484 sipermanseris
540 5421 602 5473 in
646 5420 919 5487 bonitate,
970 5418 1229 5489 alioquin
1260 5424 1317 5471 et
1360 5423 1421 5471 tu
1456 5417 1727 5471 excideris

76 5503 217 5559 «Rom.
247 5525 317 5573 xl,
344 5511 467 5577 2'2);
506 5527 532 5560 ι
582 5508 733 5578 quod
769 5514 852 5561 est
889 5513 1084 5577 aperte
1117 5508 1475 5559 severitatem
1507 5506 1727 5559 denun-

81 5590 186 5645 tiare
213 5595 287 5649 illi
319 5598 413 5667 qui
446 5613 569 5651 non
605 5596 977 5665 permanserit
1008 5596 1067 5648 in
1099 5595 1370 5648 bonitate.

1832 4451 1927 4503 vel
1986 4450 2121 4503 fidei
2153 4448 2540 4514 contrarium;
2576 4454 2631 4501 et
2685 4447 2865 4516 magis
2900 4447 2960 4499 in
2989 4446 3199 4498 talibus
3229 4443 3518 4513 inquietos

1833 4544 1889 4592 et
1936 4537 2327 4591 contentiosos
2382 4537 2452 4589 ad
2498 4534 2928 4605 tranquillitatis
2956 4539 3013 4587 et
3041 4533 3361 4585 sobrietatis
3390 4548 3519 4583 mo-

1833 4627 2072 4681 destiam
2126 4624 2445 4695 provocari,
2507 4640 2679 4694 quam
2732 4639 2837 4692 pro
2886 4622 3173 4675 inusitatis
3228 4625 3282 4673 et
3334 4620 3523 4673 minus

1833 4714 2193 4769 elncentibus
2241 4714 2413 4767 rebus
2444 4712 2697 4781 aliquem
2752 4709 3133 4763 immoderata
3192 4708 3521 4762 austeritate

1835 4819 1901 4857 ac
1927 4803 2226 4857 severitate
2256 4799 2538 4855 damnari.

2481 4920 2705 4974 CAPUT
2743 4920 2875 4973 XIV.

2401 5029 2473 5079 Dc
2521 5030 2689 5080 morte
2728 5025 2951 5080 Christi.

1903 5152 2251 5222 Adjungitur
2280 5154 2407 5220 post
2432 5149 2555 5201 haec
2584 5148 2641 5201 in
2672 5146 2911 5217 praefata
2931 5144 3171 5215 epistola
3200 5146 3356 5213 quod
3381 5162 3523 5215 pras-

1836 5239 2105 5292 dicaverit
2145 5238 2240 5290 ille
2286 5235 2625 5288 miserabilis
2667 5233 3002 5296 monachus,
3041 5229 3176 5300 quia
3210 5250 3237 5278 «
3268 5230 3525 5285 Christus

1835 5342 1953 5380 non
1986 5326 2143 5378 venit
2176 5330 2237 5377 ut
2269 5339 2469 5377 omnes
2501 5323 2764 5382 salvaret,
2799 5338 2899 5374 nec
2930 5334 3126 5390 passus
3151 5323 3237 5371 est
3265 5334 3371 5388 pro
3403 5336 3525 5372 om-

1836 5415 2025 5477 nibus,
2076 5414 2188 5466 nisi
2243 5411 2605 5465 solummodo
2650 5426 2753 5480 pro
2800 5409 2887 5462 his
2917 5408 3015 5478 qui
3068 5406 3351 5475 passionis
3403 5408 3526 5477 ejus

1837 5504 2128 5557 salvantur
2159 5500 2451 5572 mysterio.
2489 5524 2513 5545 ιι
2548 5500 2653 5554 Sed
2684 5504 2741 5553 et
2786 5498 2855 5552 de
2883 5498 2987 5551 hac
3015 5495 3331 5564 quastione
3382 5497 3525 5550 nihil

1839 5591 2095 5655 confuse,
2137 5596 2195 5643 et
2224 5586 2639 5641 inconsiderate
2680 5585 2812 5651 dici,
2862 5584 2949 5637 vel
2978 5582 3207 5636 deﬁniri
3232 5584 3527 5648 vellemus,
