3884 6218
315 383 440 436 1011

1483 383 1796 436 .BEMICII
1842 381 2326 437 LUCDUNENSIS
2371 381 2698 437 EPISCOPI

3689 389 3798 437 tul".i

309 515 484 569 habet
513 515 664 568 enim
697 520 754 568 et
803 515 925 584 ipsa
965 514 1434 584 profunditatem,
1494 518 1548 566 et
1601 514 1990 566 difficultatem
2033 515 2077 566 Α
2103 519 2185 566 est
2215 512 2550 582 propitiatio
2593 529 2695 582 pro
2732 513 2972 582 peccatis
3019 517 3255 576 nostris;
3311 531 3426 568 non
3475 531 3586 584 pro
3615 517 3806 569 nostris

311 620 491 669 suam,
527 620 638 656 non
688 609 878 656 nostra
929 603 1401 672 praesumptione,
1451 603 1545 654 sed
1581 603 2000 672 Seripturarum

311 698 634 744 sanctarum
667 691 930 758 veritate,
966 696 1022 744 et
1053 690 1506 743 orthodoxurum
1541 692 1774 744 Patrum
1814 695 2002 742 aucto-

309 779 476 830 ritate
511 778 840 848 diligentius
877 778 1366 846 perscrutandam,
1398 783 1452 829 et
1483 778 1539 830 in
1571 783 1848 848 quantum
1899 778 2003 828 Do-

311 867 501 919 minus
533 868 756 935 aperire
785 866 1076 934 dignatur,
1120 866 1364 918 fideliter
1393 865 1850 934 intelligendam.
1895 866 2005 917 Nos

311 955 462 1006 enim
497 955 824 1007 firmissime
861 960 1146 1020 tenemus,
1181 971 1286 1006 nec
1335 955 1614 1006 ullatenus
1654 953 2005 1021 dubitamus,

306 1043 466 1110 juxta
502 1043 888 1112 evangelicam
919 1049 974 1096 et
1009 1043 1374 1112 apostolicam
1433 1043 1626 1106 fidem,
1699 1041 2003 1094 Dominum

313 1137 575 1186 nostrum
619 1131 810 1183 Jesum
863 1130 1170 1194 Christum,
1223 1135 1510 1199 pastorem
1565 1129 1780 1182 bonum
1833 1151 1860 1178 ‹‹
1895 1130 2010 1182 ani-

315 1233 468 1270 mam
520 1233 681 1270 suam
734 1218 990 1288 posuisse
1039 1234 1142 1286 pro
1191 1219 1389 1270 ovibus
1437 1218 1594 1284 suis;
1631 1241 1650 1264 υ
1706 1218 1852 1271 sicut
1889 1218 2009 1287 ipse

314 1306 495 1358 dicit:
543 1306 709 1376 «Ego
743 1322 868 1358 sum
919 1311 1109 1374 pastor
1151 1305 1337 1358 bonus
1372 1322 1383 1358 :
1421 1306 1604 1358 bonus
1651 1311 1842 1374 pastor
1887 1308 2007 1358 ani-

315 1410 468 1447 mam
493 1410 654 1446 snam
681 1394 777 1447 dat
809 1411 911 1463 pro
931 1393 1145 1446 ovibus.
1175 1413 1200 1442 υ
1235 1395 1296 1446 Et
1327 1393 1531 1448 iterum
1569 1411 1581 1447 :
1620 1415 1644 1444 (ι
1673 1395 1828 1446 Sicut
1851 1395 2010 1446 novit

315 1499 406 1536 me
441 1485 626 1550 Pater,
649 1487 705 1535 et
736 1499 840 1551 ego
875 1498 1121 1551 agnosco
1157 1484 1400 1535 Patrem.
1439 1484 1504 1534 Et
1528 1485 1778 1536 animam
1823 1499 2010 1535 meam

315 1589 469 1642 pono
511 1587 614 1641 pro
647 1571 846 1624 ovibus
869 1571 1012 1623 meis
1032 1571 1223 1640 (Joan.
1259 1587 1312 1636 ιι,
1351 1572 1433 1637 14»,
1476 1573 1581 1642 15).
1621 1593 1646 1618 ››
1679 1573 1753 1625 De
1800 1571 2009 1642 quibus

318 1660 518 1714 ovibus
551 1660 686 1712 alibi
724 1659 930 1713 dicitur
960 1676 971 1712 :
1009 1681 1035 1706 ‹‹
1069 1659 1222 1712 Sicut
1249 1659 1399 1712 filius
1431 1659 1682 1712 hominis
1716 1676 1827 1712 non
1859 1661 2013 1714 venit

319 1749 650 1816 ministrari,
686 1749 782 1801 sed
815 1748 1161 1808 ministrare,
1208 1753 1264 1800 et
1299 1749 1434 1800 dare
1475 1747 1730 1800 animam
1763 1765 1922 1801 suam
1953 1750 2009 1802 in

319 1837 774 1906 redemptionem
799 1853 902 1906 pro
933 1836 1128 1889 multis
1154 1837 1371 1906 (Matth.
1397 1853 1482 1902 xx,
1513 1839 1603 1902 28)
1631 1853 1643 1889 :
1670 1855 1697 1886 )›
1729 1841 1784 1889 et
1816 1852 1828 1888 :
1860 1857 1880 1884 ι
1911 1837 2013 1889 llic

321 1931 404 1978 est
439 1927 578 1978 calix
613 1925 910 1994 sanguinis
961 1923 1074 1976 mei
1131 1923 1270 1977 Novi
1329 1925 1696 1990 Testamenti,
1751 1925 1851 1995 qui
1905 1940 2011 1994 pro

319 2014 501 2080 vobis,
535 2019 588 2067 et
617 2031 722 2084 pro
769 2013 961 2066 multis
990 2013 1313 2066 efi'undetur
1355 2013 1414 2065 in
1449 2012 1850 2066 remissionem
1889 2029 2014 2084 pec-

319 2109 576 2156 catorum
615 2103 826 2172 (Matth.
875 2118 1017 2169 xxvr,
1068 2104 1182 2170 28)..
1219 2122 1238 2148 ο
1295 2102 1452 2154 Unde
1499 2106 1555 2154 et
1583 2103 1885 2172 Apostolus
1927 2103 2010 2156 di—

319 2191 392 2244 cit
429 2208 439 2244 :
472 2211 500 2242 «
550 2192 636 2245 Sic
685 2195 742 2244 et
773 2189 1027 2246 Christus
1077 2190 1248 2242 semel
1299 2190 1521 2242 oblatus
1561 2197 1646 2244 est
1677 2191 1746 2244 ad
1797 2191 2012 2244 multo-

321 2297 446 2333 rum
480 2280 866 2333 exhaurienda
895 2285 1124 2348 peccata
1147 2279 1326 2348 (Hebr.
1369 2296 1443 2344 ix,
1475 2281 1589 2348 28).
1627 2299 1652 2330 ››
1697 2281 1760 2332 Et
1789 2280 1890 2350 qui
1919 2279 2014 2332 isti

319 2375 452 2422 sunt
497 2368 932 2437 diligentissime
979 2367 1397 2420 commendavit
1435 2366 1670 2420 dicens:
1724 2369 1842 2420 «Et
1893 2384 2012 2420 am-

321 2459 514 2510 bulate
543 2458 600 2509 in
634 2455 954 2522 dilectione,
989 2457 1134 2508 sicut
1163 2461 1218 2508 et
1259 2455 1514 2510 Christus
1553 2455 1744 2508 dilexit
1803 2473 1926 2522 nos,
1961 2461 2016 2508 et

323 2545 558 2598 tradidit
578 2545 950 2614 semetipsum
975 2561 1074 2614 pro
1103 2543 1267 2596 nobis
1290 2543 1635 2596 oblationem
1671 2549 1727 2598 et
1767 2543 2011 2597 hostiam

325 2636 438 2688 Deo
487 2635 548 2686 in
599 2633 772 2686 odore
831 2632 1124 2686 suavitatis
1177 2633 1394 2701 (Ephes.
1431 2649 1480 2698 v,
1529 2633 1603 2700 2).
1644 2654 1663 2678 ι
1717 2633 1783 2684 Et
1830 2633 2012 2686 alibi:

324 2744 350 2772 «
386 2725 608 2786 Quanto
651 2721 851 2788 magis,
879 2743 904 2766 η
955 2721 1163 2790 inquit,
1193 2741 1219 2768 ‹‹
1253 2720 1486 2790 sanguis
1517 2719 1743 2788 Christi,
1777 2720 1876 2790 qui
1914 2737 2018 2790 per

324 2811 600 2880 Spiritum
633 2815 890 2863 sanctum
922 2809 1296 2878 semetipsum
1328 2809 1535 2862 obtulit
1583 2809 2016 2862 immaculatum

325 2902 438 2954 Deo
491 2899 824 2952 emnndavit
870 2898 1276 2951 conscientiam
1333 2901 1578 2950 vestram
1633 2897 1703 2950 ab
1753 2898 2020 2968 operibus

327 2990 587 3053 mortuis,
621 2987 692 3040 ad
726 2987 1088 3040 serviendum
1119 2989 1234 3040 Deo
1269 2985 1480 3038 viventi
1508 2985 1690 3054 (Hebr.
1737 3003 1806 3052 ιχ,
1847 2987 1955 3053 14).
1987 3005 2013 3036 ι)

327 3079 392 3131 Et
421 3077 677 3130 iterum:
719 3097 739 3124 ι
775 3075 882 3138 Qui
929 3073 1085 3128 dedit
1135 3074 1508 3144 semetipsum
1551 3089 1656 3142 pro
1719 3074 1904 3140 nobis,
1956 3079 2020 3127 ut

329 3182 429 3218 nos
461 3164 769 3217 redimeret
801 3162 868 3214 ab
907 3163 1062 3215 omni
1109 3162 1430 3232 iniquitate,
1481 3173 1536 3214 et
1567 3162 1871 3215 mundaret
1909 3162 2018 3216 sibi

327 3255 606 3322 populum
641 3250 1069 3321 acceptabilem,
1095 3255 1428 3303 sectatorem
1461 3250 1744 3303 bonorum
1779 3267 2016 3320 operum

331 3343 460 3411 (Tit.
503 3357 561 3406 ιι,
595 3341 708 3404 14).
744 3361 764 3388 ι
821 3340 883 3392 Et.
913 3340 1026 3392 alio
1073 3339 1195 3392 loco
1227 3355 1238 3391 ε
1296 3360 1322 3388 α
1345 3339 1450 3402 Qui
1477 3339 1658 3392 factus
1693 3340 1868 3392 estin
1911 3355 2016 3392 no-

335 3432 440 3496 his,
474 3451 501 3478 »
559 3431 766 3500 inquit,
811 3447 838 3478 (ι
870 3429 1152 3498 sapientia
1181 3445 1214 3481 a
1263 3429 1380 3482 Deo
1434 3433 1490 3482 et
1529 3428 1750 3496 justitia
1801 3433 1855 3482 et
1889 3446 2014 3482 san-

329 3519 594 3572 ctificatio
651 3523 704 3572 et
763 3517 1084 3588 redemptio
1143 3519 1190 3584 (l
1238 3517 1356 3572 Cor.
1395 3534 1431 3584 ι,
1485 3517 1597 3588 30).
1632 3539 1658 3568 υ
1713 3519 1827 3572 Hoc
1873 3517 2018 3572 etin

329 3609 565 3662 Psalmis
624 3607 888 3660 similiter
949 3611 1032 3660 est
1086 3605 1553 3676 praenuntiatum,
1607 3605 1704 3660 ubi
1749 3607 2014 3660 canitur:

330 3716 358 3746 (ι
391 3696 864 3764 Redemptionem
922 3695 1077 3748 misit
1113 3695 1388 3748 Dominus
1441 3695 1654 3764 populo
1696 3711 1798 3748 suo
1841 3694 2014 3764 (Psat.

329 3801 412 3852 cx,
445 3789 578 3852 9);»
623 3791 716 3838 et:
777 3803 804 3834 (ι
841 3783 1148 3838 Redemisti
1201 3783 1262 3836 in
1311 3783 1543 3836 brachio
1593 3790 1690 3836 tuo
1739 3785 2019 3854 populum

332 3880 493 3928 tuum
545 3875 710 3940 (Psat.
765 3889 946 3939 LXXVI,
1003 3874 1085 3926 16.
1125 3894 1152 3920 »
1207 3873 1268 3925 Et
1314 3873 1572 3925 iterum:
1619 3895 1638 3920 ιι
1675 3872 1820 3936 Quia
1869 3871 2016 3942 apud

329 3964 638 4016 Dominum
689 3961 1096 4026 misericordia,
1154 3967 1207 4014 et
1257 3961 1486 4030 copiosa
1541 3961 1692 4030 apud
1751 3977 1881 4014 eum
1929 3977 2017 4012 re-

331 4051 583 4121 demptio
616 4067 628 4104 :
663 4055 718 4102 et
751 4049 870 4118 ipse
905 4049 1147 4100 redimet
1179 4049 1347 4102 lsrael
1396 4065 1462 4101 ex
1492 4049 1756 4102 omnibus
1804 4047 2017 4119 iniqui-

330 4141 538 4193 tatibus
568 4139 688 4208 ejus
721 4137 887 4206 (Psat.
922 4151 1100 4200 cxxnx,
1136 4140 1185 4202 7,
1218 4136 1289 4204 8).
1321 4157 1339 4183 ι

403 4229 516 4280 Hoc
545 4226 710 4280 nobis
757 4231 810 4278 et
857 4225 1300 4278 sacratissimum
1329 4241 1536 4278 nomen
1559 4225 1681 4294 ejus
1721 4241 2015 4280 commen-

334 4319 428 4372 dat
471 4322 529 4369 et
585 4315 824 4384 angelus
875 4315 1038 4366 docet
1082 4313 1313 4366 (licens:
1355 4335 1372 4360 ε
1432 4314 1497 4366 Et
1540 4315 1763 4367 vocabis
1809 4331 2018 4368 nomen

333 4407 453 4476 ejus
477 4407 689 4469 Jesum,
723 4403 842 4473 ipse
871 4403 1022 4454 enim
1056 4401 1274 4454 salvum
1319 4401 1484 4454 faciet
1529 4403 1806 4472 populum
1855 4419 2020 4456 suum

331 4511 363 4548 a
409 4493 652 4564 peccatis
694 4509 892 4544 eorum
928 4491 1144 4560 (Matth.
1196 4507 1234 4552 ι,
1265 4491 1382 4558 21.)
1417 4511 1436 4536 ι
1497 4491 1603 4543 Pro
1651 4490 1739 4544 his
1771 4507 2019 4562 namque

331 4587 386 4635 et
415 4582 534 4652 ipse
575 4579 851 4634 Dominus
893 4596 950 4631 se
1002 4577 1060 4630 in
1091 4576 1346 4646 patibulo
1379 4577 1558 4630 crucis
1591 4579 1898 4631 exaltatum
1929 4585 2021 4632 te-

332 4677 531 4735 statur,
561 4669 792 4722 dicens:
828 4687 854 4718 «
887 4668 951 4720 Et
980 4667 1127 4720 sicut
1159 4667 1374 4736 Moyses
1407 4665 1668 4719 exaltavit
1698 4672 2020 4738 serpentem

331 4759 390 4811 in
419 4758 666 4822 deserto,
723 4757 800 4808 ita
831 4753 1062 4808 exaltari
1105 4760 1332 4824 oportet
1383 4755 1586 4807 Filium
1635 4755 1915 4820 hominis;
1957 4761 2020 4809 ut

333 4846 520 4900 omnis
551 4845 688 4915 quia
733 4844 912 4897 credit
948 4843 1008 4896 in
1039 4844 1230 4912 ipsum
1281 4859 1398 4896 non
1431 4849 1646 4912 pereat,
1689 4843 1788 4896 sed
1817 4843 2022 4898 habeat

331 4933 508 4986 vitam
565 4937 870 4996 aeternam;
918 4951 937 4976 ι
989 4929 1088 4984 ubi
1131 4937 1185 4982 et
1227 4929 1418 4982 statim
1476 4931 1817 4999 subjnnxit:
1873 4931 2022 4984 «Sic

333 5021 486 5074 enim
517 5026 571 5072 ct
607 5021 754 5073 Deus
781 5018 978 5073 dilexit
1017 5019 1319 5082 mundum,
1353 5023 1417 5072 ut
1445 5018 1630 5071 ﬁlium
1678 5034 1844 5072 suum
1889 5021 2018 5073 uni-

331 5111 590 5180 genitum
666 5109 826 5162 daret
886 5109 1060 5176 (Joa-n.
1121 5124 1202 5174 ιιι,
1263 5109 1470 5174 14-16).
1527 5125 1556 5158 ››
1619 5108 1682 5161 Et
1737 5109 1865 5178 quis
1913 5109 2020 5162 iste

331 5201 404 5252 sit
443 5199 690 5252 mundus
721 5213 892 5266 quem
937 5199 1080 5250 Deus
1111 5197 1327 5260 dilexit,
1364 5203 1418 5249 et
1461 5213 1564 5267 pro
1599 5213 1712 5266 quo
1757 5197 2020 5268 unigeni-

331 5291 454 5341 tum
486 5301 655 5340 snum
695 5285 869 5351 dedit,
907 5285 1176 5338 continuo
1216 5301 1508 5354 exponens
1547 5285 1808 5353 adjunxit
1842 5303 1853 5338 :
1893 5307 1918 5334 «
1953 5287 2023 5340 Ut

333 5375 520 5428 omnis
551 5375 651 5444 qui
681 5375 862 5427 credit
904 5373 965 5425 in
1011 5373 1198 5442 ipsum
1253 5389 1369 5425 non
1409 5379 1624 5442 pereat,
1663 5373 1758 5427 sed
1813 5374 2022 5428 habeat

335 5461 511 5514 vitam
543 5465 836 5524 aeternam,
875 5481 895 5506 ι
943 5460 1020 5512 sic
1061 5461 1216 5513 enim
1271 5467 1328 5512 et
1357 5460 1438 5513 ibi
1485 5461 1892 5530 intelligendus
1940 5465 2024 5514 est

333 5548 581 5602 mundus
613 5548 726 5600 Deo
757 5547 1017 5610 dilectus,
1041 5553 1097 5600 et
1126 5564 1227 5618 per
1253 5547 1616 5617 Unigenitum
1648 5547 1770 5617 ejus
1801 5549 2021 5602 redem-

333 5643 485 5706 ptus,
518 5635 616 5689 ubi
641 5635 844 5688 beatus
871 5635 1115 5688 Joannes
1159 5635 1450 5704 apostolus
1494 5635 1630 5688 dicit
1661 5652 1673 5688 :
1733 5657 1758 5684 ‹‹
1811 5637 1873 5690 Et
1901 5637 2022 5706 ipse

2110 607 2302 654 autem
2355 606 2598 666 tantum,
2657 601 2840 652 sedet
2879 617 2980 671 pro
3041 601 3214 654 totius
3269 602 3476 654 mundi
3537 605 3598 668 (Ι
3657 605 3804 657 me.

2112 705 2169 755 ιι,
2197 691 2280 758 2);
2303 707 2332 740 ι)
2365 694 2420 741 et
2442 689 2536 741 ubi
2564 691 2620 742 Β.
2649 689 2859 742 Paulus
2877 690 3163 758 apostolus
3185 690 3321 744 dicit
3351 707 3408 743 ;‹‹
3447 692 3600 744 Deus
3623 697 3738 742 erat
3761 694 3808 744 in

2113 779 2336 831 Christo
2370 777 2650 830 mundum
2684 777 3057 830 reconcilians
3091 777 3216 842 sibi,
3257 795 3373 831 non
3403 785 3692 848 reputans
3715 783 3810 832 illis

2112 866 2315 920 delicta
2347 866 2596 935 ipsorum
2629 864 2706 934 (II
2741 869 2868 918 ('or.
2895 883 2948 934 v,
2987 867 3096 934 t9).
3137 889 3156 912 ι
3199 869 3286 919 Est.
3337 883 3598 938 namque
3657 884 3812 920 mun-

2113 955 2218 1008 dus
2250 953 2306 1005 in
2355 953 2685 1006 infidelibus
2745 971 2904 1005 in..n'
2951 971 3014 1006 us
3057 956 3187 1020 Deo,
3243 971 3342 1008 nec
3411 956 3816 1008 reconciliatus

2115 1043 2250 1095 Deo.
2279 1043 2354 1095 De
2390 1057 2504 1111 quo
2549 1041 2824 1110 scriptum
2869 1049 2996 1094 est:
3041 1061 3067 1092 α
3109 1043 3170 1094 Et
3215 1044 3466 1095 mundus
3521 1060 3666 1096 eum
3709 1061 3810 1096 non

2115 1130 2456 1200 cognovit.»
2485 1131 2544 1182 lit
2569 1131 2772 1183 iterum
2806 1147 2817 1183 :
2853 1152 2878 1178 ‹‹
2907 1131 2968 1183 Et
2997 1131 3244 1183 mundus
3274 1135 3424 1184 totus
3457 1134 3514 1184 in
3563 1133 3816 1202 maligno

2117 1219 2338 1288 positus
2374 1223 2455 1271 est
2487 1221 2542 1286 (Ι
2567 1221 2721 1271 Joun.
2769 1236 2819 1283 v,
2859 1219 2962 1288 19).
2994 1239 3019 1268 ι›
3069 1219 3240 1272 Totus
3285 1236 3420 1289 ergo
3464 1221 3730 1274 mundus
3771 1223 3816 1272 in

2118 1309 2323 1372 salute,
2357 1312 2413 1358 et
2443 1311 2593 1359 totus
2623 1307 2678 1360 in
2723 1307 3144 1374 incredulitate;
3180 1313 3331 1360 totus
3377 1309 3433 1361 in
3479 1309 3814 1362 reconcilia-

2119 1395 2288 1456 tione,
2330 1401 2384 1446 et
2417 1401 2568 1448 totus
2619 1395 2678 1448 in
2725 1395 3068 1460 inimicitiis;
3121 1397 3253 1466 quia
3285 1403 3336 1449 et
3369 1398 3464 1450 ille
3487 1399 3544 1450 in
3583 1415 3694 1450 suo
3725 1416 3814 1466 ge-

2121 1499 2254 1534 nere
2289 1487 2461 1550 totus,
2497 1487 2552 1536 et
2583 1483 2687 1536 iste
2717 1483 2778 1535 in
2827 1499 2928 1536 suo
2960 1499 3168 1552 genere
3203 1487 3356 1536 totus
3403 1485 3818 1556 intelligendus

2120 1576 2223 1624 est.

2781 1659 3005 1712 CAPUT
3042 1660 3154 1712 XV.

2122 1765 2264 1820 Ordo
2303 1766 2788 1830 reconciliationis;
2847 1769 2895 1818 t.
2943 1766 3284 1831 Etectorum;
3323 1769 3373 1819 2.
3407 1767 3688 1821 Fidctium
3719 1784 3824 1820 om-

2191 1839 2341 1888 nium
2390 1839 2486 1902 qui
2531 1852 2636 1888 non
2659 1843 3038 1904 perseverant;
3093 1839 3144 1890 3.
3181 1837 3589 1907 Vocontiorum;
3647 1841 3708 1892 4.
3749 1841 3824 1892 In-

2193 1907 2430 1974 ﬁdelium
2443 1947 2453 1956 .

2193 2013 2254 2064 In
2284 2011 2386 2065 hac
2411 2011 2822 2083 redemptionis
2853 2017 2908 2066 et
2949 2013 3425 2068 reconciliationis
3471 2017 3666 2084 gratia
3717 2017 3822 2086 pri-

2124 2117 2250 2154 mus
2295 2102 2433 2154 ordo
2473 2107 2556 2154 est
2595 2103 2904 2154 electorum
2939 2109 2992 2154 et
3034 2103 3576 2172 praedestinatorum
3627 2105 3700 2156 ad
3751 2107 3818 2156 vi-

2123 2195 2236 2243 tam
2270 2195 2547 2243 aeternam
2583 2207 2594 2243 :
2631 2190 2698 2244 de
2722 2191 2930 2260 quibus
2959 2191 3146 2260 perire
3179 2193 3370 2244 nullus
3397 2197 3610 2260 potest,
3641 2201 3700 2246 et
3731 2195 3820 2262 qui

2124 2279 2359 2330 omnino
2389 2295 2588 2330 omnes
2629 2281 2916 2332 salvantur
2949 2287 3003 2331 et
3053 2279 3122 2332 ad
3168 2295 3310 2349 quos
3359 2280 3634 2348 pertinet,
3671 2281 3818 2350 quod

2125 2367 2399 2419 Dominus
2429 2367 2602 2418 dicit:
2644 2389 2668 2414 ‹‹
2705 2367 2812 2430 Qui
2847 2367 3290 2436 perseveraverit
3319 2385 3494 2438 usque
3529 2369 3586 2422 in
3623 2369 3820 2428 finem.

2123 2455 2216 2508 hic
2264 2455 2452 2508 salvus
2501 2455 2608 2507 erit
2640 2457 2852 2524 (Matth.
2899 2473 2950 2520 χ,
3001 2455 3111 2522 22).
3145 2475 3170 2504 ι)
3207 2456 3502 2508 Secundus
3541 2457 3690 2508 ordo
3742 2463 3818 2508 est

2127 2559 2328 2596 eorum
2357 2543 2612 2595 fidelium
2647 2543 2746 2612 qui
2778 2548 2924 2596 recta
2959 2543 3068 2596 fide
3095 2549 3148 2596 et
3177 2544 3386 2612 pietate
3435 2545 3716 2596 accedunt
3759 2545 3818 2596 ad

2126 2631 2370 2699 gratiam
2403 2629 2690 2699 baptismi,
2717 2637 2772 2684 et
2803 2647 2905 2700 per
2935 2647 3060 2684 eam
3095 2631 3376 2700 accipiunt
3399 2633 3816 2702 indulgentiam

2126 2723 2513 2788 peccatorum,
2553 2719 2820 2788 baptizati
2865 2720 2924 2771 in
2965 2725 3146 2772 morte
3191 2721 3418 2786 Christi,
3453 2727 3508 2774 ct
3559 2723 3744 2775 abluti
3791 2739 3820 2773 a

2127 2806 2372 2876 peccatis
2403 2807 2518 2860 suis
2549 2808 2606 2860 in
2641 2807 2918 2877 sanguine
2949 2809 3091 2878 ejus,
3127 2825 3188 2862 ac
3221 2825 3323 2878 per
3357 2811 3464 2862 hoc
3517 2811 3822 2880 participes

2125 2895 2536 2964 redemptionis
2566 2895 2743 2965 ipsius
2795 2897 3008 2962 effecti;
3061 2899 3154 2950 sed
3189 2903 3386 2967 postea
3429 2900 3666 2952 diversis
3713 2905 3822 2952 ten-

2127 2984 2440 3036 talionibus
2471 2989 2524 3036 et
2559 2985 2959 3054 iniquitatibus
2991 2985 3232 3054 gratiam
3268 2985 3446 3056 ipsius
3479 2987 3610 3040 fidei
3643 2995 3698 3040 et
3731 3005 3818 3040 re-

2059 3109 2096 3163 C
2128 3071 2474 3141 demptionis
2506 3073 2772 3126 amittunt
2823 3080 3255 3142 perseverantes
3297 3075 3356 3127 in
3391 3079 3557 3128 malis
3587 3077 3724 3142 suis,
3769 3085 3818 3128 et

2129 3161 2204 3212 sic
2241 3161 2308 3213 de.
2340 3163 2544 3214 saeculo
2576 3167 2862 3214 exeuntes.
2901 3163 2976 3215 De
3029 3162 3294 3232 qualibus
3327 3163 3464 3216 dicit
3519 3167 3816 3234 Apostolus

2130 3249 2277 3318 quod
2311 3269 2334 3298 ί(
2371 3265 2609 3318 regnum
2647 3250 2744 3303 Dei
2771 3266 2882 3302 non
2911 3255 3335 3320 consequentur
3363 3251 3509 3318 (Gal.
3543 3269 3594 3316 v,
3633 3255 3748 3314 21ς)
3797 3275 3814 3299 ι

2129 3341 2184 3390 et
2225 3357 2250 3388 «
2287 3337 2422 3406 quia
2455 3354 2570 3390 non
2597 3339 2806 3392 habent
2831 3339 3221 3392 haereditatem
3255 3339 3312 3392 in
3341 3356 3519 3409 regno
3544 3343 3814 3394 Christiet

2131 3427 2229 3478 Dei
2259 3427 2482 3494 (Ephes.
2515 3443 2567 3494 v,
2618 3430 2700 3494 5);
2733 3449 2758 3474 n
2805 3428 3012 3496 quibus
3040 3429 3212 3480 etiam
3249 3428 3524 3481 Dominus
3563 3446 3616 3481 se
3649 3431 3818 3482 dit-tn-

2129 3531 2259 3568 rum
2293 3515 2698 3582 comminatur,
2729 3515 2922 3568 dicens
2959 3532 2972 3568 :
3007 3535 3033 3565 ‹‹
3064 3521 3240 3596 A_men
3273 3517 3393 3570 dico
3427 3519 3605 3582 vobis,
3633 3518 3818 3570 nescio

2129 3619 2222 3656 vos
2238 3603 2454 3672 (Matth.
2481 3620 2600 3662 xxv.
2624 3607 2715 3668 l2;
2753 3623 2776 3653 ι)
2799 3604 2950 3658 unde
2965 3605 3186 3657 etidem
3204 3605 3494 3673 apostolus
3520 3605 3588 3658 de
3609 3604 3818 3656 eisdem

2129 3692 2370 3762 gratiam
2404 3693 2606 3746 Christi
2639 3693 2696 3745 in
2729 3692 2972 3746 Ecclesia
3002 3693 3343 3758 consecutis,
3369 3693 3466 3745 sed
3499 3709 3622 3746 eam
3665 3693 3823 3744 mini-

2133 3797 2220 3833 me
2252 3779 2607 3832 servantibus
2627 3781 2958 3834 terribiliter
2979 3781 3282 3834 denuntiat
3301 3781 3528 3834 dicens:
3557 3781 3820 3844 «Quanto

2131 3869 2313 3938 magis
2346 3867 2558 3937 putatis
2587 3869 2874 3922 deteriora
2910 3869 3116 3921 mereri
3149 3869 3450 3938 supplicia,
3489 3871 3584 3940 qui
3621 3871 3820 3922 Filium

2131 3955 2230 4010 D--i
2263 3957 2697 4024 conculcaverit,
2733 3963 2788 4008 et
2819 3957 3157 4026 sanguinem
3183 3957 3508 4010 testamenti
3543 3958 3822 4026 pollutum

2130 4043 2373 4110 duxerit,
2405 4043 2466 4096 in
2497 4060 2611 4114 quo
2661 4044 3046 4097 sanctificatus
3097 4049 3202 4112 est,
3251 4049 3306 4096 et
3343 4044 3574 4112 spiritui
3625 4046 3822 4114 gratiae

2130 4133 2538 4186 contumeliam
2567 4133 2761 4186 fecerit
2785 4133 2964 4204 (Hebr.
2987 4149 3042 4198 x,
3075 4132 3184 4202 29).
3222 4155 3246 4180 ››
3281 4133 3348 4184 Et
3385 4135 3592 4187 iterum
3623 4151 3636 4186 :
3671 4159 3696 4180 «ι
3727 4135 3824 4187 Im-

2129 4221 2396 4292 possibile
2431 4227 2516 4274 est
2555 4223 2708 4274 enim
2769 4239 2884 4288 eos,
2936 4223 3035 4292 qui
3070 4221 3244 4274 semel
3303 4227 3432 4275 sunt
3499 4223 3820 4280 illuminati.

2130 4316 2505 4380 gnstaverunt
2541 4311 2711 4364 etiam
2745 4311 2962 4363 donum
2994 4310 3237 4375 cudeste,
3273 4317 3326 4362 et
3357 4311 3667 4381 participes
3701 4319 3824 4364 sunt

2063 4403 2104 4457 D
2136 4401 2264 4455 facti
2319 4401 2561 4470 Spiritus
2618 4400 2826 4464 sancti;
2873 4405 3244 4469 gnstaverunt
3299 4401 3682 4454 nihilominus
3725 4403 3824 4454 bo-

2131 4507 2270 4544 num
2299 4490 2396 4543 Dei
2425 4490 2684 4556 verbum,
2721 4491 3076 4560 virtutesque
3105 4489 3296 4542 saeculi
3331 4489 3572 4549 venturi,
3615 4495 3670 4542 et
3699 4507 3820 4560 pro-

2131 4579 2274 4649 lapsi
2316 4583 2466 4642 sunt,
2509 4577 2768 4630 renovari
2811 4594 3004 4630 rursus
3035 4578 3102 4630 ad
3145 4595 3210 4648 p':
3241 4577 3562 4646 nitentiam,
3599 4595 3820 4631 rursum

2131 4667 2528 4738 crucifigentes
2560 4665 2930 4736 sibimetipsis
2971 4667 3174 4719 Filium
3207 4667 3324 4730 Dei,
3365 4672 3421 4720 et
3447 4669 3694 4721 ostentui
3729 4669 3820 4720 ha-

2129 4757 2328 4809 bentes
2394 4755 2574 4827 (Hebr.
2631 4771 2704 4818 vr,
2755 4757 2872 4810 4-6.
2925 4775 2951 4806 ››
2985 4757 3260 4824 ,Propter
3315 4755 3422 4808 hoc
3475 4756 3822 4810 horrendum

2131 4847 2344 4898 malum
2387 4843 2877 4914 transgressionis,
2933 4849 2989 4897 et
3059 4843 3388 4896 amissionis
3441 4845 3644 4912 gratia:
3711 4845 3822 4906 Dei,

2131 4932 2290 4985 omni
2325 4933 2641 4984 intentione
2663 4931 2976 4983 cavendum
3001 4937 3169 5000 atque
3201 4931 3540 5000 fugiendum
3561 4953 3576 4996 -,
3597 4935 3750 4985 omni
3771 4935 3824 4985 ti-

2133 5019 2244 5074 deli
2298 5020 2574 5074 Dominus
2635 5019 2692 5072 in
2756 5020 3094 5089 Apocalypsi
3154 5019 3336 5072 dicit:
3398 5041 3420 5067 ι
3479 5021 3632 5074 Tene
3678 5021 3820 5090 quod

2131 5109 2325 5174 habes,
2361 5113 2422 5160 ut
2470 5125 2640 5161 nemo
2671 5107 2910 5177 accipiat
2955 5123 3228 5161 coronam
3279 5115 3436 5161 tuam
3500 5109 3694 5178 (Apoc.
3747 5127 3820 5162 in.

2135 5197 2240 5266 11).
2273 5217 2298 5244 ››
2349 5197 2416 5249 Et
2453 5197 2710 5249 iterum:
2767 5218 2786 5242 α
2829 5197 2955 5249 Esto
2991 5197 3176 5248 fidelis
3219 5212 3400 5266 usque
3451 5197 3520 5248 ad
3565 5205 3818 5258 mortem,

2133 5291 2188 5338 et
2214 5285 2358 5338 dabo
2391 5285 2495 5338 tibi
2525 5300 2794 5338 coronam
2827 5284 2954 5336 vitae
2979 5283 3169 5354 (Apoc.
3205 5299 3262 5348 ll,
3295 5283 3398 5352 10).
3441 5307 3458 5330 ι
3489 5285 3556 5336 Et
3584 5289 3820 5354 Aposto-

2132 5374 2220 5426 lus
2271 5375 2536 5426 admonet
2603 5377 2774 5443 atque
2837 5373 3119 5438 hortatur,
3170 5371 3402 5424 dicens:
3467 5395 3487 5418 ι
3523 5375 3822 5442 Participes

2133 5459 2284 5514 enim
2316 5461 2522 5515 Christi
2547 5461 2732 5515 effecti
2761 5477 2979 5526 sumus,
3015 5461 3273 5512 sitamen
3295 5459 3524 5514 initium
3560 5462 3818 5515 substan-

2131 5551 2226 5603 tiae
2248 5565 2427 5619 usque
2455 5551 2522 5602 ad
2549 5549 2721 5602 ﬁnem
2753 5549 2982 5602 firmum
3017 5555 3313 5602 teneamus
3347 5549 3532 5618 (Hebr.
3555 5567 3631 5612 in.
3665 5553 3768 5620 li);
3797 5571 3816 5600 ι)

2133 5643 2188 5690 et
2217 5638 2423 5690 iterum
2458 5653 2470 5690 :
2511 5659 2531 5686 ι
2557 5637 2818 5692 Christus
2851 5654 2981 5690 vero
3015 5643 3288 5708 tanquam
3337 5639 3490 5692 illius
3551 5641 3610 5692 in
3659 5641 3816 5694 domo
