3884 6218
65 242 192 294 lolii

1339 246 1545 300 LIBER
1590 247 1677 299 DE
1713 246 1968 301 TBIBUS
2009 244 2377 300 EPISTOLIS.

3454 237 3589 297 10M-

57 383 172 429 sua,
222 384 371 437 quae
426 371 642 424 domus
670 388 868 425 sumus
897 390 1020 433 nos,
1063 375 1110 426 si
1150 374 1415 427 ﬁduciam
1450 380 1506 427 et
1534 377 1777 445 gloriam
1815 382 1859 431 A
1883 375 1994 429 alio
2029 376 2149 428 loco
2195 376 2264 429 de
2297 375 2624 429 inﬁdelibus
2653 392 2665 429 :
2704 374 3055 445 [Quomodo,
3102 374 3313 445 inquit,
3346 374 3467 428 istis
3499 375 3588 429 di-

59 458 171 526 spei
188 472 398 517 usque
426 459 499 511 ad
523 459 700 513 ﬁnem
724 462 948 513 ﬁrmam
976 462 1320 516 retineamus
1344 464 1528 529 (Hebr.
1554 481 1632 529 1n,
1659 464 1732 530 6).
1758 486 1781 511 »

59 544 275 596 Tertius
326 552 542 600 autem
578 548 718 601 ordo
749 565 947 602 eorum
980 550 1076 619 qui
1118 552 1186 603 ad
1220 552 1365 603 hanc
1412 551 1655 620 gratiam
1686 569 1782 605 ac-

63 633 286 695 cedunt,
324 635 397 687 in
443 636 558 688 illis
596 636 962 706 accipiendos
1002 644 1105 703 est,
1141 640 1239 707 qui
1270 640 1454 693 adhuc
1484 641 1544 694 in
1582 642 1780 695 inﬁde-

60 723 208 774 litate
265 723 485 791 positi,
540 726 778 777 vocandi
809 731 999 779 tamen
1026 732 1157 779 sunt
1192 744 1291 796 per
1336 728 1780 783 misericordiam

62 810 174 874 Dei,
231 816 293 863 et
328 811 458 864 hoc
489 812 613 865 sine
643 812 817 866 dubio
851 814 909 866 in
942 815 1184 867 Ecclesia
1231 818 1585 869 consecuturi
1631 819 1781 887 quod

62 899 355 951 consecuti
378 905 544 964 sunt,
562 906 618 953 et
636 901 720 953 illi
739 901 851 954 duo
875 902 1104 955 ordines
1128 903 1242 956 sive
1268 908 1781 972 perseverantium,

60 988 165 1039 sive
198 1002 326 1039 non
358 990 869 1056 perseverantium
902 991 955 1043 in
989 992 1173 1059 gratia
1206 993 1436 1056 Christi,
1470 994 1537 1046 de
1571 996 1779 1064 quibus

57 1076 163 1143 jam
205 1075 506 1129 diximus.
548 1078 625 1129 De
657 1077 743 1129 his
789 1093 1036 1147 namque
1070 1080 1296 1133 Domini
1331 1098 1462 1134 voce
1493 1083 1780 1150 promitti-

62 1166 179 1211 tur:
243 1184 265 1208 ι
334 1161 463 1224 Qui
523 1163 831 1216 crediderit
888 1169 939 1216 et
1002 1165 1323 1234 baptizatus
1383 1167 1549 1220 fuerit
1599 1168 1783 1220 salvus

65 1250 163 1301 erit
240 1251 455 1314 (Marc.
538 1265 649 1316 XVI,
720 1252 824 1319 l6).
896 1273 921 1299 n
1003 1252 1245 1315 Quartus
1312 1271 1442 1307 vero
1508 1255 1643 1307 ordo
1715 1256 1782 1309 de

63 1351 165 1404 quo
200 1337 414 1389 statim
454 1338 854 1408 subjungitur:
892 1360 918 1387 α
963 1340 1069 1403 Qui
1104 1347 1297 1395 autem
1333 1358 1446 1395 non
1478 1342 1783 1396 crediderit

66 1423 559 1478 condemnabitur
648 1426 827 1495 (ibid)
932 1448 958 1475 »
1053 1430 1354 1482 manifeste
1438 1436 1595 1483 extra
1674 1447 1779 1483 nu-

65 1527 282 1563 merum
366 1512 639 1567 ﬁdelium
681 1515 849 1583 jacet,
922 1521 977 1568 et
1040 1522 1269 1571 aeterna:
1316 1519 1781 1572 condemnationi

68 1608 141 1652 est
170 1599 543 1665 destinatus;
579 1602 844 1671 qualibus
892 1602 1109 1657 dictum
1143 1610 1265 1658 est:
1322 1627 1348 1653 ‹‹
1397 1607 1502 1661 Sed
1536 1624 1631 1659 vos
1664 1624 1779 1660 non

68 1687 310 1753 creditis,
369 1689 519 1757 quia
569 1706 682 1742 non
740 1690 873 1742 estis
932 1707 999 1744 ex
1062 1692 1259 1745 ovibus
1313 1694 1451 1746 meis
1500 1698 1679 1760 (Joan.
1725 1712 1777 1759 x,

70 1778 180 1843 ‘26};
221 1796 245 1821 ι
308 1781 371 1828 et
404 1794 417 1829 :
463 1800 483 1824 ι
525 1779 830 1847 Propterea
873 1796 974 1831 vos
1004 1796 1118 1833 non
1164 1781 1392 1848 auditis,
1427 1784 1528 1852 qui
1569 1800 1631 1835 ex
1667 1786 1777 1837 Deo

74 1880 177 1916 non
208 1866 347 1918 estis
377 1864 562 1933 (Joan.
596 1884 708 1933 vin,
742 1868 867 1933 47);
904 1890 929 1917 »
964 1873 1055 1922 et:
1091 1888 1118 1919 α
1164 1870 1269 1933 Qui
1298 1887 1411 1924 non
1445 1872 1623 1925 credit
1658 1873 1781 1941 jam

68 1952 352 2019 judicatus
381 1960 497 2018 est,
534 1954 671 2023 quia
702 1971 816 2007 non
847 1956 1091 2009 credidit
1128 1957 1189 2009 in
1220 1957 1451 2011 nomine
1498 1957 1781 2027 unigeniti

83 2042 195 2093 Filii
225 2042 331 2096 Dei
370 2043 571 2111 (Joan.
603 2059 679 2108 ni,
716 2047 818 2105 l8).
846 2064 873 2091 >›

734 2168 959 2223 CAPUT
996 2169 1131 2224 XVI.

206 2291 471 2345 Mortuus
502 2292 758 2345 Christus
784 2307 903 2414 pr;
919 2293 1173 2415 .ttimnz'bus
1217 2293 1554 2346 credentibus
1591 2299 1640 2347 et

776 2378 861 2415 ore
906 2380 923 2415 ι
954 2379 1089 2415 uris.

776 2378 1089 2417 σνεαιιυνῖε.

144 2485 242 2536 Pro
274 2483 403 2536 illis
436 2483 634 2553 itaque
668 2485 847 2537 tribus
874 2486 1172 2539 ordinibus
1194 2486 1263 2540 ad
1294 2488 1505 2541 Christi
1537 2488 1779 2557 gratiam

87 2577 133 2624 et
168 2571 510 2625 societatem
556 2573 812 2626 ﬁdelium
862 2575 1283 2642 pertinentibus
1333 2575 1636 2628 Dominum
1688 2577 1781 2629 Je-

88 2676 193 2712 sum
239 2660 541 2713 Christum
576 2666 631 2713 et
668 2662 891 2715 venisse
937 2668 1002 2716 ut
1049 2679 1143 2716 eos
1175 2664 1437 2729 salvaret,
1474 2667 1529 2718 et
1559 2664 1781 2717 cruciﬁ-

88 2764 205 2801 xum
251 2764 381 2801 esse
444 2754 505 2802 ut
562 2766 655 2803 eos
703 2751 1032 2813 redimeret,
1080 2767 1291 2822 eosque
1342 2752 1398 2804 in
1445 2768 1547 2805 sua
1597 2760 1777 2806 morte

88 2836 414 2904 baptizaret,
461 2842 518 2888 et
564 2838 622 2890 in
669 2854 770 2890 suo
826 2838 1106 2907 sanguine
1150 2856 1180 2891 a
1211 2840 1458 2908 peccatis
1500 2840 1779 2909 ablueret,

88 2929 134 2975 et
160 2924 409 2977 ﬁdeliter
441 2925 794 2978 credendum
822 2932 1101 2991 tenemus,
1133 2933 1190 2978 et
1213 2928 1317 2979 hoc
1350 2943 1463 2980 non
1496 2928 1681 2980 solum
1715 2944 1783 2982 ex

92 3011 275 3064 divinis
308 3012 646 3081 Scripturis,
675 3014 773 3066 sed
797 3015 970 3067 etiam
1004 3030 1066 3067 ex
1098 3020 1425 3067 sanctorum
1455 3017 1687 3069 Patrum
1723 3017 1783 3069 ﬁ-

93 3099 149 3152 de
173 3105 226 3152 et
256 3101 528 3154 doctrina
556 3101 852 3155 evidenter
881 3103 1259 3169 agnoscimus.
1297 3105 1500 3156 Beatus
1532 3120 1781 3175 namque

97 3186 483 3257 Hieronymus,
535 3205 825 3259 exponens
872 3190 1037 3244 illum
1102 3191 1289 3244 locum
1344 3192 1634 3261 Evangelii
1682 3193 1781 3246 ubi

97 3276 356 3329 Dominus
417 3278 489 3330 de
522 3294 580 3330 se
616 3278 720 3331 ait:
763 3301 782 3326 ε
843 3280 904 3331 Et
938 3280 1071 3332 dare
1102 3280 1355 3333 animam
1405 3296 1565 3333 suam
1601 3281 1658 3334 in
1692 3297 1779 3333 re-

100 3363 478 3434 demptionem
508 3382 611 3435 pro
651 3367 846 3420 multis
878 3368 1106 3435 (Matth.
1142 3384 1232 3434 xx,
1268 3370 1390 3437 28);
1427 3389 1447 3416 ιο
1485 3369 1555 3422 de
1585 3370 1690 3423 hac
1720 3385 1780 3423 re

98 3450 164 3503 ita
206 3453 408 3507 docet:
465 3453 733 3525 [Quando
781 3455 1022 3508 formam
1073 3456 1217 3508 servi
1268 3457 1506 3526 accepit,
1556 3462 1619 3510 ut
1672 3474 1777 3527 pro

98 3539 292 3593 mundo
324 3541 676 3610 sanguinem
709 3542 992 3607 funderet,
1026 3547 1081 3595 et
1109 3558 1225 3595 non
1258 3543 1403 3596 dixit
1433 3560 1445 3596 :
1484 3546 1625 3597 Dare
1656 3545 1782 3597 ani-

99 3641 229 3681 mam
281 3645 455 3683 suam
509 3630 963 3700 redemptionem
1003 3640 1027 3664 δ
1074 3646 1180 3699 pro
1222 3631 1513 3697 omnibus,
1548 3631 1644 3685 sed
1680 3648 1780 3701 pro

98 3717 291 3784 multis,
337 3717 397 3771 id
456 3724 559 3783 est,
611 3735 717 3788 pro
767 3718 854 3772 his
908 3719 1006 3789 qui
1055 3719 1281 3772 credere
1330 3718 1665 3791 voluerint.]
1719 3721 1782 3774 In

102 3804 284 3872 quibus
350 3807 547 3859 verbis
589 3807 733 3859 miro
777 3812 834 3859 et
896 3807 1207 3875 apostolico
1258 3808 1427 3860 modo
1476 3808 1781 3861 Dominum

101 3898 356 3959 nostrum,
390 3900 452 3949 et
486 3911 589 3963 pro
620 3896 833 3949 mundo
865 3896 1205 3965 sanguinem
1233 3895 1470 3960 fudisse,
1500 3902 1555 3950 et
1586 3902 1779 3950 tamen

102 3980 260 4048 ipsum
296 3984 584 4037 mundum
608 4000 711 4053 pro
742 4000 854 4053 quo
875 3984 1159 4053 pretiosus
1188 3984 1283 4037 ille
1307 3984 1537 4052 sanguis
1568 3985 1782 4038 effusus

103 4073 185 4130 est,
237 4086 352 4125 non
414 4072 562 4125 alios
609 4072 716 4125 nisi
776 4072 972 4125 fideles
1005 4074 1358 4127 monstravit.
1408 4074 1612 4126 Beatus
1659 4076 1779 4127 Au-

107 4157 336 4222 gustinus
366 4160 429 4213 in
466 4160 900 4213 tractationibus
938 4160 1227 4229 Evangelii
1263 4161 1579 4214 secundum
1608 4163 1777 4215 Joan-

106 4258 218 4298 nem
242 4248 420 4312 (tract.
473 4249 543 4301 66
572 4253 622 4301 et
651 4250 762 4308 49),
802 4264 919 4300 non
949 4249 1137 4301 solum
1165 4264 1267 4317 pro
1298 4248 1645 4317 inﬁdelibus,
1680 4251 1775 4304 sed

112 4332 255 4386 etiam
283 4352 385 4404 pro
431 4336 526 4390 his
569 4336 666 4405 qui
699 4352 763 4389 ex
796 4341 956 4406 parte
993 4338 1235 4389 credunt
1276 4336 1586 4405 Christum,
1622 4344 1679 4391 et
1711 4355 1776 4392 ex

108 4427 241 4487 parte
273 4441 383 4478 non
432 4425 697 4486 credunt,
744 4425 911 4479 docet
958 4442 1072 4479 non
1119 4442 1238 4478 esse
1271 4432 1560 4479 mortuum
1614 4428 1774 4481 Chri-

113 4512 253 4576 stum,
284 4511 361 4565 ita
391 4512 630 4566 dicens:
664 4511 797 4583 [Qui
824 4512 906 4566 ita
935 4512 1241 4567 conﬁtetur
1273 4514 1560 4567 Christum
1595 4516 1774 4569 Deum

114 4602 159 4645 ut
185 4597 467 4654 hominem
496 4607 687 4670 neget,
706 4617 823 4654 non
844 4616 950 4670 pro
981 4601 1078 4654 illo
1102 4607 1359 4655 mortuus
1382 4608 1465 4655 est
1489 4603 1775 4657 Christus:

115 4684 225 4750 quia
250 4689 564 4742 secundum
620 4688 913 4742 hominem
968 4694 1227 4742 mortuus
1276 4695 1358 4742 est
1389 4690 1686 4763 Christus.]
1719 4693 1783 4744 Et

1888 461 2009 515 xit:
2047 463 2172 515 Non
2204 461 2338 515 estis
2369 478 2433 515 ex
2483 462 2681 515 ovibus
2731 462 2894 525 meis,
2948 461 3082 531 quia
3128 461 3358 515 videbat
3391 477 3485 514 eos
3518 460 3587 514 ad

1892 550 2310 620 sempiternum
2340 550 2632 603 interitum
2670 550 3126 619 praedestinatos,
3164 566 3277 603 non
3308 550 3379 603 ad
3408 550 3587 602 vitam

1892 643 2167 692 cateruam
2213 638 2300 690 sui
2350 638 2644 706 sanguinis
2673 638 2859 704 pretio
2892 636 3302 709 comparatos]
3355 638 3419 690 Et
3448 638 3587 691 alibi

1893 733 2076 795 (tract.
2126 728 2215 795 55)
2254 726 2612 795 distinguens
2640 727 2789 778 inter
2815 728 3097 793 apostolos
3128 731 3183 779 et
3210 727 3411 780 Iudam
3444 742 3582 795 pro-

1890 816 2157 882 ditorem,
2210 814 2364 883 quod
2416 830 2520 883 pro
2578 814 2691 866 illis
2736 814 3007 867 Dominus
3059 814 3365 867 moriturus
3416 820 3581 879 esset,

1888 919 1993 972 pro
2024 904 2120 955 illo
2154 919 2271 955 non
2302 909 2480 955 esset:
2525 900 2705 971 [Tota,
2741 902 2945 970 inquit,
2994 902 3115 970 ejus
3148 903 3329 970 passio
3389 908 3584 956 nostra

1891 989 2156 1059 purgatio
2221 995 2337 1041 est:
2409 1005 2680 1057 passurus
2731 988 2925 1053 exitia,
2978 989 3240 1057 promisit
3290 989 3582 1059 obsequia,

1890 1094 2006 1130 non
2039 1078 2222 1130 solum
2255 1077 2366 1129 illis
2397 1093 2501 1145 pro
2542 1077 2753 1146 quibus
2803 1081 2925 1128 erat
2975 1076 3267 1129 subiturus
3320 1084 3581 1139 mortem,

1890 1166 1982 1217 sed
2018 1166 2187 1217 etiam
2224 1165 2307 1216 illi
2339 1165 2436 1233 qui
2468 1164 2654 1217 fuerat
2685 1180 2814 1216 eum
2849 1163 3165 1217 traditurus
3193 1164 3261 1217 ad
3300 1169 3582 1231 mortem.)

1888 1254 2026 1305 Item
2059 1253 2263 1305 docens
2290 1269 2391 1320 pro
2416 1252 2527 1304 illis
2562 1257 2785 1305 tantum
2820 1253 3126 1304 Dominum
3156 1268 3410 1321 passum,
3445 1269 3587 1321 quos

1890 1340 2013 1411 ipsa
2056 1341 2321 1409 passione
2366 1340 2725 1403 redimendo,
2778 1356 2909 1392 oves
2951 1357 3080 1392 snas
3120 1341 3287 1393 fecit:
3332 1339 3584 1410 [Omnes,

1890 1429 2097 1499 inquit,
2149 1428 2278 1481 fecit
2310 1445 2437 1480 suas
2470 1444 2622 1494 oves,
2660 1444 2760 1496 pro
2792 1429 3002 1497 quibus
3043 1432 3126 1480 est
3157 1428 3426 1480 omnibus
3468 1444 3587 1496 pas-

1890 1534 2013 1582 sus;
2048 1517 2182 1586 quia
2214 1523 2269 1568 et
2299 1516 2418 1585 ipse
2451 1522 2514 1568 ut
2557 1533 2658 1585 pro
2693 1517 2959 1569 omnibus
2994 1522 3305 1586 pateretur,
3350 1516 3472 1568 ovis
3503 1520 3588 1568 est

1889 1604 2111 1676 factus]
2146 1606 2285 1657 Item
2325 1621 2454 1657 cum
2507 1611 2819 1673 exponeret
2856 1605 3184 1674 mysterium
3232 1604 3386 1656 illius
3420 1604 3584 1656 vituli

1826 1670 1864 1722 Β
1893 1670 2156 1761 saginati,
2192 1708 2364 1761 quem
2404 1696 2561 1760 pater
2581 1670 2853 1745 redeunti
2881 1670 3000 1745 ﬁlio
3024 1692 3193 1761 jussit
3222 1692 3422 1758 occidi,
3452 1697 3585 1744 tunc

1821 2968 1860 3021 C

1819 4262 1860 4315 D

1893 1798 2023 1835 eum
2059 1798 2159 1851 pro
2195 1797 2544 1849 unoquoque
2575 1780 2714 1833 dicit
2745 1780 2942 1842 occidi,
2981 1796 3108 1832 cum
3141 1780 3319 1833 credit
3348 1780 3405 1832 in
3435 1780 3584 1832 occi-

1892 1886 2017 1922 sum
2068 1868 2111 1939 :j
2160 1871 2299 1922 Nam
2348 1869 2617 1921 utetiam
2656 1868 2936 1934 occidant,
2980 1868 3189 1937 inquit,
3227 1884 3359 1920 eum
3402 1868 3585 1937 jubet,

1890 1957 1998 2009 hoc
2031 1962 2132 2017 est,
2166 1962 2229 2008 ut
2260 1961 2497 2008 mortem
2519 1956 2641 2024 ejus
2666 1956 2959 2008 insinuent
2985 1972 2996 2008 :
3032 1961 3165 2009 tunc
3195 1956 3351 2008 enim
3377 1954 3585 2024 cuique

1891 2044 2166 2097 occiditur
2195 2060 2323 2096 cum
2356 2044 2535 2096 credit
2566 2044 2626 2096 in
2657 2041 2959 2113 occisum.]

1962 2134 2162 2186 Beatus
2244 2133 2349 2185 Leo
2422 2132 2562 2184 nihil
2639 2132 2947 2184 Dominum
3008 2136 3266 2184 nostrum
3336 2131 3584 2183 inaniter

1890 2221 2070 2291 egisse
2100 2224 2199 2277 aut
2246 2220 2567 2289 pertulisse,
2600 2220 2693 2272 sed
2728 2224 2912 2273 totum
2940 2220 3007 2272 ad
3050 2221 3290 2272 salutem
3328 2219 3583 2273 ﬁdelium

1888 2309 1968 2363 ita
2022 2310 2202 2362 docet.
2258 2309 2428 2377 [Nihil
2481 2308 2633 2361 enim
2686 2309 3035 2377 Redemptor
3089 2313 3284 2360 noster
3341 2323 3455 2360 non
3513 2308 3579 2359 ad

1891 2403 2143 2451 nostram
2174 2398 2415 2450 salutem
2448 2402 2546 2449 aut
2578 2398 2714 2466 egit,
2748 2402 2847 2449 aut
2872 2396 3128 2465 pertulit,
3163 2401 3225 2447 ut
3254 2396 3432 2448 virtus
3454 2412 3581 2464 qua:

1890 2485 2078 2538 inerat
2119 2484 2312 2554 capiti,
2364 2486 2574 2537 inesset
2605 2490 2663 2538 et
2706 2485 2949 2554 corpori.
2987 2485 3126 2537 Nam
3179 2484 3430 2551 primum
3463 2485 3583 2552 ipsa

1888 2573 1987 2627 illa
2042 2574 2373 2627 substantize
2431 2579 2641 2626 nostra;
2706 2573 2763 2625 in
2823 2573 3031 2625 deitate
3103 2572 3410 2640 susceptio,
3472 2589 3581 2641 qua

1902 2682 1924 2710 ι
1981 2662 2224 2714 Verbum
2277 2678 2406 2715 caro
2454 2662 2664 2714 factum
2717 2667 2819 2727 est,
2868 2674 2923 2713 et
2974 2660 3247 2713 habitavit
3293 2660 3352 2712 in
3423 2660 3584 2712 nobis

1889 2750 2082 2821 (Joan.
2136 2768 2173 2815 1,
2228 2752 2305 2818 4),
2357 2772 2383 2799 ››
2432 2767 2601 2820 quem
2654 2751 2954 2803 hominum
3002 2749 3407 2802 misericordiae
3441 2766 3578 2811 suae,

1889 2839 1997 2892 nisi
2028 2839 2337 2901 infidelem,
2392 2839 2621 2909 reliquit
2666 2840 2989 2892 exsortem?
3020 2844 3074 2891 et
3128 2837 3217 2891 cui
3270 2854 3381 2890 non
3422 2853 3579 2890 com-

1890 2928 2078 2980 munis
2110 2933 2314 2980 natura
2353 2943 2480 2979 cum
2533 2927 2756 2981 Christo
2789 2932 2890 2989 est,
2936 2927 2979 2979 si
3012 2932 3389 2979 assumentem
3438 2925 3579 2978 reci-

1889 3016 1992 3087 pit,
2024 3022 2080 3068 et
2108 3033 2175 3068 eo
2207 3015 2425 3084 Spiritu
2456 3022 2542 3069 est
2573 3021 2961 3084 regeneratus,
2996 3032 3106 3085 quo
3137 3020 3223 3068 est
3252 3015 3343 3067 ille
3378 3028 3579 3083 proge-

1888 3102 2095 3174 nitus?]
2148 3104 2350 3156 Beatus
2396 3120 2625 3172 quoque
2679 3105 2983 3171 Gregorius
3033 3104 3183 3173 quod
3220 3103 3289 3156 ad
3330 3119 3426 3155 eos
3456 3105 3578 3154 tan-

1887 3197 2011 3244 tum
2064 3191 2338 3244 Dominus
2388 3196 2576 3244 noster
2607 3192 2902 3245 salvandos
2935 3193 3170 3257 venerit,
3224 3208 3368 3261 quos
3415 3191 3473 3242 in
3525 3206 3581 3242 se

1889 3278 2249 3349 suscipiendo
2282 3279 2563 3345 liberavit,
2608 3280 2687 3333 ita
2735 3280 2932 3333 docet:
2985 3278 3342 3350 [lnterpellat
3390 3283 3581 3331 autem

1889 3383 1992 3437 pro
2052 3368 2222 3421 nobis
2288 3368 2581 3433 Dominus,
2639 3384 2753 3421 non
2812 3385 2969 3433 voce,
3036 3369 3131 3421 sed
3185 3367 3577 3421 miseratione:

1888 3455 2024 3525 quia
2054 3454 2292 3525 quodin
2340 3460 2622 3507 internum
2660 3455 2921 3508 damnari
2968 3456 3171 3519 noluit,
3222 3453 3581 3522 suscipiendo

1887 3540 2198 3613 liberavit.]

1963 3632 2088 3685 Haec
2131 3647 2197 3682 ex
2250 3636 2577 3682 sanctorum
2634 3632 2863 3683 Patrum
2897 3629 3081 3683 verbis
3127 3630 3374 3682 breviter
3402 3629 3579 3682 adno-

1887 3721 2152 3784 tavimus,
2181 3723 2244 3772 ut
2293 3735 2463 3788 quam
2510 3735 2640 3771 vere
2693 3735 2891 3771 eorum
2948 3717 3271 3770 veneranda
3324 3717 3581 3771 doctrina

1890 3809 2063 3862 etiam
2094 3808 2152 3861 in
2185 3808 2289 3860 hac
2320 3822 2378 3857 re
2411 3809 2480 3861 de
2514 3824 2627 3877 qua
2654 3807 2949 3876 quaeritur,
2979 3806 3322 3875 evangelicae.
3356 3810 3411 3857 et
3443 3821 3579 3875 apo-

1888 3897 2098 3951 stolicm
2143 3896 2467 3952 auctoritati
2516 3902 2790 3949 consonet
2820 3901 2874 3948 et
2920 3894 3243 3959 concordet,
3286 3894 3583 3947 evidentis-

1889 3984 2033 4039 sime
2069 3992 2432 4054 agnoscatur.
2487 3986 2549 4037 Et
2583 3984 2712 4036 licet
2758 3983 3063 4052 Apostolus
3097 3984 3164 4036 de
3212 3982 3413 4035 eodem
3462 3983 3577 4035 Do-

1889 4074 2048 4127 mino
2098 4079 2152 4126 et.
2200 4074 2581 4142 Redemptore
2632 4078 2827 4126 nostro
2881 4072 3074 4125 dicat:
3137 4092 3163 4121 ‹‹
3208 4072 3360 4125 Unus
3410 4071 3577 4135 Deus,

1887 4178 2039 4215 unus
2091 4168 2174 4215 est
2223 4162 2505 4215 mediator
2540 4162 2638 4215 Dei
2687 4166 2746 4215 et
2776 4161 3076 4214 hominum
3120 4160 3292 4213 homo
3325 4160 3580 4215 Christus

1892 4252 2070 4315 Iesus,
2106 4252 2204 4321 qui
2239 4251 2396 4304 dedit
2430 4252 2803 4320 semetipsum
2838 4250 3288 4320 redemptionem
3321 4266 3423 4320 pro
3457 4265 3578 4303 om-

1887 4339 2077 4405 nibus,
2142 4361 2161 4385 »
2219 4345 2410 4393 tamen
2450 4340 2612 4410 juxta
2660 4340 2926 4409 superius
2960 4339 3407 4392 demonstratam
3448 4338 3579 4391 ﬁdei

1887 4427 2170 4496 regulam,
2203 4432 2354 4481 recte
2398 4427 2745 4498 intelligitur
2794 4445 2897 4497 pro
2944 4428 3056 4480 illis
3091 4427 3357 4480 omnibus
3392 4443 3450 4479 se
3498 4417 3581 4478 re-

1891 4516 2285 4585 demptionem
2331 4517 2551 4570 dedisse
2593 4534 2695 4586 pro
2732 4517 2940 4586 quibus
2988 4516 3158 4569 etiam
3192 4515 3460 4584 dignatus
3496 4519 3582 4566 est

1890 4603 2171 4656 mediator
2205 4604 2299 4657 Dei
2349 4609 2403 4656 et
2435 4605 2734 4657 hominum
2773 4621 2912 4657 esse.
2948 4606 3142 4674 Neque
3191 4604 3343 4656 enim
3377 4602 3577 4656 inﬁde-

1890 4692 2035 4745 lium
2082 4693 2364 4745 mediator
2394 4698 2502 4758 est,
2536 4692 2681 4745 sicut
2708 4708 2814 4745 nec
2851 4693 3177 4758 advocatus,
3210 4693 3295 4745 vel
3332 4690 3579 4745 reconci-

1148 4819 1345 4875 ΝΟΤΑΞ
1386 4821 1707 4875 DUVALLII
1746 4821 2091 4878 DOCTORIS
2130 4821 2515 4877 SOBBONICI.

171 4941 464 5013 {Afﬁrmat
521 4942 809 4996 Christum
864 4959 983 4995 non
1040 4943 1215 4996 fuisse
1264 4960 1491 5013 passum
1540 4960 1644 5013 pro
1691 4945 1780 4997 his

120 5008 196 5085 qui
245 5013 695 5085 iniinlidelitate
762 5014 1110 5079 moriuntur,
1160 5018 1216 5067 et
1262 5008 1584 5083 passionem
1657 5017 1781 5083 ejus

122 5075 261 5164 luisse
308 5084 586 5164 duntaxat
635 5100 739 5164 pro
788 5084 1000 5164 multis,
1049 5075 1277 5164 etnon
1342 5075 1774 5164 proomnibus.

126 5146 226 5225 Haec
276 5160 461 5208 autem
517 5146 770 5223 benigna
824 5155 1087 5225 indigent
1126 5146 1619 5225 interpretatione,
1669 5172 1778 5209 non

123 5220 279 5274 minus
308 5242 478 5294 quam
508 5220 813 5277 concilium
840 5220 1226 5289 Valentinum,
1258 5220 1381 5279 can.
1411 5227 1463 5286 4.
1498 5226 1594 5279 ubi
1627 5227 1783 5279 dam-

128 5294 203 5367 nat
243 5301 552 5367 asserentes
612 5295 895 5367 Christum
939 5311 1041 5349 sua
1097 5297 1299 5348 merita
1345 5313 1448 5365 pro
1487 5297 1677 5366 impiis
1726 5302 1782 5349 et

129 5364 202 5436 γίῠί
248 5364 298 5416 in
335 5373 569 5435 peccato
603 5366 927 5419 moriuntur
956 5367 1240 5431 statuisse,
1275 5364 1597 5436 difﬁnitque
1646 5383 1780 5436 pre—

128 5430 239 5506 tium
278 5430 574 5506 sanguinis
617 5436 822 5489 Christi
862 5436 1117 5489 oblatum
1149 5430 1321 5489 fuisse
1367 5438 1432 5490 ad
1467 5430 1779 5490 multo—rum

133 5501 472 5561 exhaurierida
504 5511 755 5577 peccata,
796 5522 994 5560 eorum
1026 5507 1237 5560 scilicet
1279 5508 1375 5577 qui
1409 5509 1691 5561 credendo
1722 5509 1781 5561 in

1892 4945 2178 4998 Christum
2230 4961 2343 4998 non
2394 4948 2653 5013 pereunt,
2697 4944 2793 4997 sed
2849 4945 3018 4997 vitam
3077 4949 3353 4998 aeternam
3386 4962 3580 4999 consc-

1891 5022 2184 5084 quuntur:
2225 5016 2479 5084 loquitur
2507 5015 2659 5067 enim
2692 5015 2832 5067 illud
2864 5014 3190 5079 concilium,
3220 5016 3365 5067 sicut
3392 5022 3447 5069 et
3477 5017 3581 5068 Ee-

1889 5086 2059 5137 clesia
2090 5086 2501 5153 Lugdunensis,
2535 5086 2602 5136 de
2646 5086 2850 5137 merito
2882 5092 2939 5137 et
2971 5085 3356 5137 satisfactione
3391 5087 3579 5154 quoad

1892 5156 2223 5219 efﬁcaciam,
2254 5171 2368 5207 non
2404 5162 2590 5208 autem
2614 5156 2768 5223 quod
2801 5155 3229 5220 sufﬁcientiam;
3267 5172 3380 5223 quo
3410 5159 3583 5209 modo

1891 5241 1994 5294 pro
2026 5227 2295 5278 omnibus
2317 5227 2552 5278 omnino
2586 5225 2911 5278 hominibus
2940 5241 3143 5293 passus
3174 5230 3285 5287 est;
3317 5241 3429 5294 qua
3462 5228 3585 5295 qui-

1889 5296 2019 5348 dem
2053 5296 2422 5349 distinctione
2458 5296 2618 5349 facile
2651 5302 2737 5348 est
2766 5296 3029 5349 omnibus
3062 5295 3323 5347 Ecclesiae
3350 5298 3583 5364 [Lugdu-

1889 5366 2083 5419 nensis
2129 5367 2453 5421 rationibus
2483 5382 2800 5427 occurrere,
2839 5373 2900 5418 ut
2941 5366 3182 5433 legendo
3213 5363 3389 5417 cuivis
3420 5363 3585 5419 facile

1890 5436 2183 5490 constabit.
