3884 6218
264 245 395 295 1015

1390 242 1442 294 S.
1488 241 1760 296 REMIGII
1798 239 2273 297 LIfGDUNENSIS
2316 239 2623 295 EPISCOPI

3650 243 3721 292 11)
3736 242 3746 289 l
3763 242 3793 289 ὑ

256 374 447 441 liator,
481 373 579 427 sed
624 372 881 426 ﬁdelium
922 377 1172 439 tantum;
1207 373 1275 425 de
1311 372 1519 442 quibus
1548 373 1746 426 beatus
1779 375 1945 426 Joan-
1982 374 2028 425 A
2057 374 2431 440 congregaret
2480 369 2540 421 in
2590 384 2771 422 unum
2829 370 3007 439 (Joan.
3044 387 3114 433 χι,
3154 370 3275 439 5'2);
3315 393 3334 419 ι
3383 375 3441 425 et
3492 371 3629 440 ipso
3682 368 3797 421 Do-

260 479 362 515 nes
409 463 696 531 apostolus
748 460 911 513 dicit:
969 481 995 508 «
1057 461 1407 514 Advocatum
1458 461 1735 514 habemus
1800 462 1949 530 apud

261 553 485 605 Patrem
513 551 702 603 Jesum
736 549 1019 601 Christum
1046 549 1288 618 justum,
1322 555 1378 602 et
1418 550 1538 619 ipse
1570 555 1652 603 est
1680 550 1953 619 propitia-

262 640 341 691 tio
374 655 477 708 pro
508 640 755 707 peccatis
794 638 1006 691 nostris
1038 640 1085 708 (I
1120 641 1274 691 Joan.
1313 655 1370 704 ιι,
1408 643 1488 705 1);
1526 661 1551 686 ››
1595 644 1660 692 ut
1689 639 1954 692 videlicet

260 727 340 779 ita
389 726 698 795 accipiatur
729 726 881 795 quod
921 726 1136 779 dictum
1168 732 1287 779 est:
1325 746 1350 776 ‹‹
1401 727 1508 790 Qui
1540 728 1698 780 dedit
1742 732 1953 780 semet-

262 816 453 884 ipsum
489 815 943 884 redemptionem
976 831 1081 883 pro
1121 814 1390 867 omnibus
1437 817 1494 881 (Ι
1527 818 1656 870 Tim.
1708 832 1770 883 ιι,
1803 818 1890 883 6);
1929 838 1948 861 υ

264 919 378 955 non
412 902 560 972 quod
590 918 788 955 omnes
810 919 912 955 sua
940 902 1201 971 passione
1228 902 1557 965 redemerit,
1591 904 1735 955 sicut
1755 905 1954 972 utique

266 992 631 1043 manifestum
667 996 771 1055 est,
815 991 910 1043 sed
944 991 1096 1058 quod
1130 1006 1297 1043 nemo
1329 990 1570 1059 accipiat
1609 992 1956 1059 redemptio-

265 1096 401 1133 nem
428 1079 536 1133 nisi
578 1080 634 1132 in
668 1079 766 1132 illo
795 1083 849 1131 et
898 1094 1000 1147 per
1029 1079 1213 1132 illum.
1249 1078 1393 1132 Dicit
1421 1078 1592 1131 etiam
1634 1079 1770 1131 alibi
1802 1080 1955 1132 idem

266 1170 574 1238 Apostolus
608 1169 675 1222 de
710 1168 984 1221 Domino:
1023 1186 1048 1217 ‹‹
1102 1168 1170 1220 Ut
1209 1168 1392 1236 gratia
1430 1167 1527 1219 Dei
1554 1184 1656 1237 pro
1689 1168 1957 1220 omnibus

268 1262 524 1324 gustaret
568 1261 811 1310 mortem
848 1256 1029 1323 (Hebr.
1083 1272 1142 1321 ιι,
1194 1257 1245 1318 9,
1296 1256 1407 1321 10),
1446 1275 1468 1301 ι
1516 1260 1573 1307 et
1604 1272 1705 1325 pro
1752 1256 1958 1325 quibus

270 1346 539 1399 omnibus
586 1350 827 1397 mortem
850 1348 1104 1413 gustasse
1154 1343 1565 1411 intelligendus
1615 1344 1703 1409 sit,
1736 1345 1961 1398 videtur

270 1435 544 1487 continuo
609 1433 1030 1486 demonstrasse
1081 1448 1212 1485 cum
1261 1432 1600 1501 subjungit:
1649 1451 1675 1481 «
1730 1431 1962 1486 Dicebat

270 1523 423 1575 enim
454 1538 584 1575 eum
617 1526 853 1592 propter
878 1537 1050 1591 quem
1079 1521 1291 1584 omnia,
1328 1526 1382 1572 et
1410 1536 1513 1588 per
1547 1536 1720 1589 quem
1746 1520 1961 1585 omnia,

271 1612 370 1682 qui
402 1612 613 1664 multos
644 1610 792 1663 ﬁlios
827 1610 889 1662 in
919 1610 1158 1679 gloriam
1185 1610 1513 1668 adduxerat,
1547 1613 1837 1661 auctorem
1869 1626 1963 1661 sa—

271 1700 402 1753 lutis
443 1715 639 1752 eorum
678 1715 781 1768 per
827 1697 1119 1768 passiones
1169 1697 1575 1750 consummari.
1612 1718 1639 1744 ››
1690 1696 1965 1750 Similiter

272 1793 327 1840 et
377 1788 488 1840 alio
539 1788 661 1839 loco
719 1786 819 1839 ubi
876 1787 945 1839 de
998 1786 1196 1839 eodem
1258 1786 1500 1839 Domino
1540 1790 1734 1838 nostro
1788 1784 1959 1837 dicit:

276 1900 303 1924 ι(
345 1875 487 1939 Quia
518 1892 666 1928 unus
706 1890 807 1945 pro
861 1874 1129 1927 omnibus
1171 1878 1433 1926 mortuus
1462 1878 1563 1939 est,
1597 1890 1733 1944 ergo
1765 1889 1965 1927 omnes

274 1964 488 2018 mortui
537 1965 688 2027 sunt,
723 1968 779 2017 et
807 1979 911 2032 pro
944 1962 1208 2015 omnibus
1238 1966 1499 2015 mortuus
1531 1967 1616 2015 est
1641 1962 1717 2031 (II
1752 1963 1872 2017 Cor.
1908 1978 1962 2027 ν,

278 2052 397 2122 li);
432 2072 458 2102 »
487 2052 674 2105 statim
706 2066 810 2120 pro
838 2049 1042 2120 quibus
1075 2050 1341 2104 omnibus
1367 2054 1625 2103 mortuus
1654 2066 1775 2102 esse
1804 2049 1967 2101 intel-

274 2139 538 2209 ligendus
586 2139 660 2191 sit
710 2138 1004 2207 subjungit
1043 2138 1283 2191 dicens:
1337 2160 1364 2186 ‹‹
1416 2140 1485 2192 Ut
1527 2145 1583 2191 et
1622 2138 1722 2207 qui
1770 2138 1969 2190 vivunt

269 2230 392 2297 jam
424 2244 537 2281 non
575 2226 680 2280 sibi
730 2227 944 2287 vivant,
978 2226 1078 2279 sed
1136 2226 1188 2279 ei
1220 2227 1319 2297 qui
1348 2244 1454 2297 pro
1510 2228 1647 2297 ipsis
1707 2230 1968 2280 mortuus

278 2323 363 2369 est
425 2321 480 2369 et
528 2316 835 2369 resurrexit
894 2316 1058 2382 (Ibid.
1119 2316 1223 2383 l5).
1282 2337 1308 2365 »
1373 2316 1471 2369 Isti
1527 2332 1777 2386 namque
1837 2319 1970 2368 sunt

279 2419 454 2457 omnes
502 2404 571 2457 de
617 2404 825 2473 quibus
872 2404 1010 2457 alibi
1060 2404 1213 2457 idem
1262 2404 1564 2474 Apostolus
1615 2404 1674 2456 in
1722 2403 1968 2472 gloriam

281 2497 339 2546 et
374 2492 603 2545 laudem
635 2493 733 2545 Dei
776 2493 956 2545 Patris
987 2493 1158 2546 dicit:
1210 2513 1238 2540 «
1270 2492 1377 2555 Qui
1403 2492 1573 2545 etiam
1604 2493 1837 2560 proprio
1877 2491 1970 2545 Fi-

284 2578 358 2629 lio
390 2594 491 2630 suo
523 2594 639 2630 non
670 2579 939 2647 pepercit,
970 2579 1065 2631 sed
1099 2594 1201 2648 pro
1241 2579 1406 2632 nobis
1436 2579 1703 2632 omnibus
1732 2578 1971 2632 tradidit

281 2666 441 2718 illum
474 2669 639 2733 (Rom.
669 2683 785 2733 vin,
811 2666 937 2737 32);
962 2689 988 2713 ››
1015 2667 1225 2737 quibus
1252 2672 1308 2721 et
1336 2667 1472 2720 alibi
1496 2667 1634 2720 dicit
1663 2683 1676 2720 :
1711 2689 1731 2715 α
1767 2667 1833 2719 Et
1853 2682 1968 2719 non

283 2752 413 2803 estis
459 2752 663 2805 vestri:
721 2754 898 2822 empti
944 2753 1098 2806 enim
1132 2754 1266 2806 estis
1313 2755 1499 2822 pretio
1529 2769 1740 2823 magno
1776 2755 1819 2822 (1
1849 2755 1967 2809 Cor.

281 2857 330 2907 v,
366 2839 473 2908 20).
515 2859 541 2887 »
577 2840 735 2893 Unde
774 2848 976 2910 penset
1008 2842 1400 2913 unusquisque
1427 2842 1632 2903 ﬁdelis,
1674 2858 1805 2895 cum
1836 2858 1973 2895 san-

283 2928 408 2996 guis
438 2929 531 2981 ille
562 2933 834 2998 tanquam
874 2930 1025 3000 Agni
1064 2930 1499 2984 incontaminati
1530 2935 1585 2984 et
1622 2930 1974 2984 immaculati

284 3016 490 3070 Christi
524 3018 594 3069 ab
629 3019 896 3086 Apostolo
946 3019 1197 3087 pretium
1242 3035 1518 3087 magnum
1562 3019 1782 3073 dicatur
1829 3036 1970 3084 esse,

284 3109 478 3157 utrum
508 3106 688 3173 possit
717 3106 825 3158 tale
857 3106 1107 3175 pretium
1140 3108 1198 3160 in
1225 3107 1419 3177 aliqua
1448 3111 1608 3176 parte
1654 3124 1775 3159 esse
1803 3108 1973 3160 inane

287 3197 341 3244 et
388 3207 647 3253 vacuum,
701 3209 772 3245 an
824 3193 1016 3262 potius
1056 3195 1285 3247 illarum
1318 3195 1593 3248 mercium
1625 3211 1728 3265 pro
1764 3196 1975 3265 quibus

284 3280 479 3333 datum
513 3286 596 3333 est
624 3280 781 3334 lucro
812 3285 865 3334 et
888 3283 1119 3335 cumulo
1149 3283 1439 3336 refertum.

912 3407 1137 3461 CAPUT
1176 3407 1343 3461 XVII.

348 3539 619 3605 Quomodo
650 3541 707 3592 in
738 3554 973 3593 vacuum
1000 3540 1273 3593 laborasse
1302 3541 1507 3594 dicitur
1533 3542 1830 3597 Christus?
1868 3547 1954 3599 Ea:

697 3625 928 3679 persona
957 3613 1157 3665 scilicet
1183 3613 1557 3665 membrorum.

360 3724 500 3779 Dicit
526 3723 757 3795 quidem
782 3724 899 3793 ipse
926 3726 1199 3778 Dominus
1219 3726 1368 3795 apud
1396 3727 1597 3779 Isaiam
1618 3728 1973 3797 praphetam,

284 3813 525 3883 loquens
556 3814 623 3867 de
644 3815 910 3883 mysterio
939 3814 1214 3883 passionis
1239 3830 1354 3868 suae
1381 3831 1394 3867 :
1418 3824 1443 3847 λ
1475 3837 1501 3863 ‹‹
1528 3817 1593 3869 Et
1610 3832 1715 3885 ego
1740 3817 1886 3870 dixi:
1914 3819 1977 3870 In

285 3917 525 3954 vacuum
540 3902 792 3955 laboravi
805 3903 925 3955 sine
939 3918 1125 3969 causa,
1147 3908 1203 3955 et
1223 3920 1365 3956 vane
1379 3903 1777 3957 fortitudinem
1790 3920 1979 3958 meam

288 3990 615 4059 consumpsi
654 3991 782 4059 (Isa.
836 4007 981 4054 xLix,
1033 3992 1111 4059 4).
1148 3991 1255 4044 Sed
1283 3992 1430 4044 absit
1461 3996 1523 4044 ut
1562 3993 1667 4045 hoc
1699 3994 1850 4046 velut
1876 4010 1978 4046 an-

286 4078 900 4148 xiusetignarusloqui
921 4081 1202 4141 credatur,
1231 4080 1327 4149 qui
1347 4080 1467 4133 sine
1490 4081 1663 4134 dubio
1682 4098 1977 4151 nunquam

287 4167 552 4235 ignorare
601 4168 793 4235 potuit
824 4168 1038 4220 exitum
1090 4174 1147 4221 et
1195 4169 1457 4222 effectum
1508 4171 1790 4238 passionis
1841 4188 1975 4238 suae,

290 4271 461 4324 quam
511 4271 615 4323 pro
663 4255 962 4325 utriusque
1008 4257 1207 4325 populi
1256 4259 1649 4327 redemptione
1697 4264 1753 4312 et
1799 4260 1978 4313 salute
2021 4242 2065 4295 D

287 4347 441 4396 certo
497 4348 552 4397 et
597 4343 835 4397 deﬁnito
867 4344 1103 4397 consilio
1149 4346 1415 4415 suscepit,
1470 4347 1692 4400 dicente
1739 4364 1981 4418 evange-

287 4433 450 4486 lista:
496 4453 523 4480 «
557 4432 701 4495 Quia
730 4433 889 4485 Jesus
929 4434 1241 4487 moriturus
1272 4439 1393 4487 erat
1421 4451 1523 4504 pro
1554 4440 1742 4505 gente,
1778 4441 1835 4490 et
1862 4453 1978 4490 non

286 4526 511 4575 tantum
543 4537 647 4591 pro
679 4525 867 4590 gente,
892 4522 987 4575 sed
1020 4526 1086 4575 ut
1114 4522 1259 4575 ﬁlios
1290 4522 1387 4577 Dei
1415 4523 1513 4591 qui
1545 4527 1708 4576 erant
1737 4524 1981 4594 dispersi

2062 461 2217 513 mino
2245 460 2313 512 dc
2345 459 2666 511 humilitate
2695 463 2750 511 et
2778 459 3009 528 copioso
3039 460 3224 513 fructu
3258 461 3525 529 ejusdem
3576 457 3797 512 mortis

2061 563 2179 599 suae
2226 546 2525 599 manifeste
2573 548 3020 616 prmnuntiante,
3075 563 3203 601 cum
3236 548 3351 601 ait:
3407 568 3433 597 (ι
3488 548 3615 600 Nisi
3654 561 3796 615 gra-

2064 652 2204 688 num
2251 636 2522 688 frumenti
2568 636 2774 689 cadens
2828 637 2888 688 in
2942 641 3155 688 terram
3218 642 3517 690 mortuum
3575 634 3795 691 fuerit.

2061 724 2250 793 ipsum
2284 726 2468 777 solum
2495 732 2677 776 mann!
2700 741 2712 785 ;
2739 724 2851 777 sint
2874 729 3063 777 autem
3090 731 3379 779 mortuum
3404 726 3607 785 fuerit,
3638 725 3801 776 mul-

2063 816 2186 865 tum
2219 814 2467 865 fructum
2510 812 2675 865 atfei't
2730 816 2901 873 dum.
2952 829 3046 879 xu,
3094 814 3181 879 ⁸24,
3215 813 3329 883 ‘23).
3370 836 3398 861 »
3438 814 3589 867 Cum
3645 826 3801 880 ergo

2067 902 2185 955 haec
2232 906 2389 953 tanta
2439 901 2784 954 certitudine
2826 902 3159 969 praescierit,
3212 907 3371 955 tanta
3423 901 3684 953 veritate
3745 906 3807 949 et

2068 988 2339 1042 ﬁrmitate
2384 988 2737 1058 praedixerit,
2795 989 2933 1056 quid
2982 995 3068 1042 est
3118 991 3267 1059 quod
3320 990 3500 1043 dicit:
3556 990 3627 1041 Et
3679 1004 3799 1055 ego

2068 1077 2185 1131 dixi
2212 1094 2223 1130 :
2260 1098 2287 1125 ς(
2320 1078 2380 1129 In
2410 1091 2650 1128 vacuum
2683 1075 2933 1128 laboravi
2966 1076 3087 1129 sine
3113 1092 3299 1140 causa,
3337 1081 3395 1128 et
3426 1092 3579 1129 vane
3602 1077 3803 1128 forti-

2069 1164 2326 1217 tudinem
2352 1179 2537 1215 meam
2566 1163 2934 1231 consumpsi?
2962 1184 2989 1211 »
3016 1166 3146 1231 (Isa.
3175 1179 3319 1229 xLix,
3352 1168 3430 1229 4.)
3456 1166 3531 1217 Ut
3560 1164 3805 1216 scilicet

2069 1253 2206 1323 quia
2237 1254 2283 1305 si
2319 1253 2510 1305 doleat
2540 1257 2595 1304 et
2624 1256 3009 1321 conqueratur
3037 1257 3193 1303 tanta
3224 1252 3555 1306 humilitate
3589 1257 3648 1305 et
3682 1252 3800 1303 ab-

2064 1342 2313 1411 jectione
2360 1341 2642 1409 passionis
2684 1356 2742 1393 se
2792 1341 2851 1392 in
2896 1355 3137 1392 vacuum
3188 1340 3496 1405 laborasse,
3546 1356 3617 1392 ac
3660 1340 3805 1391 sine

2071 1445 2239 1483 causa
2286 1434 2341 1482 et
2386 1444 2528 1481 vane
2568 1432 2788 1481 tantam
2819 1429 3139 1481 tolerantiae
3170 1434 3226 1482 et
3264 1430 3562 1498 patientia:
3617 1428 3803 1481 forti-

2070 1518 2328 1571 tudinem
2362 1517 2811 1585 consumpsisse;
2847 1517 2980 1569 dum
3014 1518 3169 1569 velut
3198 1518 3555 1570 infructuosa
3594 1522 3653 1569 et
3687 1532 3801 1567 va-

2074 1623 2179 1659 cua
2202 1606 2494 1659 videretur
2524 1606 2682 1657 inani
2708 1604 2916 1658 adnisu
2936 1611 2993 1658 et
3015 1610 3223 1658 conatu
3248 1622 3367 1659 esse
3388 1612 3761 1675 consumpta
3788 1620 3801 1655 :

2073 1695 2171 1748 sed
2205 1695 2311 1747 hoc
2345 1694 2622 1747 nimirum
2653 1693 2800 1747 bene
2831 1693 3171 1763 intelligitur
3200 1694 3385 1747 dicere
3418 1711 3485 1747 ex
3524 1710 3803 1764 persona

2072 1784 2461 1837 membrorum
2517 1798 2753 1835 suorum
2804 1784 2909 1836 sub
2963 1784 3062 1836 illa
3118 1784 3397 1852 passionis
3453 1789 3508 1836 et
3570 1784 3802 1837 mortis

2072 1871 2395 1941 ignominia
2464 1871 2907 1938 inﬁrmantium,
2964 1887 3027 1924 ac
3086 1888 3233 1940 pene
3296 1872 3791 1941 desperantium:

2075 1962 2213 2014 dum
2244 1965 2299 2013 et
2342 1965 2773 2029 persecutorum
2806 1961 3024 2013 saevitia
3054 1961 3209 2013 velut
3250 1961 3429 2013 victus
3475 1966 3533 2013 et
3568 1961 3799 2013 exstin-

2076 2054 2199 2102 ctus
2223 2049 2554 2117 putabatur,
2587 2053 2641 2101 et
2672 2054 3096 2101 resurrecturus
3120 2054 3289 2118 atque
3323 2049 3565 2101 humani
3605 2064 3804 2115 gene-

2076 2137 2152 2188 ris
2195 2136 2525 2205 redemptor
2572 2137 2807 2189 minime
2856 2138 3213 2190 credebatur.
3261 2139 3342 2189 Ita
3397 2152 3657 2205 namque
3722 2135 3800 2187 de

2076 2225 2174 2278 illo
2202 2226 2501 2294 desperare
2533 2230 2830 2295 casperunt
2854 2226 2954 2295 qui
2985 2225 3276 2277 dicebant:
3312 2246 3337 2273 «
3379 2226 3441 2277 Et
3486 2223 3797 2293 quomodo

2076 2313 2441 2367 tradiderunt
2466 2329 2597 2366 eum
2634 2313 2844 2367 summi
2876 2314 3216 2377 sacerdotes,
3262 2318 3316 2365 et
3361 2313 3654 2382 principes
3690 2328 3800 2364 no-

2077 2402 2179 2454 stri
2230 2402 2287 2454 in
2334 2402 2767 2455 damnationem
2800 2402 3021 2465 mortis,
3067 2406 3123 2454 et
3152 2402 3563 2455 cruciﬁxerunt
3606 2416 3794 2453 eum:

2078 2492 2191 2543 Nos
2222 2495 2415 2543 autem
2447 2491 2819 2559 sperabamus
2860 2490 2995 2559 quia
3024 2490 3145 2558 ipse
3192 2496 3337 2542 esset
3370 2490 3793 2557 redempturus

2079 2579 2249 2633 Israel
2298 2580 2448 2645 (Luc.
2483 2595 2628 2644 xxiv,
2675 2580 2764 2643 20,
2796 2578 2919 2643 21);
2956 2599 2982 2628 »
3016 2584 3072 2631 et
3101 2578 3232 2632 ideo
3262 2594 3469 2631 vacuus
3504 2578 3557 2631 ei
3600 2578 3793 2630 videri

2079 2671 2303 2739 poterat
2349 2672 2406 2720 et
2455 2667 2614 2720 labor
2662 2667 2963 2735 passionis,
3013 2672 3067 2719 et
3110 2667 3385 2720 fortitudo
3424 2672 3603 2721 tantae
3640 2669 3791 2719 tole-

2081 2757 2301 2821 rantiae,
2336 2756 2497 2824 cujus
2541 2756 2733 2808 nullus
2764 2756 2979 2809 fructus
3009 2756 3325 2819 videbatur,
3359 2757 3518 2808 nulla
3553 2757 3789 2809 redem-

2078 2846 2294 2915 ptionis
2336 2845 2549 2898 utilitas
2592 2845 2947 2898 credebatur.
2995 2845 3085 2898 Sic
3127 2845 3281 2897 enim
3329 2850 3385 2897 et
3429 2845 3487 2897 in
3533 2848 3789 2914 psalmo,

2014 2960 2054 3013 α
2084 2935 2281 3004 utique
2314 2950 2426 2987 non
2476 2950 2541 2986 ex
2593 2950 2714 2993 sua,
2758 2934 2858 3003 qui
2889 2938 3184 3003 peccatum
3215 2949 3331 2985 non
3383 2933 3535 2996 fecit,
3584 2934 3685 2986 sed
3718 2950 3789 2985 ex

2082 3039 2329 3093 persona
2362 3023 2753 3075 membrorum
2784 3037 3023 3074 suorum
3055 3022 3225 3075 dicit:
3255 3024 3280 3063 Ι)
3333 3044 3351 3067 σι
3392 3022 3582 3090 Longe
3627 3038 3661 3073 a
3693 3038 3793 3073 sa-

2084 3114 2202 3165 lute
2232 3127 2358 3163 mea
2385 3112 2558 3164 verba
2583 3110 2923 3163 delictorum
2967 3126 3225 3163 meorum
3259 3111 3423 3179 (Psal.
3456 3126 3569 3177 xxi,
3630 3111 3703 3179 2).
3760 3130 3788 3158 ω

2085 3201 2150 3254 Et
2182 3200 2290 3252 alio
2324 3200 2488 3252 loco:
2531 3221 2551 3247 ι
2600 3200 2764 3259 Deus,
2816 3204 2875 3252 tu
2910 3199 3016 3252 scis
3057 3198 3451 3268 insipientiam
3483 3215 3698 3261 meam,
3732 3204 3789 3251 et

2084 3288 2288 3342 delicta
2332 3302 2460 3340 mea
2501 3303 2532 3339 a
2581 3292 2637 3340 te
2690 3303 2805 3340 non
2857 3290 2990 3340 sunt
3019 3286 3352 3340 abscondita
3384 3288 3552 3351 (Psal.
3594 3303 3785 3349 vam,

2086 3376 2162 3445 6).
2200 3397 2227 3424 ››
2259 3378 2342 3429 Ita
2373 3391 2509 3445 ergo
2534 3380 2589 3428 et
2618 3375 2679 3428 in
2713 3375 2801 3428 his
2828 3375 3178 3445 propheticis
3199 3374 3384 3427 verbis
3416 3392 3482 3427 ex
3516 3391 3784 3443 persona,

2085 3469 2151 3517 ut
2195 3464 2409 3518 dictum
2456 3468 2559 3529 est,
2606 3463 3024 3516 inﬁrmantium
3058 3471 3113 3516 et
3158 3479 3303 3532 pene
3346 3463 3788 3531 desperantium

2085 3553 2476 3606 membrorum
2503 3568 2758 3617 suorum,
2794 3556 2851 3604 et
2896 3552 2957 3604 in
3007 3567 3218 3604 vanum
3272 3568 3330 3603 se
3377 3550 3472 3603 illa
3522 3551 3790 3620 passione

2086 3641 2392 3705 laborasse,
2444 3646 2499 3693 et
2533 3641 2654 3693 sine
2695 3656 2863 3693 causa
2893 3644 2948 3692 et
2994 3656 3135 3692 vane
3176 3639 3577 3693 fortitudinem
3624 3655 3791 3692 suam

2086 3728 2508 3799 consumpsisse
2542 3732 2888 3798 conquestus
2918 3732 3020 3780 est.
3058 3728 3182 3795 Ipse
3214 3732 3406 3780 autem
3444 3744 3507 3779 ex
3543 3743 3789 3796 persona

2087 3834 2189 3870 sua
2220 3817 2456 3870 omnino
2477 3821 2662 3869 certus
2706 3821 2764 3869 et
2792 3816 2995 3879 ﬁdens,
3040 3816 3170 3868 licet
3218 3820 3274 3868 et
3324 3832 3356 3868 a
3404 3820 3790 3885 persecutori-

2086 3906 2192 3959 bus
2243 3905 2535 3958 videretur
2566 3904 2767 3969 victus,
2822 3911 2878 3957 et
2921 3904 2992 3957 ab
3022 3904 3459 3956 inﬁrmitatibus
3492 3904 3790 3974 discipulis

2088 3999 2387 4064 putaretur
2416 3993 2626 4046 frustra
2660 3998 2829 4063 atque
2860 3992 2922 4045 in
2967 4008 3212 4045 vacuum
3241 4009 3462 4062 passus,
3511 3995 3789 4046 continuo

2087 4099 2193 4153 per
2229 4083 2327 4135 illa
2356 4081 2529 4135 verba
2572 4083 2725 4135 velut
2783 4080 3179 4151 quaerimonim
3230 4086 3284 4133 et
3312 4081 3620 4135 anxietatis
3654 4083 3786 4134 sub-

2084 4171 2313 4240 jungit:
2356 4192 2376 4216 α
2409 4172 2553 4239 Ergo
2574 4169 2855 4239 judicium
2887 4186 3081 4222 meum
3113 4185 3242 4223 cum
3266 4170 3533 4237 Domino,
3568 4176 3626 4222 et
3649 4187 3790 4239 opus

2096 4276 2289 4313 meum
2320 4259 2377 4311 in
2411 4261 2524 4312 Deo
2559 4275 2686 4312 meo
2721 4260 2852 4327 (Isa.
2882 4275 3028 4324 XLIX,
3076 4259 3153 4327 4).
3206 4279 3232 4305 ››
3268 4258 3322 4310 Id
3358 4262 3461 4317 est,
3505 4259 3786 4327 judicium

2087 4364 2302 4413 meum,
2337 4347 2484 4416 quod
2520 4348 2668 4416 apud
2705 4347 2969 4400 homines
3010 4347 3067 4398 in
3102 4346 3201 4398 illa
3230 4345 3555 4398 humilitate
3602 4347 3786 4400 subla-

2088 4441 2210 4489 tum
2260 4440 2363 4500 est,
2398 4436 2549 4506 apud
2584 4436 2887 4489 Dominum
2934 4436 3152 4488 salvum
3200 4438 3255 4486 et
3306 4434 3656 4487 inviolatum
3688 4440 3783 4487 est.

2090 4527 2156 4579 Et
2182 4541 2326 4594 opus
2356 4541 2572 4589 meum,
2608 4526 2759 4595 quod
2790 4524 2895 4578 sub
2917 4529 3079 4577 tanta
3099 4523 3421 4592 ignominia
3453 4528 3511 4576 et
3539 4529 3786 4577 contem-

2006 1670 2044 1722 Β

1348 4672 1552 4728 ΝΟΤΑΞ
1592 4672 1921 4729 DUVALLII
1962 4675 2302 4732 DOCTORIS
2340 4675 2728 4732 SORBONICI.

353 4805 377 4829 ⁸
416 4796 589 4849 Caute
649 4795 893 4863 legenda
952 4799 1036 4848 est
1086 4794 1370 4863 expositio
1417 4794 1626 4848 horum
1670 4796 1975 4850 verborum

284 4866 479 4920 Isaize:
522 4888 543 4913 ι
578 4867 688 4935 Ego
716 4872 905 4919 autem
940 4866 999 4918 in
1025 4882 1262 4918 vacuum
1294 4866 1568 4931 laboravi,
1597 4867 1808 4919 frustra
1838 4883 1973 4919 con-

282 4936 500 5006 sumpsi
543 4937 943 4991 fortitudinem
981 4952 1189 4989 meam.
1246 4956 1274 4985 »
1312 4937 1456 4990 Dicit
1486 4938 1641 4990 enim
1688 4938 1975 4991 Christum

280 5009 389 5061 hoc
419 5010 540 5060 loco
585 5023 652 5060 ex
687 5023 927 5076 persona
967 5008 1362 5060 membrorum
1403 5007 1506 5060 sub
1550 5010 1646 5060 illa
1693 5009 1974 5077 passionis

279 5079 484 5132 mortis
504 5078 823 5147 ignominia
843 5078 1262 5131 inﬁrmantium
1284 5094 1348 5130 ac
1368 5093 1515 5146 pene
1544 5080 1972 5148 desperantium

279 5166 402 5203 esse
432 5150 722 5211 locutum;
750 5153 807 5201 et
833 5148 939 5201 hoc
977 5150 1347 5201 conformiter
1374 5165 1476 5202 suo
1506 5149 1780 5217 dogmati,
1816 5150 1973 5218 quod

281 5235 487 5289 nempe
533 5219 788 5273 Christus
832 5221 1020 5271 solum
1054 5236 1154 5287 pro
1186 5220 1377 5272 electis
1421 5236 1619 5287 passus
1668 5221 1861 5283 fuerit,
1911 5225 1972 5272 ut

278 5290 406 5342 ideo
449 5292 509 5343 in
554 5305 796 5342 vacuum
838 5289 1077 5342 minime
1141 5290 1515 5342 laboraverit:
1565 5306 1761 5343 verum
1794 5291 1970 5343 satius

278 5364 365 5412 est
395 5375 461 5411 ea
508 5360 577 5411 de
603 5360 825 5412 Christo
854 5361 979 5428 ipso
1020 5376 1330 5427 exponere,
1362 5375 1677 5428 paucorum
1726 5363 1969 5415 salutem

278 5428 650 5497 praevidente,
694 5431 953 5498 quamvis
1001 5430 1571 5497 sufﬁcientissimum,
1614 5432 1731 5484 imo
1764 5448 1971 5501 super-

2089 4797 2649 4851 abundantissimum
2682 4798 2930 4868 pretium
2948 4794 3362 4865 redemptionis
3386 4797 3652 4851 omnium
3682 4798 3783 4850 ho—

2086 4869 2311 4921 minum
2341 4869 2401 4921 in
2434 4885 2526 4921 ara
2559 4871 2741 4921 crucis
2766 4869 3110 4921 exsolvisset.

2154 4942 2179 4981 Ι)
2232 4939 2445 4992 Ibidem
2476 4945 2680 4993 notent
2709 4940 3031 4993 Calvinistm
3063 4939 3212 4992 hunc
3242 4938 3560 4992 Psalmistae
3605 4939 3780 4992 versi-

2083 5010 2275 5061 culum
2302 5026 2316 5065 :
2351 5031 2371 5058 ι
2413 5010 2598 5073 Quare
2629 5026 2720 5063 me
2752 5009 3143 5079 dereliquisti?
3174 5011 3361 5077 Longe
3395 5026 3426 5061 a
3451 5011 3636 5062 salute
3660 5026 3781 5062 mea

2082 5080 2255 5133 verba
2303 5082 2644 5133 delictorum
2689 5096 2973 5146 meorum,
3011 5102 3039 5128 ››
3097 5097 3209 5133 non
3266 5081 3335 5133 de
3376 5080 3603 5134 Christo
3636 5081 3776 5149 ipso,

2084 5151 2181 5203 sed
2211 5152 2279 5205 de
2312 5152 2468 5203 illius
2504 5151 2774 5205 membris
2804 5167 2926 5204 esse
2955 5152 3347 5220 intelligenda,
3382 5166 3635 5219 quorum
3669 5167 3778 5203 om-

2083 5222 2246 5274 nium
2294 5227 2525 5290 peccata
2568 5228 2843 5291 tanquam
2897 5221 3005 5274 sibi
3057 5222 3290 5291 propria
3319 5221 3673 5289 imputabat;
3704 5224 3779 5274 ita

2083 5298 2148 5345 ut
2176 5292 2458 5346 haesitatio
2497 5298 2554 5345 et
2581 5292 2924 5361 desperatio,
2971 5292 3132 5361 cujus
3168 5293 3252 5346 ibi
3280 5292 3345 5346 ﬁt
3382 5292 3625 5357 mentio,
3658 5308 3770 5344 non

2080 5363 2322 5423 Christo,
2372 5363 2472 5432 qui
2520 5363 2589 5416 de
2644 5379 2748 5416 sua
2794 5365 2973 5416 salute
3023 5378 3232 5431 anceps
3262 5368 3319 5415 et
3368 5362 3579 5415 dubius
3632 5380 3773 5415 nun-

2079 5448 2267 5556 gustu:i
2298 5432 2425 5556 fuit,
2460 5449 2565 5487 nec
2596 5449 2717 5487 esse
2746 5434 2953 5505 potuit,
2994 5433 3089 5486 sed
3126 5433 3280 5487 illius
3315 5434 3594 5486 membris
3622 5434 3773 5489 attri-

2121 5519 2231 5556 uen
2274 5519 2304 5555 a
2335 5520 2382 5555 51
2417 5544 2427 5554 .

2121 5519 2304 5558 uenaa
2335 5519 2427 5556 ειι.
