3884 6218
68 299 186 349 ξΟΠ

1330 298 1536 351 LIBER
1578 298 1664 350 DE
1704 297 1952 353 TRIBUS
1992 298 2354 353 EPISTOLIS.

3428 300 3561 350 l0l8

64 434 149 497 ptu
181 426 474 497 passionis
518 427 728 480 frustra
757 427 980 481 videtur
1009 427 1253 481 effusum
1294 432 1466 498 atque
1498 446 1756 482 consum-
1793 431 1839 482 Α
1871 434 1988 495 tua,
2042 446 2074 483 ο
2127 446 2279 484 mors
2313 446 2325 483 :
2355 446 2452 483 ero
2502 440 2725 484 morsus
2774 434 2927 493 tuus,
2978 428 3202 481 inferne
3256 429 3390 497 (Ose.
3441 444 3558 494 xm,

68 523 235 587 ptum,
272 516 430 584 apud
466 517 646 569 Deum
678 516 910 584 plenum
945 520 1029 569 est
1059 516 1265 582 fructu,
1301 522 1358 569 et
1387 518 1444 569 in
1480 516 1637 571 nullo
1668 518 1761 570 sui

68 607 282 658 eﬁectus
320 606 480 657 lucro
516 605 861 658 fraudatum.
902 605 1157 675 Denique
1183 610 1247 658 ut
1274 606 1464 659 statim
1494 607 1759 660 fructuo-

69 694 345 745 sissimum
382 693 565 761 ipsius
596 693 683 744 sui
711 692 898 761 operis
934 692 1200 745 effectum
1231 693 1289 745 in
1322 695 1621 764 utriusque
1662 712 1759 765 po-

70 782 171 851 puli
203 781 630 849 redemptione,
662 785 835 850 atque
875 781 1297 833 illuminatione
1336 783 1759 836 evidentissime

73 872 395 933 declararet,
430 870 745 938 prirmissis
778 868 962 921 verbis
993 870 1259 937 protinus
1296 871 1560 940 adjunxit
1592 889 1603 925 :
1638 893 1658 919 ε
1697 874 1761 925 Et.

74 959 411 1021 gloriﬁcatus
465 974 593 1009 sum
644 957 699 1009 in
757 957 934 1010 oculis
994 957 1241 1021 Domini,
1297 964 1354 1011 et
1405 960 1550 1012 Deus
1597 977 1761 1013 meus

73 1052 231 1099 fictus
264 1052 353 1097 est
386 1046 661 1098 fortitudo
694 1062 849 1108 mea;
886 1052 942 1099 et
970 1046 1115 1099 dixit
1143 1063 1155 1099 :
1189 1049 1398 1100 Parum
1445 1053 1546 1113 est,
1583 1054 1645 1101 ut
1683 1050 1761 1101 sis

77 1136 196 1188 mihi
246 1150 449 1186 servus
504 1135 572 1186 ad
623 1134 973 1186 suscitandas
1026 1134 1206 1187 tribus
1252 1136 1440 1195 Jacob,
1494 1142 1549 1188 et
1594 1137 1761 1190 faeces

76 1224 223 1276 Israel
271 1222 714 1275 Convertendas.
765 1222 933 1275 Posui
965 1228 1018 1275 te
1050 1224 1110 1276 in
1144 1224 1328 1276 lucem
1379 1225 1663 1291 gentibus,
1698 1231 1763 1278 ut

82 1314 139 1361 sis
195 1310 350 1362 salus
402 1325 532 1362 mea
597 1325 778 1378 usque
835 1310 905 1364 ad
972 1316 1294 1364 extremum
1340 1317 1507 1366 terrae
1572 1314 1756 1377 (lbid.,

80 1402 119 1459 ὅ,
146 1398 214 1461 6).
266 1419 288 1444 ι
346 1399 472 1450 Non
509 1413 645 1465 ergo
680 1398 888 1467 aliquis
920 1414 987 1451 ex
1015 1398 1131 1451 illis
1176 1399 1363 1452 verbis
1410 1402 1566 1454 velut
1597 1401 1760 1453 ratio-

80 1502 190 1538 nem
219 1502 279 1537 se
312 1486 605 1539 invenisse
643 1486 949 1551 existimet,
998 1487 1133 1557 quia
1162 1488 1469 1541 Dominum
1501 1494 1762 1542 nostrum

79 1574 273 1643 aliquid
328 1576 588 1627 inaniter
639 1580 695 1628 et
724 1592 867 1628 vane
899 1576 957 1628 in
1000 1576 1262 1645 passione
1300 1593 1401 1628 sua
1445 1583 1499 1629 et
1528 1578 1762 1645 pretiosi

80 1664 353 1732 sanguinis
382 1664 662 1717 elTusione
694 1664 872 1734 egisse
904 1665 1249 1731 contendat;
1282 1681 1411 1718 cum
1441 1672 1559 1718 tota
1590 1665 1760 1733 hujus

1873 519 1978 587 14).
2016 543 2035 565 ι›
2074 521 2140 571 Et
2167 519 2297 570 ideo
2346 534 2641 588 nunquam
2672 518 2879 588 aliquis
2913 518 3325 570 catholicorum
3368 517 3561 570 docto-

1866 622 1994 659 rum
2027 606 2106 658 ita
2156 607 2415 669 sensisse,
2452 612 2549 659 aut
2594 606 2852 659 docuisse
2897 606 3211 658 credendus
3260 609 3363 670 est,
3397 604 3561 673 quasi

1872 695 2148 748 Dominus
2181 699 2236 747 et
2266 695 2506 748 salvator
2535 700 2727 747 noster
2758 696 2929 746 etiam
2961 695 3030 746 ad
3066 694 3221 746 illam
3247 694 3561 762 impiorum

1869 783 2322 849 multitudinem,
2356 799 2483 852 quae
2524 788 2653 834 ante
2699 783 3019 852 passionem
3056 783 3177 851 ejus
3218 782 3409 851 periit,
3442 781 3560 833 sal-

1867 871 2108 923 vandam
2160 876 2331 941 atque
2378 870 2793 932 redimendam,
2842 872 3162 939 passionem
3213 877 3267 922 et
3315 874 3559 924 mortem

1868 960 2201 1027 susceperit.
2237 962 2376 1013 Cum
2408 976 2546 1027 ergo
2571 975 2674 1028 pro
2706 959 2803 1011 illa
2836 959 3315 1011 inaestimabiliter
3344 958 3559 1027 majore

1867 1047 2107 1100 humani
2152 1048 2377 1116 generis
2424 1053 2605 1116 parte,
2640 1063 2765 1116 quae
2814 1063 2914 1116 per
2945 1052 3027 1099 tot
3055 1046 3234 1099 millia
3280 1062 3561 1098 annorum

1866 1142 2254 1203 praecesserat,
2306 1138 2635 1188 nullatenus
2688 1136 3003 1188 credendus
3065 1134 3138 1186 sit
3186 1150 3402 1204 passus,
3459 1151 3562 1187 nec

1870 1241 1973 1293 pro
2006 1224 2130 1292 ejus
2156 1226 2339 1276 salute
2370 1224 2685 1283 cruciﬁxus,
2719 1223 2853 1292 quid
2890 1223 2958 1275 de
2987 1223 3094 1275 ista
3123 1224 3320 1292 utique
3356 1222 3565 1276 minori

1871 1317 2031 1381 parte
2054 1313 2370 1365 inﬁdelium
2397 1316 2452 1365 et
2478 1312 2788 1380 impiorum
2814 1311 3163 1364 credendum
3185 1316 3289 1378 est,
3319 1310 3416 1381 qui
3435 1315 3566 1380 post

1870 1400 2196 1470 passionem
2224 1401 2346 1469 ejus
2378 1416 2556 1470 usque
2588 1400 2656 1453 ad
2691 1399 2895 1453 mundi
2926 1400 3235 1452 terminum
3267 1404 3366 1451 aut
3394 1399 3567 1452 exsti-

1872 1493 2067 1543 terunt
2097 1495 2193 1542 aut
2222 1489 2487 1552 existunt,
2512 1492 2611 1541 aut
2640 1489 2816 1541 futuri
2847 1488 3020 1541 sunt?
3050 1490 3108 1541 In
3135 1488 3343 1556 quibus
3366 1488 3563 1557 utique

1873 1582 1928 1630 et
1975 1578 2147 1630 homo
2180 1577 2275 1629 ille
2306 1576 2565 1629 nondum
2614 1581 2781 1629 natus
2814 1577 3195 1630 Antichristus
3239 1576 3361 1629 erit.
3420 1577 3561 1629 Nam

1872 1665 1920 1717 si
1975 1665 2042 1717 ad
2085 1665 2223 1718 istos
2288 1665 2426 1717 tales
2480 1664 2753 1717 Dominus
2800 1664 3099 1717 salvandos
3148 1665 3322 1725 venit,
3371 1664 3429 1717 id
3480 1669 3565 1719 est

80 1752 409 1821 prophetiae
442 1753 705 1805 lectionis
734 1754 878 1807 serie
924 1753 1355 1807 ordinatissimo
1386 1770 1577 1807 rerum
1621 1755 1756 1808 etfe-
1798 1773 1838 1825 Β
1872 1753 2105 1822 impios,
2152 1758 2210 1806 et
2237 1754 2293 1806 in
2327 1770 2428 1805 sua
2458 1753 2755 1821 impietate
2793 1754 3099 1822 perituros,
3132 1769 3267 1822 ergo
3299 1753 3565 1821 praestitit

79 1844 174 1903 ctu,
204 1846 259 1892 et
290 1856 358 1893 ex
394 1856 661 1909 persona,
696 1846 757 1894 ut
777 1841 991 1895 dictum
1014 1847 1116 1906 est,
1146 1842 1566 1896 inﬁrmantium
1591 1859 1767 1896 mem-

81 1929 290 1982 brorum
327 1930 566 1982 evidens
608 1930 893 1983 hzesitatio
925 1936 980 1983 et
1028 1931 1374 2001 desperatio,
1418 1938 1475 1985 et
1520 1948 1587 1984 ex
1635 1949 1764 2002 per-

81 2033 199 2069 sona
225 2017 412 2086 ipsius
446 2018 651 2087 capitis
684 2018 826 2086 justi
854 2018 1081 2087 judicii,
1117 2024 1173 2071 et
1213 2018 1591 2073 efﬁcacissimi
1626 2036 1764 2090 ope-

84 2106 144 2159 ris
190 2108 595 2175 praisumptio,
644 2113 700 2158 et
745 2123 811 2159 ex
858 2123 1106 2177 persona
1157 2112 1387 2177 patrum
1428 2109 1765 2177 plenissima

85 2196 381 2248 declaretur
412 2200 590 2248 tantae
613 2196 976 2260 humilitatis,
1010 2201 1068 2249 et
1089 2198 1229 2249 tanti
1259 2198 1449 2265 operis
1480 2198 1537 2251 in
1560 2198 1769 2250 utrius-

88 2301 176 2353 que
204 2285 405 2354 populi
453 2283 831 2354 acquisitione
862 2284 1252 2355 compensatio
1287 2301 1299 2338 :
1334 2286 1393 2338 in
1424 2286 1535 2339 illis
1576 2286 1767 2340 videli-

88 2380 172 2439 cet,
206 2373 303 2443 qui
334 2388 443 2442 per
471 2389 603 2425 eum
634 2389 667 2425 a
698 2377 881 2426 morte
911 2374 1120 2426 animae
1165 2374 1531 2440 suscitantur,
1563 2375 1662 2445 qui
1692 2375 1765 2428 ad

91 2462 232 2515 ﬁdem
262 2467 701 2527 convertuntur,
735 2461 942 2532 quibus
983 2462 1043 2515 in
1075 2464 1260 2516 lucem
1301 2464 1558 2532 ponitur,
1594 2468 1764 2534 atque

90 2550 135 2601 in
160 2552 393 2604 salutem
424 2552 612 2605 datur.

689 2648 915 2702 CAPUT
952 2649 1132 2701 XVIII.

92 2745 177 2795 Pro
203 2747 386 2812 impiis
417 2751 550 2798 ante
593 2749 814 2797 mortem
843 2745 1050 2799 Christi
1097 2744 1373 2798 damnatis
1421 2746 1568 2797 nullo
1606 2745 1763 2798 modo

140 2831 320 2883 passus
374 2821 478 2868 est.
532 2816 673 2881 Quid
715 2815 781 2868 de
838 2818 1070 2883 posteris
1122 2816 1452 2883 inﬁdelibus,
1515 2816 1651 2884 quid
1698 2816 1763 2869 de

143 2888 479 2940 Antio/triste
495 2886 521 2938 ?

142 2992 397 3055 Quamvis
447 2992 624 3060 igitur
652 2992 806 3044 idem
858 2991 1137 3045 Dominus
1182 2996 1401 3059 noster,
1443 2996 1499 3045 et
1530 2993 1600 3046 ad
1635 3009 1757 3046 om-

1874 1842 1987 1895 illis
2034 1842 2189 1910 quod
2239 1841 2352 1895 illis
2399 1842 2651 1911 antiquis
2692 1841 2885 1910 impiis
2929 1857 3043 1894 non
3088 1841 3397 1910 praestitit:
3431 1841 3566 1909 quia

1872 1929 2138 1982 videlicet
2189 1946 2293 1998 pro
2334 1928 2455 1983 istis
2487 1936 2572 1983 est
2609 1930 2905 1983 cruciﬁxus
2962 1934 3017 1981 et
3073 1934 3351 1988 mortuus,
3415 1928 3565 1997 quod

1874 2034 1978 2087 pro
2028 2018 2143 2071 illis
2171 2019 2499 2071 nullatenus
2546 2018 2863 2071 credendus
2906 2023 2990 2071 est
3022 2034 3237 2087 passus.
3274 2017 3331 2069 Si
3376 2022 3566 2070 autem

1876 2122 1980 2159 nec
2012 2122 2115 2176 pro
2145 2106 2270 2160 istis
2297 2111 2378 2159 est
2409 2106 2712 2160 cruciﬁxus
2745 2113 2801 2159 et
2833 2110 3112 2173 mortuus,
3144 2106 3289 2159 sicut
3333 2121 3437 2158 nec
3461 2121 3565 2173 pro

1874 2195 2004 2259 illis,
2038 2211 2172 2264 ergo
2219 2211 2384 2264 pares
2416 2200 2548 2248 sunt
2577 2195 2892 2264 impietate,
2928 2211 3094 2265 pares
3132 2194 3476 2263 perditione,
3508 2198 3567 2246 et

1872 2283 2089 2352 pariter
2113 2284 2347 2337 omnino
2379 2285 2631 2336 extranei
2656 2301 2688 2336 a
2717 2283 2924 2337 Christi
2956 2283 3345 2352 redemptione
3380 2299 3392 2334 :
3428 2281 3565 2351 quia

1873 2376 1929 2424 et
1967 2372 2014 2424 si
2043 2388 2147 2441 pro
2178 2372 2300 2425 istis
2330 2388 2527 2441 passus
2576 2389 2698 2427 esse
2744 2373 2983 2435 dicatur,
3019 2373 3155 2442 quid
3206 2372 3287 2424 eis
3326 2370 3565 2439 profecit

1874 2460 1995 2528 ejus
2024 2460 2212 2528 passio
2240 2460 2454 2527 impiis,
2485 2466 2541 2513 et
2568 2461 2626 2513 in
2658 2477 2761 2513 sua
2790 2461 3082 2529 impietate
3112 2459 3399 2529 perituris,
3432 2457 3559 2523 nisi,

1874 2551 1937 2598 ut
1964 2547 2064 2615 qui
2094 2563 2206 2600 non
2243 2548 2389 2601 ﬁunt
2416 2548 2723 2617 participes
2747 2548 3175 2617 redemptionis,
3212 2547 3486 2614 majorem
3510 2549 3565 2599 et

1873 2634 2193 2704 graviorem
2225 2636 2520 2689 incurrant
2547 2636 2838 2689 cumulum
2873 2634 3301 2688 damnationis?

2521 2759 2745 2814 CAPUT
2783 2761 2909 2814 XIX.

2314 2869 2388 2920 De
2416 2868 2476 2920 B.
2509 2868 2700 2921 Leonis
2733 2870 3109 2936 intelligentia.

1942 2987 2110 3041 Ponit
2160 2989 2421 3057 quaidam
2470 2990 2643 3044 verba
2686 2993 2745 3045 B.
2795 2994 2903 3046 Leo
2944 2993 3002 3044 in
3056 2991 3397 3062 quibusdam
3441 3007 3559 3044 ser-

90 3097 170 3133 nes
199 3082 497 3134 salvandos
530 3086 589 3132 et
627 3096 825 3133 omnes
854 3080 1240 3147 redimendos,
1276 3081 1450 3134 etiam
1482 3096 1627 3150 quos
1654 3097 1758 3133 nec
1796 3066 1836 3120 Ο
1870 3077 2140 3130 monibus
2170 3078 2239 3131 ad
2272 3078 2573 3147 populum,
2606 3094 2671 3133 ex
2705 3081 2910 3149 quibus
2944 3080 3225 3145 nonnulli,
3263 3079 3349 3132 vel
3370 3080 3558 3133 minus

88 3169 291 3222 salvavit
337 3185 446 3221 nec
477 3168 740 3231 redemit,
774 3168 832 3221 id
881 3174 966 3221 est
997 3168 1277 3235 inﬁdeles,
1316 3175 1373 3222 et
1418 3169 1648 3239 impios,
1697 3170 1755 3222 in

92 3273 169 3308 sua
210 3258 550 3311 inﬁdelitate
594 3261 652 3309 et
696 3256 990 3326 impietate
1037 3258 1293 3325 perditos
1324 3260 1381 3311 et
1428 3264 1755 3327 pereuntes,

90 3346 181 3397 sive
210 3347 520 3414 perituros,
551 3345 769 3397 venisse
803 3346 1201 3409 contendatur,
1237 3361 1419 3399 unum
1449 3352 1642 3399 tamen
1676 3351 1759 3399 est

91 3434 218 3502 quod
243 3450 344 3486 nos
375 3438 435 3487 et
459 3432 795 3486 ﬁdelissime
824 3432 1130 3497 credimus,
1172 3441 1229 3487 et
1257 3434 1548 3487 verissime
1593 3434 1753 3487 novi-

90 3535 210 3587 mus,
240 3522 372 3591 quia
396 3536 506 3591 pro
538 3520 697 3573 omni
726 3519 825 3573 illa
846 3520 1255 3573 innumerabili
1282 3527 1338 3574 et
1357 3521 1584 3574 inﬁnita
1616 3522 1760 3575 mul-

95 3609 305 3663 titudine
344 3610 683 3680 impiorum,
718 3608 818 3678 qui
865 3609 935 3661 ab
966 3609 1198 3662 exordio
1230 3610 1433 3663 mundi
1476 3626 1657 3679 usque
1689 3612 1757 3665 ad

97 3698 387 3764 passionem
448 3697 680 3751 Domini
727 3707 751 3730 ³
800 3714 903 3766 per
952 3705 1199 3767 quatuor
1244 3698 1423 3751 ferme
1472 3714 1757 3753 annorum

96 3784 247 3839 millia
275 3787 332 3840 in
362 3804 469 3840 sua
514 3786 810 3855 impietate
840 3792 973 3839 sunt
1002 3786 1232 3852 mortui,
1276 3793 1333 3840 et
1362 3788 1513 3849 apud
1545 3788 1758 3841 inferos

98 3876 279 3924 aeterna
306 3872 639 3941 perditione
670 3872 945 3937 damnati,
978 3890 1276 3944 nunquam
1312 3875 1589 3928 Dominus
1621 3892 1757 3944 pas-

97 3973 186 4022 sus,
231 3977 532 4031 nunquam
581 3965 844 4014 mortuus
891 3966 992 4024 est,
1038 3978 1143 4015 nec
1192 3963 1259 4015 ad
1310 3979 1408 4016 eos
1460 3963 1757 4017 salvandos

97 4048 345 4101 ullatenus
392 4050 573 4115 venit,
620 4065 723 4102 nec
770 4065 873 4118 pro
923 4050 1002 4102 eis
1049 4051 1363 4119 pretiosum
1416 4052 1756 4120 sanguinem

96 4133 213 4188 fudit
241 4154 251 4189 :
280 4138 563 4207 quoniam
615 4138 766 4191 solos
812 4138 941 4190 illos
995 4154 1058 4190 ex
1105 4138 1194 4191 his
1242 4138 1342 4209 qui
1394 4138 1463 4192 ab
1520 4140 1755 4193 exordio

98 4225 265 4278 mundi
302 4242 483 4295 usque
520 4226 589 4279 ad
621 4226 949 4294 passionem
991 4227 1113 4295 ejus
1157 4227 1512 4291 exstiterunt,
1557 4228 1754 4281 eadem

97 4312 318 4375 passione
365 4329 472 4365 sua
508 4312 813 4366 redemisse
846 4318 901 4365 et
935 4313 1196 4378 salvasse,
1234 4318 1403 4383 atque
1442 4314 1512 4367 ab
1543 4314 1752 4367 inferni

98 4398 317 4451 claustris
339 4400 602 4454 eduxisse
633 4400 947 4453 credendus
978 4405 1083 4467 est,
1110 4402 1211 4470 qui
1242 4406 1296 4454 et
1323 4402 1568 4455 ﬁdeliter
1596 4418 1747 4468 eum,

98 4494 429 4552 speraverunt
477 4493 807 4553 venturum,
842 4493 896 4542 et
941 4489 1186 4543 ﬁdeliter
1212 4505 1316 4559 per
1346 4506 1477 4543 eum
1528 4490 1753 4543 redem-

99 4572 314 4637 ptionem
362 4580 418 4628 et
466 4576 869 4629 liberationem
910 4576 979 4629 ad
1028 4578 1268 4629 salutem
1321 4593 1379 4629 se
1424 4582 1754 4646 accepturos

99 4674 192 4712 esse
240 4663 612 4716 crediderunt
647 4680 658 4715 :
694 4669 919 4717 sanctos
958 4663 1222 4717 videlicet
1271 4665 1646 4734 patriarchas,
1698 4669 1754 4718 et

100 4750 388 4817 prophetas,
417 4756 477 4804 et
521 4755 759 4804 caeteros
780 4752 972 4821 justos
1014 4752 1222 4821 quibus
1255 4753 1427 4805 etiam
1463 4769 1564 4822 per
1595 4753 1753 4806 Osem

100 4837 393 4904 prOphetam
427 4842 562 4892 ante
593 4840 957 4907 promiserat,
983 4840 1176 4894 dicens
1204 4856 1217 4893 :
1255 4862 1282 4889 ‹‹
1308 4842 1385 4895 De
1405 4858 1581 4894 manu
1608 4857 1753 4895 mor-

98 4918 152 4971 tis
188 4923 425 4979 liberabo
460 4941 583 4991 eos,
631 4926 699 4979 de
734 4931 917 4980 morte
964 4927 1244 4981 redimam
1292 4943 1409 4982 eos.
1455 4930 1559 4983 Ero
1602 4946 1753 4983 mors

1870 3165 2245 3231 attendentes,
2300 3166 2383 3219 vel
2429 3167 2623 3219 minus
2666 3168 3072 3235 intelligentes,
3123 3166 3376 3220 fortassis
3429 3183 3558 3220 cum

1868 3253 2073 3306 docere
2119 3257 2176 3306 et
2216 3255 2426 3308 sentire
2476 3255 2802 3309 existimant
2848 3257 2998 3326 quod
3044 3257 3320 3310 Dominus
3368 3262 3558 3309 noster

1867 3342 2038 3394 etiam
2086 3359 2191 3412 pro
2223 3343 2414 3413 impiis
2444 3344 2503 3396 in
2536 3361 2635 3397 sua
2669 3346 2963 3414 impietate
2994 3346 3331 3398 durantibus
3362 3362 3559 3414 passus

1868 3429 1958 3495 sit,
1995 3435 2052 3483 et
2092 3446 2289 3483 eorum
2322 3432 2502 3501 possit
2549 3432 2657 3485 dici
2715 3434 3062 3503 redemptor,
3116 3435 3262 3487 sicut
3306 3434 3442 3487 illud
3476 3439 3560 3487 est

1869 3519 2019 3588 quod
2062 3519 2305 3588 quodam
2357 3520 2480 3573 loco
2544 3521 2669 3573 ait:
2712 3520 2965 3593 [Respice
3019 3522 3271 3582 tandem,
3336 3521 3552 3585 Judaee,

1866 3608 2103 3676 respice,
2153 3613 2210 3660 et
2250 3608 2320 3661 ad
2358 3608 2798 3677 Redemptorem
2850 3611 3020 3662 etiam
3064 3615 3248 3674 tuum,
3299 3609 3557 3678 deposita

1866 3695 2225 3761 inﬁdelitate,
2271 3702 2619 3749 convertere.
2658 3698 2783 3750 Noli
2817 3698 3041 3750 sceleris
3081 3697 3164 3751 tui
3200 3697 3555 3750 immanitate

1866 3783 2099 3849 terreri;
2130 3800 2248 3837 non
2295 3785 2476 3853 justos
2519 3785 2797 3849 Christus,
2848 3787 2944 3838 sed
2994 3789 3314 3855 peccatores
3349 3789 3551 3837 vocat:

1866 3887 1972 3924 nec
1996 3871 2349 3941 impietatem
2385 3877 2538 3925 tuam
2569 3872 2817 3943 repellit,
2852 3872 2950 3942 qui
2979 3888 3081 3941 pro
3112 3877 3187 3935 te,
3215 3887 3344 3925 cum
3372 3870 3556 3923 cruci-

1866 3959 2011 4013 ﬁxus
2042 3964 2206 4023 esset,
2241 3960 2469 4031 oravit.]
2511 3961 2616 4014 Sed
2646 3962 2709 4014 in
2739 3961 2826 4014 his
2855 3961 3040 4014 verbis
3086 3960 3446 4013 manifestum
3474 3963 3558 4011 est

1867 4048 2012 4101 bene
2044 4048 2520 4118 intelligentibus,
2558 4049 2712 4119 quia,
2746 4049 2953 4103 usitato
2985 4065 3143 4101 more
3174 4048 3439 4101 humanas
3469 4048 3555 4099 lo-

1866 4136 2132 4201 cutionis,
2167 4138 2271 4191 sub
2309 4138 2480 4191 unius
2510 4138 2691 4192 Judaei
2724 4155 2970 4208 persona
3000 4143 3184 4191 totum
3227 4136 3556 4190 Judzeorum

1866 4226 2145 4294 populum
2180 4226 2511 4296 alloquitur,
2558 4232 2615 4280 et
2638 4227 2845 4280 idcirco
2876 4228 3030 4280 velut
3059 4226 3117 4278 in
3150 4241 3393 4295 persona
3428 4241 3557 4278 om-

1865 4312 2048 4379 nium,
2077 4312 2147 4366 ad
2179 4329 2361 4367 unum
2393 4315 2602 4368 clamat
2621 4320 2676 4368 et
2701 4315 2839 4369 dicit
2873 4333 2885 4368 :
2919 4316 3007 4384 [Et
3031 4315 3101 4368 ad
3131 4315 3558 4384 redemptorem

1866 4400 2038 4453 etiam
2086 4405 2248 4454 tuum
2310 4402 2569 4472 deposita
2616 4402 2956 4457 inﬁdelitate
3011 4402 3385 4471 convertere]
3433 4403 3558 4455 Non

1864 4488 2001 4558 quia
2044 4489 2237 4543 nullus
2271 4489 2344 4543 sit
2372 4491 2695 4545 inﬁdelium
2729 4492 3052 4545 Iudaeorum
3085 4491 3246 4559 cujus
3280 4490 3556 4543 Dominus

1864 4593 1981 4630 non
2007 4577 2080 4630 sit
2111 4578 2459 4648 redemptor,
2492 4579 2590 4633 sed
2618 4580 2754 4648 quia
2784 4596 2898 4632 non
2931 4581 3114 4633 solum
3144 4579 3384 4631 aliarum
3416 4594 3555 4647 gen-

1861 4666 2031 4731 tium,
2064 4668 2159 4720 sed
2193 4667 2364 4721 etiam
2394 4668 2548 4721 illius
2577 4668 2754 4720 Judaei
2799 4668 3017 4737 populi,
3060 4668 3218 4737 cujus
3258 4667 3467 4719 scelere
3502 4671 3557 4719 et

1862 4754 2158 4824 impietate
2200 4755 2501 4809 cruciﬁxus
2550 4762 2653 4821 est,
2687 4755 2733 4807 si
2768 4756 2833 4808 ad
2867 4772 2998 4808 eum
3043 4761 3425 4819 convertatur,
3460 4772 3555 4808 re-

1864 4843 2129 4914 demptor
2167 4860 2288 4897 esse
2340 4844 2627 4913 dignatur.
2665 4845 2725 4896 Et
2759 4844 2887 4896 ideo
2920 4844 3001 4897 ait
3048 4842 3166 4915 [qui
3197 4860 3298 4912 pro
3328 4848 3383 4897 te
3424 4861 3555 4897 cum

1862 4933 2164 4985 cruciﬁxus
2211 4938 2359 4984 esset
2390 4931 2573 4984 oravit
2603 4929 2638 5000 :]
2668 4947 2781 4983 non
2808 4932 2959 5000 quod
3001 4933 3192 4984 nullus
3231 4931 3553 4985 inﬁdelium

1113 5074 1312 5129 NOTAE
1354 5076 1685 5131 DUVALLII
1728 5075 2067 5133 DOCTORIS
2098 5076 2486 5139 SORBQNICI.

120 5201 171 5268 ,⁸
203 5195 273 5247 Ita
316 5198 465 5272 varii
507 5202 644 5251 sunt
681 5198 1003 5272 chronisﬁtaai
1030 5201 1091 5254 in
1138 5217 1420 5255 annorum
1469 5207 1747 5272 supputa-

100 5264 220 5341 tione
247 5283 275 5318 a
301 5270 589 5341 creatione
621 5285 803 5339 usque
850 5271 918 5324 ad
950 5271 1257 5336 Christum,
1293 5278 1353 5325 ut
1378 5276 1506 5341 jure
1537 5264 1605 5326 ae
1636 5275 1749 5326 illis

103 5330 187 5409 dici
221 5340 391 5403 possit
420 5356 430 5392 :
458 5341 566 5393 Tot
615 5330 823 5409 capita,
872 5348 954 5395 tot
1000 5330 1337 5409 sententiae;
1378 5330 1750 5397 "communior

104 5406 255 5484 tamen
297 5410 588 5484 etcertior
631 5406 715 5463 est
745 5426 942 5465 eorum
978 5406 1333 5482 supputatio,
1376 5415 1474 5484 qui
1523 5431 1587 5467 ex
1622 5417 1745 5469 LXX

102 5471 461 5549 Interpretibus
520 5487 578 5533 et
629 5484 970 5549 pervetustis
1033 5471 1411 5538 Hebraeorum
1453 5486 1743 5538 codicibus

103 5541 257 5599 dicunt
282 5550 534 5622 quinque
567 5541 749 5603 millia
777 5558 1008 5607 centum
1038 5560 1095 5606 et
1124 5556 1436 5625 nonaginta
1475 5572 1678 5611 novem
1712 5575 1742 5609 a

1858 5205 2144 5257 creatione
2193 5204 2259 5258 ad
2313 5204 2598 5260 Christum
2646 5203 2947 5257 efﬂuxisse.
3000 5201 3374 5275 Communior
3413 5205 3549 5275 qni-

1856 5275 2009 5336 dem,
2056 5275 2153 5341 qui
2202 5279 2287 5327 est
2331 5280 2445 5328 tam
2494 5277 2812 5331 Graecorum
2865 5290 3035 5344 quam
3084 5274 3443 5337 Latinorum,
3490 5281 3551 5329 ut

1858 5351 2017 5397 notat
2065 5346 2339 5398 Baronius
2372 5347 2431 5399 in
2474 5345 2913 5416 Martyrologio;
2965 5346 3173 5399 certior
3204 5348 3549 5416 vero,iquia

1856 5415 2008 5467 hunc
2062 5432 2344 5469 annorum
2393 5433 2694 5471 numerum
2741 5416 2981 5471 Ecclesia
3020 5416 3080 5469 in
3132 5415 3548 5487 Martyrologiis

1852 5491 2132 5555 Perpetuo
2162 5488 2418 5557 retinuit,
3276 5498 3279 5501 ς
3454 5496 3463 5505 ..
