3884 6218
284 314 417 365 1019

1416 313 1470 364 S.
1516 309 1790 367 REMIGII
1831 310 2309 365 LUGDUNENSIS
2350 308 2659 364 EPISCOPI

3665 311 3797 361 1020

277 448 608 500 Judaeorum
637 447 709 499 sit
738 462 841 515 pro
876 461 988 515 quo
1022 462 1133 497 non
1180 444 1456 498 Dominus
1488 446 1544 499 in
1576 460 1741 498 cruce
1771 461 1965 497 orave-
2007 449 2052 498 A
2083 445 2351 497 omnibus
2403 444 2612 512 impiis,
2668 443 2839 497 etiam
2884 458 2988 512 pro
3036 458 3153 496 non
3204 442 3574 496 credentibus
3628 448 3689 495 et
3739 443 3795 494 in

280 535 375 599 rit,
412 536 602 588 dicens
635 551 647 587 ε
685 553 711 583 ‹‹
764 536 947 598 Pater,
987 533 1217 602 ignosce
1269 533 1399 599 illis,
1438 550 1553 586 non
1606 534 1757 585 enim
1794 533 1977 585 sciunt

281 624 417 694 quid
469 624 684 676 faciunt
730 624 877 691 (Luc.
929 640 1040 681 xui,
1074 623 1184 689 ⁵24),
1227 643 1252 670 ››
1286 638 1415 674 cum
1468 628 1666 691 aperte
1711 621 1828 691 ipse
1866 624 1975 675 Do-

280 712 472 764 minus
512 712 705 765 dicat:
747 735 764 759 ι
826 714 896 765 Eo
930 728 1032 781 pro
1095 710 1176 763 eis
1227 727 1387 779 rogo,
1441 727 1552 762 non
1601 726 1704 779 pro
1759 710 1975 763 mundo

278 812 438 866 rogo,
474 798 568 849 sed
601 813 703 866 pro
734 796 822 848 his
852 812 996 865 quos
1027 796 1233 848 dedisti
1266 796 1406 849 mihi
1442 799 1508 849 de
1542 798 1756 850 mundo
1792 800 1973 859 (Joan.

280 901 410 949 xvii,
446 888 501 951 9)
538 895 582 936 ³.
628 907 654 932 ››
702 885 807 937 Sed
852 884 987 954 quia
1016 885 1187 936 etiam
1237 884 1294 936 in
1336 885 1459 954 ipso
1493 885 1715 938 infideli
1762 887 1977 956 populo

281 978 337 1025 et
393 980 545 1039 sunt,
599 978 652 1025 et
716 974 948 1025 fuerunt
1010 972 1198 1037 multi,
1266 989 1368 1041 pro
1417 974 1624 1042 quibus
1672 980 1727 1025 ut
1781 990 1813 1025 a
1875 991 1976 1026 suo

280 1078 472 1114 errore
535 1068 940 1115 convertantur
986 1067 1042 1113 et
1098 1062 1390 1115 salventur
1432 1062 1710 1115 Dominus
1751 1063 1976 1115 miseri-

281 1150 531 1203 corditer
584 1151 784 1215 oravit,
819 1156 873 1201 et
921 1149 1071 1218 quod
1124 1150 1305 1201 oravit
1352 1150 1661 1200 efficaciter
1712 1149 1975 1211 obtinuit,

284 1242 338 1291 et
372 1238 625 1306 perfecit.
667 1240 729 1290 Et
768 1242 914 1289 recte
968 1237 1025 1288 B.
1057 1237 1251 1288 doctor
1281 1237 1437 1303 dicit,
1486 1238 1640 1288 velut
1671 1238 1775 1288 sub
1810 1237 1979 1288 unius

286 1342 530 1395 persona
561 1328 627 1377 ad
661 1330 842 1378 totum
876 1326 1035 1397 illum
1085 1324 1376 1376 infidelem
1410 1326 1714 1394 populum]
1748 1326 1847 1394 qui
1873 1340 1979 1393 pro

287 1418 341 1467 te
377 1429 503 1467 cum
538 1414 837 1465 crucifixus
885 1417 1028 1463 esset
1061 1412 1287 1482 oravit].
1342 1413 1483 1475 Quia
1518 1413 1774 1480 profecto
1823 1419 1879 1466 et
1911 1430 1976 1465 ex

284 1502 405 1567 illo,
440 1508 494 1554 et
536 1502 592 1553 iu
636 1502 731 1553 illo
776 1501 990 1570 populo
1042 1504 1095 1553 et
1127 1500 1377 1565 fuerunt,
1416 1506 1470 1553 et
1512 1508 1662 1567 sunt,
1699 1507 1751 1554 et
1790 1508 1979 1569 erunt,

284 1606 390 1659 pro
441 1590 649 1659 quibus
683 1590 878 1642 oravit.
928 1590 1055 1641 flare
1093 1589 1262 1641 verba
1298 1590 1351 1641 Β.
1408 1590 1603 1641 Leonis
1638 1592 1713 1643 ita
1745 1591 1980 1643 omnino

281 1695 401 1731 esse
435 1678 822 1746 intelligenda,
857 1678 1028 1730 etiam
1060 1677 1178 1746 ipse
1214 1678 1271 1729 in
1313 1678 1436 1730 aliis
1468 1678 1605 1731 locis
1641 1680 1977 1732 corumdem

283 1784 618 1821 sermonum
652 1768 717 1821 ad
751 1769 1029 1836 populum
1063 1771 1175 1820 tam
1210 1768 1356 1820 clare
1406 1769 1657 1837 exponit,
1705 1775 1770 1821 ut
1798 1770 1866 1823 de
1892 1771 1980 1822 his

282 1857 502 1909 nemini
557 1856 937 1909 dubitandum
989 1856 1079 1907 sit.
1135 1855 1313 1925 [Sicut
1359 1858 1512 1909 enim
1560 1857 1811 1927 quodam
1858 1858 1981 1910 loco

284 1944 406 1996 ait:
444 1944 718 1996 Dominus
774 1948 965 1996 noster
1012 1942 1090 1995 ita
1120 1943 1373 1995 humano
1420 1944 1617 2011 generi
1662 1961 1765 1997 sua
1800 1949 1981 1997 morte

290 2031 558 2092 Consulit,
594 2036 654 2084 ut
700 2036 1118 2084 sacramentum
1167 2032 1363 2083 salutis
1403 2032 1574 2084 etiam
1606 2032 1743 2102 ipsis
1787 2049 1980 2102 perse-

287 2120 580 2173 cutoribus
625 2137 737 2173 non
771 2123 1039 2189 negaret;
1074 2120 1172 2189 qui
1228 2120 1381 2172 enim
1438 2125 1673 2174 venerat
1706 2122 1982 2175 universis

285 2210 647 2263 credentibus
692 2209 886 2261 omnia
929 2213 1161 2277 peccata
1189 2208 1498 2274 dimittere,
1534 2226 1565 2261 a
1612 2211 1864 2278 generali
1893 2210 1981 2263 in-

285 2296 580 2365 dulgentia
637 2311 738 2349 nec
785 2296 1083 2348 Judaicum
1131 2296 1310 2349 voluit
1362 2297 1578 2349 crimen
1633 2298 1979 2369 excludere]

284 2384 428 2435 Item
458 2382 592 2435 alibi
627 2382 694 2435 de
726 2382 925 2435 eodem
968 2383 1211 2434 Domino
1236 2388 1425 2435 nostro
1454 2386 1728 2453 loquens:
1760 2385 1979 2455 [Cujus,

286 2470 494 2539 inquit,
528 2472 702 2523 etiam
734 2470 879 2522 circa
910 2470 1304 2524 interfectores
1333 2489 1463 2523 suos
1506 2478 1662 2525 tanta
1691 2478 1814 2526 erat
1856 2474 1985 2544 pie—

288 2558 419 2609 tatis
470 2558 712 2621 affectio,
749 2563 808 2610 ut
856 2558 925 2611 de
956 2574 1121 2610 cruce
1180 2559 1509 2627 supplicans
1554 2561 1709 2629 patri
1758 2578 1873 2613 non
1924 2578 1981 2613 se

288 2645 585 2711 vindicari,
638 2646 732 2698 sed
766 2647 879 2699 illis
910 2648 1232 2715 postularet
1279 2648 1514 2717 ignosci,
1550 2649 1743 2702 dicens
1779 2667 1789 2702 :
1828 2673 1853 2698 (ι
1879 2652 1984 2703 Pa-

285 2738 388 2799 ter,
425 2734 649 2787 dimitte
682 2735 812 2800 illis,
851 2751 964 2787 non
996 2736 1148 2788 enim
1182 2736 1369 2787 sciunt
1403 2737 1536 2805 quid
1579 2739 1812 2790 faciunt.
1850 2758 1875 2788 »
1908 2741 1982 2793 De

288 2822 445 2891 cujus
490 2823 691 2891 utique
737 2823 1017 2876 orationis
1065 2825 1319 2892 potentia
1357 2824 1486 2889 fuit,
1546 2832 1607 2877 ut
1650 2826 1985 2895 praedicatio

289 2912 532 2981 apostoli
584 2912 737 2964 Petri
782 2928 847 2965 ex
897 2912 986 2965 his
1035 2914 1133 2981 qui
1182 2913 1491 2967 dixerunt:
1534 2938 1553 2961 ι
1586 2915 1829 2982 Sanguis
1860 2916 1984 2985 ejus

284 3015 459 3069 super
485 3016 611 3064 nos,
640 3006 696 3053 et
728 3016 899 3069 super
926 3000 1072 3053 filios
1109 3007 1330 3053 nostros
1361 3024 1387 3049 ››
1428 3004 1741 3055 multorum
1769 3004 1838 3055 ad
1871 3020 1985 3073 poe-

287 3086 587 3139 nitentiam
636 3088 808 3139 corda
853 3094 1227 3152 converteret,
1262 3096 1317 3141 et
1353 3105 1466 3141 una
1498 3090 1588 3141 die
1621 3090 1982 3159 baptizaren-

284 3178 381 3228 tur
409 3176 515 3227 tria
550 3175 668 3227 fere
698 3175 878 3227 millia
921 3175 1251 3227 Judarorum
1280 3192 1291 3240 ;
1342 3176 1617 3246 fieretque
1652 3201 1677 3225 u
1723 3180 1983 3231 omnium

288 3279 402 3316 una
432 3262 645 3328 anima,
682 3268 736 3315 et
779 3279 875 3315 cor
907 3279 1082 3316 unum
1136 3269 1468 3331 paratorum
1505 3281 1605 3334 pro
1651 3282 1716 3318 eo
1750 3267 1917 3334 mori,
1956 3286 1981 3317 ››

289 3368 462 3422 quem
494 3355 875 3421 poposcerant
908 3351 1203 3421 crucifigi.]

364 3441 490 3493 Haec
517 3440 584 3493 de
617 3440 972 3509 expositione
1015 3441 1378 3509 superiorum
1412 3442 1717 3495 verborum
1751 3459 1817 3495 ex
1849 3443 1986 3512 ipsis

284 3526 437 3581 beati
488 3528 695 3581 Leonis
743 3528 929 3581 verbis
982 3529 1294 3597 posuimus,
1343 3529 1440 3598 qui
1473 3530 1559 3581 his
1600 3530 1765 3583 dictis
1808 3532 1988 3584 conti-

287 3629 403 3669 nuo
451 3615 771 3685 subjungit,
824 3616 1059 3668 dicens:
1096 3615 1174 3667 Ad
1222 3616 1367 3667 hanc
1415 3615 1832 3684 indulgentiam
1876 3623 1989 3670 tra-

290 3704 443 3757 ditor
484 3705 657 3757 Judas
688 3705 988 3773 pervenire
1033 3720 1146 3755 non
1182 3704 1365 3773 potuit
1398 3720 1410 3756 :
1448 3702 1753 3775 [Quoniam
1789 3705 1983 3774 perdi-

286 3792 457 3844 tionis
508 3793 679 3856 tilius,
714 3792 804 3843 cui
850 3793 1110 3845 diabolus
1156 3792 1334 3844 stabat
1381 3809 1411 3843 a
1462 3792 1693 3858 dextris,
1738 3794 1895 3862 prius
1926 3793 1988 3845 in

288 3880 745 3950 desperationem
777 3881 1019 3943 transiit,
1050 3896 1224 3949 quam
1257 3887 1677 3933 sacramentum
1702 3882 1988 3949 generalis

288 3969 704 4038 redemptionis
755 3970 1009 4022 Christus
1074 3968 1355 4037 impleret.
1420 3969 1544 4021 Non
1611 3975 1836 4021 mortuo
1882 3984 1985 4038 pro

290 4058 483 4127 impiis
529 4058 797 4110 omnibus
846 4059 1109 4121 Domino,
1168 4057 1445 4127 potuisset
1485 4057 1629 4108 forte
1682 4057 1853 4109 etiam
1896 4057 1987 4111 hic

290 4146 563 4214 consequi
612 4145 951 4212 remedium,
985 4146 1031 4196 si
1064 4162 1173 4197 non
1207 4146 1528 4201 festinasset
1557 4144 1626 4197 ad
1661 4143 1982 4215 laqueum]

289 4236 347 4286 In
382 4234 592 4302 quibus
638 4232 826 4285 verbis
874 4238 1060 4302 potest
1105 4232 1312 4301 aliquis
1357 4233 1548 4285 minus
1597 4234 1983 4297 considerans,

2084 549 2185 584 sua
2232 532 2524 600 impietate
2575 531 2953 601 pereuntibus
3000 530 3146 583 facta
3188 530 3473 583 credenda
3518 529 3598 582 sit
3636 546 3647 581 :
3696 528 3794 580 sed

2083 636 2187 689 pro
2218 621 2427 688 quibus
2450 620 2716 673 omnibus
2739 618 2931 688 impiis
2957 618 3265 671 Dominum
3295 623 3590 670 mortuum
3615 616 3794 679 dicat,

2085 713 2139 759 et
2171 709 2303 777 quid
2356 709 2681 777 generalem
2717 708 3170 774 redemptionem
3201 706 3337 758 velit
3390 704 3641 773 intelligi
3686 720 3796 771 pu-

2084 803 2271 849 tamus
2303 798 2456 866 quod
2484 798 2603 865 ipse
2638 796 2753 847 suis
2782 795 2988 860 verbis,
3024 810 3151 863 quae
3185 794 3356 863 paulo
3386 793 3651 863 superius
3689 808 3794 861 p0-

2084 884 2303 938 suimus
2345 885 2654 953 diligenter
2687 888 2956 952 exponat,
2984 882 3175 934 dicens
3209 898 3220 933 :
3259 880 3389 949 [Qui
3418 880 3575 932 enim
3618 893 3796 929 vene-

2086 978 2172 1026 rat
2218 973 2496 1025 universis
2542 972 2907 1025 credentibus
2957 970 3149 1023 omnia
3191 975 3419 1038 peccata
3469 966 3793 1029 dimittere,

2086 1079 2117 1113 a
2148 1061 2401 1129 generali
2450 1060 2808 1129 indulgentia
2850 1074 2951 1112 nec
3000 1058 3298 1112 Judaicum
3346 1056 3529 1109 voluit
3570 1055 3796 1108 crimen

2087 1149 2427 1220 excludere]
2494 1151 2563 1203 Ut
2592 1165 2721 1201 vere
2778 1165 2879 1218 pro
2910 1148 3023 1199 illis
3073 1146 3340 1199 omnibus
3390 1145 3587 1213 impiis
3634 1158 3797 1195 mors

2091 1238 2317 1290 Domini
2350 1238 2525 1291 fuerit
2553 1238 2833 1307 impensa,
2872 1236 3079 1305 quibus
3114 1234 3390 1287 universis
3420 1231 3799 1286 credentibus

2091 1327 2285 1380 omnia
2330 1332 2559 1395 peccata
2604 1326 2859 1379 dimittit.
2894 1346 2919 1372 (ί
2962 1326 3027 1377 Et
3058 1324 3388 1392 generalem
3432 1320 3797 1389 redemptio-

2089 1430 2243 1479 nem,
2277 1416 2392 1467 sive
2425 1416 2753 1484 generalem
2785 1414 3200 1481 indulgentiam
3234 1434 3258 1459 ››
3295 1412 3420 1463 ideo
3460 1411 3673 1462 dixisse
3710 1408 3797 1459 iu-

2088 1502 2400 1572 telligatur,
2452 1503 2591 1572 quia
2639 1518 2741 1553 nec
2773 1501 3050 1569 populum
3104 1499 3418 1559 Judaicum,
3471 1513 3577 1549 nec
3610 1498 3796 1547 ullum

2088 1607 2271 1659 genus
2314 1591 2615 1643 hominum
2669 1590 2738 1642 ab
2770 1590 2866 1641 illa
2908 1588 3322 1656 redemptione,
3377 1592 3429 1638 et
3480 1585 3798 1653 indulgen-

2090 1679 2170 1731 tia
2212 1678 2538 1731 inveniatur
2564 1679 2878 1731 exclusum.
2921 1677 3027 1731 Sed
3060 1678 3117 1729 in
3149 1677 3263 1729 illis
3295 1675 3501 1740 verbis,
3533 1690 3642 1743 pro
3675 1672 3804 1742 qui-

2022 1743 2060 1795 Β
2092 1768 2195 1820 bus
2246 1768 2597 1835 exponendis
2660 1767 2768 1820 ista
2816 1766 3236 1835 replicavimus,
3308 1764 3443 1817 illud
3494 1762 3803 1816 evidenter

2092 1856 2603 1925 ostenditur,quod
2631 1879 2655 1903 ‹‹
2674 1855 2929 1925 proditor
2948 1855 3120 1908 Judas
3140 1873 3166 1904 »
3192 1854 3520 1906 nullatenus
3543 1851 3615 1903 ad
3643 1850 3801 1903 Chri-

2093 1944 2165 1997 sti
2209 1944 2663 2013 redemptionem
2717 1944 3001 2013 pertineat
3033 1959 3045 1995 :
3084 1944 3193 1996 Nec
3233 1940 3488 2011 potuerit
3517 1939 3797 2008 consequi

2090 2034 2436 2098 remedium,
2472 2034 2741 2102 quoniam
2792 2032 3078 2085 festinavit
3126 2032 3193 2084 ad
3230 2032 3522 2098 laqueum,
3581 2033 3639 2081 et
3669 2028 3799 2081 ideo

2091 2122 2175 2175 illi
2208 2123 2392 2192 passio
2437 2122 2645 2174 Christi
2678 2122 2818 2173 nihil
2853 2121 3088 2191 profuit,
3124 2120 3260 2190 quia
3302 2120 3359 2171 in
3392 2134 3595 2171 eorum
3632 2117 3795 2170 dam-

2092 2211 2387 2263 nationem
2414 2211 2659 2273 transiit,
2687 2210 2783 2279 qui
2806 2210 2957 2279 apud
2982 2209 3191 2261 inferos
3210 2209 3327 2277 jam
3356 2206 3545 2276 puniti
3580 2206 3799 2258 redem-

2095 2299 2308 2368 ptionis
2360 2298 2667 2351 Dominicm
2712 2298 3017 2367 participes
3068 2312 3189 2348 esse
3224 2312 3336 2349 non
3390 2299 3676 2364 poterant.
3735 2295 3797 2345 Et

2096 2390 2306 2454 tamen,
2354 2387 2509 2439 velut
2555 2386 2626 2439 ad
2672 2387 2857 2455 ipsum
2912 2385 3221 2451 infelicem,
3268 2389 3325 2437 et
3358 2383 3652 2451 perditum
3687 2382 3796 2434 alio

2096 2474 2215 2527 loco
2250 2474 2329 2526 ita
2361 2474 2712 2542 increpando
2762 2473 3033 2543 loquitur,
3083 2471 3275 2524 dicens
3309 2487 3322 2523 :
3352 2471 3793 2539 Redemptorem

2094 2563 2265 2614 etiam
2312 2565 2497 2627 tuum,
2547 2577 2619 2614 ne
2651 2560 2753 2612 tibi
2802 2566 3060 2629 parceret
3105 2558 3431 2611 vendidisti.
3491 2557 3616 2609 Non
3660 2556 3793 2625 quia

2095 2656 2149 2703 et
2183 2650 2375 2719 ipsum
2422 2649 2681 2713 redemit,
2732 2665 2901 2717 quem
2927 2650 3045 2716 jam
3087 2646 3350 2715 superius
3403 2646 3553 2697 idem
3591 2646 3795 2697 Doctor

2094 2739 2159 2792 ad
2192 2738 2642 2807 redemptionem
2679 2737 2979 2805 pervenire.
3010 2752 3125 2789 non
3154 2734 3405 2804 potuisse
3428 2732 3790 2785 monstravit.

2096 2828 2206 2880 Nec
2239 2827 2389 2896 quod
2435 2826 2783 2894 Redemptor
2824 2825 2976 2877 illius
3026 2822 3431 2891 intelligendus
3465 2820 3557 2885 sit,
3606 2819 3792 2889 quiin

2097 2932 2197 2968 sua
2245 2915 2539 2984 impietate
2574 2913 2907 2983 permansit,
2956 2917 3017 2965 et
3042 2912 3232 2980 periit,
3278 2910 3373 2962 sed
3429 2909 3565 2978 quia
3595 2908 3655 2959 in
3700 2908 3793 2959 illa

2026 3038 2064 3088 Ο
2096 3002 2349 3071 generali
2399 3002 2796 3070 redemptione
2848 2999 3128 3069 passionis
3162 2998 3368 3052 Christi
3417 2996 3701 3065 potuisset
3738 3000 3794 3046 et

2095 3092 2217 3161 ipse
2266 3092 2503 3144 fortasse
2548 3090 2821 3158 consequi
2858 3088 3198 3151 remedium,
3233 3087 3276 3138 si
3320 3102 3430 3138 non
3479 3084 3791 3137 festinasset

2094 3180 2163 3231 ad
2195 3180 2465 3249 laqueum
2488 3182 2541 3230 et
2574 3178 2699 3230 ideo
2733 3177 2811 3228 sic
2835 3176 2881 3228 ei
2917 3176 3051 3229 dicit
3078 3192 3089 3227 :
3114 3176 3559 3242 Redemptorem
3617 3171 3785 3223 etiam

2093 3272 2258 3320 tuum
2292 3266 2622 3332 vendidisti,
2656 3264 2790 3335 quia
2832 3280 2960 3317 vere
2993 3263 3166 3315 etiam
3218 3262 3397 3327 ipsius
3447 3260 3790 3328 Redemptor

2094 3356 2277 3419 fieret,
2323 3355 2367 3407 si
2397 3356 2468 3407 ab
2498 3371 2564 3406 eo
2595 3355 2767 3407 etiam
2800 3360 2927 3423 post
2978 3357 3199 3404 tantum
3244 3355 3470 3403 reatum
3503 3350 3594 3418 pie
3650 3353 3701 3400 et
3731 3350 3788 3399 ti-

2093 3443 2289 3497 deliter
2320 3442 2737 3511 indulgentiam
2788 3445 3063 3510 posceret.
3116 3439 3294 3493 Nimis
3340 3440 3579 3491 omnino
3621 3437 3784 3505 proli-

2093 3548 2229 3585 xum
2280 3538 2385 3596 est,
2422 3537 2477 3583 et
2528 3532 2583 3583 in
2632 3530 2850 3583 ratione
2891 3529 3023 3583 fidei
3068 3527 3388 3581 exercitatis
3420 3526 3658 3579 minime
3690 3540 3786 3577 ne-

2096 3619 2422 3681 cessarium,
2454 3624 2517 3672 ut
2547 3619 2614 3671 de
2644 3618 2887 3687 singulis
2911 3617 3081 3686 hujus
3109 3616 3263 3669 beati
3294 3615 3543 3668 doctoris
3564 3618 3788 3666 senten-

2095 3707 2211 3771 tiis,
2246 3708 2344 3760 ubi
2377 3707 2565 3776 aliqua
2599 3705 2880 3775 ejusmodi
2910 3704 3129 3757 occasio
3163 3720 3283 3756 esse
3319 3706 3525 3771 potest,
3560 3702 3703 3754 sicut
3732 3702 3789 3753 in

2094 3796 2218 3849 istis
2266 3794 2625 3864 paucissimis
2657 3796 2867 3847 factum
2900 3799 3004 3856 est,
3047 3792 3356 3861 diligenter
3389 3792 3587 3843 omnia
3620 3806 3785 3859 expo-

2097 3888 2323 3938 nautur.
2363 3884 2507 3935 Illud
2553 3887 2776 3935 tantum
2807 3882 3082 3934 attentius
3113 3881 3335 3933 videtur
3366 3895 3487 3931 esse
3516 3893 3790 3931 commen-

2095 3972 2375 4035 dandum,
2429 3970 2581 4039 quod
2616 3971 2714 4022 ubi
2746 3992 2772 4017 ‹‹
2816 3969 3081 4039 generale
3130 3968 3604 4037 chirographum,
3642 3989 3660 4009 -
3706 3966 3787 4017 vel

2098 4080 2125 4111 ‹‹
2159 4060 2484 4130 generalem
2535 4058 2879 4128 pactionem,
2929 4077 2954 4103 ››
2992 4058 3110 4109 sive
3141 4057 3467 4109 cautionem
3517 4058 3789 4107 memorat

2096 4148 2377 4219 generalis
2418 4147 2707 4199 damnatio
2752 4146 2928 4199 totius
2963 4145 3202 4198 immani
3252 4144 3501 4214 generis,
3542 4158 3671 4212 qua:
3716 4142 3791 4193 in-

2095 4238 2356 4292 troducta
2388 4240 2471 4288 est
2502 4252 2606 4304 per
2636 4235 2838 4299 Adam,
2868 4233 3243 4302 intelligenda
3269 4234 3343 4285 sit
3372 4248 3383 4284 :
3422 4238 3480 4284 et
3508 4231 3607 4284 ubi
3646 4253 3673 4277 «
3698 4246 3788 4299 ge-

290 4327 344 4374 et
396 4320 587 4373 minus
618 4320 943 4386 intelligens
988 4320 1067 4371 ita
1098 4320 1439 4385 existimare,
1480 4328 1540 4373 ut
1570 4322 1722 4390 quod
1769 4323 1983 4374 dictum
2027 4334 2069 4387 ι)
2096 4324 2349 4377 neralem
2382 4322 2859 4390 redemptionem,
2899 4342 2925 4369 ν
2958 4321 3042 4373 vel
3074 4342 3099 4368 ‹‹
3132 4320 3461 4389 generalem
3489 4319 3788 4388 indulgen-

291 4417 377 4463 est
410 4414 831 4462 sacramentum
877 4409 1158 4477 generalis
1190 4393 1623 4479 redemptionis,
1657 4416 1713 4463 et
1760 4416 1987 4464 mortuo

287 4515 391 4568 pro
423 4498 691 4551 omnibus
722 4497 913 4565 impiis
971 4497 1231 4559 Domino,
1267 4498 1343 4549 ita
1389 4499 1567 4566 accipi
1603 4500 1775 4567 possit
1824 4501 1985 4568 quasi

289 4593 341 4638 et
372 4588 468 4640 illa
517 4586 800 4655 generalis
834 4586 1175 4654 redemptio,
1211 4591 1266 4638 et
1311 4586 1403 4637 illa
1439 4602 1592 4638 mors
1628 4586 1853 4639 Domini
1884 4604 1984 4656 pro

2096 4411 2294 4464 tiam»
2350 4411 2535 4479 ponit,
2582 4428 2607 4458 (ί
2657 4416 2893 4479 propter
2941 4410 3202 4462 omnium
3254 4408 3582 4471 hominum,
3636 4428 3660 4456 ι
3711 4406 3784 4457 vel

2097 4500 2358 4553 omnium
2408 4499 2702 4551 nationum
2757 4522 2775 4543 «
2826 4514 3006 4567 genus
3058 4518 3084 4544 ››
3132 4497 3349 4550 dictum
3399 4495 3787 4565 accipiendum

2096 4587 2185 4640 sit.
2223 4589 2286 4639 Et
2320 4587 2414 4640 ubi
2450 4606 2474 4636 ί(
2510 4603 2611 4656 pro
2643 4587 2910 4639 omnibus
2942 4586 3132 4655 impiis
3158 4605 3184 4635 »
3220 4584 3527 4637 Dominum
3553 4590 3785 4637 mortem

1356 4710 1552 4762 NOTAE
1596 4710 1925 4765 DUVALLII
1969 4712 2309 4767 DOCTORIS
2348 4710 2730 4765 SORBONICI.

362 4842 387 4865 ⁸
420 4833 541 4886 Νοι]
578 4832 767 4885 minus
799 4836 962 4884 caute
1008 4832 1113 4884 ista
1170 4834 1407 4901 legenda
1441 4840 1606 4895 sunt;
1653 4835 1789 4887 dicit
1838 4836 1992 4888 enim

292 4905 471 4957 Deum
519 4920 632 4955 non
676 4919 866 4956 orasse
899 4919 1002 4971 pro
1036 4904 1298 4955 omnibus
1347 4905 1464 4957 suis
1514 4906 1990 4974 persecutoribus,

293 4980 488 5043 utpote
524 4990 627 5042 pro
670 4974 779 5026 illis
831 4974 930 5043 qui
970 4974 1025 5025 in
1059 4976 1246 5026 cordis
1297 4975 1381 5026 sui
1437 4976 1644 5027 duritia
1695 4976 1991 5029 obfirmate

293 5050 455 5099 erant
486 5044 922 5112 perseveraturi.
961 5046 1073 5096 Hoc
1104 5045 1171 5096 ab
1198 5046 1497 5097 llincmaro
1531 5046 1600 5098 ad
1627 5047 1921 5100 Nicolaum
1948 5048 1990 5115 Ι,

292 5117 443 5168 inter
488 5131 708 5167 errores
754 5115 1125 5169 Gotteschalci
1180 5123 1529 5173 recensetur.
1577 5118 1862 5185 simulque
1903 5135 1992 5169 re-

294 5188 544 5249 fellitur;
582 5192 704 5237 tum
739 5187 890 5256 quia,
929 5186 1132 5254 inquit,
1166 5187 1270 5237 fuit
1303 5194 1462 5239 vetus
1505 5204 1663 5240 error
1699 5189 1989 5241 Praedesti-

292 5259 674 5316 natianorum.
729 5262 850 5309 tum
901 5256 1033 5324 quia
1083 5256 1151 5309 de
1196 5258 1316 5325 ejus
1351 5260 1809 5325 persecutoribus
1851 5259 1992 5312 dixit

295 5328 493 5398 Petrus
526 5328 618 5392 (II,
656 5327 765 5398 11),:
804 5328 1084 5395 Negantes
1118 5328 1423 5380 Dominum
1458 5329 1556 5398 qui
1578 5347 1674 5381 eos
1705 5332 1861 5382 emit.
1892 5331 1989 5381 Ve-

296 5412 425 5448 rum
475 5396 595 5449 haec
633 5397 807 5449 verba
864 5398 1258 5461 Lugdunensis
1308 5396 1565 5451 Ecclesiae
1620 5401 1990 5467 intelligenda

298 5475 431 5538 sunt
460 5467 769 5517 secundum
804 5466 1132 5538 efficaciam,
1169 5474 1229 5517 ut
1262 5476 1389 5519 ante
1422 5470 1691 5532 diximus,
1731 5466 1987 5538 illudque

296 5535 474 5608 infra”
499 5543 709 5608 aperte
740 5536 1054 5608 subiungit.
1092 5538 1250 5599 Quod
1302 5546 1491 5590 autem
1530 5541 1623 5591 illa
1663 5542 1847 5591 oratio
1880 5535 1986 5608 pro

303 5605 569 5657 omnibus
604 5606 829 5668 emissa,
880 5622 989 5657 non
1022 5607 1191 5659 fuerit
1223 5624 1358 5676 erga
1389 5624 1589 5661 omnes
1620 5612 1821 5663 sortita
1854 5605 1986 5664 effe-

2103 4844 2255 4889 ctum
2288 4836 2429 4889 nihil
2462 4837 2530 4889 de
2574 4837 2783 4889 virtute
2815 4835 3089 4889 orationis
3120 4835 3327 4888 Christi
3358 4836 3629 4899 detrahit,
3668 4836 3791 4904 quia

2106 4916 2167 4959 ut
2193 4909 2531 4960 obtirmatos
2560 4908 2922 4976 respiciebat,
2953 4906 3243 4959 oriebatur
3272 4922 3303 4957 a
3337 4908 3629 4959 voluntate
3661 4922 3789 4957 con-

2102 4979 2380 5030 ditionata
2413 4983 2464 5030 et
2498 4979 2876 5042 antecedenti,
2910 4977 3062 5047 quod
3095 4976 3455 5045 scilicctejus
3489 4977 3786 5029 etiicaciain

2104 5050 2274 5101 vellet
2298 5066 2395 5101 eos
2432 5050 2695 5118 experiri,
2735 5049 3046 5101 dummodo
3081 5048 3149 5099 ab
3182 5047 3589 5100 obfirmatione
3619 5065 3783 5099 cessa-

2104 5124 2250 5186 rent,
2286 5126 2344 5171 ut
2373 5135 2505 5171 vero
2537 5121 2743 5171 electos
2769 5125 2823 5171 et
2848 5118 3285 5183 convertendos,
3315 5136 3346 5169 a
3379 5119 3674 5170 voluntate
3700 5118 3783 5168 ab-

2102 5194 2307 5242 soluta.
2365 5190 2482 5242 Nisi
2513 5190 2787 5243 malueris
2834 5190 3020 5241 dicere
3070 5191 3392 5242 orationem
3440 5190 3599 5242 illam
3633 5190 3787 5241 fuisse

2100 5277 2204 5330 pro
2237 5260 2504 5313 omnibus
2551 5262 2887 5325 absolutam,
2939 5263 3095 5328 quia,
3150 5262 3279 5311 licet
3311 5262 3378 5311 de
3420 5260 3569 5312 facto
3605 5274 3787 5312 omnes

2100 5329 2464 5400 resipuerint,
2500 5332 2825 5383 habuerunt
2867 5337 3058 5383 tamen
3106 5332 3255 5382 illius
3290 5331 3570 5383 beneﬁcno
3613 5329 3790 5382 media

2101 5402 2167 5454 ad
2204 5404 2444 5453 salutem
2499 5402 2814 5453 necessaria
2845 5407 2900 5453 et
2933 5401 3294 5465 sufficientia,
3342 5403 3495 5470 quod
3538 5401 3604 5453 ad
3638 5402 3787 5453 abso-

2098 5473 2275 5524 lutam
2304 5478 2359 5524 et
2390 5472 2675 5525 efficacem
2711 5472 3064 5525 voluntatem
3112 5478 3198 5524 sat
3226 5476 3330 5524 est.
3363 5471 3510 5541 Lege
3562 5472 3621 5525 D.
3651 5472 3787 5523 Tho-

2101 5558 2275 5601 mam.
2312 5544 2626 5612 quaestione
2660 5547 2715 5596 21
2756 5543 2954 5612 partis.
