3884 6218
68 368 186 417 11ῖ21

1349 374 1549 431 LIBER
1593 376 1686 429 DE
1727 377 1975 431 TRIBUS
2017 379 2386 434 EPlSTOLlS.
3482 377 3619 431 1022

66 504 390 575 snseepisse
429 508 646 577 docet,
686 528 792 582 pro
846 512 1111 566 omnibus
1157 535 1184 561 ι(
1216 529 1284 566 ex
1335 513 1630 583 impietate
1677 531 1812 567 con-
1852 516 2180 569 Alusurum
2213 517 2372 580 dixit,
2407 519 2504 587 qui
2537 519 2737 589 utique
2781 519 2840 570 in
2872 534 2976 570 suo
3017 532 3248 586 genere,
3286 537 3311 563 ‹‹
3363 519 3418 568 et
3449 510 3619 566 multi

71 595 276 659 versis,
317 620 335 640 ιι
367 597 520 650 etin
555 615 703 653 eum
735 601 1124 666 credentibus,
1159 603 1303 654 sicut
1333 603 1457 672 ipsa
1486 603 1607 672 ejus
1639 603 1811 656 verba
1923 609 1978 658 et
2008 621 2208 658 omnes
2239 611 2372 658 sunt
2414 608 2502 676 (Il
2535 608 2651 661 Cor.
2689 624 2738 673 ν,
2785 606 2888 674 tt),
2927 627 2946 653 ι
2988 611 3139 658 recte
3190 603 3614 672 intelliguntur.

71 687 124 736 in
156 686 372 738 multis
405 687 748 754 declarant,
791 690 1180 759 accipiendum
1225 691 1312 743 sit.
1923 694 2078 747 Sicut
2111 700 2163 746 et
2193 695 2334 746 illud
2367 696 2515 764 quod
2549 713 2573 746 (ι
2607 711 2805 747 omnes
2832 695 2890 746 in
2924 696 3143 748 Christo
3176 692 3619 744 vivificabuntur

790 814 1015 865 CAPUT
1055 814 1154 866 χχ,
1926 783 1981 853 (I
2008 785 2125 839 Cor.
2161 800 2251 848 xv,
2287 785 2393 850 22),
2434 805 2459 830 ››
2495 788 2551 836 et
2579 783 2729 852 quod
2775 804 2799 828 ‹‹
2830 798 2928 851 per
2975 779 3408 834 unius‘hominis
3453 778 3618 849 justi—

1245 919 1489 938 ΜΔΝ-.-
1923 871 2058 924 tiam
2087 871 2146 924 in
2181 887 2380 924 omnes
2411 871 2673 923 homines
2700 870 2754 922 in
2783 870 3247 938 justiﬁcationem
3281 869 3406 921 vitae
3449 869 3616 934 (Rom.

403 920 482 970 De
518 919 738 973 Chnsa
761 923 928 972 morte
955 934 1053 987 pro
1083 920 1211 972 80le
1242 919 1510 988 ﬁdelibus'
1925 975 1980 1024 v,
2010 963 2097 1027 l8,
2127 960 2233 1029 l9),
2274 979 2298 1009 υ
2352 964 2408 1012 et
2457 976 2574 1012 non
2625 919 2857 1012 confudse
2907 964 2962 1010 et
3012 958 3272 1021 absurde,
3325 919 3498 1008 etiam
3546 955 3615 1007 de

1923 1049 2136 1118 impiis,
2170 1055 2227 1101 et
2252 1049 2606 1112 inﬁdelibus,
2640 1048 2738 1100 sed
2774 1047 2842 1100 de
2877 1045 2986 1099 illis
3017 1045 3252 1097 omnino
3291 1068 3315 1091 ‹‹
3364 1043 3558 1096 multis
3589 1064 3614 1092 »

1925 1137 2140 1191 dictum
2173 1137 2613 1205 intelligendum
2647 1141 2748 1198 est,
2800 1136 2867 1187 de
2909 1133 3117 1204 quibus
3149 1132 3445 1185 manifeste
3477 1131 3618 1184 dici—

1924 1229 2056 1278 tur:
2095 1247 2121 1273 ‹‹
2148 1224 2236 1278 Sic
2286 1230 2340 1276 et
2394 1240 2494 1293 per
2538 1223 2922 1276 obedientiam
2974 1221 3144 1273 unius
3192 1218 3446 1272 hominis
3480 1218 3620 1286 justi

1927 1313 2345 1366 constituentur
2375 1313 2558 1364 multi.
2596 1333 2621 1358 ››
2658 1312 2723 1363 Et
2757 1311 2824 1364 de
2857 1309 3067 1379 quibus
3113 1308 3250 1361 alibi
3282 1308 3433 1360 idem
3473 1309 3621 1373 Apo-

1926 1401 2104 1453 stolus
2146 1393 2281 1454 dieit
2313 1400 2496 1452 verbis
2530 1399 2757 1454 Domini
2801 1396 3229 1451 evidentissime
3260 1409 3580 1447 consonans
3608 1409 3619 1444 :

1931 1510 1957 1537 «
1992 1488 2081 1542 Sic
2116 1493 2170 1540 et
2202 1488 2458 1541 Christus
2490 1487 2665 1539 semel
2711 1486 2932 1539 oblatus
2963 1491 3046 1536 est
3076 1484 3144 1535 ad
3178 1483 3492 1535 multorum
3527 1497 3622 1532 cx-

145 1040 288 1091 Ilaac
323 1040 612 1108 ﬁdeliter,
646 1048 704 1094 et
729 1042 964 1095 omnino
993 1043 1385 1095 indubitanter
1408 1047 1520 1095 tam
1541 1043 1608 1096 de
1636 1044 1817 1114 Scrip-

75 1129 218 1180 turis
278 1131 532 1194 sanctis,
582 1148 764 1201 quam
819 1132 886 1184 de
950 1132 1247 1186 beatorum
1315 1134 1546 1185 Patrum
1594 1134 1818 1202 scriptis

77 1217 360 1284 legenda,
434 1224 491 1271 et
552 1220 970 1272 consideranda
1029 1219 1433 1288 proposuimus
1490 1221 1549 1272 in
1610 1221 1817 1290 quibus

76 1307 392 1358 evidenter
425 1309 578 1360 idem
635 1310 933 1362 reverendi
967 1311 1158 1362 Patres
1191 1311 1418 1376 docent,
1453 1315 1508 1362 et
1540 1326 1604 1362 ex
1637 1309 1817 1378 ipsius

78 1395 342 1457 Domini,
374 1403 439 1449 et
472 1397 879 1467 Redemptoris
919 1399 1101 1452 nostri
1134 1399 1499 1452 sermonibus
1548 1400 1816 1468 probant,

78 1484 239 1551 quod
277 1484 584 1551 pretiosus
618 1487 744 1554 ejus
778 1509 797 1532 ι
838 1487 1080 1555 Sanguis
1101 1503 1206 1556 pro
1229 1487 1426 1539 multis
1449 1487 1662 1539 eﬁ'usus
1691 1487 1814 1539 sit»

79 1571 134 1621 in
176 1572 613 1624 remissionem
656 1580 1044 1641 peccatorum,
1079 1595 1099 1621 ιι
1155 1580 1210 1628 et
1261 1574 1486 1627 dederit
1534 1575 1656 1642 ipse
1690 1574 1814 1626 ani-

80 1674 236 1710 mam
299 1676 478 1712 suam
534 1661 993 1730 redemptionem
1042 1678 1144 1730 pro
1209 1661 1403 1714 multis
1455 1663 1665 1729 (Matth.
1722 1678 1812 1726 xx,

81 1750 189 1808 '28}.
237 1771 258 1792 -
303 1749 378 1800 Et
409 1765 529 1801 non
557 1765 696 1801 eum
728 1749 935 1802 dixisse
977 1765 1076 1817 pro
1116 1749 1380 1815 omnibus,
1415 1749 1512 1802 sed
1553 1765 1649 1817 pro
1681 1752 1817 1803 mul-

86 1839 173 1888 tis.
202 1837 296 1890 Ita
327 1837 682 1906 intelligunt
714 1843 769 1890 et
801 1842 1096 1906 exponunt
1122 1839 1275 1907 quod
1309 1853 1410 1906 pro
1440 1837 1526 1890 his
1561 1837 1659 1907 qui
1690 1853 1818 1891 cre-

87 1925 222 1977 dere
256 1926 586 1990 voluerint,
623 1925 888 1979 distincte
929 1931 982 1978 et
1015 1927 1380 1996 designanter
1420 1925 1816 1995 accipiendum

87 2013 176 2065 sit.
215 2015 292 2066 Et
325 2014 490 2083 quod
516 2030 724 2066 omnes
753 2030 856 2083 pro
879 2015 1088 2084 quibus
1113 2020 1373 2067 mortuus
1402 2018 1504 2079 est,
1537 2031 1666 2067 oves
1690 2031 1817 2067 suas

90 2103 221 2154 fecit
247 2119 262 2154 :
291 2103 455 2171 quod
485 2102 694 2170 utique
725 2102 935 2171 impios
966 2103 1023 2155 in
1063 2119 1164 2155 sua
1191 2102 1483 2172 impietate
1514 2108 1818 2172 pereuntes

91 2198 145 2244 et
175 2191 486 2259 perituros
518 2192 856 2243 nullatenus
887 2191 1055 2256 fecit;
1089 2190 1321 2261 [quibus
1354 2193 1516 2260 (Aug.
1552 2194 1607 2244 in
1635 2195 1817 2258 Joan.,

93 2286 260 2332 tract.
299 2281 399 2347 48)
437 2279 614 2332 etiam
653 2279 951 2332 manifeste
990 2279 1161 2332 dicit:
1196 2302 1217 2328 ι
1251 2280 1359 2334 Sed
1410 2296 1505 2333 vos
1545 2297 1662 2334 non
1691 2297 1818 2333 cre-

95 2368 225 2419 ditis
260 2367 409 2437 quia
442 2383 562 2420 non
596 2383 666 2420 ex
713 2367 912 2420 ovibus
943 2367 1086 2422 meis
1120 2367 1297 2434 (Joan.
1330 2385 1384 2434 x,
1419 2370 1530 2435 26).
1568 2389 1594 2420 ι)
1625 2371 1686 2422 Et
1716 2385 1819 2438 pro

97 2457 173 2508 eis
205 2457 312 2524 qui
346 2456 430 2508 ita
458 2456 711 2509 credunt
745 2456 1053 2509 Dominum
1086 2464 1351 2510 nostrum
1387 2473 1584 2509 verum
1618 2458 1814 2523 Deum,

100 2553 162 2596 ut
195 2552 421 2614 negent
461 2561 599 2597 eum
648 2561 752 2614 pro
807 2545 988 2598 salute
1035 2550 1229 2598 nostra
1277 2561 1470 2598 verum
1522 2546 1817 2599 hominem

98 2632 339 2698 factum,
385 2634 592 2686 dicunt
638 2650 755 2686 nou
787 2649 907 2686 esse
940 2639 1230 2687 mortuum
1268 2634 1457 2703 ipsum
1511 2634 1816 2687 Dominum

100 2722 397 2774 Christum
428 2738 442 2785 ;
482 2721 621 2790 quia
660 2721 861 2792 utique
887 2723 1199 2774 secundum
1232 2722 1528 2776 hominem
1559 2727 1818 2776 mortuus

100 2815 182 2861 est
214 2809 502 2862 Christus.
545 2810 756 2862 Dicunt
789 2810 961 2862 etiam
1000 2811 1155 2879 quod
1206 2814 1342 2863 tunc
1390 2827 1492 2880 pro
1523 2828 1636 2864 uno
1669 2828 1818 2880 quo-

101 2913 212 2967 que
266 2898 483 2950 Christi
533 2898 744 2950 occisio
793 2898 1171 2970 intelligenda
1219 2899 1308 2965 sit,
1351 2916 1480 2952 cum
1530 2901 1711 2952 credit
1758 2900 1816 2953 in

101 2987 378 3052 occisum,
419 2987 477 3038 id
511 2991 597 3041 est
629 3003 736 3055 per
775 2986 897 3056 ejus
929 2992 1171 3040 mortem
1208 3003 1310 3040 sua
1357 2993 1585 3056 peccata
1625 2988 1818 3042 dimit-

109 3074 231 3146 tit;]
267 3081 326 3127 et
359 3075 518 3144 quod
554 3075 743 3143 gratia
781 3076 1214 3140 incarnationis,
1251 3081 1305 3128 et
1351 3077 1523 3129 totius
1558 3077 1817 3147 redemp-

104 3164 279 3215 tionis
311 3163 578 3231 ejusdem
624 3163 854 3216 Domini
899 3164 1031 3216 Jesu
1076 3164 1303 3228 Christi,
1352 3164 1427 3218 ita
1475 3166 1821 3234 generaliter

104 3251 404 3315 omnibus,
441 3253 544 3321 qui
603 3267 740 3304 eum
786 3255 1054 3304 naturam
1108 3261 1358 3306 nostram
1411 3253 1818 3322 suscipientem

103 3341 452 3408 receperint,
491 3347 551 3393 et
582 3357 654 3393 eo
695 3340 903 3409 spiritu
943 3339 1158 3394 fuerint
1204 3341 1543 3410 regenerati,
1592 3359 1704 3411 quo
1735 3346 1820 3394 est

105 3429 200 3482 ille
235 3429 606 3498 progenitus,
645 3429 902 3496 priestita
934 3429 1040 3482 sit:
1074 3435 1135 3481 ut
1167 3435 1357 3482 tamen
1387 3429 1616 3498 impios,
1649 3437 1705 3483 ct
1736 3431 1820 3483 in-

104 3517 304 3569 ﬁdeles
355 3521 536 3569 tantas
588 3517 998 3570 misericordias
1048 3532 1165 3570 suae
1204 3517 1501 3588 reliquerit
1548 3523 1814 3572 exsortes.

174 3605 397 3668 Quibus
439 3610 644 3657 autem
691 3604 800 3658 ista
835 3621 948 3658 non
979 3605 1288 3672 sufﬁciunt,
1330 3605 1426 3659 sed
1459 3607 1642 3676 magis
1685 3628 1706 3656 ι
1741 3607 1820 3660 ita

108 3694 457 3764 generaliter
490 3709 600 3762 pro
633 3693 958 3746 omnibus»
993 3693 1280 3746 Christum
1333 3695 1636 3748 Dominum
1690 3711 1816 3764 pas-

109 3798 232 3834 sum
259 3787 313 3834 et
345 3786 654 3834 mortuum
687 3781 1037 3851 intelligunt,
1070 3787 1131 3834 ut
1179 3783 1436 3836 eamdem
1472 3783 1814 3850 passionem,

110 3876 162 3922 et
194 3875 441 3922 mortem
474 3885 648 3922 suam
681 3870 857 3922 etiam
902 3869 1099 3938 impiis
1149 3886 1444 3940 nunquam
1497 3872 1814 3938 credituris,

110 3963 161 4011 et
211 3958 452 4011 omnino
496 3958 562 4011 in
608 3975 714 4010 sua
778 3958 1078 4028 impietate
1133 3959 1405 4028 perituris
1449 3960 1816 4031 impenderit,

110 4049 285 4118 quazri
317 4047 390 4100 ab
425 4048 512 4100 eis
552 4047 763 4100 merito
806 4051 1011 4116 potest,
1061 4063 1190 4100 cum
1235 4049 1510 4102 Dominus
1539 4066 1597 4102 se
1640 4070 1666 4100 α
1715 4066 1820 4120 pro

110 4138 353 4189 multis»
381 4136 652 4189 animam
697 4151 863 4188 suam
905 4136 1196 4203 daturum,
1245 4142 1299 4189 et
1331 4157 1357 4184 ‹‹
1412 4154 1514 4207 pro
1565 4139 1758 4191 multis
1789 4161 1816 4187 »

111 4227 452 4294 sanguinem
485 4241 664 4277 suum
696 4224 1109 4276 effundendum
1138 4223 1196 4275 in
1242 4225 1640 4279 remissionem
1687 4243 1819 4297 pec-

111 4321 360 4367 catorum
386 4313 628 4379 dixerit,
665 4316 721 4364 et
752 4328 862 4365 non
905 4327 1008 4381 pro
1043 4313 1344 4366 omnibus:
1385 4313 1478 4366 ubi
1511 4314 1556 4366 si
1590 4330 1822 4383 respon-

110 4401 308 4468 derint,
343 4403 487 4473 quia
515 4417 626 4454 nec
650 4401 805 4453 aliud
830 4400 909 4453 eis
934 4401 1400 4469 respondendum
1432 4409 1625 4466 restat,
1662 4403 1815 4471 quod

111 4491 230 4544 ideo
258 4491 481 4544 dixerit
517 4509 545 4540 (ι
573 4505 681 4557 pro
716 4490 912 4542 multis
940 4510 960 4534 »
997 4488 1133 4556 quia
1166 4505 1270 4558 pro
1299 4490 1431 4542 solis
1453 4490 1582 4554 illis,
1620 4491 1718 4560 qui
1748 4493 1817 4544 ad

113 4579 271 4632 ﬁdem
303 4578 569 4642 venturi,
605 4583 656 4629 et
683 4576 882 4630 ﬁdeles
914 4576 1090 4629 futuri
1121 4582 1303 4644 erant,
1338 4582 1392 4629 et
1419 4578 1515 4630 illa
1537 4585 1817 4647 suscepta,

116 4673 163 4720 et
184 4668 479 4736 pretiosus
514 4665 756 4733 sanguis
784 4666 943 4717 {usus
974 4681 1093 4717 esse
1124 4665 1530 4734 intelligendus
1558 4668 1646 4720 sit.
1675 4669 1818 4736 Ergo

115 4758 487 4810 conﬁrmatur
541 4746 780 4806 Patrum
826 4754 924 4806 illa
991 4754 1290 4818 sententia,
1354 4771 1467 4823 qua
1519 4771 1620 4824 pro
1672 4757 1818 4808 mul-

115 4846 176 4896 tis
203 4846 421 4898 dictum
450 4859 563 4912 pro
606 4842 720 4894 illis
768 4842 980 4894 scilicet
1023 4842 1123 4911 qui
1155 4843 1384 4895 credere
1415 4844 1700 4896 voluerint
1732 4847 1821 4897 in-

116 4933 453 4985 tellexerunt
476 4931 504 4982 ?
531 4931 599 4983 Et
632 4929 763 4982 ideo
798 4930 1148 5000 ubicumque
1177 4930 1237 4982 in
1270 4930 1471 4984 litteris
1494 4934 1823 5001 apostolicis

113 5018 330 5090 legitur,
362 5019 534 5090 quod
573 5039 600 5066 ει
650 5017 804 5080 idem
857 5019 1134 5071 Dominus
1182 5019 1405 5072 dederit
1448 5022 1823 5090 semetipsum

113 5109 579 5179 redemptionem
614 5123 721 5174 pro
754 5106 1040 5172 omnibus,
1071 5112 1126 5160 et
1151 5107 1331 5176 gratia
1365 5109 1460 5161 Dei
1497 5125 1598 5178 pro
1631 5112 1819 5164 omni-

114 5197 204 5250 bus
225 5196 558 5266 gustaverit
589 5199 866 5258 mortem,
902 5199 956 5248 et
985 5211 1088 5265 pro
1138 5195 1403 5248 omnibus
1448 5204 1710 5251 mortuus
1749 5199 1823 5252 sit

117 5288 164 5348 (Ι
187 5289 319 5340 Tim.
349 5304 411 5351 ii,
448 5290 481 5338 6
514 5305 528 5350 ;
556 5285 708 5338 ch.
737 5299 794 5348 ιι,
816 5287 894 5353 9),
925 5305 951 5332 ››
971 5285 1052 5337 illi
1074 5285 1238 5338 multi
1259 5301 1362 5352 pro
1385 5286 1588 5355 quibus
1627 5288 1819 5340 Domi-

117 5391 210 5429 nus
231 5383 288 5430 et
333 5377 607 5429 animam
671 5389 833 5426 suam
886 5389 946 5426 se
988 5374 1337 5443 positurum,
1385 5379 1439 5426 et
1482 5376 1820 5445 sanguinem

1929 1576 2247 1629 haurienda
2294 1580 2524 1644 peccata
2566 1575 2712 1641 (Heb.
2748 1590 2816 1634 1x,
2857 1573 2966 1640 28).
3004 1596 3029 1620 ››
3072 1573 3138 1624 Et
3189 1570 3340 1640 apud
3390 1569 3624 1622 beatum

1932 1664 2226 1718 Danielem
2261 1665 2596 1734 prophetam
2648 1662 2858 1731 legitur
2887 1679 2898 1714 :
2937 1684 2962 1708 ‹‹
3001 1662 3061 1713 Et
3092 1660 3255 1711 multi
3288 1659 3354 1712 de
3382 1657 3489 1718 his,
3523 1655 3622 1725 qui

1931 1755 2228 1806 dormiunt
2248 1753 2306 1805 in
2338 1759 2504 1805 terrae
2523 1752 2778 1821 pulvere,
2804 1749 3156 1820 evigilabunt
3179 1752 3336 1816 (Dan.
3356 1762 3431 1812 x1,
3462 1747 3564 1812 19).
3593 1765 3620 1792 ››

1937 1842 2169 1911 thuod
2198 1846 2280 1894 est
2303 1839 2623 1893 mirabilius
2645 1838 2862 1907 istiipsi
2884 1838 2942 1890 in
2968 1855 3068 1889 suo
3093 1852 3300 1906 genere
3324 1851 3523 1887 omnes
3547 1836 3620 1898 et,

1927 1931 1985 1983 in
2017 1946 2118 1983 suo
2151 1945 2361 2000 genere
2377 1951 2401 1977 α
2421 1928 2588 1982 multi
2607 1949 2633 1975 ››
2653 1928 2722 1981 ad
2738 1926 3225 1996 comparationem
3243 1920 3626 1976 multitudinis

1931 2018 2308 2088 reproborum
2324 2013 3249 2083 dicunturaDominopauci,cum
3272 2011 3352 2064 ait
3379 2027 3389 2062 :
3419 2033 3442 2057 ‹‹
3468 2008 3627 2062 Multi

1927 2115 2117 2161 autem
2152 2112 2286 2159 sunt
2315 2105 2516 2171 vocati,
2541 2104 2707 2174 pauci
2738 2120 2869 2156 vero
2904 2102 3065 2154 electi
3089 2101 3310 2172 (Matth.
3335 2115 3426 2164 xx,
3457 2100 3565 2166 16).
3595 2116 3622 2147 »

2000 2196 2162 2260 Quod
2193 2196 2238 2247 si
2267 2195 2638 2247 inveniuntur
2669 2193 2844 2262 aliqui
2885 2193 3138 2256 Patrum,
3187 2188 3284 2258 qui
3313 2189 3484 2240 etiam
3519 2202 3623 2256 pro

1930 2285 2121 2354 impiis
2149 2284 2206 2336 in
2238 2299 2338 2335 sua
2363 2283 2657 2352 impietate
2691 2279 3080 2350 permansuris
3108 2277 3416 2331 Dominum
3440 2274 3623 2328 cruci-

1928 2375 2104 2427 ﬁxum
2137 2371 2432 2426 dicant:si
2495 2371 2599 2424 hoc
2650 2369 2859 2423 divinae
2926 2367 3235 2436 Scriptura:
3289 2362 3625 2418 certissimis

1930 2468 1986 2515 et
2015 2459 2341 2514 clarissimis
2373 2458 2732 2513 documentis
2774 2455 3052 2527 probant:
3103 2458 3274 2508 erunt
3322 2468 3455 2519 ergo
3503 2451 3621 2516 illa,

1929 2567 2055 2621 quin
2087 2566 2152 2602 ex
2184 2548 2368 2601 verbis
2411 2546 2638 2600 Domini
2685 2546 2753 2599 de
2802 2545 2905 2598 hac
2953 2560 3010 2595 re
3045 2539 3625 2595 commemoravimus

1929 2639 2094 2692 aliter
2132 2636 2519 2706 intelligenda.
2560 2635 2717 2700 Quod
2753 2640 2836 2686 est
2862 2633 3097 2685 omnino
3133 2631 3363 2689 mirum,
3401 2628 3484 2681 vel
3519 2644 3622 2696 p0-

1927 2728 2041 2780 tius
2095 2725 2429 2779 incredibile
2479 2740 2646 2794 posse
2692 2723 2836 2776 ﬁeri.
2880 2721 2936 2775 Si
2989 2727 3180 2773 autem
3237 2719 3448 2787 absque
3492 2715 3624 2770 ullis

1929 2815 2254 2884 Scripturaa,
2292 2819 2356 2866 ut
2383 2812 2598 2865 dictum
2631 2816 2730 2876 est,
2765 2807 3222 2876 nou-ambiguis,
3260 2822 3385 2876 quae
3418 2809 3470 2858 et
3517 2804 3624 2856 ali-

1929 2907 2014 2955 ter
2043 2902 2287 2970 intelligi
2317 2901 2556 2971 possint,
2607 2900 2700 2953 sed
2755 2898 2940 2959 certis,
2990 2896 3226 2950 omnino
3282 2891 3623 2947 testimoniis

1928 2993 2034 3046 hoc
2063 2991 2269 3045 dixisse
2308 2990 2698 3056 inveniuntur,
2749 2989 2881 3059 quia
2929 3003 3046 3039 non
3091 2986 3280 3037 videat
3333 2982 3621 3051 potiorem

1860 3091 1899 3145 ρ
1931 3081 2082 3133 illam
2135 3096 2255 3133 esse
2307 3079 2725 3142 auctoritatem,
2777 3093 2904 3147 quas
2966 3080 3021 3128 et
3069 3081 3182 3126 tam
3237 3069 3488 3125 evidenti
3542 3085 3626 3122 ra-

1929 3168 2085 3220 tione
2117 3173 2173 3220 et
2203 3174 2319 3220 tam
2348 3165 2650 3235 multiplici
2679 3165 3097 3234 Scripturarum
3135 3160 3494 3214 attestatione
3526 3158 3622 3210 ﬁr-

1929 3262 2136 3310 matur.
2170 3255 2226 3309 Si
2252 3261 2442 3309 autem
2485 3255 2686 3324 placet,
2739 3254 2884 3306 sicut
2924 3259 2980 3305 et
3027 3251 3190 3304 nobis
3223 3249 3469 3302 multum
3500 3246 3627 3316 pla—

1929 3351 2038 3409 cet,
2072 3349 2134 3397 ut
2173 3345 2345 3397 etiam
2378 3343 2619 3396 istorum
2654 3361 2682 3392 (ι
2709 3341 2994 3394 sententia
3029 3356 3091 3392 ex
3125 3339 3339 3408 pietate
3372 3335 3626 3398 veniens,

1928 3437 2165 3502 propter
2184 3448 2384 3500 pacem
2422 3437 2477 3484 et
2519 3429 2906 3483 venerabilem
2958 3429 3228 3498 pietatem
3266 3424 3628 3479 beatissimo-

1928 3536 2059 3573 rum
2091 3523 2318 3574 Patrum
2357 3536 2470 3571 non
2505 3525 2802 3572 renuatur.
2843 3539 2869 3565 ››
2901 3517 3063 3571 Nulla
3094 3531 3232 3584 ergo
3258 3511 3627 3566 contentione

1931 3623 2033 3677 pro
2065 3607 2190 3660 aliis
2223 3607 2493 3660 adversus
2519 3607 2656 3658 alios
2689 3605 2983 3672 litigetur:
3022 3619 3138 3655 non
3180 3618 3294 3654 una
3343 3599 3628 3652 sententia

1929 3712 2034 3764 pro
2075 3696 2253 3748 altera
2301 3695 2623 3748 damnetur.
2675 3693 2742 3746 Et
2786 3693 2922 3762 quia
2971 3708 3098 3743 vere
3135 3689 3258 3742 ﬁeri
3309 3693 3518 3757 potest,
3562 3693 3627 3740 ut

1930 3784 2312 3856 ignorantiam
2360 3787 2414 3836 et
2467 3782 2818 3852 imperitiam
2859 3787 3119 3834 nostram
3168 3779 3224 3831 in
3275 3777 3381 3830 hac
3431 3792 3488 3828 re
3523 3775 3624 3828 ali-

1932 3874 2068 3944 quid
2112 3875 2301 3938 lateat,
2335 3890 2361 3921 ‹‹
2407 3872 2549 3925 nihil
2601 3877 2815 3924 temere
2867 3868 3208 3933 deﬁniatur;
3263 3869 3320 3918 ut
3367 3861 3628 3933 quolibet

1931 3961 2252 4032 acquiescat
2285 3959 2474 4024 modo,
2497 3975 2614 4012 non
2646 3958 2718 4011 sit
2745 3957 3100 4022 haereticum,
3123 3952 3234 4007 nisi
3264 3951 3625 4004 contentione

1930 4051 2259 4104 haereticum
2298 4049 2416 4102 ﬁat.
2461 4068 2488 4099 ι)

2571 4135 2796 4190 CAPUT
2834 4135 2960 4188 XXI.

1931 4248 2005 4299 De
2051 4245 2216 4297 libero
2260 4244 2508 4298 arbitrio.
2561 4245 2723 4298 Nemo
2770 4244 2886 4294 sine
2926 4243 3027 4294 Dei
3080 4241 3263 4307 gratia
3295 4237 3460 4290 libero
3504 4235 3629 4287 bene

2003 4318 2087 4368 uti
2132 4321 2308 4383 potest
2365 4315 2619 4368 arbitrio.
2688 4344 2754 4352 —
2815 4316 2888 4367 De
2935 4314 3250 4365 necessitate
3305 4309 3631 4376 Redempto-

2004 4402 2100 4439 ηε.

2002 4492 2249 4545 Additur
2295 4491 2480 4545 adhuc
2530 4492 2588 4544 in
2639 4490 2875 4561 praefata
2925 4488 3164 4557 epistola
3213 4484 3412 4538 dixisse
3461 4483 3626 4536 illum

1933 4580 2323 4634 miserabilem
2369 4579 2736 4642 monachum,
2777 4598 2803 4625 ‹‹
2848 4576 3000 4645 quod
3053 4579 3353 4644 postquam
3403 4570 3626 4638 primus

1932 4670 2102 4722 homo
2137 4668 2316 4722 libero
2349 4667 2585 4720 arbitrio
2624 4665 2844 4728 cecidit,
2880 4678 3049 4715 nemo
3084 4668 3339 4713 nostrum
3375 4659 3442 4710 ad
3477 4658 3624 4712 bene

1933 4757 2242 4827 agendum,
2286 4757 2384 4808 sed
2417 4761 2639 4807 tantum
2667 4753 2735 4806 ad
2785 4752 2929 4804 male
2962 4749 3243 4819 agendum
3290 4747 3471 4799 libero
3514 4764 3619 4815 po-

1930 4851 2040 4900 test
2074 4845 2153 4898 uti
2181 4844 2418 4897 arbitrio
2447 4852 2488 4894 α.
2525 4863 2551 4891 ››
2586 4841 2742 4905 Quod
2767 4845 2850 4891 est
2881 4838 3077 4906 utique
3098 4853 3208 4888 non
3229 4836 3410 4887 solum
3441 4835 3625 4888 mira-

1932 4935 2064 4998 bile,
2099 4938 2155 4986 et
2189 4933 2531 4994 inauditum,
2557 4930 2652 4982 sed
2678 4931 2954 4997 quantum
2982 4923 3141 4977 nobis
3176 4924 3414 4986 videtur,
3445 4924 3623 4976 etiam

1931 5020 2264 5075 incredibile
2297 5023 2360 5072 ut
2385 5019 2558 5070 homo
2598 5017 2746 5068 inter
2789 5013 3002 5077 ﬁdeles,
3036 5016 3090 5063 et
3119 5027 3151 5061 a
3201 5010 3466 5061 ﬁdelibus
3511 5027 3621 5063 nu-

1933 5111 2095 5162 tritus
2147 5113 2201 5160 et
2251 5106 2526 5165 eruditus,
2591 5108 2646 5156 et
2701 5102 2759 5154 in
2814 5098 3327 5152 ecclesiasticornm
3380 5099 3620 5153 Patrum

1930 5197 2168 5266 scriptis,
2197 5210 2310 5247 non
2343 5208 2545 5261 parum
2581 5189 2912 5244 exercitatus
2945 5187 3048 5238 hoc
3095 5185 3302 5243 dicere,
3349 5185 3430 5236 vel
3485 5203 3621 5240 sen-

1929 5286 2032 5338 tire
2081 5282 2359 5353 potuerit:
2395 5303 2421 5329 ‹‹
2473 5280 2626 5349 quod
2678 5281 2802 5348 post
2846 5275 3015 5343 primi
3063 5273 3310 5325 hominis
3363 5275 3618 5342 lapsum,

1929 5389 2096 5426 nemo
2130 5371 2298 5424 etiam
2332 5369 2584 5422 ﬁdelium
2618 5368 2686 5420 ad
2717 5367 2858 5418 bene
2897 5362 3183 5430 agendum
3217 5360 3398 5413 libero
3435 5365 3624 5430 possit

1187 5496 1385 5551 ΝΟΤίΕ
1429 5497 1748 5552 DUVAI.LIl
1797 5494 2130 5551 DOCTORIS
2171 5490 2548 5546 SORBONICI.

180 5631 200 5654 ³
232 5623 361 5675 Haec
392 5617 696 5674 sententia
715 5631 779 5670 ex
811 5617 1098 5671 calumnia
1113 5617 1500 5670 Gotteschalco
1530 5616 1814 5686 imposita,
1850 5622 1910 5669 ut
1933 5632 1995 5668 ex
2018 5615 2141 5685 ipso
2166 5613 2463 5666 Hincmaro
2485 5607 2822 5680 probaturin
2847 5603 3261 5659 dissertationis
3281 5620 3406 5673 cap.
3433 5608 3528 5659 22.
