3884 6218
294 307 424 356 1023

1485 304 1748 359 REMIGII
1793 303 2268 360 LUCDUNENSIS
2313 304 2628 360 EPISCOPI

3674 306 3798 356 10?}

288 434 656 512 utiarbitrio,
690 435 789 488 sed
824 438 1047 487 tantum
1105 434 1174 487 ad
1222 435 1370 487 male
1418 435 1742 503 agendum:
1782 456 1803 482 ι
1840 440 1972 487 tan-
2010 438 2055 487 A
2086 435 2453 487 resuscitetur
2512 439 2566 487 et
2622 434 2959 499 viviticetur,
3020 435 3116 505 qui
3174 436 3355 489 dicit:
3417 460 3437 483 ι
3503 434 3801 499 Quoniam

284 540 457 593 quam
506 523 563 575 in
602 521 764 574 nobis
814 538 931 575 non
970 522 1044 574 sit
1085 521 1331 575 liberum
1382 522 1707 585 arbitrium,
1760 524 1874 576 nisi
1904 524 1973 576 ad

284 612 496 664 malum
528 627 540 662 :
577 610 647 663 ad
692 610 906 662 bonum
939 615 1133 663 autem
1184 611 1303 663 sola
1336 611 1393 663 in
1444 612 1609 664 nobis
1664 612 1759 665 Dei
1793 612 1976 681 gratia

282 701 497 768 absque
530 698 709 751 libero
736 698 971 751 arbitrio
1004 703 1289 768 operetur.
1333 699 1388 752 Si
1434 700 1585 752 enim
1618 700 1848 753 dixisset
1878 717 1973 769 ge-

282 789 552 842 neraliter
597 809 623 835 ‹‹
676 803 845 840 nemo
894 788 1197 841 hominum
1247 809 1278 864 ρ
1332 794 1387 841 et
1446 789 1756 841 addidisset
1783 811 1809 837 ‹‹
1854 790 1974 842 sine

282 878 380 931 Dei
415 877 619 946 gratia,
655 898 675 922 ›
720 882 775 929 et
826 876 906 929 ita
948 877 1345 945 subjungeret,
1396 900 1422 923 ‹‹
1470 879 1648 930 libero
1697 878 1839 931 bene
1890 878 1975 931 uti

281 971 467 1036 potest
492 965 752 1031 arbitrio,
787 987 814 1013 »
857 970 1002 1018 esset
1034 985 1060 1015 «
1111 966 1419 1019 catholicus
1467 983 1684 1029 sensus,
1722 988 1747 1015 »
1784 972 1839 1019 et
1882 983 1972 1020 ca-

281 1055 491 1108 tholica
523 1055 761 1107 omnino
803 1056 1059 1115 assertio.
1096 1055 1241 1107 Cum
1284 1060 1470 1107 autem
1524 1055 1730 1107 dixisse
1766 1072 1971 1125 argua~

280 1148 393 1210 tur,
426 1144 573 1213 quod
608 1160 778 1196 nemo
811 1149 1089 1209 nostrum,
1125 1144 1181 1196 id
1233 1149 1315 1196 est
1356 1144 1632 1205 tidelium,
1684 1143 1794 1195 nisi
1843 1148 1969 1195 tan-

282 1233 581 1286 tummodo
622 1233 687 1285 ad
741 1234 887 1284 male
921 1232 1229 1301 agendum,
1283 1232 1461 1285 libero
1493 1232 1573 1283 uti
1608 1231 1783 1300 possit
1814 1230 1970 1283 arbi—

280 1321 408 1385 trio,
459 1320 595 1390 quid
648 1319 801 1373 aliud
860 1321 959 1373 tali
1014 1320 1185 1384 dicto,
1241 1325 1297 1373 et
1348 1320 1446 1373 tali
1508 1319 1772 1371 novitatis
1826 1336 1973 1388 prae-

280 1408 605 1477 sumptione
649 1406 941 1471 asseritur,
985 1407 1093 1459 nisi
1126 1407 1277 1477 quod
1323 1406 1594 1460 humanm
1644 1406 1850 1457 mentis
1880 1422 1970 1457 ar-

277 1496 537 1559 bitrium,
600 1496 748 1565 quod
804 1500 935 1548 ante
1006 1501 1301 1564 peccatum
1371 1496 1439 1547 ad
1502 1510 1696 1547 verum
1756 1495 1968 1547 bonum

276 1583 585 1635 amandum
620 1588 677 1635 et
705 1584 1142 1636 desiderandum
1193 1589 1251 1636 et
1294 1583 1601 1636 fruendum
1654 1588 1773 1636 erat
1823 1584 1970 1635 libe-

274 1687 441 1724 rum:
493 1670 574 1723 ita
619 1672 806 1741 primo
852 1672 1085 1725 homine
1135 1678 1404 1741 peccante
1459 1673 1717 1725 vitiatum
1774 1672 1865 1737 sit,
1915 1678 1968 1726 et

274 1758 532 1828 perierit,
586 1764 649 1812 ut
705 1759 973 1829 deinceps
1033 1762 1435 1813 tantummodo
1494 1760 1564 1813 ad
1616 1762 1829 1813 malum
1877 1777 1967 1814 re-

274 1848 552 1900 manserit
575 1847 635 1900 in
674 1848 909 1900 homine
958 1849 1205 1901 liberum
1254 1849 1597 1914 arbitrium;
1629 1850 1699 1902 ad
1748 1850 1965 1903 bonum

272 1952 407 1990 vero
439 1936 747 2005 agendum,
792 1937 907 1990 sive
952 1938 1278 1990 habendum
1330 1939 1553 1991 nullum
1605 1939 1677 1990 sit
1715 1938 1967 1991 hominis

272 2025 519 2077 liberum
551 2024 874 2089 arbitrium,
899 2025 992 2077 sed
1024 2030 1244 2078 tantum
1268 2026 1472 2078 divina:
1496 2026 1693 2095 gratiae
1723 2026 1961 2081 bonum.

270 2110 432 2173 Quod
465 2128 646 2181 genus
694 2113 901 2165 erroris
944 2129 1049 2165 nec
1099 2114 1251 2182 apud
1301 2114 1614 2181 hmreticos,
1668 2130 1769 2167 nec
1814 2115 1964 2184 apud

271 2215 619 2270 quamquam
652 2200 1065 2254 catholicorum
1123 2218 1223 2254 nos
1269 2204 1619 2272 cognovisse,
1681 2204 1768 2255 vel
1801 2203 1961 2256 audi-

268 2292 412 2340 visse
438 2289 846 2355 meminimus;
878 2290 956 2342 ita
1007 2294 1071 2344 ut
1119 2291 1291 2343 etiam
1337 2292 1405 2345 de
1455 2291 1563 2345 isto
1618 2292 1722 2344 hoc
1775 2290 1959 2354 nobis,

267 2380 333 2427 ut
354 2376 474 2443 jam
506 2378 775 2443 diximus,
806 2378 1153 2431 incredibile
1176 2379 1450 2433 videatur.

341 2465 497 2518 Sicut
548 2467 701 2519 enim
752 2483 901 2519 unus
962 2472 1131 2537 atque
1176 2468 1327 2520 idem
1379 2468 1548 2521 homo
1608 2473 1795 2537 potest
1841 2484 1960 2521 esse

267 2569 458 2619 sanus,
486 2557 540 2606 et
573 2571 640 2607 ex
675 2572 811 2607 sano
850 2556 1104 2625 qualibet
1150 2556 1594 2625 intemperantia
1626 2556 1772 2609 efﬁci
1804 2557 1961 2610 inﬁr-

267 2656 417 2703 mus,
453 2646 509 2695 et
555 2643 807 2696 remedio
850 2645 1085 2697 salutari
1136 2644 1345 2697 iterum
1388 2645 1512 2697 tieri
1543 2661 1711 2697 sanus
1748 2662 1761 2708 ;
1800 2646 1878 2698 sic
1905 2651 1961 2698 et

268 2728 511 2783 liberum
544 2731 813 2784 humanae
854 2733 1063 2785 mentis
1103 2734 1406 2786 arbitrium
1449 2734 1600 2803 quod
1638 2734 1795 2803 prius
1840 2740 1961 2787 erat

267 2834 491 2883 sanum,
523 2819 733 2873 factum
757 2823 841 2872 est
869 2822 1057 2890 primo
1092 2822 1326 2874 homine
1350 2828 1614 2892 peccante
1637 2823 1953 2889 infirmum,

266 2910 323 2959 et
346 2908 499 2977 quod
527 2913 648 2961 erat
687 2909 927 2975 salvum,
970 2910 1182 2962 factum
1215 2916 1300 2963 est
1340 2911 1662 2979 perditum;
1715 2917 1771 2964 et
1802 2912 1955 2981 quod

2085 523 2177 575 hic
2211 524 2383 575 Filius
2414 539 2574 575 meus
2604 522 2790 575 fuerat
2820 526 2876 575 et
2905 523 3127 589 revixit,
3150 524 3404 592 perierat
3435 528 3493 577 et
3524 524 3801 576 inventus

2085 616 2170 664 est
2203 614 2348 679 (Luc.
2383 629 2469 677 xv,
2504 611 2613 679 2i).
2650 630 2677 661 »
2718 613 2783 664 Et
2828 611 2937 664 nisi
2969 612 3027 664 in
3082 613 3180 665 illo
3224 612 3431 682 spiritu
3468 616 3799 681 vegetetur,

2084 700 2151 752 de
2199 716 2312 769 quo
2361 700 2497 753 dicit
2546 700 2893 768 Apostolus:
2932 722 2959 748 ‹‹
3010 701 3218 754 Littera
3270 702 3499 767 occidit,
3554 701 3801 770 spiritus

2083 794 2275 841 autem
2309 788 2555 841 vivilicat
2588 791 2663 853 (ΙΙ
2699 790 2818 844 Cor.
2853 804 2935 854 In,
2967 791 3042 855 6).
3086 809 3113 840 ι)
3145 790 3235 845 Sic
3278 795 3405 843 sunt
3459 791 3709 853 mortui,
3748 796 3802 842 et

2083 877 2338 945 quotidie
2370 878 2751 943 viviﬁcantur,
2786 878 2855 931 de
2888 878 3097 947 quibus
3129 879 3401 932 Dominus
3431 880 3489 932 in
3524 880 3801 948 Evange-

2082 964 2159 1016 lio
2200 964 2369 1017 dicit:
2421 984 2447 1014 ‹‹
2490 965 2655 1017 Venit
2694 964 2835 1018 hora
2870 972 2926 1019 et
2966 982 3118 1019 nunc
3160 972 3261 1032 est,
3299 968 3531 1038 quando
3570 968 3799 1020 mortui

2083 1052 2319 1105 audient
2357 1069 2554 1105 vocem
2614 1053 2740 1106 Filii
2798 1054 2916 1117 Dei,
2974 1058 3029 1107 et
3084 1055 3184 1124 qui
3246 1056 3535 1109 audierint
3595 1056 3801 1107 vivent

2084 1144 2262 1209 (Joan.
2288 1156 2342 1207 v,
2378 1144 2485 1205 25).
2523 1162 2547 1189 »
2586 1143 2651 1195 Et
2678 1143 2889 1212 quibus
2927 1145 3233 1212 Apostolus
3269 1145 3496 1207 clamat,
3544 1144 3795 1198 dicens:

2083 1248 2107 1277 ι
2134 1230 2312 1299 Surge
2343 1229 2442 1300 qui
2472 1230 2707 1296 dormis,
2745 1236 2799 1283 et
2832 1247 3070 1301 exsurge
3098 1248 3130 1284 a
3160 1234 3419 1298 mortuis,
3466 1238 3522 1285 et
3566 1233 3794 1285 illumi-

2081 1318 2240 1370 nabit
2269 1318 2371 1370 tibi
2399 1319 2669 1371 Christus.
2701 1319 2921 1385 (Ephes.
2956 1336 3010 1385 v,
3048 1320 3153 1387 14).
3186 1341 3212 1367 ))

2150 1407 2260 1459 Nec
2312 1407 2519 1475 aliquis
2571 1406 2903 1471 insidiosos,
2972 1415 3027 1461 et
3084 1407 3473 1460 calumniosus
3526 1407 3793 1475 objicere

2079 1494 2247 1546 nobis
2278 1499 2533 1560 conetur,
2571 1495 2725 1564 quod
2758 1495 2837 1548 ita
2873 1495 3127 1548 dicamus
3176 1496 3419 1548 liberum
3471 1495 3793 1547 arbitrium

2079 1599 2179 1652 per
2208 1588 2501 1652 peccatum
2537 1584 2711 1652 primi
2737 1584 2989 1637 hominis
3030 1585 3342 1653 perditum,
3377 1589 3431 1636 et
3456 1590 3788 1647 mortuum,

2079 1672 2241 1740 quasi
2274 1676 2536 1724 naturam
2584 1688 2743 1724 suam
2793 1673 2852 1725 in
2900 1689 3011 1742 qua
3061 1673 3397 1725 naturaliter
3430 1672 3611 1725 habet
3651 1672 3794 1724 insi-

2077 1765 2194 1812 tam
2222 1760 2385 1813 liberi
2425 1760 2645 1813 arbitrii
2685 1762 3037 1814 voluntatem
3087 1760 3403 1830 perdidisse
3442 1760 3791 1828 intelligen-

2077 1847 2182 1899 dus
2212 1848 2303 1901 sit.
2343 1849 2467 1901 Non
2495 1848 2648 1901 enim
2676 1850 2926 1918 perdidit
2972 1854 3258 1916 naturam,
3292 1850 3389 1901 sed
3423 1849 3644 1901 bonum
3680 1865 3790 1900 na-

2075 1940 2257 1989 tura:
2329 1952 2441 1989 non
2511 1936 2759 2006 perdidit
2833 1938 2996 2002 velle,
3066 1937 3161 1990 sed
3237 1936 3487 2007 perdidit
3556 1937 3787 1989 bonum

2074 2025 2246 2077 velle:
2292 2040 2394 2077 nec
2437 2024 2687 2093 perdidit
2722 2024 2915 2077 anima
2963 2030 3227 2078 naturam
3271 2040 3431 2077 suam
3482 2040 3615 2077 cum
3652 2040 3788 2075 mo-

2072 2112 2253 2166 ritur:
2288 2113 2349 2165 in
2382 2129 2496 2182 qua
2524 2112 2669 2166 sicut
2712 2129 2939 2182 semper
2984 2113 3193 2181 existit,
3246 2114 3325 2165 ita
3364 2117 3420 2165 et
3457 2112 3783 2165 secundum

2073 2202 2383 2271 quemdam
2414 2201 2647 2254 modum
2683 2218 2849 2255 suum
2884 2218 3111 2270 semper
3143 2202 3298 2255 vivit.
3335 2202 3399 2255 Et
3419 2205 3614 2253 tamen
3643 2217 3783 2254 vere

2072 2290 2333 2355 moritur,
2390 2306 2506 2342 non
2553 2290 2865 2343 abolitione
2908 2290 3264 2355 substantiae,
3316 2290 3411 2343 sed
3460 2289 3781 2342 amissione

2071 2393 2216 2430 verae
2243 2378 2373 2431 vitae
2413 2394 2549 2442 sum,
2587 2378 2741 2447 quod
2792 2378 2878 2431 illi
2925 2381 3069 2433 Deus
3109 2383 3211 2430 est.
3259 2380 3323 2431 Et
3359 2377 3491 2431 ideo
3532 2394 3778 2446 prorsus

2069 2465 2260 2534 ipsum
2293 2467 2535 2520 liberum
2568 2466 2820 2519 hominis
2859 2467 3162 2520 arbitrium
3200 2483 3429 2519 necesse
3474 2468 3651 2520 habet
3681 2483 3777 2519 re-

2069 2554 2396 2623 quirentem
2441 2560 2495 2607 et
2534 2554 2944 2619 invenientem,
3003 2560 3067 2608 ut
3120 2572 3185 2609 ex
3232 2555 3457 2624 perdito
3507 2555 3610 2607 ﬁat
3655 2556 3774 2607 sa]-

2067 2658 2240 2696 vum:
2308 2660 2536 2695 necesse
2593 2643 2765 2697 habet
2821 2645 3209 2707 suscitantem,
3261 2649 3317 2697 et
3360 2644 3769 2705 viviﬁcantem,

2068 2735 2132 2783 ut
2163 2747 2228 2783 ex
2263 2737 2488 2784 mortuo
2522 2731 2621 2783 fiat
2650 2732 2879 2784 vivum:
2917 2748 3145 2785 necesse
3192 2732 3363 2785 habet
3406 2733 3575 2783 etiam
3630 2731 3775 2783 redi-

2067 2826 2344 2881 mentem,
2383 2824 2448 2873 ut
2504 2820 2659 2889 quod
2707 2824 2828 2873 erat
2882 2820 3140 2873 servituti
3201 2820 3532 2884 obnoxium,
3587 2821 3775 2889 possit

2068 2906 2213 2960 efﬁci
2240 2907 2505 2960 liberum.
2542 2910 2667 2960 Erat
2698 2925 2946 2978 namque
2976 2909 3236 2962 servituti
3268 2909 3601 2965 obnoxium.
3634 2910 3773 2977 quia

266 3002 389 3049 erat
412 2996 622 3059 vivum,
654 2998 866 3050 factum
908 3004 993 3051 est
1029 3005 1338 3052 mortuum.
1384 3001 1525 3053 Vere
1564 3000 1716 3053 enim
1750 3016 1953 3053 sanum
1995 3024 2035 3078 ρ
2066 3001 2296 3065 peccato
2329 2996 2719 3065 subjugatum,
2756 3002 2810 3049 et
2844 3018 2865 3044 ι
2916 2998 3105 3050 omnis
3149 2998 3248 3067 qui
3292 2997 3422 3049 facit
3466 3003 3770 3065 peccatum

266 3088 387 3136 erat
414 3088 543 3136 ante
574 3090 866 3153 peccatum
899 3086 1057 3138 nullo
1090 3088 1343 3155 peccanti
1369 3089 1639 3155 languore
1670 3088 1953 3151 vitiatum,

266 3176 319 3224 et
352 3188 455 3241 per
482 3172 671 3241 ipsum
729 3178 1023 3242 peccatum
1081 3176 1289 3227 factum
1333 3181 1412 3227 est
1465 3177 1838 3238 intirmatum,
1894 3180 1959 3229 ut

264 3261 540 3313 veraciter
593 3262 800 3313 clamet
855 3268 912 3315 at
964 3264 1170 3316 Deum:
1226 3285 1251 3311 ‹‹
1316 3264 1431 3331 Ego
1489 3264 1631 3316 dixi:
1697 3266 1954 3329 Domine,

265 3349 537 3402 miserere
599 3350 731 3415 mei,
787 3367 923 3403 sana
979 3352 1230 3404 animam
1293 3368 1497 3414 meam,
1551 3353 1685 3422 quia
1731 3352 1957 3421 peccavi

264 3437 369 3490 tibi
400 3438 564 3505 (Psal.
600 3454 684 3491 XL.
721 3439 791 3503 ὅ).
834 3458 860 3489 ››
886 3440 953 3493 Et
982 3457 1110 3493 cum
1143 3457 1245 3509 per
1286 3456 1482 3493 verum
1532 3442 1812 3495 medicum
1863 3458 1956 3493 sa—

265 3532 452 3592 natur,
489 3528 805 3591 gratulans,
837 3533 894 3581 et
922 3529 1173 3597 gratiosa
1230 3544 1369 3596 gens
1418 3530 1586 3583 dicit:
1637 3550 1663 3579 «
1716 3530 1956 3583 Domine

265 3616 411 3668 Deus
440 3621 654 3681 noster,
687 3617 927 3670 clamavi
957 3617 1027 3669 ad
1058 3622 1111 3670 te
1145 3623 1199 3670 et
1229 3618 1439 3671 sanasti
1472 3634 1562 3671 me
1589 3620 1761 3686 (Psal.
1804 3635 1953 3684 xxnx,

264 3706 335 3769 3).
387 3726 414 3753 »
466 3707 605 3759 Vere
645 3710 768 3759 erat
817 3708 1060 3766 salvum.
1112 3708 1262 3777 quod
1311 3709 1469 3761 nulla
1518 3709 1757 3761 interius
1805 3711 1957 3763 mala

262 3794 575 3857 voluntate,
627 3796 787 3849 nulla
827 3797 1075 3849 exterius
1119 3797 1267 3849 mala
1306 3797 1638 3866 operatione
1695 3803 1816 3849 erat
1855 3798 1954 3851 de-

260 3888 577 3950 pravatum,
639 3884 753 3937 sive
828 3890 1212 3954 corruptum:
1279 3892 1335 3938 et
1403 3902 1529 3939 vere
1597 3886 1807 3939 factum
1872 3891 1958 3941 est

260 3971 567 4039 perditum,
621 3988 750 4025 cum
810 3975 960 4026 mala
1023 3975 1314 4026 voluntate
1365 3976 1540 4027 Deum
1588 3975 1857 4041 deseruit,
1900 3979 1956 4028 et

262 4059 572 4113 deserendo
602 4060 841 4127 bonum,
876 4063 1025 4132 quod
1064 4063 1331 4127 habebat,
1366 4064 1577 4115 amisit.
1616 4064 1774 4117 Unde
1808 4064 1956 4118 hanc

259 4147 641 4216 perditionem
674 4149 733 4201 in
771 4166 829 4201 se
873 4166 1308 4219 recognoscens,
1362 4154 1534 4221 atque
1585 4152 1656 4205 ab
1704 4168 1770 4205 ea
1811 4153 1955 4206 libe-

261 4235 376 4287 rari
408 4236 644 4303 cupiens
676 4236 1016 4306 ingemiscit,
1060 4243 1115 4291 et
1146 4239 1282 4291 dicit
1312 4256 1323 4292 :
1357 4262 1381 4286 «
1432 4241 1622 4293 Erravi
1647 4240 1803 4294 sicut
1836 4242 1954 4294 ovis

261 4339 388 4392 quae
437 4322 641 4391 periit:
698 4325 926 4394 require
969 4342 1192 4378 servum
1253 4332 1435 4393 tuum,
1490 4328 1625 4397 quia
1683 4331 1951 4384 mandata

260 4416 360 4465 tua
388 4428 505 4465 non
538 4428 664 4465 sum
712 4412 921 4465 oblitus
954 4416 1119 4482 (Psal.
1174 4432 1363 4481 cxvni,
1418 4417 1556 4485 176).
1593 4440 1618 4465 ››
1675 4419 1737 4470 Et
1768 4420 1951 4487 quoti-

259 4500 349 4554 die
382 4501 764 4554 necessarium
794 4501 961 4555 habet
989 4516 1366 4571 quaerentem,
1417 4510 1589 4574 atque
1640 4506 1950 4560 salvantem

258 4588 442 4652 illum,
481 4590 581 4660 qui
607 4590 773 4644 dicit:
812 4614 838 4639 ‹‹
889 4592 1055 4643 Venit
1104 4592 1258 4644 enim
1301 4592 1476 4645 Filius
1523 4592 1768 4645 hominis
1796 4611 1951 4662 quae-

259 4693 404 4743 rere,
466 4685 521 4732 et
577 4680 792 4733 salvum
851 4681 1056 4739 facere.
1121 4682 1273 4750 quod
1330 4681 1575 4751 perierat
1628 4684 1777 4747 (Luc.
1838 4700 1949 4751 xxx,

264 4767 371 4832 10).
408 4790 427 4814 ι
466 4768 598 4821 Erat
647 4768 821 4821 etiam
872 4769 1085 4834 vivum,
1140 4770 1272 4839 quia
1326 4770 1653 4823 adhaerebat
1710 4771 1812 4832 illi,
1860 4772 1951 4824 cui

260 4856 539 4911 dicimus:
570 4878 595 4907 «
629 4858 911 4921 Quoniam
940 4860 1087 4928 apud
1145 4866 1193 4911 te
1227 4864 1309 4911 est
1340 4860 1464 4912 fons
1494 4859 1644 4925 vitm,
1688 4863 1744 4911 et
1773 4860 1830 4912 in
1862 4860 1950 4913 lu-

258 4944 415 4998 mine
443 4949 541 4997 tuo
577 4945 899 5000 videbimus
930 4948 1121 4999 lumen
1157 4949 1322 5017 (Psal.
1359 4964 1516 5013 xxxv,
1557 4949 1658 5015 10),
1694 4970 1719 4995 ››
1757 4948 1952 5000 vivens

258 5030 319 5084 in
350 5032 469 5097 illo,
504 5039 560 5087 et
586 5051 688 5104 per
731 5035 918 5099 illum,
964 5036 1035 5089 de
1066 5052 1178 5105 quo
1209 5036 1267 5089 in
1322 5037 1629 5105 Evangelio
1675 5036 1949 5106 scriptum

262 5125 372 5173 est:
407 5139 433 5171 «
472 5122 536 5174 Et
575 5122 689 5175 vita
732 5128 854 5176 erat
899 5124 990 5176 lux
1024 5124 1323 5178 hominum
1362 5124 1537 5195 (Joan.
1583 5142 1617 5189 ι,
1664 5125 1740 5195 4).
1786 5146 1811 5173 ››
1843 5126 1949 5180 Sed

258 5205 403 5261 hanc
451 5209 646 5274 vitam,
706 5215 878 5280 atque
950 5211 1100 5263 hunc
1166 5212 1381 5265 fontem
1455 5213 1583 5266 vitae
1640 5214 1949 5267 deserendo

258 5292 469 5348 factum
539 5301 622 5349 est
687 5313 718 5349 a
784 5297 895 5350 vita
965 5299 1063 5352 Dei
1127 5300 1439 5353 alienatum
1509 5307 1564 5354 et
1616 5305 1944 5354 mortuum:

264 5399 290 5428 «
324 5382 468 5445 Quia
507 5383 697 5437 anima
733 5401 863 5453 quae
902 5388 1219 5454 peccaverit
1261 5389 1384 5457 ipsa
1426 5389 1701 5442 morietur
1732 5391 1947 5453 (Ezech.

261 5484 415 5531 xviii,
448 5470 521 5537 4).
556 5492 582 5517 ι»
600 5472 711 5523 Nec
741 5472 910 5524 habet
938 5473 994 5525 in
1018 5490 1076 5525 se
1095 5480 1152 5526 et
1174 5492 1238 5527 ex
1263 5492 1321 5525 se
1346 5475 1526 5528 ullum
1547 5492 1777 5529 sensum
1801 5476 1951 5528 vita-

260 5557 370 5609 lem
420 5563 477 5611 et
537 5558 602 5609 ad
664 5574 853 5611 veram
908 5560 1079 5617 vitam
1138 5562 1437 5627 nitentem,
1496 5564 1605 5615 nisi
1663 5579 1764 5635 per
1815 5579 1949 5618 eum

2066 3102 2262 3137 servus
2290 3091 2373 3137 est
2401 3086 2613 3153 peccati
2654 3086 2831 3153 (Joan.
2881 3101 2997 3151 vm,
3036 3089 3121 3152 34,
3172 3088 3279 3153 36).
3318 3106 3343 3133 n
3393 3088 3437 3138 Α
3485 3101 3603 3154 qua
3653 3102 3765 3137 ser-

2065 3174 2243 3227 vitute
2287 3174 2352 3226 fit
2399 3175 2641 3226 liberum
2680 3190 2784 3243 per
2824 3191 2954 3227 eum
2996 3175 3093 3244 qui
3133 3174 3309 3227 dixit:
3349 3175 3405 3228 Si
3450 3191 3551 3227 vos
3592 3174 3767 3227 Filius

2066 3262 2411 3326 liberaverit,
2454 3268 2591 3315 tunc
2639 3279 2768 3315 vere
2824 3262 2987 3315 liberi
3045 3262 3227 3316 eritis.
3267 3264 3329 3315 Et
3385 3278 3491 3331 per
3549 3262 3764 3315 donum

2064 3350 2309 3420 Spiritus
2362 3350 2563 3415 sancti,
2621 3352 2690 3403 de
2744 3367 2858 3419 quo
2894 3351 3197 3419 Apostolus
3255 3350 3420 3403 aitza
3478 3350 3587 3403 L'bi
3643 3351 3764 3420 Spi-

2064 3441 2208 3491 ritus
2259 3438 2510 3505 Domini,
2554 3439 2635 3491 ibi
2674 3439 2903 3491 libertas
2943 3440 3014 3509 (ΙΙ
3061 3440 3179 3493 Cor.
3215 3456 3295 3501 in,
3353 3440 3459 3504 t7).
3503 3459 3529 3487 ν
3571 3438 3764 3491 Perdi-

2066 3525 2430 3595 deratitaque
2455 3527 2625 3579 homo
2652 3543 2754 3595 per
2777 3527 2977 3595 prima;
3001 3526 3487 3595 prmvaricationis
3518 3527 3761 3595 lapsum,

2064 3618 2121 3667 et
2150 3614 2208 3667 in
2242 3630 2309 3667 eo
2332 3631 2503 3667 omne
2535 3632 2714 3685 genus
2746 3616 3086 3679 humanum,
3115 3631 3306 3667 veram
3340 3614 3565 3667 arbitrii
3595 3615 3762 3667 liber-

2063 3706 2259 3768 tatem,
2294 3719 2405 3772 qua
2457 3708 2620 3755 antea
2668 3703 2913 3756 liberum
2970 3708 3092 3756 erat
3141 3703 3209 3757 ad
3260 3703 3653 3771 appetendum
3712 3708 3766 3755 et

2063 3789 2392 3843 habendum
2434 3807 2630 3844 verum
2662 3797 2717 3844 et
2760 3792 3040 3855 divinum,
3083 3797 3137 3844 et
3192 3797 3478 3844 aeternum
3522 3793 3759 3844 bonum.

2064 3878 2176 3931 Nec
2205 3878 2351 3931 hanc
2404 3878 2625 3931 felicem
2683 3883 2739 3932 et
2790 3896 2981 3933 veram
3042 3880 3203 3932 home
3247 3880 3562 3933 voluntatis
3595 3881 3763 3933 liber-

2062 3969 2238 4019 tatem
2271 3967 2389 4019 ullo
2431 3968 2600 4020 modo
2630 3968 2780 4021 valet
2811 3969 3081 4038 recipere,
3118 3968 3226 4021 nisi
3273 3984 3376 4038 per
3421 3968 3766 4038 redemptio-

2062 4069 2197 4108 nem
2236 4054 2447 4109 Christi
2502 4056 2601 4108 tiat
2660 4056 2927 4123 liberum,
2977 4062 3031 4110 et
3082 4073 3185 4127 per
3238 4057 3483 4127 gratiam
3519 4058 3765 4126 Spiritus

2062 4143 2261 4205 sancti,
2298 4144 2365 4197 de
2410 4144 2679 4198 servitute
2732 4146 2972 4213 peccati,
3032 4146 3090 4198 in
3150 4145 3479 4199 libertatem
3522 4145 3763 4215 justitize

2063 4233 2458 4286 transferatur.

2690 4324 2917 4377 CAPUT
2960 4324 3120 4377 XXII.

2064 4409 2312 4464 Liberum
2360 4410 2672 4475 arbitrium,
2724 4411 2786 4464 id
2828 4418 2903 4464 est
2954 4418 3099 4465 recta
3135 4413 3408 4473 voluntas,
3467 4418 3764 4465 renovatur

2338 4481 2403 4534 de
2429 4482 2517 4533 die
2537 4485 2593 4534 in
2619 4483 2780 4535 diem.
2810 4486 2879 4537 De
2899 4484 3148 4551 operibus
3180 4483 3505 4550 inﬁdelium.

2135 4589 2259 4640 Hazc
2289 4592 2373 4639 est
2393 4603 2530 4655 ergo
2561 4588 2885 4655 inﬁrmitas,
2920 4595 2976 4642 et
3010 4589 3277 4659 perditio,
3321 4594 3378 4642 et
3411 4605 3568 4642 mors
3596 4590 3759 4643 liberi

2063 4676 2284 4728 arbitrii
2320 4692 2423 4745 per
2448 4692 2628 4729 unum
2673 4678 2969 4730 hominem
3018 4678 3273 4747 ingressa
3331 4679 3389 4729 in
3450 4679 3759 4743 mundum,

2064 4780 2176 4833 qua
2204 4781 2307 4833 per
2338 4781 2394 4817 se
2429 4766 2757 4818 nullatenus
2790 4767 2937 4819 valet
2992 4782 3290 4835 assurgere
3344 4767 3413 4820 ad
3469 4783 3672 4819 verum
3708 4773 3763 4820 et

2063 4860 2366 4920 aeternum,
2399 4858 2453 4906 et
2486 4854 2817 4908 beatiﬁcum
2865 4855 3104 4921 bonum,
3149 4855 3259 4908 nisi
3301 4872 3403 4925 per
3442 4856 3761 4909 secundum

2062 4943 2358 4995 hominem
2408 4942 2584 4996 fuerit
2646 4948 2907 4997 sanatum
2952 4944 3275 5009 inventum,
3322 4943 3670 4997 viviﬁcatum
3709 4949 3763 4996 et

2060 5032 2454 5101 redemptum.
2506 5033 2760 5101 Idipsum
2810 5049 3061 5104 namque
3104 5034 3347 5087 liberum
3395 5034 3649 5087 hominis
3682 5050 3762 5087 ar-

2062 5121 2318 5185 bitrium,
2356 5122 2412 5176 id
2444 5126 2528 5175 est
2573 5123 2696 5193 ipsa
2751 5123 3017 5176 humanae
3054 5122 3259 5176 mentis
3298 5122 3467 5186 bona,
3518 5127 3575 5175 et
3606 5129 3761 5176 recta

2060 5211 2339 5277 voluntas,
2383 5227 2512 5263 cum
2562 5227 2677 5281 qua
2707 5212 2878 5265 homo
2931 5212 3119 5265 bonus
3172 5216 3227 5264 et
3262 5218 3451 5264 rectus
3498 5212 3759 5265 conditus

2060 5300 2263 5365 fuerat,
2300 5304 2355 5352 et
2386 5301 2501 5353 Deo
2556 5300 2880 5355 obediendo
2913 5307 3046 5354 ante
3084 5306 3383 5370 peccatum
3418 5316 3757 5369 persevera-

2059 5389 2157 5442 bat
2186 5389 2357 5452 bona,
2391 5394 2448 5441 et
2470 5391 2649 5442 Deum
2682 5390 3106 5443 contemnendo
3136 5406 3240 5458 per
3273 5393 3570 5458 peccatum
3614 5390 3757 5442 facta

2060 5483 2146 5529 est
2178 5477 2329 5529 mala
2362 5493 2375 5529 :
2416 5482 2471 5529 et
2511 5494 2615 5546 per
2643 5476 3070 5545 justiﬁcationis
3118 5477 3327 5531 Christi
3372 5478 3642 5545 gratiam,
3684 5478 3755 5531 ad

2062 5566 2238 5620 Deum
2286 5565 2690 5637 resipisceudo,
2727 5571 2782 5621 et
2820 5565 3097 5619 rediendo
3139 5566 3383 5620 efﬁcitur
3424 5566 3604 5620 bona:
3633 5566 3755 5635 ipsa
