3884 6218
94 290 197 342 1025

88 432 183 479 erat
208 433 326 478 ante
378 437 698 497 peccatum
730 434 929 498 libera,
969 434 1093 504 ipsa
1132 436 1276 489 facta
1307 442 1390 490 est
1438 455 1541 507 per
1570 454 1767 507 pecca-
1806 447 1849 495 A

86 524 180 568 tum
224 516 491 570 servituti
563 520 841 590 obnoxia,
910 522 1036 593 ipsa
1088 524 1151 577 ﬁt
1208 542 1309 594 per
1362 527 1771 593 justiticantem

86 604 289 672 gratiam
319 604 599 675 liberata,
637 615 698 661 et
726 616 1032 671 renovatur
1057 613 1127 665 de
1155 614 1245 665 die
1278 614 1335 666 in
1359 615 1531 681 diem,
1568 631 1773 685 usque-

83 692 189 744 dum
218 690 284 744 ad
314 693 654 760 perfectam
687 697 1010 753 libertatem
1040 699 1169 753 vitm
1209 707 1439 755 aeternas
1471 718 1574 771 per
1621 720 1771 757 eam-

82 780 182 830 dem
209 781 457 847 gratiam
491 784 872 852 perducatur.
928 788 1010 840 lta
1060 788 1308 841 liberum
1353 791 1653 843 arbitrium
1700 792 1769 845 ad

80 882 241 920 verum
288 868 550 937 bonum,
594 878 653 926 et
708 890 810 943 per
854 876 1036 929 Adam
1096 878 1425 947 agnoscitur
1477 880 1770 934 verissime

78 955 350 1022 perditum,
406 963 469 1011 et
526 976 637 1030 per
684 962 972 1017 Christum
1021 965 1312 1019 verissime
1362 972 1763 1022 restauratum.

76 1044 157 1106 Qui
184 1059 294 1097 non
324 1045 581 1101 abstulit
613 1049 836 1103 homini
890 1052 1136 1106 liberum
1177 1054 1498 1122 arbitrium,
1529 1055 1662 1125 (sed,
1708 1062 1769 1111 ut

74 1134 257 1186 dictum
316 1140 429 1202 est,
498 1136 804 1192 inﬁrmam
869 1157 1094 1207 sanans,
1168 1142 1457 1213 perditum
1528 1144 1765 1212 invenit,

75 1227 333 1275 mortuum
392 1226 727 1294 suscitavit,
782 1229 1039 1282 servituti
1088 1231 1374 1285 addictum
1432 1233 1765 1289 redimendo

73 1310 321 1362 liberavit.

128 1397 247 1450 ldeo
276 1398 336 1451 in
382 1399 735 1456 inﬁdelibus
766 1403 1021 1474 idipsum
1059 1406 1304 1461 liberum
1331 1409 1652 1477 arbitrium,
1686 1411 1765 1464 ita

71 1488 332 1555 perAdam
350 1489 712 1546 damnatum
727 1499 781 1546 et
802 1495 1115 1564 perditum,
1138 1497 1199 1549 in
1223 1499 1491 1567 operibus
1523 1501 1763 1553 mortuis

71 1574 288 1627 liberum
334 1592 467 1629 esse
522 1584 737 1647 potest,
778 1580 838 1633 in
885 1581 1024 1634 vivis
1058 1599 1173 1635 non
1202 1590 1417 1654 potest;
1454 1588 1601 1639 unde
1634 1593 1763 1640 ante

70 1662 235 1715 omnia
266 1668 612 1719 necessaria
643 1673 727 1721 est
778 1669 1001 1722 homini
1024 1672 1179 1724 omni
1219 1674 1515 1741 sanguinis
1554 1675 1761 1729 Christi

1319 300 1522 355 LIBER
1566 303 1653 357 DE
1696 304 1944 357 TRIBUS
1989 305 2354 361 EPISTOLIS.

3432 316 3565 368 1026

2497 444 2719 497 CAPUT
2758 447 2939 500 XXIII.

1882 531 2192 583 Renovatur
2220 532 2436 598 quidem
2462 540 2608 585 recta
2649 536 2917 601 voluntas,
2968 538 3151 600 gratia
3191 542 3368 591 tamen
3411 539 3575 593 Chri-

2394 605 2466 654 sti
2494 619 2704 671 semper
2742 607 3066 661 auxiliante.

1954 706 2176 759 Fideles
2222 710 2414 759 autem
2464 708 2669 760 Christi
2722 710 2999 779 sanguine
3033 713 3333 783 redempti,
3390 719 3446 765 et
3474 730 3579 782 per

1880 794 2167 847 lavacrum
2228 796 2683 864 regenerationis
2734 803 2791 850 et
2854 801 3234 853 renovationis
3290 802 3573 867 mundati,

1878 883 2196 937 instaurata
2226 884 2288 937 in
2319 901 2397 949 se,
2430 890 2485 937 et
2511 885 2765 955 quotidie
2797 887 3168 941 instauranda
3225 890 3453 943 arbitrii
3506 890 3574 943 li-

1879 972 2119 1041 bertate,
2174 974 2373 1027 eadem
2406 975 2590 1043 gratia
2644 976 2765 1044 (per
2810 992 2985 1045 quam
3029 978 3207 1029 semel
3264 978 3575 1031 illuminati

1877 1063 2033 1131 sunt)
2092 1078 2323 1132 semper
2372 1068 2737 1131 cooperante,
2790 1071 2846 1117 et
2899 1064 3209 1118 auxiliante
3262 1072 3577 1136 operantur

1877 1166 2051 1219 opera
2073 1150 2243 1216 bona,
2278 1166 2395 1203 non
2416 1166 2481 1202 ex
2512 1150 2731 1220 seipsis,
2763 1168 2949 1221 neque
2972 1168 3038 1205 ex
3061 1152 3276 1206 viribus
3298 1154 3572 1223 propriis;

1876 1239 1971 1291 sed
2005 1254 2069 1291 ex
2101 1239 2224 1303 illo,
2254 1238 2414 1306 cujus
2447 1238 2649 1308 spiritu
2681 1246 2951 1309 aguntur.
2990 1240 3134 1303 Quia
3168 1246 3227 1292 ut
3269 1241 3578 1310 Apostolus

1875 1325 2013 1379 dicit
2044 1342 2055 1378 :
2094 1347 2120 1374 ‹‹
2153 1325 2489 1396 Quicunque
2522 1326 2736 1396 Spiritu
2773 1328 2870 1380 Dei
2901 1337 3172 1395 aguntur,
3210 1330 3268 1381 hi
3302 1330 3404 1381 lilii
3447 1332 3579 1381 sunt

1878 1414 1975 1467 Dei
2006 1414 2186 1482 (Rom.
2218 1431 2336 1480 yiu,
2374 1416 2476 1484 14).
2528 1434 2552 1465 ι)
2608 1415 2715 1478 Qui
2745 1416 2939 1481 etiam,
3000 1422 3064 1470 ut
3105 1417 3571 1470 manifestissime

1873 1504 2214 1555 ostenderet.
2247 1508 2305 1555 et
2334 1504 2782 1568 commendaret,
2833 1510 2889 1556 et
2924 1504 3121 1557 ﬁdeles
3160 1505 3387 1574 operari
3431 1521 3575 1573 opus

1872 1590 2111 1656 bonum,
2145 1596 2201 1643 et
2229 1591 2415 1644 uthoc
2437 1591 2624 1660 ipsum
2648 1591 2870 1659 Operari
2896 1593 3133 1661 possint,
3160 1594 3338 1646 Deum
3375 1594 3433 1645 in
3458 1592 3574 1645 illis

1876 1679 2125 1748 operari,
2159 1679 2407 1732 breviter
2434 1684 2743 1749 utrumque
2775 1681 3079 1734 declaravit
3128 1682 3321 1734 dicens
3357 1681 3571 1734 eisdem

70 1751 386 1820 redemptio:
418 1768 535 1822 Per
568 1771 745 1825 quam
771 1762 825 1808 et
843 1758 1185 1811 emundetur
1208 1760 1276 1812 ab
1309 1761 1577 1830 operibus
1611 1778 1759 1814 mor-
1802 1734 1841 1787 Β
1870 1767 2170 1821 ﬁdelibus:
2202 1790 2223 1815 (
2256 1768 2398 1821 Cum
2430 1768 2637 1821 timore
2670 1777 2726 1821 et
2756 1774 3007 1821 tremore
3039 1775 3284 1821 vestram
3324 1771 3569 1822 salutem

72 1838 182 1902 tuis,
214 1846 268 1892 et
298 1840 640 1896 viviﬁcetur
662 1844 732 1897 ad
765 1845 1129 1899 serviendum
1166 1849 1278 1900 Deo
1313 1849 1547 1902 viventi.
1598 1850 1761 1913 Quod

72 1929 469 1983 commendans
493 1932 805 2000 Apostolus
825 1933 963 1987 dicit
992 1951 1004 1987 :
1036 1957 1057 1983 ι
1084 1935 1305 1998 Quanto
1327 1939 1509 2006 magis
1532 1939 1762 2008 sanguis

72 2015 252 2069 Christi
285 2018 390 2087 qui
423 2035 537 2087 per
564 2020 845 2089 Spiritum
870 2028 1124 2076 sanctum
1150 2026 1523 2094 semetipsum
1557 2027 1763 2079 obtulit

68 2106 487 2161 immaculatum
518 2109 659 2175 Deo,
693 2110 1022 2163 emundavit
1052 2112 1463 2166 conscientiam
1506 2120 1760 2166 nostram

70 2192 124 2244 ab
150 2195 418 2263 operibus
456 2200 705 2251 mortuis
736 2200 804 2251 ad
825 2200 1191 2254 serviendum
1228 2203 1337 2254 Deo
1370 2203 1580 2256 viventi
1609 2204 1757 2271 (Heb.

72 2297 129 2348 It,
160 2282 256 2351 14).
288 2305 310 2331 ι
364 2286 516 2339 Vere
550 2287 708 2339 enim
740 2292 967 2341 mortua
1000 2294 1132 2342 sunt
1179 2291 1375 2343 omnia
1401 2308 1576 2360 opera
1622 2291 1760 2345 inﬁ-

72 2370 278 2436 delium,
309 2388 435 2426 non
469 2375 661 2428 solum
694 2377 927 2445 quando
977 2383 1170 2447 aperte
1226 2378 1378 2431 vitiis
1427 2384 1481 2431 et
1520 2380 1761 2448 peccatis

73 2458 316 2525 serviunt,
352 2463 461 2515 sed
492 2463 671 2517 etiam
697 2465 925 2533 quando
951 2466 1197 2519 naturali
1218 2466 1370 2519 bono
1396 2467 1457 2519 in
1480 2474 1758 2537 quantum

71 2546 416 2617 omnipotens
477 2551 719 2605 Creator
769 2553 990 2615 tribuit,
1049 2554 1328 2623 instigati,
1376 2557 1460 2608 vel
1513 2556 1759 2609 naturali

71 2633 173 2702 lege
204 2640 640 2705 commmoniti,
690 2656 820 2709 quas
870 2641 1126 2710 quotidie
1176 2642 1233 2694 in
1264 2644 1527 2697 cordibus
1560 2661 1755 2697 eorum

71 2722 285 2777 clamat:
316 2744 343 2774 ιι
401 2727 573 2790 Quod
605 2728 711 2781 tibi
740 2745 859 2781 non
891 2730 991 2795 vis,
1031 2731 1128 2783 alii
1159 2747 1231 2783 ne
1276 2732 1473 2785 feceris
1507 2750 1519 2785 :
1558 2735 1619 2785 Et
1643 2750 1759 2786 om-

73 2810 148 2863 nia
174 2828 543 2884 qutecunque
575 2817 768 2881 vultis,
817 2822 878 2869 ut
909 2818 1119 2871 faciant
1166 2819 1323 2872 vobis
1371 2821 1654 2887 homines,
1703 2827 1760 2875 et

74 2913 150 2949 vos
178 2901 374 2955 eadem
418 2904 592 2956 facite
634 2904 750 2957 illis
784 2906 939 2973 (Tob.
996 2923 1046 2958 ιν
1074 2926 1087 2972 ;
1120 2909 1323 2963 Matth.
1364 2911 1455 2975 vn)
1483 2925 1499 2977 ;
1528 2931 1555 2957 ››
1598 2926 1755 2979 qure-

1872 1856 2231 1926 operamini:
2267 1857 2414 1909 Deus
2473 1862 2559 1909 est
2611 1856 2766 1909 enim
2825 1856 2924 1925 qui
2978 1862 3247 1926 operatur
3277 1858 3334 1909 in
3389 1857 3567 1923 vobis,

1873 1950 1927 1998 et
1957 1945 2123 2011 velle,
2175 1949 2231 1997 et
2272 1946 2547 2013 perlicere
2602 1960 2706 2013 pro
2756 1945 2906 1997 bona
2938 1945 3228 1998 voluntate
3274 1947 3437 2013 (Phil.
3490 1962 3568 2010 ιιι,

1878 2035 1960 2098 12,
2002 2034 2110 2101 13).
2161 2052 2188 2083 )›
2229 2032 2387 2095 Quod
2441 2033 2638 2085 beatus
2684 2033 2793 2097 Leo
2842 2033 2921 2085 ita
2973 2033 3211 2101 exponit
3259 2034 3377 2102 (ser.
3426 2037 3477 2101 8,
3512 2037 3571 2087 in

1871 2122 2122 2191 Epiph.)
2151 2137 2163 2173 :
2190 2119 2441 2191 [Dicente
2466 2122 2619 2173 enim
2644 2121 2938 2190 discipulis
2964 2124 3078 2172 suis
3105 2122 3366 2187 Domino,
3395 2143 3421 2169 ‹‹
3446 2122 3567 2175 sine

1872 2224 1963 2261 me
2007 2208 2149 2261 nihil
2208 2209 2441 2278 potestis
2488 2208 2695 2273 facere,
2752 2230 2778 2257 ››
2824 2209 3065 2261 dubium
3107 2225 3223 2261 non
3257 2215 3341 2261 est
3385 2209 3565 2263 homi-

1872 2312 2005 2349 nem
2054 2296 2206 2349 bona
2236 2302 2499 2365 agentem
2535 2313 2599 2349 ex
2631 2297 2744 2349 Deo
2784 2296 3016 2361 habere,
3050 2302 3107 2349 et
3136 2296 3399 2351 etl‘ectum
3430 2296 3569 2349 boni

1872 2384 2081 2455 operis,
2116 2390 2172 2439 et
2209 2385 2439 2438 initium
2474 2385 2802 2438 voluntatis.
2843 2384 2997 2438 Unde
3026 2390 3084 2437 et
3133 2385 3441 2454 Apostolus
3471 2402 3566 2439 co-

1871 2471 2249 2543 piosissimus,
2293 2477 2349 2524 et
2378 2472 2630 2524 ﬁdelium
2658 2472 3010 2536 cohortator,
3053 2489 3182 2525 cum
3214 2474 3443 2537 timore,
3477 2472 3564 2527 in-

1872 2550 2019 2621 quit,
2044 2556 2101 2603 et
2152 2556 2401 2603 tremore
2431 2557 2677 2603 vestram
2727 2551 2968 2604 salutem
3025 2552 3378 2621 operamini:
3416 2554 3564 2605 Deus

1872 2644 1957 2691 est
1997 2638 2155 2692 enim
2190 2638 2289 2708 qui
2338 2651 2608 2708 operatur
2634 2638 2692 2691 in
2737 2640 2898 2692 vobis
2942 2644 2997 2692 et
3031 2641 3194 2705 velle,
3239 2644 3294 2692 et
3334 2640 3563 2708 operari

1870 2743 1973 2797 pro
2004 2727 2157 2779 bona
2186 2728 2493 2779 voluntate.
2543 2727 2647 2780 Et:
2684 2729 2813 2781 Haec
2852 2728 3059 2779 sanctis
3107 2743 3276 2779 causa
3318 2733 3403 2780 est
3449 2733 3563 2780 tre-

1871 2815 2085 2881 mendi,
2135 2820 2302 2884 atque
2357 2815 2670 2881 metuendi,
2716 2831 2784 2867 ne
2832 2815 2970 2884 ipsis
3017 2816 3286 2884 operibus
3334 2814 3566 2885 pietatis

1869 2904 2003 2958 elati
2033 2905 2370 2957 deserantur
2413 2920 2520 2973 ope
2570 2903 2789 2972 gratim,
2844 2909 2897 2956 et
2928 2909 3263 2956 remaneant
3306 2903 3365 2955 in
3404 2903 3564 2956 inﬁr-

72 2984 180 3039 dam
220 2987 375 3042 bona
408 3007 591 3060 opera
638 2998 696 3045 et
744 2994 896 3045 velut
926 2994 1205 3064 quasdam
1250 2995 1487 3049 virtutes
1522 2998 1752 3065 habere,
1800 3026 1841 3081 ρ
1874 2993 2071 3045 mitate
2091 2990 2360 3062 naturae]
2382 2993 2465 3045 Ita
2505 3008 2754 3061 namque
2774 2997 3047 3061 operante
3078 2991 3134 3043 in
3157 2992 3272 3043 suis
3298 2991 3563 3045 ﬁdelibus

72 3080 219 3144 atque
249 3093 523 3132 exercere
574 3080 881 3133 videntur:
933 3082 1068 3152 quia
1098 3082 1268 3135 ﬁdem
1319 3084 1420 3136 Dei
1450 3090 1505 3136 et
1553 3085 1761 3139 Christi
1800 3106 1803 3107 ν

70 3162 172 3229 ejus
198 3166 283 3217 vel
316 3166 684 3235 ignorantes,
715 3169 800 3221 vel
832 3169 965 3222 odio
1006 3170 1279 3224 habentes
1310 3172 1607 3225 autetiam
1636 3189 1762 3242 per-

72 3261 376 3322 sequentes,
416 3256 575 3325 quod
608 3272 677 3309 ex
708 3257 807 3309 illa
843 3256 953 3311 ﬁde
1005 3275 1121 3312 non
1150 3266 1479 3329 operantur,
1523 3262 1761 3315 omnino

72 3353 156 3391 nec
182 3340 402 3395 bonum
455 3360 629 3413 opus,
666 3361 769 3397 nec
815 3362 945 3398 vera
995 3347 1172 3400 virtus
1221 3365 1340 3402 esse
1387 3355 1594 3420 potest,
1632 3366 1762 3420 quas

74 3442 170 3479 non
198 3432 460 3498 procedit
492 3448 563 3485 ex
616 3433 807 3486 radice
857 3435 1111 3488 veritatis
1156 3442 1212 3489 et
1260 3438 1549 3493 bonitatis.
1614 3440 1761 3492 Dum

73 3516 208 3568 enim
246 3518 344 3570 illa
377 3518 509 3588 ipsa
537 3536 668 3589 quae
700 3522 1014 3575 secundum
1046 3523 1312 3577 homines
1342 3525 1612 3578 videntur
1641 3541 1761 3579 esse

72 3602 202 3656 bona
232 3622 428 3676 opera,
467 3624 841 3679 nequaquam
872 3626 1005 3663 vera
1037 3610 1150 3664 ﬁde
1178 3612 1247 3665 ad
1281 3613 1589 3666 Dominum
1619 3614 1761 3666 refe-

73 3700 271 3761 runtur,
305 3712 488 3766 quem
522 3696 820 3765 ignorant,
845 3714 949 3751 nec
978 3704 1211 3768 propter
1250 3716 1383 3753 eum
1414 3707 1613 3770 agunt,
1665 3702 1763 3754 sed

76 3784 156 3832 aut
178 3788 407 3853 propter
438 3785 763 3853 quamdam
804 3785 1185 3851 honestatem,
1232 3803 1345 3856 qua
1390 3788 1539 3840 inter
1567 3788 1761 3841 homi-

74 3882 157 3920 nes
175 3871 369 3940 magni
399 3872 733 3940 videantur,
778 3874 864 3927 vel
903 3880 1138 3943 propter
1178 3875 1547 3944 cupiditatem
1578 3876 1763 3930 alicu-

71 3955 144 4021 jus
172 3961 462 4013 commodi
486 3961 853 4029 temporalis,
879 3961 1028 4031 ipsas
1058 3962 1355 4032 impietate
1386 3962 1761 4027 inﬁdelitatis,

74 4044 175 4111 ipsa
192 4045 495 4101 inﬂatione
508 4048 801 4117 elationis,
823 4052 946 4118 ipsa
966 4050 1335 4119 perversitate
1369 4050 1697 4119 cupiditatis
1716 4066 1759 4118 δ,

72 4130 136 4182 ita
184 4134 493 4189 immunda
554 4141 613 4189 et
669 4135 973 4206 inquinata
1022 4142 1154 4190 sunt
1208 4138 1420 4202 omnia,
1496 4144 1555 4191 ut
1610 4140 1764 4207 apud

75 4219 225 4274 Deum
256 4240 375 4277 non
403 4224 673 4289 virtutes,
723 4225 821 4278 sed
854 4224 987 4277 vitia
1019 4224 1385 4293 judicentur;
1428 4226 1576 4279 unde
1609 4230 1762 4293 Apo-

1872 3083 1987 3135 Deo
2020 3080 2293 3150 impletur
2322 3080 2461 3133 illud
2494 3080 2646 3150 quod
2677 3080 2951 3133 Dominus
2980 3080 3058 3133 ait
3086 3096 3098 3133 :
3133 3080 3240 3143 Qui
3268 3085 3459 3133 autem
3487 3080 3564 3133 fa-

1872 3171 1948 3223 cit
1976 3170 2296 3234 veritatem,
2334 3169 2488 3223 venit
2522 3170 2592 3223 ad
2623 3170 2829 3232 lucem,
2862 3174 2925 3221 ut
2972 3168 3413 3221 manifestentur
3442 3168 3565 3237 ejus

1873 3275 2068 3329 opera,
2115 3257 2252 3327 quia
2284 3257 2342 3309 in
2392 3258 2509 3310 Deo
2564 3262 2697 3310 sunt
2734 3257 2880 3309 facta
2911 3258 3088 3325 (Joan.
3126 3273 3205 3322 ιιι,
3258 3259 3383 3323 2t);
3416 3262 3472 3310 et
3500 3272 3565 3309 ex

1872 3361 2118 3417 persona
2139 3345 2471 3399 eorumdem
2493 3345 2750 3397 ﬁdelium
2774 3345 2827 3397 ei
2844 3361 2947 3414 per
2964 3345 3302 3414 prophetam
3321 3343 3562 3398 dicitur:

1876 3434 2136 3500 Domine,
2190 3433 2349 3487 dabis
2376 3448 2575 3502 pacem
2608 3433 2799 3486 nobis:
2851 3433 3043 3485 omnia
3070 3433 3225 3486 enim
3257 3449 3431 3502 opera
3459 3448 3559 3486 no-

1872 3528 1988 3576 stra
2016 3528 2286 3590 operatus
2318 3536 2378 3573 es
2410 3521 2467 3573 in
2503 3520 2691 3573 nobis.

1945 3611 2072 3664 Haec
2097 3610 2178 3663 ita
2224 3625 2346 3661 esse
2400 3608 2716 3672 sentienda,
2766 3613 2937 3678 atque
2982 3607 3233 3662 tenenda
3273 3608 3342 3662 de
3394 3608 3565 3663 liberi

1871 3697 2093 3752 arbitrii
2126 3697 2562 3759 instauratione,
2613 3702 2670 3749 et
2718 3696 2788 3749 de
2838 3711 3073 3748 munere
3121 3702 3295 3765 atque
3352 3696 3565 3750 auxilio

1871 3787 2077 3840 divina:
2107 3785 2304 3855 gratiae
2331 3786 2410 3838 ita
2438 3785 2636 3837 beatus
2663 3800 2814 3852 papa
2840 3784 3151 3838 Ccelestlnus
3179 3785 3429 3839 breviter
3461 3786 3566 3840 do—

1872 3881 1979 3940 cet,
2014 3880 2069 3927 et
2094 3874 2341 3926 inculcat
2380 3873 2571 3926 dicens
2622 3874 2707 3939 (in
2753 3874 2909 3940 epist.
2945 3872 3017 3923 ad
3058 3874 3246 3927 Galat.
3302 3890 3424 3943 cap.
3470 3873 3562 3943 8):

1875 3962 2017 4031 [Non
2048 3966 2133 4014 est
2160 3961 2399 4015 dubium
2423 3962 2494 4013 ab
2526 3960 2704 4029 ipsius
2740 3959 2922 4029 gratia
2949 3960 3146 4012 omnia
3177 3961 3427 4014 hominis
3450 3977 3568 4015 me-

1872 4050 1982 4103 rita
2011 4049 2337 4119 praeveniri,
2373 4066 2473 4119 per
2502 4065 2674 4119 quem
2711 4048 2792 4114 ﬁt,
2829 4053 2887 4101 ut
2916 4048 3134 4118 aliquid
3172 4050 3307 4102 boni
3341 4056 3397 4104 et
3422 4050 3567 4103 velle

1873 4138 2237 4206 incipiamus,
2271 4143 2326 4190 et
2357 4138 2558 4190 facere.
2594 4136 2715 4201 Quo
2749 4138 2945 4205 utique
2979 4136 3192 4190 auxilio
3241 4142 3297 4191 et
3328 4152 3568 4191 munere

1875 4227 1975 4280 Dei
2005 4243 2123 4279 non
2155 4228 2411 4279 aufertur
2431 4226 2678 4279 liberum
2705 4225 3029 4291 arbitrium,
3052 4227 3153 4280 sed
3173 4226 3479 4280 liberatur:
3507 4231 3572 4281 ut

71 4308 223 4361 stolus
269 4312 391 4365 ait:
448 4312 785 4382 lnquinatis
817 4317 1008 4365 autem
1045 4318 1098 4366 et
1130 4312 1457 4366 inﬁdelibus
1492 4313 1635 4366 nihil
1675 4318 1763 4366 est
1802 4316 1845 4368 D
1871 4316 1939 4369 de
1961 4315 2263 4367 tenebroso
2292 4314 2564 4379 lucidum,
2596 4314 2665 4367 de
2689 4330 2862 4383 pravo
2895 4319 3134 4377 rectum,
3185 4316 3255 4369 de
3296 4314 3569 4385 languido

71 4398 322 4452 mundum
348 4416 362 4465 ;
399 4400 502 4452 sed
548 4398 851 4469 inquinata
881 4404 1014 4452 sunt
1044 4415 1242 4452 eorum
1274 4406 1329 4452 et
1354 4416 1515 4452 mens
1545 4406 1601 4453 et
1628 4415 1761 4452 con-

71 4483 427 4557 scientia(Ttt.
462 4505 503 4552 ι,
537 4490 620 4553 15)
650 4504 662 4553 ;
693 4492 750 4540 et
782 4488 991 4541 iterum
1019 4504 1032 4540 :
1060 4509 1086 4535 ‹‹
1128 4489 1307 4541 Omne
1349 4494 1559 4555 autem,
1607 4489 1762 4557 quod

73 4586 163 4625 non
202 4583 377 4629 estex
418 4577 562 4641 ﬁde,
608 4581 905 4645 peccatum
930 4583 1013 4629 est
1065 4576 1241 4645 (Rom.
1277 4594 1387 4642 xw,
1438 4579 1561 4643 23);
1596 4595 1622 4625 ι)
1655 4580 1752 4629 et:

76 4680 89 4703 ι
126 4662 236 4716 Sine
263 4664 378 4718 ﬁde
410 4664 783 4733 impossibile
807 4670 891 4717 est
917 4667 1141 4735 placere
1166 4666 1279 4717 Deo
1305 4665 1470 4733 (Hel.
1503 4681 1574 4730 x1,
1618 4664 1691 4733 6).
1730 4686 1750 4711 ι

1874 4419 2096 4469 sanum,
2132 4405 2200 4456 de
2231 4403 2597 4474 imprudente
2630 4402 2702 4454 sit
2733 4403 3059 4472 providum.
3092 4404 3271 4456 Tanta
3300 4404 3453 4455 enim
3487 4408 3573 4456 est

1873 4507 2009 4561 erga
2039 4507 2238 4544 omnes
2268 4492 2531 4544 homines
2566 4491 2789 4544 bonitas
2812 4491 2932 4554 Dei,
2967 4496 3026 4542 ut
3060 4497 3255 4543 nostra
3282 4491 3415 4543 velit
3446 4506 3568 4543 esse

1869 4579 2093 4643 merita,
2129 4595 2257 4648 quae
2282 4586 2416 4632 sunt
2446 4578 2627 4647 ipsius
2670 4578 2817 4631 dona
2844 4597 2857 4641 ;
2887 4583 2943 4630 et
2970 4592 3074 4645 pro
3107 4577 3195 4630 his
3226 4592 3352 4647 quae
3382 4576 3567 4646 largi-

1867 4671 1961 4719 tus
1988 4673 2093 4734 est,
2139 4673 2355 4720 aeterna
2397 4666 2634 4736 praemia
2664 4665 2737 4717 sit
2771 4665 3106 4717 donaturus.
3162 4664 3291 4733 Agit
3346 4663 3565 4733 quippe

1126 4790 1324 4845 NOTAE
1364 4790 1689 4847 DUVALLII
1732 4791 2079 4847 DOCTORIS
2119 4792 2502 4849 SORBONICI.

89 4896 142 4958 _'
176 4885 345 4941 Docet
384 4887 485 4940 hic
526 4886 785 4958 Ecclesia
838 4887 1237 4956 Lugdunensis
1295 4903 1495 4958 omnes
1543 4886 1753 4940 inﬁde-

70 4950 182 5007 lium
208 4958 472 5011 actiones
512 4958 722 5022 malas,
761 4950 1090 5010 immundus
1131 4962 1187 5010 et
1234 4957 1560 5026 inquinatas
1601 4973 1752 5021 esse;

72 5026 191 5096 quod
218 5028 527 5082 afﬁrmant
557 5027 829 5080 similiter
857 5028 1083 5081 sectarii
1114 5027 1283 5096 hujus
1311 5027 1586 5095 temporis
1610 5043 1622 5079 :
1658 5027 1755 5079 Lu-

68 5092 253 5163 therus,
314 5104 424 5152 art.
494 5100 591 5163 36,
644 5114 675 5149 a
725 5098 911 5163 Leone
967 5092 1278 5159 damnato;
1332 5092 1751 5157 Melanchthon,

70 5164 315 5237 Apologia
367 5168 760 5222 confessionis
808 5171 1185 5237 Augustanm;
1222 5169 1489 5231 Bucerus,
1544 5167 1641 5219 lib.
1684 5168 1753 5219 de

71 5234 359 5304 Concordia
391 5242 691 5302 controv.,
741 5243 797 5290 et
827 5234 968 5302 Cal.,
1018 5237 1117 5290 lib.
1170 5254 1205 5289 ιι
1235 5237 1503 5301 Institut.,
1536 5252 1658 5304 cap.
1701 5240 1749 5289 3.

71 5302 312 5361 Nonnulli
363 5309 552 5362 etiam
601 5307 757 5359 inter
808 5308 1170 5360 scholasticos
1224 5306 1378 5359 idem
1422 5302 1749 5368 tenuerunt,

71 5376 144 5449 sed
168 5394 281 5432 non
328 5396 466 5432 cum
516 5393 595 5449 ea,
615 5394 731 5447 qua
762 5378 985 5449 sectarii
1012 5377 1459 5449 praesumptione
1490 5378 1756 5449 etuauda-

70 5446 155 5499 cia:
185 5450 351 5519 Greg.
407 5446 823 5515 Ariminensis,
864 5448 923 5501 in
972 5446 1481 5519 “Sententiarum,
1524 5446 1655 5519 dist.
1698 5446 1752 5510 4,

130 5525 239 5572 test.
275 5514 475 5583 unica,
526 5523 636 5571 art.
688 5520 742 5581 2,
799 5519 995 5571 coroll.
1046 5522 1097 5582 3,
1145 5522 1201 5569 et
1247 5517 1549 5586 Capreolus
1589 5514 1653 5586 in
1694 5530 1755 5579 ιι,

100 5584 165 5641 ist.
216 5590 305 5655 41,
361 5593 578 5659 quaest.
644 5588 834 5655 unica,
881 5594 985 5641 art.
1042 5590 1094 5653 3,
1124 5586 1257 5640 licet
1298 5584 1357 5639 in
1415 5584 1757 5655 quibusdam

1872 4888 2136 4941 nonnihil
2180 4890 2493 4957 discrepet:
2527 4902 2591 4938 ex
2624 4885 2833 4957 quibus
2864 4885 3056 4938 videre
3106 4893 3192 4941 est
3219 4889 3565 4945 sententiam

1874 4960 2270 5027 Lugdunensis
2317 4955 2573 5011 Ecclesia:
2623 4957 2727 5027 hac
2773 4955 2839 5027 in
2894 4962 3059 5027 parte
3101 4974 3219 5010 non
3277 4958 3566 5013 adversari

1866 5025 2020 5092 ﬁdei,
2053 5028 2187 5080 licet
2236 5026 2604 5080 temerarium
2642 5026 2713 5076 sit
2768 5025 2909 5077 illud
2966 5026 3287 5080 afﬁrmare:
3339 5035 3563 5084 certum

1867 5099 2021 5150 enim
2054 5104 2139 5149 est
2171 5102 2228 5149 et
2256 5112 2573 5167 commune
2604 5095 2950 5167 tum_apud_
2973 5097 3192 5167 Patres,
3242 5104 3363 5149 tum
3409 5102 3565 5167 apud

1868 5168 2247 5231 scholasticos,
2283 5182 2445 5234 posse
2471 5164 2891 5236 ab_inﬁdelibus
2920 5165 3047 5236 ﬁeri
3078 5168 3344 5235 quaedam
3384 5164 3566 5236 opera

1867 5237 2157 5290 moraliter
2189 5236 2359 5288 bona.
2411 5234 2581 5287 Exodi
2648 5234 2799 5284 enim
2848 5249 2885 5297 ι,
2936 5234 3251 5289 laudantur
3292 5234 3562 5292 obstetri-

1870 5323 1961 5358 ces
2026 5305 2439 5373 AEgyptiorum,
2474 5302 2621 5372 quod
2652 5303 2921 5373 parvulos
2970 5304 3347 5359 Hebraeorum
3382 5308 3455 5360 ad
3479 5325 3565 5364 re-

1868 5376 1954 5445 gis
1987 5376 2318 5427 mandatum
2360 5374 2611 5445 occidere
2654 5372 2968 5445 noluerint.
3008 5375 3036 5445 l_
3070 5375 3208 5443 Reg.
3256 5392 3388 5441 xvii,
3424 5395 3565 5433 nar-

1869 5442 2025 5497 ratur
2072 5450 2126 5496 et
2177 5444 2609 5498 commendatur
2654 5442 3082 5496 commiseratio
3141 5442 3411 5500 Bercellai
3460 5451 3568 5504 Ga-

1868 5513 2086 5585 laaditis
2115 5528 2253 5582 erga
2284 5514 2563 5585 Davidem
2581 5510 2820 5585 ejusque
2847 5514 3207 5585 exercitum.
3258 5517 3406 5585 Lege
3448 5520 3566 5574 Va-

1870 5586 2005 5637 lent.
2036 5583 2099 5637 in
2126 5580 2242 5650 252,
2266 5588 2463 5654 quiest.
2512 5582 2592 5647 10,
2624 5580 2689 5633 de
2718 5580 3065 5649 luﬁdelz‘tate,
3090 5592 3287 5654 punct.
3323 5580 3378 5639 ἔ.
