3884 6218
345 249 360 296 l
374 247 476 296 0‘27

1433 243 1486 294 S.
1533 241 1803 296 llEMlGll
1847 239 2312 297 LUGDUNENSIS
2353 239 2668 294 EPISCOPI

3723 240 3826 290 ΠιΞὸ

344 375 404 426 in
435 374 620 438 nobis,
656 377 716 425 ut.
748 374 898 442 quod
935 373 1070 434 vult,
1127 375 1181 423 et
1221 371 1479 435 velimus,
1515 375 1570 423 ct
1618 387 1892 440 agamus:
1929 387 2031 424 nec
2070 373 2114 424 Α
2141 371 2450 423 clesiastica
2495 371 2724 440 negotia
2773 371 3108 440 perturbare
3157 372 3378 424 studuit
3409 371 3756 430 indefessus,
3785 379 3830 423 et

347 461 527 514 otiosa
555 461 613 513 in
645 461 807 513 nobis
839 475 956 512 esse
989 461 1219 527 patitur,
1255 475 1380 528 quas
1413 460 1747 524 exercenda,
1783 475 1895 511 non
1929 475 2034 510 nc-

345 549 613 617 gligenda
642 548 890 612 donavit,
923 551 988 600 ut
1036 553 1088 599 et
1137 563 1242 600 nos
1273 552 1667 616 cooperatores
1699 547 1877 599 simus
1907 563 2035 614 gra-

345 637 438 690 tiae
477 634 614 706 Dei.]

415 725 552 777 Item
604 724 672 776 de
727 723 926 776 eadem
978 740 1036 776 re
1083 739 1148 776 ex
1182 722 1436 776 conciliis
1483 723 1570 774 vel
1601 721 2035 776 deﬁnitionibus

343 813 572 865 Patrum
607 813 728 865 haec
759 813 1128 882 proponenda
1151 811 1500 865 credidimus
1535 811 1715 878 (Cone.
1747 813 2032 874 Arausic.,

340 916 456 954 can.
493 901 598 970 l0).

414 989 713 1058 [Primum
746 989 1109 1058 Adjutorium
1145 989 1242 1042 Dei
1273 987 1442 1040 etiam
1475 987 1709 1052 renatis,
1763 1003 1826 1040 ac
1871 1003 2032 1040 sana-

341 1079 411 1130 tis
443 1094 668 1148 semper
699 1085 783 1130 est
829 1078 1276 1146 implorandum,
1315 1083 1375 1129 ut
1430 1077 1497 1129 ad
1531 1079 1702 1128 tinem
1749 1075 2033 1130 bonorum

343 1167 661 1234 pervenire,
697 1167 782 1220 vel
813 1166 871 1218 in
903 1167 1055 1218 bono
1083 1166 1303 1234 possint
1335 1180 1506 1234 opere
1533 1165 1863 1233 perdurare.

411 1255 736 1309 Secundum
773 1259 914 1324 (can.
946 1257 1052 1318 13).
1087 1253 1406 1306 Arbitrium
1429 1253 1733 1304 voluntatis
1763 1253 1820 1305 in
1844 1253 2031 1322 primo

339 1343 575 1396 homine
607 1345 980 1406 intirmatum,
1032 1341 1141 1392 nisi
1191 1357 1292 1410 per
1323 1339 1566 1409 gratiam
1617 1341 1882 1410 baptismi
1919 1357 2032 1394 non

339 1437 526 1502 potest
581 1430 881 1499 reparari:
925 1430 1077 1498 quod
1130 1429 1422 1494 amissum,
1480 1429 1589 1481 nisi
1637 1445 1668 1481 a
1703 1445 1815 1499 quo
1850 1430 2034 1498 potuit

339 1521 480 1586 dari,
511 1537 626 1572 non
653 1527 840 1589 potest
881 1519 1064 1572 reddi.
1119 1519 1274 1570 Unde
1325 1518 1528 1570 veritas
1569 1517 1739 1572 dicit:
1790 1541 1808 1566 ι
1847 1519 1904 1572 Si
1935 1536 2034 1570 vos

337 1608 488 1661 illius
531 1607 873 1670 liberaverit,
909 1611 1044 1659 tunc
1071 1622 1168 1658 vos
1197 1623 1324 1658 vere
1357 1607 1517 1658 liberi
1541 1607 1716 1658 eritis.
1748 1629 1774 1654 υ

407 1697 660 1750 Tertium
713 1711 850 1756 (can.
925 1697 1028 1758 l9).
1095 1696 1308 1747 Natura
1363 1695 1634 1758 humana,
1696 1696 1916 1748 etiamsi
1975 1696 2030 1748 in

338 1786 437 1838 illa
465 1785 814 1852 integritate,
849 1783 908 1834 in
939 1799 1052 1851 qua
1083 1789 1165 1834 est
1195 1781 1422 1835 condita
1451 1789 1836 1850 permaneret,
1871 1783 2031 1836 nullo

338 1873 512 1926 modo
539 1872 784 1936 seipsam
823 1875 1076 1922 creatore
1109 1887 1212 1922 suo
1261 1886 1378 1922 non
1406 1871 1712 1939 adjuvante
1760 1877 2027 1924 servaret.

343 1961 500 2015 Unde
531 1977 658 2013 cum
695 1960 816 2011 sine
859 1958 958 2010 Dei
1000 1959 1184 2026 gratia
1233 1959 1472 2012 salutem
1521 1975 1637 2012 non
1693 1967 1880 2028 posset
1933 1977 2029 2013 cu-

339 2049 570 2112 stodire,
633 2063 805 2118 quam
863 2046 1118 2116 accepit:
1176 2047 1460 2116 quomodo
1528 2049 1646 2101 sine
1697 2049 1796 2101 Dei
1851 2049 2032 2118 gratia

336 2139 550 2208 poterit
579 2151 840 2206 reparare
871 2135 1026 2205 quod
1056 2134 1326 2203 perdidit.

407 2227 686 2290 Quartum
717 2227 854 2294 (can.
889 2223 998 2292 ‘21).
1042 2223 1169 2276 ldeo
1199 2224 1451 2276 Christus
1493 2239 1608 2276 non
1655 2225 1832 2292 gratis
1879 2241 2029 2278 mor-

339 2319 469 2367 tuus
503 2320 606 2378 est,
641 2319 702 2366 ut
750 2319 806 2366 et
853 2313 944 2366 lex
997 2327 1096 2382 per
1131 2313 1292 2365 illum
1327 2313 1682 2380 impleretur,
1717 2313 1816 2382 qui
1846 2314 2026 2366 dixit:

340 2423 367 2450 ‹(
411 2403 532 2454 Non
567 2401 694 2454 veni
727 2401 944 2454 solvere
973 2402 1182 2471 legem,
1234 2401 1328 2452 sed
1359 2400 1674 2469 adimplere
1709 2401 1926 2466 (Matth.
1977 2419 2026 2466 v,

343 2491 452 2560 l7).
486 2509 513 2540 ι)
549 2491 616 2543 Et
647 2495 850 2543 natura
897 2505 1002 2560 per
1049 2489 1222 2543 Adam
1275 2489 1494 2558 perdita
1537 2505 1639 2558 per
1669 2489 1832 2542 illum
1867 2505 2030 2558 repa-

339 2584 562 2632 raretur
592 2579 690 2650 qui
750 2577 922 2632 dixit:
989 2600 1015 2626 ς(
1053 2578 1276 2630 Venisse
1308 2593 1364 2628 se
1425 2591 1681 2646 quaerere
1719 2583 1776 2630 et
1815 2578 2030 2630 salvare

339 2668 490 2738 quod
521 2667 813 2738 perierat]
855 2688 876 2714 ι

965 2757 1186 2811 CAPUT
1223 2756 1398 2810 XXIV.

710 2867 780 2918 De
811 2863 1248 2918 condcmnatione
1283 2861 1661 2917 Gotteschalci.

407 2973 537 3026 Post
575 2971 698 3024 haec
727 2969 1067 3039 interposita
1098 2970 1346 3038 quadam
1403 2968 1754 3034 narratione,
1805 2985 1932 3039 quae
1957 2970 2022 3023 ad

335 3065 676 3131 praesentem
723 3058 1152 3127 responsionem
1198 3063 1448 3110 nostram
1493 3073 1610 3110 non
1661 3057 1885 3110 videtur
1931 3073 2028 3110 ne—

336 3147 576 3202 cessaria
637 3147 935 3216 subjungit
1003 3145 1248 3214 scriptor
1303 3145 1558 3213 epistolae
1615 3146 1684 3198 de
1741 3151 2026 3198 conventu

336 3235 560 3290 concilii
597 3235 1000 3304 episcoporum
1031 3249 1134 3303 pro
1177 3233 1571 3286 examinandis
1605 3239 1656 3286 et
1687 3233 2028 3288 definiendis

335 3324 749 3396 quiestionibus
779 3323 894 3375 sive
928 3321 1362 3390 objectionibus,
1397 3337 1539 3390 quas
1559 3321 1656 3374 ille
1685 3322 2027 3376 miserabilis

333 3414 648 3466 monachus
679 3411 1044 3482 proposuisse
1083 3409 1166 3464 vel
1217 3409 1474 3462 docuisse
1507 3409 1733 3462 dicitur.
1773 3411 1849 3464 De
1895 3412 2022 3480 qui-

331 3504 436 3558 bus
479 3502 616 3572 quid
651 3505 858 3554 nostra:
909 3499 1207 3570 pusillitati
1249 3497 1506 3550 videatur
1533 3499 1654 3568 jam
1686 3515 1857 3569 supra
1889 3501 2024 3554 satis

332 3597 620 3646 ostensum
653 3593 750 3642 est.
787 3590 855 3642 Et
885 3589 1130 3658 qualiter
1161 3587 1310 3641 idem
1345 3589 1654 3640 monachus
1687 3589 2022 3642 earumdem

331 3681 728 3750 episcoporum
771 3677 1010 3746 judicio,
1059 3676 1192 3746 quia
1229 3691 1432 3728 eorum
1493 3676 1852 3744 acquiescere
1901 3693 2024 3728 sen-

329 3768 521 3822 tentiae
553 3767 759 3833 noluit,
791 3765 966 3820 fuerit
995 3764 1433 3830 condemnatus,
1467 3763 1548 3818 ita
1575 3764 1796 3818 dicens:

985 3901 1378 3941 EINCMARUS.

398 3995 778 4066 Quapropter,
811 3993 1019 4064 inquit,
1054 3992 1124 4045 ad
1156 3991 1554 4062 episcoporum
1594 4007 1725 4045 eum
1769 4007 2021 4062 praesen—

327 4084 467 4138 tiam
498 4083 598 4153 qui
627 4089 764 4136 tunc
791 4081 949 4150 regio
973 4081 1239 4134 mandato
1267 4097 1370 4150 pro
1393 4081 1639 4150 negotiis
1668 4082 1838 4150 regiis
1871 4082 2020 4152 apud

327 4171 670 4226 Carisiacum
723 4169 978 4222 accersiti
1043 4173 1224 4232 erant,
1295 4169 1354 4222 in
1432 4171 1796 4238 praesentiam
1845 4172 2018 4224 etiam

331 4259 558 4313 Domini
596 4257 926 4325 Wenilonis,
959 4268 982 4292 ει
1012 4257 1110 4326 qui
1141 4257 1275 4310 illuc
1304 4263 1670 4326 convenerat,
1701 4259 2018 4328 producere

327 4347 518 4401 studui
547 4345 644 4400 ubi
681 4345 876 4399 multis
918 4345 1284 4399 audientibus
1331 4347 1474 4398 nihil
1505 4347 1742 4417 dignum
1797 4348 2020 4402 ratione

323 4435 412 4488 vel
439 4433 602 4502 dixit,
653 4434 740 4486 vel
773 4433 1154 4502 interrogatus
1215 4435 1551 4503 respondit:
1607 4435 1724 4502 sed,
1763 4441 1828 4489 ut
1872 4453 2022 4490 arre-

323 4519 548 4590 ptitius,
605 4535 736 4572 cum
788 4518 922 4588 quid
997 4517 1418 4572 rationabiliter
1475 4519 1850 4588 responderet
1899 4537 2020 4574 non

325 4608 540 4670 habuit,
579 4607 637 4660 in
669 4605 1041 4660 contumelias
1081 4606 1440 4676 singulorum
1487 4607 1768 4677 prorupit.
1805 4609 1871 4661 Et
1899 4625 2022 4679 pro-

323 4702 449 4766 pter
493 4694 1051 4765 impudentissimam
1101 4695 1464 4748 insolentiam
1518 4711 1678 4748 suam
1728 4712 1828 4765 per
1861 4713 2021 4767 regu-

323 4785 438 4838 lam
489 4785 668 4837 sancti
714 4784 1003 4838 Benedicti
1053 4801 1086 4837 a
1115 4784 1531 4838 monachorum
1579 4783 1898 4851 abbatibus,
1935 4787 2018 4840 vel

324 4873 540 4928 caeteris
601 4873 890 4927 monachis
951 4873 1161 4942 dignus
1221 4874 1447 4942 ﬂagello
1515 4871 1894 4942 adjudicatus.
1955 4875 2021 4928 Et

326 4963 461 5033 quia
492 4967 688 5016 contra
743 4962 1080 5016 canonicam
1123 4961 1566 5026 institutionem,
1609 4961 1797 5014 civilia
1830 4967 1885 5016 et
1934 4978 2021 5016 ec-

2144 475 2202 512 se
2235 459 2420 511 noluit
2451 475 2877 528 recognoscere,
2933 461 3020 512 vel
3077 459 3269 529 aliquo
3318 459 3492 513 modo
3537 459 3826 512 humilius:

2143 547 2410 616 profusus
2469 547 2538 600 ab
2595 549 2900 618 Episcopis,
2965 553 3019 600 et
3075 547 3388 600 secundum
3467 547 3832 600 ecclesiastica

2137 633 2270 702 jura
2302 634 2622 686 damnatus.

2805 735 3180 775 RESPONSIO.

2217 812 2278 863 In
2313 811 2519 881 quibus
2549 811 2732 862 verbis
2759 809 3037 879 imprimis
3075 808 3214 862 illud
3247 809 3475 862 videtur
3503 807 3830 864 absurdum.

2145 899 2296 967 quod
2329 897 2632 968 praefatum
2677 897 3062 951 miserabilem
3119 898 3461 950 monachum
3511 899 3576 950 in
3633 897 3835 966 judicio

2144 987 2546 1056 episc0p0rum
2596 987 2934 1056 productum
2991 986 3146 1056 prius
3176 986 3410 1038 abbates
3459 987 3831 1039 monasterio-

2144 1092 2294 1142 rum,
2328 1077 2425 1145 qui
2477 1081 2785 1144 praesentes
2831 1075 3082 1138 aderant,
3137 1075 3206 1127 ad
3268 1075 3452 1128 credes
3501 1081 3562 1128 et
3621 1075 3832 1142 ﬂagella

2137 1165 2421 1234 judicasse
2450 1167 2792 1230 referuntur,
2821 1169 2875 1216 et
2905 1163 3110 1216 deinde
3163 1163 3416 1234 Episc0pi
3452 1167 3628 1233 juxta
3654 1164 3832 1214 Eccle-

2144 1253 2518 1322 siasticajura
2545 1254 2866 1307 damnasse.
2911 1253 3052 1306 Cum
3085 1253 3254 1305 homo
3299 1252 3398 1322 qui
3441 1259 3580 1306 ante
3643 1253 3832 1305 redde-

2143 1341 2309 1394 batur
2341 1341 2638 1394 litercticus
2673 1341 2832 1408 juxta
2881 1339 3172 1408 antiquam
3226 1340 3482 1392 Ecclesia!
3531 1339 3831 1392 observan.

2143 1430 2301 1494 tiam,
2355 1435 2526 1499 atque
2599 1429 3024 1496 auctoritatem,
3071 1429 3138 1481 ad
3203 1429 3526 1497 episcopale
3587 1435 3830 1480 tantum-

2145 1518 2312 1570 modo
2336 1517 2612 1585 judicium
2643 1517 2977 1586 pertineret,
3027 1516 3142 1568 sive
3178 1515 3558 1580 damnandus,
3597 1517 3717 1568 sive
3741 1517 3828 1567 ab-

2145 1607 2468 1658 solvendus.
2509 1606 2619 1658 Nec
2651 1605 2808 1673 prius
2839 1603 2906 1655 ab
2943 1603 3228 1655 inferioris
3259 1604 3368 1656 loci
3401 1605 3756 1666 hominibus,
3785 1611 3832 1654 et

2145 1696 2510 1764 p0stmodum
2543 1695 2613 1748 ab
2644 1694 2922 1764 episcopis
2963 1694 3226 1746 debuerit
3275 1693 3696 1746 condemnari:
3747 1695 3830 1746 sed

2141 1787 2300 1838 etde
2347 1785 2484 1854 ipsis
2523 1783 2784 1852 ﬂagellis,
2843 1786 2898 1836 et
2948 1782 3216 1848 caedibus,
3278 1783 3486 1851 quibus
3523 1783 3830 1836 secundum

2141 1875 2396 1944 regulam
2423 1873 2600 1926 sancti
2639 1871 2926 1924 Benedicti
2981 1871 3188 1924 dicitur
3212 1871 3594 1940 adjudicatus,
3629 1872 3830 1942 quibus

2143 1969 2196 2015 et
2229 1963 2464 2015 omnino
2495 1961 2674 2013 fertur
2724 1959 3074 2012 atrocissime
3120 1964 3175 2010 et
3219 1960 3432 2030 absque
3467 1961 3580 2012 ulla
3617 1961 3830 2012 miseri-

2140 2051 2330 2105 cordia
2364 2065 2509 2120 pene
2545 2065 2720 2119 usque
2752 2049 2820 2101 ad
2875 2053 3118 2101 mortem
3167 2048 3529 2108 dilaceratus,
3559 2065 3690 2118 quae
3721 2065 3830 2101 mo-

2139 2141 2378 2206 deratio,
2435 2145 2488 2191 et
2529 2154 2793 2191 mensura
2843 2138 3004 2207 juxta
3053 2136 3323 2206 pietatem
3369 2135 3826 2200 ecclesiasticam,

2139 2233 2192 2280 et
2224 2227 2657 2292 sacerdotalem,
2693 2226 2806 2278 sive
2835 2224 3229 2278 monachalem
3281 2225 3688 2277 verecundiam
3719 2239 3824 2276 ser-

2139 2317 2259 2369 vari
2293 2315 2578 2380 debuerit,
2631 2314 2738 2384 ipsi
2789 2314 2981 2383 potius
3036 2313 3184 2382 apud
3239 2328 3296 2364 se
3339 2311 3622 2380 judicent.
3671 2313 3822 2375 Quod

2138 2410 2330 2457 autem
2389 2405 2444 2456 in
2505 2403 2906 2472 episcoporum
2963 2401 3338 2454 contumelias
3391 2401 3602 2453 dicitur
3633 2417 3824 2469 proru-

2137 2493 2308 2563 pisse,
2341 2509 2468 2545 vere
2507 2493 2616 2544 lioc
2647 2497 2732 2543 est
2781 2495 2838 2544 et
2867 2489 3131 2559 impium,
3167 2493 3222 2543 et
3273 2489 3560 2550 insanum,
3605 2497 3664 2541 et
3705 2505 3820 2540 om-

2137 2581 2276 2634 nino
2301 2581 2456 2650 justa
2487 2579 2705 2632 ultione
2731 2579 3166 2632 damnandum:
3201 2578 3330 2631 licet
3363 2579 3564 2631 melius
3607 2577 3676 2630 ab
3707 2578 3823 2630 aliis

2137 2685 2310 2739 quam
2343 2669 2414 2722 ab
2445 2669 2600 2737 ipsis.

2213 2759 2289 2811 De
2317 2758 2428 2810 illis
2453 2773 2586 2810 vero
2640 2756 2955 2824 sententiis,
2985 2772 3127 2826 quas
3179 2759 3232 2808 et
3274 2759 3440 2809 antea
3467 2755 3819 2825 pradicasse,

2138 2851 2192 2899 et
2219 2851 2351 2899 tunc
2385 2845 2444 2898 in
2485 2845 2712 2914 Synodo
2743 2845 3126 2914 proposuisse,
3157 2861 3262 2898 nec
3294 2845 3576 2898 ullatenus
3609 2849 3820 2898 mutare

2067 2942 2106 2996 C
2137 2935 2381 2987 voluisse
2437 2933 2718 2998 ﬁrmatur,
2771 2933 3028 3002 ignoscat
3085 2933 3251 2985 nobis
3295 2931 3688 3002 unasquisquc
3717 2933 3818 2986 lec-

2138 3025 2244 3087 tor,
2267 3020 2523 3090 ignoscat
2552 3021 2724 3073 etiam
2757 3021 3108 3074 reverendus
3143 3021 3238 3072 ille
3267 3019 3522 3089 epistolas
3551 3021 3814 3090 scriptor:

2138 3109 2281 3173 Quia
2321 3108 2604 3178 sicutjarn
2657 3111 2940 3178 superius,
2988 3113 3042 3161 et
3073 3125 3134 3161 ex
3169 3108 3377 3174 divina,
3411 3113 3468 3162 et
3497 3125 3560 3162 ex
3589 3115 3818 3178 paterna

2139 3196 2475 3250 auctoritate
2511 3197 2647 3250 satis
2697 3197 3072 3262 ostendimus,
3107 3197 3330 3250 videtur
3359 3197 3524 3250 nobis
3567 3197 3686 3250 sine
3713 3197 3816 3250 du-

2135 3285 2250 3351 bio,
2299 3286 2448 3355 quod
2479 3285 2594 3346 illa,
2631 3301 2759 3355 quae
2804 3286 2868 3338 de
2921 3285 3112 3338 divina
3163 3285 3636 3353 prmdcstinatione
3663 3285 3812 3346 dixit,

2127 3373 2294 3444 juxta
2325 3375 2582 3444 regulam
2613 3374 2905 3427 catholica:
2965 3373 3098 3427 ﬁdei
3131 3389 3262 3426 vera
3311 3373 3444 3440 sint,
3480 3379 3536 3427 et
3566 3391 3596 3427 a
3627 3375 3814 3427 veridi-

2133 3461 2508 3532 cisfpatribus
2545 3461 3004 3516 manifestissime
3049 3463 3406 3528 conﬁrmata,
3453 3478 3555 3515 nec
3591 3463 3660 3515 ab
3705 3463 3812 3514 ullo

2131 3549 2362 3618 penitus
2415 3557 2693 3614 nostrum,
2751 3551 2850 3620 qui
2913 3550 3235 3605 Catholicus
3285 3551 3484 3604 haberi
3541 3553 3676 3616 vult,
3739 3567 3814 3603 re-

2131 3639 2388 3707 spuenda
2419 3639 2534 3691 sive
2583 3639 2931 3692 damnanda.
2978 3640 3042 3692 Et
3087 3639 3212 3692 ideo
3237 3639 3294 3692 in
3325 3639 3431 3692 hac
3462 3655 3521 3692 re
3565 3639 3812 3692 dolemus

2133 3741 2246 3779 non
2277 3727 2437 3780 illum
2469 3727 2872 3792 miserabilem,
2921 3727 3016 3780 sed
3046 3727 3487 3782 ecclesiasticam
3527 3729 3812 3780 veritatem

2133 3831 2252 3868 esse
2284 3815 2632 3869 damnatam.
2697 3817 2756 3868 In
2805 3815 2905 3869 illa
2961 3819 3153 3870 autem
3203 3817 3464 3886 Apostoli
3523 3817 3810 3878 sententia,

2133 3919 2246 3974 qua
2273 3903 2342 3958 de
2374 3905 2487 3958 Deo
2541 3905 2638 3971 ait,
2689 3927 2714 3949 ‹‹
2767 3904 2867 3974 qui
2897 3905 3016 3957 vult
3069 3920 3268 3957 omnes
3325 3905 3590 3958 homines
3643 3905 3813 3958 salvos

2133 3993 2276 4058 fieri,
2329 3999 2384 4048 et
2435 3995 2504 4048 ad
2552 3993 2904 4065 agnitionem
2935 3993 3190 4046 veritatis
3235 3994 3504 4060 venire,»
3555 4001 3812 4065 putamus

2132 4099 2261 4135 eum
2297 4099 2526 4136 sensum
2579 4082 2892 4136 beatissimi
2939 4083 3116 4152 patris
3160 4083 3491 4152 Augustini,
3545 4083 3614 4136 ab
3663 4083 3812 4136 omni

2135 4187 2358 4241 semper
2405 4171 2650 4224 Ecclesia
2699 4169 3100 4224 venerabiliter
3145 4171 3388 4241 recepti,
3441 4178 3498 4226 et
3551 4189 3724 4242 usque
3759 4173 3812 4224 in

2135 4259 2306 4312 ﬁnem
2339 4259 2530 4312 saeculi
2555 4259 2893 4329 recipiendi,
2923 4265 3179 4313 secutum
3211 4259 3402 4328 fuisse,
3439 4261 3538 4330 qui
3572 4263 3640 4314 de
3669 4267 3812 4314 tanta

2131 4347 2445 4418 quaestione
2477 4337 2746 4418 tractans,
2794 4354 2852 4401 et
2905 4349 3122 4402 collatis
3169 4349 3320 4402 inter
3351 4365 3409 4403 se
3469 4350 3691 4403 duobus
3721 4355 3812 4401 tes-

2129 4435 2407 4502 timoniis,
2460 4437 2768 4506 apostolico
2799 4437 3064 4490 videlicet
3097 4441 3152 4489 et
3183 4437 3544 4508 prophetico,
3581 4437 3810 4508 qualiter

2123 4524 2286 4593 juxta
2336 4541 2534 4578 sanam
2593 4525 2727 4578 ﬁdei
2775 4525 3216 4593 intelligentiam
3275 4533 3586 4597 utrumque
3629 4541 3808 4578 verum

2130 4628 2248 4666 esse
2297 4613 2694 4683 accipiendum
2745 4613 2832 4676 sit,
2881 4613 3022 4666 etin
3055 4614 3346 4683 plerisque
3389 4615 3518 4667 aliis
3549 4615 3808 4669 librorum

2130 4715 2367 4752 suorum
2422 4699 2576 4766 locis,
2629 4705 2684 4753 et
2725 4700 2970 4754 maxime
3001 4700 3059 4753 in
3091 4701 3284 4754 libello
3329 4703 3430 4772 qui
3466 4703 3808 4756 Enchiridion

2130 4788 2338 4841 dicitur
2391 4787 2814 4842 evidentissima
2869 4789 3155 4855 declarat;
3217 4803 3272 4842 et
3319 4791 3458 4860 quid
3525 4793 3576 4844 ei
3643 4791 3704 4843 de
3752 4805 3808 4841 re

2127 4881 2289 4930 tanta
2349 4876 2696 4946 probabilius
2758 4875 3037 4943 videatur,
3090 4878 3432 4932 manifestat.
3487 4879 3660 4948 Cujus
3695 4893 3804 4930 om-

2131 4964 2266 5017 nino
2295 4963 2602 5016 veridicum
2660 4979 2894 5018 sensum
2949 4981 3068 5018 non
3107 4965 3360 5034 oportuit
3406 4967 3514 5018 sub
3575 4981 3806 5036 persona

1377 5089 1575 5145 NOTAE
1615 5089 1942 5144 DUVAIJJI
1985 5089 2323 5146 DOCTORIS
2365 5091 2754 5148 SORBONICI.

393 5225 418 5250 ³³
459 5216 561 5272 Hic
617 5216 724 5270 fuit
783 5217 1244 5286 archiepisc0pus
1301 5215 1646 5270 Seuonensis
1705 5217 2020 5271 secundum

328 5285 736 5366 Demociliarem
783 5289 846 5366 _i_n
879 5287 1086 5366 tabulis
1128 5285 1529 5366 episcoporum
1563 5289 2017 5366 Senonensium:

327 5371 394 5407 ex
425 5357 632 5424 quibus
669 5357 884 5425 conjice
941 5359 998 5409 in
1052 5357 1223 5410 variis
1253 5357 1624 5410 conventibus
1670 5359 2014 5412 condemna-

327 5429 450 5497 tum
481 5425 653 5476 fuisse
683 5427 1174 5497 Gotthesclialcum
1203 5446 1217 5492 ;
1264 5427 1322 5480 in
1355 5427 1776 5495 Moguntiuensi
1813 5445 2016 5497 nempe

329 5499 384 5546 et
410 5495 728 5546 Senonensi
759 5495 1018 5560 concilio,
1051 5503 1108 5550 et
1159 5497 1302 5550 forte
1353 5502 1577 5550 tantum
1609 5497 1668 5550 in
1699 5495 2014 5551 Senonerisi

2131 5215 3014 5290 vapulassetquiaHincmarus
3063 5219 3120 5271 in
3167 5223 3286 5272 tota
3333 5219 3432 5274 illa
3473 5222 3702 5290 epistola
3741 5221 3800 5272 ad

2129 5287 2426 5342 Nicolaum
2457 5287 2666 5352 l,’nihil
2689 5291 2758 5342 de
2805 5290 2976 5358 virgis
3009 5289 3364 5342 mentionem
3415 5287 3568 5358 facit,
3605 5293 3696 5344 sed
3723 5309 3796 5343 so-

2129 5361 2246 5411 lum
2277 5375 2410 5412 eum
2441 5359 2548 5412 sub
2581 5367 2732 5414 arcta
2763 5360 3020 5412 custodia
3063 5361 3122 5412 in
3155 5363 3502 5415 monasterio
3533 5363 3698 5416 fuisse
3725 5377 3800 5413 re-

2124 5429 2367 5492 clusum,
2401 5445 2470 5482 ne
2507 5431 2644 5482 alios
2667 5429 2782 5482 suis
2805 5430 3095 5484 erroribus
3119 5429 3396 5484 inﬁceret.
