3884 6218
102 300 221 354 1029

1352 308 1559 362 LIBER
1604 309 1691 360 ΠΕ
1730 309 1984 365 TlllBUS
2027 308 2391 364 EPISTOLIS.

3470 316 3604 366 1030

97 432 329 495 alicujus
366 432 643 498 hominis,
678 449 709 485 a
740 434 1027 487 catholicis
1079 435 1177 487 Dei
1227 436 1615 489 sacerdotibus
1660 454 1789 489 con-
1832 443 1878 491 Α
1908 438 1992 507 (Il
2022 440 2146 491 Cor.
2178 456 2295 502 xm,
2322 444 2392 506 8).
2436 464 2454 485 ι
2491 444 2673 510 Atque
2700 443 2773 492 ita
2826 442 3012 510 potius
3062 442 3366 511 agendum,
3424 450 3486 496 ut
3553 449 3608 497 et

100 519 350 571 demnari
388 538 401 571 :
444 538 514 572 ne
550 523 672 591 jam
707 539 819 575 non
863 522 986 586 iste,
1023 524 1121 592 qui
1171 541 1359 576 errare
1391 532 1642 593 putatur,
1700 524 1801 578 sed

100 607 181 659 ille
228 609 456 677 potius,
510 611 673 679 cujus
717 614 1113 665 auctoritatem
1165 614 1439 683 sequitur,
1504 615 1804 667 htereticus

103 712 212 747 esse
238 696 563 763 judicetur.
602 700 664 752 Et
706 700 837 752 licet
884 701 983 753 alii
1023 702 1259 770 quidam
1302 703 1497 767 sancti,
1533 706 1587 755 et
1634 719 1802 755 vene-

102 784 293 836 rabiles
337 792 540 855 patres
588 788 928 857 simpliciter
978 790 1075 842 illa
1122 792 1366 859 apostoli
1420 794 1591 844 verba
1639 807 1800 843 acce-

102 874 237 943 pisse
267 875 658 931 inveniantur
690 883 1065 948 utrorumque
1107 886 1298 933 tamen
1350 880 1632 933 sententia
1678 880 1800 932 fue-

106 966 181 1013 rat
208 962 563 1017 honoranda
593 981 605 1017 :
640 982 743 1017 nec
770 966 965 1034 utjam
999 968 1262 1035 superius
1288 968 1503 1020 dictum
1536 974 1638 1031 est,
1692 983 1802 1019 una

100 1066 191 1119 pro
220 1051 411 1104 altera
444 1052 801 1119 damnanda;
838 1054 972 1123 quia
1016 1061 1069 1108 et
1120 1056 1215 1108 illa
1261 1072 1322 1108 ex
1377 1056 1569 1109 divina
1620 1062 1805 1109 aucto-

102 1141 250 1192 ritate
282 1157 427 1193 vera
458 1158 580 1194 esse
614 1148 985 1207 monstratur,
1020 1147 1076 1196 et
1124 1145 1230 1195 ista
1279 1145 1525 1214 quadam
1576 1145 1667 1213 pia
1711 1160 1800 1197 ra-

98 1229 240 1280 tione
274 1244 399 1281 non
428 1230 740 1282 abhorrere
772 1249 804 1283 a
835 1232 1069 1284 veritate
1102 1232 1347 1285 ﬁdeliter
1376 1232 1648 1285 creditur.

162 1316 282 1368 Jam
317 1316 494 1370 illum
528 1318 593 1371 de
636 1320 906 1372 Dominici
946 1322 1230 1387 sanguinis
1281 1324 1454 1388 pretio
1500 1320 1651 1390 quod
1696 1336 1800 1390 pro

101 1404 175 1457 his
204 1410 435 1457 tantum
476 1407 577 1475 qui
617 1407 845 1459 credere
885 1408 1172 1460 voluerint
1220 1410 1414 1461 datum
1448 1410 1521 1461 sit
1565 1409 1801 1462 manife-

102 1501 236 1545 stum
260 1500 369 1559 est,
404 1494 556 1547 sicut
580 1512 752 1564 supra
769 1495 904 1547 satis
928 1496 1285 1549 ostendimus
1309 1498 1642 1549 eorumdem
1676 1497 1801 1549 bea-

100 1588 275 1634 torum
298 1587 541 1650 patrum
567 1582 891 1636 sententia:
918 1600 1090 1653 quam
1110 1584 1236 1649 iste,
1260 1590 1320 1637 ut
1348 1591 1632 1653 putamus,
1656 1591 1711 1637 et
1730 1586 1801 1637 le-

102 1669 271 1736 gendo
307 1669 617 1736 didicerat,
651 1676 707 1723 et
754 1671 1024 1725 damnare
1072 1673 1380 1726 metuebat.
1441 1673 1615 1738 Unde,
1650 1677 1705 1725 et
1753 1672 1797 1723 si

102 1757 298 1809 inventi
349 1764 492 1812 sunt
522 1760 621 1813 alii
669 1777 833 1830 teque
891 1767 1098 1831 patres,
1160 1762 1256 1831 qui
1288 1762 1429 1815 illud
1482 1763 1800 1831 gloriosum

101 1845 340 1914 pretium
375 1849 561 1901 etiam
594 1866 696 1918 pro
720 1866 1014 1919 nunquam
1048 1851 1371 1917 credituris,
1404 1858 1458 1903 et
1481 1851 1540 1902 in
1565 1867 1664 1903 sua
1694 1851 1797 1902 im-

100 1935 297 2002 pietate
334 1937 621 2005 perituris
662 1938 859 1990 datum
891 1954 1009 1991 esse
1041 1955 1154 1990 non
1188 1940 1463 2003 abnuant,
1498 1940 1704 1992 melius
1741 1944 1801 1991 ut

102 2023 375 2077 credimus
433 2026 667 2095 utrique
724 2026 1170 2090 honorarentur,
1234 2043 1335 2079 nec
1392 2043 1493 2095 pro
1541 2027 1666 2079 aliis
1708 2027 1802 2079 alii

102 2113 555 2165 damnarentur:
596 2114 729 2182 quia
764 2120 820 2166 et
860 2114 1000 2166 illud
1045 2115 1340 2167 manifeste
1368 2116 1559 2167 divina
1604 2122 1799 2168 aucto-

104 2202 249 2253 ritate
280 2201 589 2254 ﬁrmatum
623 2207 741 2266 est;
777 2207 833 2255 et
868 2203 1019 2255 istud
1063 2203 1109 2254 si
1140 2203 1230 2271 pie
1262 2203 1523 2267 sentitur,
1568 2220 1681 2255 non
1717 2208 1802 2256 est

106 2290 491 2342 abnuendum.
518 2290 683 2353 Quod
707 2307 842 2343 vero
867 2290 1074 2344 dixisse
1102 2290 1383 2355 ﬁrmatur,
1415 2292 1483 2345 ad
1510 2292 1657 2344 male
1681 2298 1800 2344 tan-

106 2364 389 2433 tummodo
438 2379 734 2447 agendum
764 2379 1010 2432 liberum
1053 2395 1152 2431 nos
1192 2380 1402 2433 habere
1458 2380 1799 2445 arbitrium;

106 2467 162 2518 ad
192 2467 331 2519 bene
365 2482 512 2519 vero
562 2467 848 2536 agendum
900 2483 1014 2519 non
1047 2468 1277 2533 habere,
1316 2469 1361 2520 si
1401 2485 1527 2521 \ere
1562 2469 1639 2521 ita
1671 2484 1799 2520 sen-

108 2555 169 2605 sit
194 2560 246 2606 et
300 2554 477 2619 dixit,
526 2555 636 2607 hoc
668 2570 797 2607 vere
830 2571 947 2607 non
998 2561 1081 2607 est
1127 2572 1194 2608 ex
1244 2556 1434 2609 divina
1468 2557 1799 2609 auctoritate

107 2647 411 2711 sumptum,
480 2658 668 2712 neque
728 2659 791 2695 ex
852 2648 1179 2695 sanctorum
1225 2645 1457 2696 Patrum
1516 2644 1799 2713 dogmati-

105 2729 194 2780 bus
248 2734 530 2795 tractum,
595 2730 692 2783 sed
748 2736 946 2799 aperte
1004 2747 1066 2784 ex
1128 2732 1364 2801 proprio
1422 2749 1613 2785 errore
1668 2749 1802 2801 pro-

106 2817 282 2871 latum.
333 2818 489 2881 Quia
524 2819 776 2871 liberum
826 2820 991 2875 nobis
1023 2820 1324 2873 arbitrium
1375 2822 1525 2891 quod
1573 2826 1800 2891 peccato

106 2906 270 2959 fuerat
300 2906 709 2975 subjugatum,
745 2924 856 2959 non
890 2908 1145 2961 ablatum
1179 2914 1283 2972 est,
1322 2909 1421 2961 sed
1472 2910 1797 2971 liberatum,

1915 531 2101 595 patres
2138 528 2193 578 in
2226 528 2376 589 liliis,
2411 535 2465 579 et
2494 529 2595 580 lilii
2624 530 2682 581 in
2712 530 2968 598 patribus
3014 531 3395 595 honorentur,
3438 535 3603 598 juxta

1914 614 2279 667 Salomonem
2312 615 2638 667 dicentem:
2694 640 2711 663 ε
2748 618 2965 671 Corona
3015 634 3239 684 senum,
3294 619 3399 671 filii
3448 620 3603 671 tilio-

1913 719 2041 755 rum
2075 707 2130 755 et
2160 704 2339 771 gloria
2360 704 2612 755 filiorum
2640 708 2827 771 patres
2858 722 3057 757 eorum
3090 709 3272 773 (Prov.
3301 723 3435 772 xvu,
3472 711 3544 773 ϋ).
3572 726 3597 756 ι)

1914 792 1992 844 De
2024 792 2232 860 quibus
2266 791 2438 844 etiam
2485 791 2621 844 alibi
2652 792 2981 861 praecipitur
3015 809 3025 845 :
3067 814 3093 842 ι(
3134 796 3193 846 ln
3231 796 3601 847 multitudine

1913 880 2374 949 presbyterorum
2412 880 2785 948 prudentium
2831 886 2933 946 sta,
2976 887 3031 933 et
3061 882 3340 950 sapientia
3368 883 3601 936 illorum

1912 985 1976 1020 ex
2009 967 2176 1020 corde
2203 968 2576 1037 conjungere,
2599 972 2908 1020 utomnem
2936 970 3325 1022 narrationem
3350 971 3448 1023 Dei
3482 988 3605 1041 pos-

1912 1057 1986 1107 sis
2017 1056 2213 1108 audire
2242 1057 2432 1125 (Eccli.
2484 1072 2560 1122 vr,
2598 1058 2728 1123 35);
2764 1077 2789 1102 ››
2820 1062 2876 1107 et
2916 1055 3126 1108 iterum
3159 1073 3170 1109 :
3213 1078 3233 1104 ι
3274 1058 3349 1109 .\'e
3409 1058 3603 1127 despi-

1912 1145 2025 1196 cias
2078 1146 2464 1196 narrationem
2500 1146 2965 1213 presbyterorum
3017 1144 3382 1211 sapientium,
3429 1151 3485 1197 et
3543 1146 3601 1197 in

1912 1231 2225 1299 proverbiis
2274 1232 2504 1283 illorum
2563 1247 2933 1283 conversare:
2986 1248 3103 1282 non
3177 1238 3228 1284 te
3306 1238 3606 1300 praetereat

1914 1318 2158 1370 narratio
2211 1320 2536 1383 seniorum;
2571 1324 2626 1371 et
2655 1319 2762 1386 ipsi
2795 1320 2946 1370 enim
2983 1319 3306 1372 didicerunt
3336 1339 3361 1372 a
3423 1321 3600 1390 patri-

1911 1407 2015 1459 bus
2034 1406 2148 1458 suis
2181 1423 2194 1461 :
2232 1408 2503 1476 quoniam
2534 1407 2604 1459 ab
2647 1408 2782 1475 ipsrs
2823 1406 3003 1459 disces
3037 1407 3409 1462 intellectum.
3445 1415 3498 1461 et
3544 1408 3604 1462 in

1912 1498 2169 1563 tempore
2210 1495 2558 1547 necessitatis
2609 1494 2768 1547 dabis
2796 1511 3133 1563 responsum
3170 1499 3357 1563 (Eccli.
3405 1513 3519 1559 vm,
3551 1500 3600 1563 9,

1915 1586 1998 1648 ll,
2046 1584 2153 1652 l2).
2190 1604 2215 1630 »
2252 1584 2324 1636 De
2356 1583 2442 1635 his
2488 1599 2734 1653 namque
2767 1589 2818 1635 et
2862 1583 2997 1634 alibi
3032 1584 3365 1651 praecipitur
3400 1600 3412 1637 :
3460 1607 3486 1631 ‹‹
3522 1586 3605 1638 In-

1910 1676 2138 1740 terroga
2178 1677 2401 1741 patrem
2436 1677 2620 1735 tuum,
2681 1678 2737 1723 et
2793 1671 3159 1724 annuntiabit
3214 1672 3348 1736 tibi;
3414 1674 3601 1741 majo-

1913 1775 2003 1811 res
2034 1764 2183 1823 tuos,
2213 1763 2268 1810 et
2304 1759 2493 1811 dicent
2522 1759 2621 1812 tibi
2654 1760 2837 1823 (Deut.
2875 1771 3042 1824 xxxu,
3074 1758 3162 1821 7');
3202 1779 3227 1807 ι)
3254 1765 3307 1811 et
3341 1760 3545 1812 iterum
3583 1777 3595 1812 :

1915 1870 1940 1895 α
1974 1849 2050 1900 Ne
2083 1848 2522 1917 transgrediaris
2566 1848 2843 1900 terminos
2890 1848 3173 1917 antiquos,
3208 1864 3349 1917 quos
3396 1865 3601 1919 posue-

1911 1941 2045 1988 runt
2074 1941 2263 2005 patres
2298 1937 2378 1988 tui
2410 1936 2591 2003 (Prov.
2620 1952 2771 1996 XXXI,
2805 1937 2919 2003 28).
2954 1956 2979 1985 ι)

1980 2024 2339 2093 Quapropter
2366 2024 2505 2077 illud
2538 2040 2770 2093 prorsus
2804 2040 3002 2076 omnes
3035 2039 3150 2076 non
3183 2024 3369 2078 solum
3391 2023 3602 2089 dolent,

1911 2112 2005 2165 sed
2037 2113 2211 2164 etiam
2244 2113 2479 2165 horrent
2509 2128 2519 2163 :
2560 2113 2693 2181 quia
2747 2112 3007 2164 inaudito
3061 2112 3521 2179 irreligiositatis,
3552 2118 3607 2165 et

1908 2201 2261 2254 crudelitatis
2294 2200 2572 2269 exemplo,
2626 2200 2819 2252 tandiu
2874 2200 2968 2252 ille
3024 2200 3366 2252 miserabilis
3406 2200 3602 2268 flagris

1908 2296 1964 2342 et
1993 2289 2244 2342 cmdibus
2276 2288 2585 2341 trucidatus
2628 2293 2730 2355 est,
2785 2289 2966 2340 donec
2999 2288 3167 2356 (sicut
3225 2292 3603 2340 narraverunt

1912 2378 2095 2440 nobis,
2125 2377 2224 2447 qui
2246 2384 2553 2446 praesentes
2582 2376 2837 2444 aderant)
2872 2392 3102 2428 accenso
3135 2385 3157 2409 ³
3184 2392 3373 2429 coram
3404 2392 3461 2429 se
3484 2375 3605 2445 igni

1910 2465 2186 2531 libellum,
2220 2465 2278 2518 in
2320 2482 2433 2535 quo
2476 2465 2783 2517 sententias
2818 2464 3243 2533 Scripturarum
3298 2464 3412 2517 sive
3481 2481 3606 2516 san-

1910 2560 2134 2607 ctorum
2207 2555 2438 2606 Patrum
2498 2554 2605 2605 sibi
2656 2554 2984 2622 collegerat,
3048 2570 3190 2621 quas
3244 2554 3301 2605 in
3360 2552 3600 2606 concilio

1910 2643 2160 2708 offerret,
2199 2646 2425 2695 coactus
2458 2648 2539 2694 est
2572 2642 2691 2711 jam
2723 2658 2869 2710 pene
2916 2642 3202 2694 emoriens
3247 2640 3362 2693 suis
3416 2640 3604 2693 mani-

1910 2731 2016 2783 bus
2050 2730 2112 2783 in
2152 2731 2444 2783 flammam
2502 2728 2799 2799 projicere,
2860 2734 3029 2798 atque
3072 2728 3331 2781 incendio
3373 2744 3603 2781 concre-

1910 2835 2066 2872 mare
2101 2835 2114 2871 :
2150 2834 2277 2870 cum
2310 2833 2513 2870 omnes
2544 2823 2694 2870 retro
2726 2818 2975 2870 heretici
3014 2816 3222 2882 verbis,
3258 2821 3313 2869 et
3341 2816 3606 2885 disputa-

1911 2908 2161 2961 tionibus
2194 2906 2340 2972 victi,
2377 2911 2546 2975 atque
2591 2906 2831 2958 convicti
2880 2912 3026 2958 sunt.
3069 2906 3134 2957 Et
3192 2905 3269 2957 sic
3330 2904 3603 2974 pravitas,

106 3000 151 3047 et
182 2994 368 3063 ipsum
409 2995 585 3048 nobis
617 3011 720 3065 per
774 2996 873 3047 Dei
908 2996 1148 3065 gratiam
1214 2997 1486 3050 excitatur
1542 2997 1608 3050 ad
1658 2998 1799 3050 bene
1839 2999 1880 3054 C
1917 3013 2045 3066 quae
2077 2996 2377 3048 videbatur
2425 2995 2695 3057 hominis,
2732 2995 2901 3047 fuerit
2950 2994 3283 3059 coercenda,
3336 3000 3398 3045 ut
3448 2994 3606 3046 nulla

105 3083 402 3150 agendum,
465 3088 531 3136 ut
579 3090 637 3136 et
679 3084 787 3152 ipsi
841 3084 1098 3153 ejusdem
1148 3085 1348 3154 gratia:
1407 3090 1799 3154 cooperatores

104 3170 281 3224 simus.
322 3173 398 3224 De
432 3188 554 3241 qua
582 3188 665 3236 re,
714 3173 759 3224 si
795 3173 898 3225 iste
930 3178 1045 3225 tam
1080 3174 1322 3225 absurde
1366 3179 1419 3226 et
1462 3174 1801 3242 insipienter

107 3260 319 3325 erravit,
368 3260 681 3313 manifesta
729 3265 815 3312 est
864 3260 1120 3329 Apostoli
1178 3260 1462 3313 sententia
1514 3261 1795 3313 dicentis:

110 3366 130 3391 α
162 3346 396 3409 Fratres,
432 3354 494 3400 et
530 3348 577 3398 si
626 3353 1061 3416 praeoccupatus
1091 3348 1264 3400 fuerit
1297 3347 1468 3401 homo
1515 3349 1573 3400 in
1608 3348 1799 3419 aliquo

108 3434 315 3500 delicto,
345 3453 448 3489 vos
482 3436 585 3505 qui
612 3436 940 3504 spirituales
972 3437 1107 3489 estis
1149 3437 1481 3505 hujusmodi
1531 3437 1801 3490 instruite

106 3522 155 3573 in
183 3524 381 3592 spiritu
416 3524 697 3589 lenitatis,
732 3524 1103 3577 considerans
1130 3529 1185 3577 te
1210 3525 1394 3593 ipsum
1426 3542 1495 3577 ne
1517 3530 1573 3577 et
1595 3529 1655 3577 tu
1678 3530 1799 3577 ten-

108 3612 224 3664 teris
252 3613 393 3681 (Gal.
430 3630 512 3680 v1,
546 3614 618 3681 l).
654 3633 679 3661 »
708 3614 772 3665 Et
797 3613 1133 3682 illiquidem
1158 3618 1397 3682 propter
1419 3613 1801 3681 intemperan-

107 3700 246 3761 tiam,
310 3701 851 3770 importunitatem,
903 3705 1075 3770 atque
1134 3701 1529 3754 infrunitatem
1586 3701 1800 3769 lingua:

109 3804 207 3841 suae
235 3793 285 3841 et
317 3789 649 3859 inquietam
685 3788 1061 3842 mobilitatem
1095 3790 1486 3843 instabilitatis
1515 3806 1654 3849 sure,
1688 3804 1801 3841 me-

106 3874 201 3927 rito
232 3874 477 3928 forsitan
510 3876 740 3941 accidit,
774 3875 928 3945 quod
967 3875 1026 3928 in
1059 3876 1364 3929 Salomone
1412 3876 1641 3946 legitur,
1675 3897 1701 3923 ‹‹
1739 3876 1801 3927 Et

108 3958 192 4027 qui
230 3960 697 4016 inconsideratus
742 3967 825 4016 est
869 3962 941 4015 ad
990 3962 1347 4033 loquendum
1395 3963 1603 4015 sentiet
1650 3962 1801 4015 mala

107 4047 263 4113 (Prov.
297 4066 412 4117 Xlll,
447 4054 517 4116 3;
558 4073 585 4099 ››
634 4056 693 4103 et
739 4050 948 4104 iterum
977 4068 988 4103 :
1046 4073 1073 4098 ‹‹
1100 4050 1208 4113 Qui
1240 4050 1487 4119 imponit
1516 4051 1688 4104 stulto
1720 4050 1799 4103 si-

110 4132 353 4199 lentium,
388 4138 511 4191 iras
536 4138 768 4207 mitigat
800 4140 983 4203 (Prov.
1015 4155 1162 4203 xxvr,
1196 4142 1309 4207 10);
1338 4160 1363 4188 »
1398 4144 1454 4192 et
1484 4139 1596 4192 alio
1628 4141 1749 4191 loco
1784 4155 1795 4191 :

114 4243 128 4267 ί
161 4224 297 4293 Ejice
328 4226 681 4293 derisorem,
712 4233 769 4279 et
798 4226 977 4279 exibit
1009 4243 1140 4279 cum
1182 4243 1247 4279 eo
1292 4227 1571 4296 jurgium,
1624 4242 1800 4280 cessa-

108 4309 340 4385 buntque
372 4332 593 4380 causae,
626 4321 685 4369 et
712 4316 1077 4369 contumeliae.
1112 4318 1291 4385 (Prov.
1332 4331 1466 4383 xm,
1514 4318 1620 4385 10).
1656 4338 1681 4362 ››

744 4440 969 4493 CAPUT
1008 4440 1157 4494 XXV.

166 4544 413 4599 Inaudila
448 4548 510 4598 in
540 4545 974 4601 Gotteschalcum
1004 4546 1345 4599 crudelitatis
1375 4546 1640 4614 extemplo.

166 4667 365 4723 Tamen
396 4669 629 4722 nullius
662 4668 917 4721 hominis
948 4668 1334 4738 improbitate,
1370 4675 1421 4721 et
1471 4668 1799 4723 infrunitate

109 4752 172 4806 ita
196 4758 405 4810 moveri
443 4758 753 4821 debemus,
788 4761 851 4809 ut
892 4761 1345 4818 contemnamus,
1384 4758 1467 4809 vel
1502 4757 1796 4826 impugne-

108 4855 233 4910 mus,
264 4850 359 4898 aut
389 4846 578 4899 etiam
614 4845 895 4897 damnare
927 4845 1241 4898 audeamus
1287 4844 1540 4898 divinam
1589 4846 1797 4898 verita-

109 4932 223 4996 tem,
250 4933 359 4987 sive
394 4938 641 5004 patrum
676 4935 1009 4985 nostrorum
1046 4933 1433 4985 venerabilem
1487 4934 1798 4986 auctorita-

110 5020 222 5085 tem,
254 5039 550 5077 memores
584 5021 850 5091 Apostoli
890 5020 1132 5075 dicentis
1162 5038 1174 5074 :
1230 5043 1255 5069 ‹‹
1290 5022 1413 5074 Non
1458 5021 1614 5074 enim
1666 5038 1795 5090 pos-

111 5121 279 5163 sumus
309 5111 535 5182 aliquid
572 5109 847 5163 adversus
886 5110 1203 5176 veritatem,
1255 5109 1355 5162 sed
1404 5126 1509 5178 pro
1561 5110 1796 5164 veritate

1910 3084 2116 3139 divinis
2147 3084 2317 3137 rebus
2340 3084 2650 3136 inferretur
2682 3082 2914 3150 injuria.
2947 3081 3185 3135 Maxime
3206 3095 3336 3133 cum
3363 3081 3444 3133 illi
3474 3096 3599 3133 sen-

1910 3187 2057 3237 sum,
2093 3172 2191 3242 qui
2217 3173 2339 3242 ipso
2372 3172 2814 3225 continebantur
2852 3171 3064 3235 libello,
3093 3174 3326 3239 excepto
3360 3185 3473 3221 uno
3507 3167 3607 3237 qui

1912 3265 2199 3313 extremus
2232 3260 2483 3330 ponitur,
2516 3276 2630 3312 non
2662 3264 2852 3312 essent
2901 3259 3006 3324 sui,
3042 3258 3137 3310 sed
3192 3256 3556 3310 ecclesiastici
3591 3272 3603 3308 ε

1912 3366 2015 3402 nec
2047 3350 2277 3419 ignibus
2305 3349 2638 3412 damnandi,
2673 3348 2770 3400 sed
2810 3348 2901 3417 pia
2934 3354 2988 3400 et
3020 3346 3253 3416 pacifica
3273 3346 3488 3398 fuerint
3519 3345 3606 3396 in-

1910 3438 2220 3507 quisitione
2268 3437 2567 3489 tractandi.
2603 3436 2706 3489 Sed
2758 3440 2813 3488 et
2844 3436 2941 3488 illa
2990 3435 3246 3503 ejusdem
3299 3431 3610 3485 miserandi

1910 3525 2162 3579 hominis
2184 3530 2299 3577 tam
2330 3525 2523 3593 longa,
2557 3530 2611 3576 et
2639 3525 2958 3576 inhumana
3006 3523 3061 3575 in
3096 3523 3446 3590 ergastulum
3503 3536 3610 3589 per

1909 3619 1994 3667 tot
2023 3629 2205 3666 annos
2231 3613 2541 3673 damnatio,
2576 3612 2768 3680 aliqua
2802 3618 2865 3663 ut
2912 3610 3217 3669 credimus,
3253 3609 3600 3677 compassio-

1912 3700 2001 3753 nis
2040 3700 2415 3767 benignitate,
2456 3705 2513 3751 et
2544 3698 2932 3751 consolatione
2982 3698 3165 3751 fuerat
3204 3696 3601 3765 temperanda,

1910 3789 1995 3841 vel
2028 3788 2201 3841 etiam
2230 3788 2593 3851 removenda,
2615 3792 2677 3839 ut
2697 3786 2873 3839 frater
2903 3803 3006 3856 pro
3040 3802 3151 3854 quo
3174 3786 3429 3838 Christus
3460 3800 3610 3838 mor-

1910 3882 2042 3930 tuus
2075 3882 2177 3938 est,
2210 3892 2312 3945 per
2341 3876 2696 3939 charitatem,
2744 3882 2799 3928 et
2841 3876 3103 3944 spiritum
3154 3874 3609 3927 mansuetudinis

1910 3963 2105 4032 potius
2134 3963 2471 4027 lucraretur,
2504 3979 2673 4033 quam
2705 3962 3112 4015 abundantiori
3142 3962 3375 4015 tristitia
3405 3962 3609 4014 absor—

1909 4052 2159 4105 beretur.
2191 4051 2355 4115 Quod
2388 4052 2543 4119 illuc,
2577 4056 2639 4104 ut
2682 4050 2955 4103 Dominus
3006 4050 3187 4117 novit,
3234 4050 3293 4103 in
3327 4052 3609 4119 quantum

1910 4140 2032 4208 ipse
2062 4140 2344 4208 inspicere
2376 4139 2668 4209 dignatur,
2706 4139 3069 4209 suggerimus
3103 4139 3398 4206 charitate,
3434 4153 3609 4208 quam

1913 4228 2076 4281 nobis
2107 4229 2307 4281 beatus
2334 4228 2579 4281 Joannes
2608 4228 2900 4297 apostolus
2935 4228 3313 4290 commendat,
3365 4227 3557 4280 dicens
3594 4242 3605 4278 :

1842 4296 1884 4347 D
1916 4334 1942 4366 (ί
1972 4318 2033 4369 In
2070 4316 2175 4369 hoc
2224 4318 2601 4387 cognovimus
2628 4296 2969 4370 charitatem
3010 4317 3133 4379 Dei,
3171 4317 3327 4388 quod
3360 4316 3457 4369 ille
3513 4330 3615 4384 pro

1914 4404 2077 4457 nobis
2109 4405 2364 4458 animam
2388 4422 2545 4459 suam
2580 4405 2792 4474 posuit,
2816 4411 2871 4459 et
2898 4421 3011 4458 non
3057 4405 3331 4458 debemus
3359 4420 3465 4473 pro
3498 4404 3610 4455 fra-

1911 4493 2095 4546 tribus
2127 4495 2351 4547 animas
2373 4510 2587 4564 ponere
2616 4493 2805 4563 (Joan.
2834 4510 2915 4563 in,
2950 4492 3059 4561 16).
3099 4513 3125 4538 ››

2535 4618 2761 4671 CAPUT
2800 4616 2975 4669 XXVI.

2483 4720 2561 4772 De
2591 4720 2865 4771 voluntate
2910 4717 3031 4771 Dei.

1982 4848 2109 4899 Post
2136 4845 2564 4898 damnationem
2598 4842 2770 4910 hujus
2808 4839 3120 4895 miserandi
3161 4841 3415 4895 hominis
3468 4844 3608 4897 sub-

1902 4934 2094 5004 junxit
2126 4934 2373 5002 scriptor
2402 4930 2652 5000 epistolae
2685 4930 2755 4983 ad
2796 4929 3051 4999 singulas
3082 4928 3237 4982 illius
3270 4933 3615 5000 propositio-

1910 5038 2008 5074 nes
2039 5037 2190 5087 suas,
2222 5026 2279 5073 et
2326 5017 2730 5090 quorumdam,
2765 5018 2863 5087 qui
2896 5034 3023 5070 cum
3053 5033 3118 5070 eo
3173 5018 3439 5071 similiter
3478 5036 3613 5073 sen-

1908 5109 2076 5172 tiunt,
2112 5108 2537 5176 responsiones,
2569 5120 2713 5174 quas
2746 5106 2839 5159 hic
2870 5121 3100 5159 necesse
3140 5110 3225 5160 est
3254 5106 3313 5158 in
3346 5106 3609 5161 ordinem

1169 5234 1364 5288 NOTAE
1406 5232 1727 5288 DUVALLII
1770 5230 2113 5287 DOCTOltlS
2154 5229 2539 5285 SORBONICI.

168 5354 339 5423 arVide
380 5357 755 5417 Gretserum,
807 5354 1197 5423 disputatione
1228 5352 1295 5405 de
1330 5353 1461 5423 jure
1515 5357 1570 5405 et
1628 5352 1799 5405 modo

111 5422 416 5492 prohibendi
454 5426 654 5480 libros
696 5422 1013 5486 haereticos,
1050 5424 1147 5476 ubi
1174 5422 1448 5492 exemplis
1494 5424 1801 5475 Athenien-

113 5490 235 5545 sium
257 5502 309 5549 et
337 5498 751 5551 Romanorum
774 5496 947 5547 libros
971 5496 1291 5563 depravatae
1324 5490 1595 5545 doctrinae
1626 5493 1799 5547 fuisse

114 5570 308 5617 exustos
337 5570 533 5631 docet,
566 5566 746 5633 idque
768 5581 882 5618 non
912 5562 1135 5617 tantum
1163 5564 1378 5616 lumine
1413 5562 1566 5627 fidei,
1602 5563 1697 5616 sed
1743 5568 1802 5617 et

1911 5355 2129 5423 natura:
2162 5356 2422 5404 constare
2446 5370 2462 5403 ι
2511 5366 2581 5403 ne
2632 5350 2721 5423 ita
2752 5368 2901 5423 (egre
2940 5352 3125 5407 ferant
3161 5355 3463 5407 novatores
3518 5370 3617 5408 no-

1910 5422 2031 5487 stri,
2066 5422 2112 5474 si
2145 5438 2287 5492 quos
2324 5423 2383 5475 in
2440 5422 2744 5477 Ecclesium
2796 5422 2971 5478 libros
3021 5429 3313 5489 evomunt,
3357 5426 3616 5492 generali

1908 5492 2175 5547 incendio
2214 5494 2403 5549 deleat
2437 5493 2703 5548 Ecclesia.
