3884 6218
328 310 455 363 1031

321 461 554 515 ponere,
590 449 647 498 et
675 444 810 514 quid
846 444 1010 497 nobis
1054 444 1123 496 de
1165 443 1253 496 his
1284 444 1545 497 videatur
1574 444 1820 497 breviter
1868 444 2015 498 desi-
2056 450 2100 498 A

322 550 521 604 gnare.
557 533 717 596 Quod
752 533 880 585 licet
901 548 1072 602 supra
1095 531 1488 601 multipliciter
1511 532 1631 601 jam
1657 534 1869 586 factum
1901 533 2006 599 sit;

320 633 515 675 tamen
537 637 725 690 neque
759 637 912 674 nunc
944 621 1410 691 prmtereundum
1442 626 1731 690 putamus,
1768 638 1839 674 ne
1875 622 2014 691 quid

320 710 669 763 difﬁcultatis
708 714 765 762 et
804 708 1162 762 obscuritatis
1212 726 1279 762 ex
1315 710 1645 779 bujusmodi
1697 710 2014 779 responsio-

318 798 488 851 nibus
510 798 778 867 cuiquam
804 803 1127 867 generetur.
1159 797 1297 860 Quae
1329 798 1593 851 videlicet
1614 798 2011 867 responsiones

318 886 380 939 in
410 886 533 956 ipsa
564 886 807 955 epistola
837 886 915 939 ita
944 885 1267 956 incipiunt:

1003 1006 1328 1043 HINCMARUS.

388 1118 416 1147 «
454 1096 655 1150 Dicunt
687 1101 743 1149 et
771 1095 1013 1149 ﬁrmiter
1058 1097 1314 1161 credunt,
1362 1095 1460 1165 qui
1494 1095 1688 1148 sanius
1723 1096 1877 1165 apud
1904 1112 2010 1149 nos

316 1200 516 1254 sapere
538 1184 825 1246 videntur,
856 1184 989 1253 quia
1019 1183 1291 1237 Dominus
1316 1201 1341 1235 α
1364 1200 1563 1237 omnes
1592 1183 1857 1237 homines
1888 1186 2010 1238 vult

315 1274 500 1326 salvos
534 1273 658 1326 ﬁeri
708 1271 763 1340 (I
822 1274 952 1326 Tim.
994 1289 1070 1337 ιιι,
1132 1273 1211 1340 4),
1242 1292 1269 1321 ι)
1320 1273 1613 1326 secundum
1665 1274 2004 1341 Apostolum,

315 1378 341 1411 α
375 1361 473 1430 qui
507 1360 797 1413 neminem
832 1361 951 1411 vult
984 1359 1172 1427 perire
1198 1361 1270 1427 (ll
1299 1361 1441 1412 Petr.
1468 1376 1548 1425 ιιι,
1590 1362 1664 1427 9),
1703 1382 1723 1408 ι
1752 1362 1873 1414 licet
1903 1377 2007 1415 non

310 1463 486 1501 omnes
520 1449 831 1517 salvantur;
866 1464 993 1500 nam
1024 1454 1072 1500 et
1125 1448 1219 1500 tua:
1264 1450 1323 1500 in
1363 1448 1591 1501 tenebris
1623 1449 1758 1502 lucet
1790 1470 1817 1498 «
1876 1450 2008 1503 licet

311 1552 437 1589 eam
468 1536 720 1589 tenebrae
770 1552 885 1588 non
934 1536 1425 1605 comprehendant
1468 1539 1622 1589 Joan.
1676 1554 1713 1601 1,
1768 1538 1849 1605 6);
1896 1560 1920 1585 ››
1952 1545 2006 1592 et

311 1645 338 1672 α
374 1625 633 1679 Christus
663 1640 767 1694 pro
799 1624 1067 1677 omnibus
1101 1641 1299 1693 passus
1333 1630 1415 1677 est
1448 1626 1525 1693 (ll
1553 1628 1681 1678 Cor.
1708 1642 1758 1691 v,
1794 1626 1896 1695 14),
1929 1643 2005 1680 sc-

308 1713 543 1766 cundum
567 1713 809 1765 eumdem
848 1714 1168 1779 Apostotum
1199 1713 1514 1765 scribentem
1545 1714 1618 1766 ad
1648 1716 2000 1780 Timotheum,

309 1820 338 1851 «
371 1801 469 1870 qui
502 1801 657 1854 dedit
682 1801 1053 1869 semetipsum
1088 1800 1543 1868 redemptionem
1578 1817 1681 1870 pro
1712 1803 1999 1868 omnibus,

308 1892 351 1957 (Ι
375 1892 510 1943 Tim.
542 1906 599 1955 ιι,
633 1888 706 1956 6),
743 1909 770 1935 >>
804 1888 936 1940 licet
958 1904 1069 1940 non
1097 1904 1296 1940 omnes
1323 1889 1600 1957 passionis
1632 1890 1753 1957 ejus
1787 1896 1996 1960 myste-

306 1979 391 2031 rio
422 1978 780 2030 redimantur
812 1993 823 2029 :
860 1976 995 2045 quia
1022 1975 1222 2029 effusio
1263 1976 1403 2045 justi
1456 1978 1753 2047 sanguinis
1795 1978 2002 2032 Christi

310 2070 426 2119 tam
459 2067 614 2119 dives
648 2065 757 2117 fuit
791 2065 861 2117 ad
908 2064 1154 2132 pretium
1208 2065 1431 2131 mundi,
1468 2069 1531 2117 ut
1580 2066 1625 2117 si
1657 2066 1999 2119 universitas

304 2154 655 2224 captivorum
688 2154 748 2206 in
774 2168 909 2206 eum
957 2153 1227 2213 crederet,
1267 2152 1458 2205 nullus
1506 2154 1610 2205 sub
1644 2155 1846 2206 mortis
1889 2155 1997 2207 im-

302 2243 464 2312 perio
509 2246 852 2295 remaneret.
891 2243 953 2294 Et
982 2241 1118 2310 quia
1161 2256 1273 2293 non
1321 2257 1517 2293 omnes
1548 2247 1663 2294 tam
1716 2242 1996 2296 ditissimo

303 2332 490 2402 pretio
542 2332 923 2395 redimuntur,
972 2330 1042 2382 ad
1089 2329 1409 2382 inﬁdelium
1465 2331 1696 2400 respicit
1750 2338 1995 2402 partem,

305 2436 418 2474 non
451 2420 520 2474 ad
550 2421 799 2490 pretium
830 2418 1024 2473 swculi
1051 2417 1369 2486 copiosum.
1398 2439 1423 2465 ››

992 2557 1303 2595 RESPONSIO.

373 2651 437 2706 In
470 2650 677 2720 quibus
708 2648 894 2702 verbis
941 2647 1170 2700 videtur
1200 2647 1306 2699 sibi
1349 2647 1444 2699 ille
1473 2646 1572 2716 qui
1621 2647 1845 2717 scripsit
1871 2649 1995 2718 epi—

301 2738 525 2803 stolam,
568 2737 709 2790 duas
758 2736 1101 2805 quaestiones
1148 2734 1339 2802 simul,
1388 2734 1445 2786 id
1501 2739 1603 2801 est,
1644 2757 1663 2782 ι
1728 2740 1776 2788 et
1840 2736 1994 2805 quod

302 2826 450 2878 Deus
489 2840 688 2877 omnes
719 2824 981 2876 homines
1033 2823 1172 2875 velit
1223 2823 1407 2875 salvos
1460 2822 1607 2875 ﬁeri.
1649 2843 1668 2870 ι
1733 2829 1789 2877 et
1837 2826 1991 2895 quod

301 2938 327 2961 ‹‹
371 2914 648 2966 Dominus
697 2913 856 2965 Jesus
911 2911 1164 2965 Christus
1229 2927 1334 2981 pro
1366 2912 1634 2965 omnibus
1681 2930 1705 2964 ι
1753 2914 1990 2966 omnino

300 3002 692 3056 «hominibus
744 3021 771 3049 »
824 3000 992 3052 etiam
1044 3000 1104 3052 in
1161 3016 1260 3054 suo
1327 3000 1665 3053 inﬁdelitate
1720 3002 1989 3069 perituris

298 3112 325 3140 ‹
360 3096 625 3144 mortuus
669 3089 762 3153 sit,
820 3109 847 3136 »
895 3088 1117 3141 duobus
1192 3088 1537 3142 testimoniis
1590 3106 1657 3141 ex
1714 3092 1988 3160 Apostolo

295 3179 538 3249 sumptis
596 3176 925 3247 plenissime
990 3176 1295 3229 absolvisse
1355 3183 1526 3246 atque
1576 3177 1787 3232 ﬁnisse.
1848 3180 1989 3232 Nam

295 3268 452 3337 quod
504 3288 531 3314 ‹‹
588 3267 733 3319 Deus
786 3280 984 3317 omnes
1036 3264 1298 3317 homines
1348 3265 1532 3318 salvos
1606 3266 1731 3319 ﬁeri
1770 3268 1985 3331 velit,»

293 3355 556 3427 producit
608 3353 943 3423 Apostolum
1000 3358 1201 3405 testem
1257 3353 1618 3423 apertissime
1650 3355 1719 3407 de
1787 3357 1987 3410 eodem

293 3446 409 3500 Deo
457 3450 514 3498 et
546 3444 790 3497 Domino
838 3442 1122 3496 dicentem
1156 3457 1168 3495 :
1206 3460 1233 3492 tt
1256 3442 1361 3505 Qui
1393 3442 1514 3495 vult
1556 3458 1754 3497 omnes
1803 3444 1990 3499 homi-

291 3551 395 3588 nes
423 3535 606 3587 salvos
648 3531 773 3586 ﬁeri
815 3531 859 3599 (1
905 3533 1040 3584 Tim.
1085 3548 1123 3583 ιι
1154 3531 1227 3600 4).
1274 3550 1301 3580 »
1351 3531 1415 3583 Et
1455 3530 1578 3584 istis
1609 3531 1794 3584 verbis
1832 3536 1985 3601 Apo-

295 3624 428 3677 stoli
481 3620 745 3691 adjungit
794 3636 862 3673 ex
914 3619 1100 3673 verbis
1159 3619 1507 3689 propheticis
1552 3620 1703 3673 velut
1752 3621 1985 3673 alterius

291 3711 607 3767 testimonii
636 3726 866 3762 sensum
902 3710 1057 3778 quod
1107 3730 1134 3755 ‹‹
1167 3710 1313 3761 Deus
1361 3709 1653 3762 neminem
1690 3710 1820 3762 velit
1852 3725 1982 3778 per-

293 3799 450 3866 ire,»
509 3798 607 3868 qui
650 3798 848 3867 utique
896 3795 1046 3865 apud
1106 3795 1459 3849 Ezechielem
1482 3796 1821 3866 prophetam
1898 3798 1982 3851 lo-

292 3887 522 3957 quitur:
557 3886 701 3948 Quia
726 3906 751 3932 ‹‹
784 3885 918 3937 nolo
968 3890 1215 3937 mortem
1256 3884 1585 3954 peccatoris,
1633 3884 1768 3938 dicit
1796 3885 1985 3938 Domi-

292 3991 414 4037 nus,
446 3974 543 4027 sed
577 3977 1037 4038 utconvertatur,
1071 3977 1127 4024 et
1153 3973 1303 4025 vivat
1334 3973 1553 4040 (Ezech.
1588 3989 1778 4039 xxxm,
1810 3976 1917 4041 11),
1952 3996 1979 4023 ››

293 4066 471 4129 Quem
520 4079 746 4116 sensum
796 4063 1028 4115 illorum
1078 4061 1333 4130 Apostoli
1388 4062 1712 4116 verborum.
1775 4063 1982 4133 quibus

292 4154 391 4219 ait,
427 4152 583 4221 «qui
632 4152 753 4204 vult
785 4166 985 4203 omnes
1018 4150 1283 4203 homines
1336 4151 1518 4204 salvos
1569 4152 1716 4216 ﬁeri,
1752 4171 1780 4200 s
1809 4152 1980 4205 etiam

292 4259 398 4295 nos
451 4240 713 4310 superius
761 4239 1358 4307 commemoravimus,
1421 4244 1476 4292 et
1516 4240 1763 4294 ﬁdeliter
1812 4258 1980 4310 posse

294 4329 469 4399 accipi
501 4328 782 4381 diximus:
817 4327 863 4379 si
895 4333 1089 4379 tamen
1120 4333 1177 4379 et
1214 4328 1307 4380 ille
1351 4344 1551 4381 sensus
1594 4329 1744 4382 beati
1778 4334 1980 4401 Augu-

292 4418 426 4473 stini
457 4433 632 4488 quem
662 4417 756 4468 ille
784 4415 947 4485 juxta
995 4415 1227 4467 alterius
1277 4415 1485 4468 divinae
1533 4416 1839 4487 Scripturaa
1881 4436 1980 4474 au-

292 4508 614 4562 ctoritatem
650 4505 960 4574 diligenter
984 4503 1249 4573 inquirit,
1283 4508 1337 4555 et
1374 4503 1568 4557 multis
1598 4521 1660 4558 ac
1686 4507 1981 4561 veracibus

291 4596 477 4651 modis
503 4592 756 4664 exponit,
790 4592 1006 4662 pariter
1038 4591 1345 4661 recipiatur
1374 4608 1385 4644 :
1413 4608 1516 4645 nec
1546 4599 1779 4663 propter
1806 4596 1980 4650 istum

290 4685 385 4738 ille
427 4684 749 4747 damnetur,
784 4682 880 4734 sed
919 4681 1109 4750 potius
1145 4702 1165 4727 α
1202 4680 1432 4750 utrique
1465 4682 1710 4734 sensui»
1745 4691 1982 4752 propter

289 4788 547 4826 veracem
589 4776 643 4824 et
675 4771 831 4841 piam
863 4772 1094 4823 Patrum
1134 4770 1528 4822 auctoritatem
1570 4770 1814 4823 ﬁdeliter
1844 4771 1979 4825 obe-

289 4862 499 4915 diatur.
534 4860 677 4923 Quia
714 4858 971 4926 omnino,
1001 4878 1027 4908 ‹‹
1064 4864 1120 4911 et
1167 4875 1309 4927 quos
1346 4874 1477 4911 vere
1516 4859 1633 4912 vult
1675 4860 1822 4912 Deus
1870 4862 1978 4913 sal-

287 4967 386 5003 vos
419 4951 563 5016 ﬁeri,
601 4971 620 4996 »
652 4949 773 5002 sine
828 4948 1001 5002 dubio
1047 4949 1228 5001 salvos
1262 4948 1414 5009 facit,
1446 4948 1566 5017 qui,
1603 4953 1665 5001 ut
1694 4948 1980 5018 Scriptura

287 5044 550 5107 testatur,
601 5061 619 5087 α
684 5036 880 5091 omnia
942 5053 1303 5106 quaecunque
1368 5036 1549 5089 voluit
1622 5037 1754 5089 fecit
1809 5038 1975 5105 (Psal.

288 5145 439 5193 cxxu,
490 5128 562 5197 3).
622 5145 649 5177 »
710 5127 775 5178 Et
826 5124 873 5177 si
901 5128 1135 5177 caeteros
1184 5125 1261 5178 ita
1310 5125 1429 5178 vult
1477 5125 1659 5177 salvos
1708 5124 1853 5191 fieri,
1914 5130 1980 5177 ut

290 5222 481 5270 tamen
513 5231 629 5267 non
661 5230 755 5266 cos
785 5212 969 5265 salvos
1008 5213 1195 5279 faciat,
1229 5214 1322 5266 sed
1356 5214 1592 5266 omnino
1624 5212 1810 5282 perire
1842 5228 1970 5282 per-

289 5304 498 5362 mittat.
543 5306 854 5369 utrumque
901 5299 993 5352 hic
1045 5301 1338 5353 evidenter
1395 5306 1677 5370 apparet:
1733 5306 1789 5352 et
1844 5316 1980 5370 erga

288 5396 607 5444 creaturam
667 5405 850 5454 suam,
918 5388 1149 5453 scilicet,
1184 5407 1211 5437 ‹‹
1262 5388 1484 5441 bonitas
1518 5388 1818 5455 Creatoris,
1847 5411 1871 5433 ι»
1924 5394 1979 5441 et

290 5494 425 5547 erga
466 5477 720 5545 ejusdem
768 5481 1043 5529 creatura:
1091 5475 1453 5546 iniquitatem
1504 5498 1525 5523 ‹
1574 5477 1841 5530 severitas
1881 5478 1976 5546 ju-

291 5565 449 5619 dicis.
485 5584 514 5613 »

1355 310 1412 364 S.
1457 309 1725 364 REMlGll
1770 309 2247 364 LUGDUNENSIS
2287 310 2604 365 EPISCOPI

2047 1739 2085 1791 B

3700 321 3817 373 103')

2731 473 2954 528 CAPUT
3014 476 3214 530 XXVII.

2408 590 2485 641 De
2506 593 2673 641 morte
2703 589 2935 643 Christi.
2963 590 3169 645 Omnes
3190 608 3289 660 pro
3317 594 3536 648 multis.

2192 709 2354 773 Quod
2386 715 2575 763 autem
2609 711 2911 766 Dominum
2951 718 3208 768 nostrum
3252 717 3426 770 etiam
3459 734 3567 788 pro
3634 719 3819 789 impiis

2120 800 2177 850 in
2205 815 2307 851 sua
2337 799 2626 868 impietate
2658 800 2927 868 perituris
2962 818 3082 854 esse
3115 811 3408 858 mortuum
3444 822 3562 859 uno
3622 808 3813 859 simili-

2119 892 2207 939 ter
2239 888 2497 957 Apostoli
2529 888 2860 942 testimonio
2883 890 3220 945 conﬁrmare
3244 894 3487 959 videtur,
3527 911 3653 965 quo
3700 896 3774 949 ait
3805 914 3817 949 :

2122 994 2147 1023 «
2174 976 2281 1038 Qui
2314 976 2471 1029 dedit
2501 978 2954 1046 redemptionem
2986 980 3357 1049 semetipsum
3389 999 3495 1051 pro
3549 984 3818 1036 omnibus

2120 1064 2159 1130 (1
2213 1066 2347 1118 Tim.
2399 1065 2534 1133 6),»
2578 1066 2828 1133 profecto
2879 1082 2995 1119 non
3052 1069 3308 1135 recoluit,
3371 1086 3476 1123 nec
3506 1071 3819 1140 diligenter

2117 1150 2519 1214 consideravit,
2554 1150 2633 1203 ita
2662 1151 2783 1203 haec
2812 1154 3070 1221 Apostoli
3109 1156 3280 1208 verba
3312 1172 3433 1209 esse
3486 1158 3818 1227 accipienda

2120 1245 2181 1291 ut
2212 1243 2526 1292 consonent
2558 1239 2783 1293 Domini
2815 1240 3020 1307 verbis,
3056 1243 3265 1312 quibus
3296 1261 3353 1297 sc
3390 1244 3450 1297 in
3502 1247 3815 1315 Evangelia

2117 1327 2188 1380 ad
2220 1328 2329 1380 hoc
2361 1327 2584 1380 venisse
2616 1327 2789 1380 dicit:
2843 1350 2864 1375 α
2913 1330 2981 1381 Ut
3010 1330 3265 1384 animam
3311 1349 3472 1385 suam
3522 1334 3701 1386 daret
3734 1352 3814 1386 re-

2115 1413 2507 1485 demptionem
2541 1431 2645 1484 pro
2702 1416 2898 1469 multis
2949 1418 3162 1485 (Matth.
3226 1436 3315 1485 xx,
3368 1421 3489 1485 29);
3545 1440 3576 1470 ι)
3642 1427 3699 1474 et
3758 1424 3819 1474 de

2114 1505 2300 1573 pretio
2328 1504 2415 1556 sui
2444 1504 2737 1572 sanguinis
2760 1504 3024 1557 similiter
3056 1506 3135 1559 ait
3166 1524 3179 1559 :
3216 1527 3242 1555 ‹‹
3274 1508 3379 1570 Qui
3411 1525 3511 1577 pro
3534 1512 3733 1574 vobis,
3764 1520 3814 1563 et

2115 1606 2217 1658 pro
2260 1588 2451 1642 multis
2506 1590 2832 1642 ell‘undetur
2884 1592 2941 1643 in
2996 1593 3394 1646 remissionem
3442 1603 3812 1664 peccatorum

2114 1679 2327 1747 (Matth.
2372 1694 2516 1739 xxvx,
2567 1678 2679 1743 28).
2726 1699 2752 1728 ››
2815 1681 2879 1731 Et
2925 1679 3053 1732 ideo
3103 1681 3180 1732 ita
3219 1698 3349 1734 vere
3405 1684 3813 1752 accipiendum

2113 1772 2214 1831 est,
2248 1767 2400 1836 quod
2439 1767 2746 1834 Apostolus
2791 1767 2905 1819 ait:
2943 1790 2963 1815 ι
3000 1768 3106 1831 Qui
3156 1770 3313 1821 dedit
3346 1771 3808 1840 redemptionem

2112 1856 2482 1922 semetipsum
2539 1871 2642 1923 pro
2676 1854 2946 1907 omnibus
3007 1858 3050 1921 (1
3089 1859 3226 1910 Tim.
3280 1875 3335 1923 ιι,
3392 1858 3468 1926 6),
3506 1880 3532 1910 υ
3596 1867 3662 1912 ut
3718 1860 3808 1913 isti

2114 1965 2136 1991 ι
2170 1960 2369 1995 omnes
2400 1964 2426 1991 ››
2462 1944 2862 2012 intelligantur
2904 1965 2931 1991 «
2966 1946 3128 1997 multi
3158 1968 3178 1991 ι
3215 1947 3360 1999 sicut
3390 1954 3444 1999 et
3474 1949 3616 2001 alibi
3655 1949 3804 2002 idem

2108 2032 2415 2100 Apostolus
2448 2031 2583 2084 dicit
2616 2048 2628 2083 :
2669 2051 2691 2082 α
2730 2032 2818 2085 Sic
2856 2038 2913 2085 et
2943 2033 3201 2085 Christus
3245 2036 3420 2087 semel
3451 2038 3689 2089 oblatus
3723 2046 3804 2090 est

2108 2122 2176 2172 ad
2210 2120 2522 2172 multorum
2568 2120 2955 2173 exhaurienda
2990 2128 3221 2189 peccata
3266 2122 3447 2192 (Hebr.
3493 2142 3567 2191 ix,
3627 2128 3745 2191 28).
3780 2150 3801 2173 ξ

2109 2206 2217 2269 Qui
2250 2208 2423 2260 etiam
2475 2207 2588 2260 alio
2637 2208 2763 2261 loco
2805 2224 2949 2277 quos
2999 2209 3141 2262 dixit
3192 2230 3221 2257 ‹‹
3257 2226 3455 2264 omnes
3490 2232 3515 2261 ››
3562 2214 3800 2265 eosdem

2104 2295 2371 2349 continuo
2431 2296 2695 2365 exposuit
2752 2297 3151 2366 intelligendos
3203 2314 3326 2351 esse
3393 2320 3420 2350 α
3476 2302 3717 2355 multos.
3782 2327 3797 2345 ι

2106 2383 2246 2436 Cum
2281 2384 2435 2437 enim
2478 2384 2711 2437 dixisset
2765 2385 2834 2438 de
2885 2386 3145 2449 Domino,
3181 2388 3332 2456 quod
3387 2405 3416 2435 α
3467 2404 3571 2457 per
3626 2390 3798 2443 unius

2100 2472 2384 2541 justitiam
2417 2472 2476 2524 in
2516 2488 2715 2525 omnes
2738 2473 3001 2526 homines
3031 2474 3575 2543 injustiticationem
3612 2480 3745 2531 vitae
3776 2502 3797 2525 η

2104 2559 2294 2612 statim
2327 2559 2643 2626 subjunxit,
2671 2560 2803 2630 quia
2832 2568 2888 2614 et
2912 2580 2939 2609 ‹‹
2959 2577 3061 2630 per
3088 2562 3471 2616 obedientiam
3501 2566 3678 2618 unius
3701 2567 3798 2619 ho-

2104 2647 2296 2715 minis,
2323 2666 2349 2697 «
2390 2648 2570 2717 ipsius
2598 2649 2872 2702 videlicet
2904 2650 3129 2703 Domini
3166 2650 3295 2703 Jesu
3344 2652 3574 2715 Christi,
3612 2676 3633 2701 ›
3663 2656 3799 2723 justi

2101 2736 2519 2789 constituentur
2568 2736 2735 2789 multi
2786 2736 2966 2805 (Rom.
3028 2754 3081 2803 v,
3139 2740 3223 2801 18,
3288 2741 3395 2808 19).
3450 2761 3477 2786 ››
3535 2738 3686 2801 Quia
3739 2746 3798 2793 ut

2102 2822 2339 2876 omnino
2372 2824 2740 2877 manifestum
2773 2829 2877 2892 est,
2909 2823 2987 2877 ita
3018 2840 3120 2893 per
3150 2842 3281 2878 eum
3313 2847 3338 2875 (ι
3376 2842 3578 2880 omnes
3613 2828 3795 2880 homi-

2102 2928 2268 2965 nes»
2330 2912 2660 2965 efﬁciuntur
2693 2912 2850 2981 justi,
2878 2918 2943 2965 ut
2997 2912 3109 2982 ipsi
3167 2914 3266 2983 qui
3313 2915 3370 2966 in
3422 2932 3524 2967 suo
3580 2931 3794 2985 genere

2029 3034 2069 3088 Ο
2106 3022 2125 3048 ε
2156 3017 2353 3054 omnes
2399 3024 2419 3049 ι
2477 3008 2628 3067 sunt,
2681 3017 2746 3054 ex
2797 3002 3223 3070 comparatione
3278 3003 3513 3056 alterius
3564 3005 3794 3073 generis

2100 3106 2319 3155 eorum,
2353 3090 2455 3160 qui
2486 3095 2720 3159 propter
2770 3089 3171 3143 inﬁdelitatem
3211 3107 3373 3144 suam
3427 3107 3545 3144 non
3585 3093 3795 3161 justiti

2099 3185 2322 3243 cantur,
2375 3180 2562 3249 potius
2596 3197 2622 3229 «
2675 3178 2841 3231 multi
2874 3198 2901 3230 »
2951 3178 3079 3231 sint.
3114 3179 3277 3242 Quod
3307 3184 3361 3231 et
3393 3180 3441 3232 si
3471 3181 3655 3249 aliqui
3691 3184 3791 3234 Pa-

2098 3273 2252 3320 trum
2289 3288 2310 3315 ι
2346 3282 2451 3336 pro
2473 3266 2737 3321 omnibus
2763 3267 2998 3320 omnino
3022 3267 3372 3321 hominibus.
3402 3290 3429 3316 »
3481 3270 3791 3322 Dominum

2096 3370 2329 3423 passum
2386 3355 2811 3422 intellexerunt,
2858 3355 3195 3423 houoretur,
3220 3362 3276 3409 et
3328 3357 3435 3409 iste
3465 3358 3619 3410 velut
3667 3359 3793 3427 pius

2097 3459 2317 3509 sensus,
2351 3443 2660 3497 dummodo
2692 3443 2787 3495 ille
2831 3443 3009 3513 prior,
3062 3444 3162 3513 qui
3205 3449 3288 3497 est
3326 3445 3705 3509 certissimus,
3738 3453 3791 3499 et

2096 3531 2289 3585 divina
2345 3531 2577 3585 veritate
2633 3532 2894 3585 ﬁrmatus
2943 3533 3100 3585 nulla
3151 3534 3605 3603 praesumptione
3666 3552 3790 3588 con-

2096 3625 2403 3687 temnetur,
2426 3623 2513 3674 vel
2542 3622 2694 3691 quod
2726 3626 2809 3674 est
2838 3621 3068 3692 gravius
3091 3622 3416 3675 damnetur.

2166 3711 2304 3762 Nam
2332 3715 2389 3762 et
2412 3710 2555 3763 illud
2584 3709 2976 3763 testimonium
3010 3710 3162 3762 velut
3190 3711 3261 3763 ad
3290 3710 3789 3765 conﬁrmationem

2094 3797 2266 3866 hujus
2296 3798 2379 3849 rei
2410 3813 2474 3850 ex
2506 3798 2810 3866 Evangelio
2841 3802 3159 3866 sumptum,
3194 3798 3246 3851 id
3281 3805 3383 3864 est,
3440 3822 3468 3848 u
3501 3801 3598 3852 lux
3641 3802 3786 3854 lucet

2093 3886 2153 3938 in
2185 3885 2455 3951 tenebris,
2488 3890 2543 3939 et
2579 3886 2831 3939 tenebras
2877 3902 3002 3939 eam
3046 3903 3161 3939 non
3219 3889 3788 3957 comprehenderunt

2096 3974 2286 4044 (Joan.
2318 3992 2355 4040 ι,
2390 3978 2440 4040 5)
2476 3990 2488 4028 :
2527 3999 2551 4020 υ
2589 3991 2705 4029 non
2737 3976 2900 4029 nobis
2924 3976 3151 4029 videtur
3171 3976 3303 4029 huic
3332 3993 3656 4047 congruum
3690 3995 3783 4030 as-

2092 4063 2330 4117 sertioni
2359 4080 2371 4116 :
2414 4063 2550 4133 quia
2582 4085 2607 4114 «
2636 4065 2730 4117 lux
2760 4085 2789 4113 »
2847 4065 2945 4118 illa
2972 4066 3278 4134 prwsentia
3324 4067 3640 4135 majestatis
3669 4084 3779 4120 sua:

2092 4152 2152 4205 in
2182 4151 2433 4206 tenebris
2465 4154 2676 4218 lucens,
2703 4153 2759 4206 id
2781 4158 2866 4206 est
2896 4154 2956 4205 in
2988 4153 3310 4207 inﬁdelium
3358 4155 3628 4208 cordibus
3660 4172 3781 4208 ma-

2084 4242 2291 4310 jestate
2348 4241 2663 4295 conditoris
2701 4257 2863 4294 suam
2903 4242 3269 4310 praesentiam
3302 4243 3598 4308 exhibens,
3653 4262 3781 4313 ope-

2021 4332 2064 4386 D
2094 4336 2255 4384 ratur
2272 4330 2488 4400 aliquid
2512 4330 2568 4382 in
2589 4331 2691 4398 eis,
2715 4336 2770 4383 et
2790 4332 2834 4383 si
2858 4347 2998 4398 non,
3021 4336 3084 4383 ut
3108 4330 3335 4384 videant
3358 4332 3567 4402 ipsam,
3592 4339 3781 4386 tamen

2095 4424 2154 4472 ut
2184 4419 2408 4471 videant
2434 4418 2654 4488 aliquid
2687 4435 2791 4487 per
2831 4420 3035 4489 ipsam,
3091 4419 3148 4472 id
3197 4424 3300 4483 est,
3337 4426 3399 4472 ut
3450 4421 3780 4491 intelligant

2091 4505 2242 4559 inter
2288 4504 2444 4573 justa
2505 4511 2562 4558 et
2625 4505 2857 4575 injusta,
2924 4506 3075 4558 inter
3144 4506 3359 4559 bonum
3423 4514 3481 4559 et
3542 4509 3777 4571 malum,

2089 4593 2245 4646 inter
2272 4593 2562 4662 agendum
2602 4598 2657 4647 et
2685 4610 2801 4647 non
2832 4594 3139 4664 agendum,
3174 4616 3200 4644 (ι
3240 4601 3305 4648 ut
3341 4596 3456 4648 sint
3485 4597 3781 4649 inxecusa-

2088 4682 2231 4735 biles
2250 4682 2428 4751 (Rom.
2458 4697 2493 4749 ι,
2536 4682 2591 4751 5)
2626 4704 2653 4729 ››
2690 4682 2748 4735 in
2778 4682 2868 4736 die
2902 4699 3015 4752 quo
3042 4683 3325 4752 judicabit
3383 4685 3531 4737 Deus
3564 4687 3782 4739 occulta

2087 4771 2416 4825 hominum.
2442 4770 2580 4834 Quae
2624 4775 2817 4824 tamen
2858 4788 2972 4824 non
3002 4792 3027 4821 «
3070 4774 3163 4825 lux
3191 4792 3217 4821 »
3276 4789 3307 4825 a
3351 4773 3495 4825 facie
3544 4775 3660 4827 illis
3694 4791 3781 4827 re-

2088 4858 2371 4928 splendet,
2407 4859 2686 4928 quianon
2737 4860 2805 4912 ad
2859 4875 2981 4912 eam
3034 4860 3350 4927 attendant,
3404 4862 3504 4914 sed
3558 4865 3715 4915 velut
3752 4882 3782 4915 a

2086 4952 2249 5017 tergo
2286 4947 2366 5000 eis
2398 4949 2650 5001 relucet:
2687 4947 2821 5018 quia
2850 4948 2996 5001 sicut
3027 4949 3303 5018 propheta
3345 4948 3503 5015 dicit,
3540 4973 3568 4999 ‹‹
3602 4957 3783 5004 verte-

2087 5042 2224 5089 runt
2264 5036 2333 5089 ad
2385 5051 2511 5088 eam
2563 5040 2808 5105 tergum,
2843 5041 2900 5089 et
2946 5053 3061 5089 non
3118 5037 3318 5089 faciem
3350 5038 3481 5106 (Jer.
3518 5055 3556 5103 ι,
3608 5042 3722 5105 27).
3756 5062 3779 5087 3

2088 5125 2151 5177 In
2183 5125 2288 5177 hac
2316 5129 2510 5177 autem
2551 5139 2632 5188 re,
2680 5139 2794 5193 qua
2841 5124 3074 5194 sanguis
3131 5125 3358 5177 Domini
3396 5126 3530 5179 Jesu
3580 5129 3779 5181 Christi

2088 5212 2258 5266 etiam
2310 5228 2416 5281 pro
2459 5211 2652 5281 impiis
2691 5213 2751 5264 in
2785 5230 2885 5265 suo
2936 5213 3231 5282 impietate
3283 5214 3561 5282 perituris
3624 5216 3779 5270 fusus

2088 5316 2207 5354 esse
2239 5299 2528 5366 asseritur,
2560 5300 2698 5369 quid
2726 5300 2990 5353 utilitatis
3016 5301 3075 5353 in
3117 5301 3195 5354 eis
3237 5303 3437 5371 egerit,
3472 5304 3624 5358 nihil
3656 5322 3778 5359 om-

2086 5388 2224 5442 nino
2258 5387 2571 5453 invenitur,
2610 5387 2722 5441 nisi
2754 5394 2813 5441 ut
2836 5388 3000 5456 juxta
3044 5389 3493 5458 disputationem
3534 5395 3777 5464 antiqui,

2087 5482 2142 5529 et
2172 5476 2488 5529 ﬁdelissimi
2535 5475 2781 5529 doctoris
2830 5478 3051 5545 (Ηίιαγ.)
3100 5479 3260 5546 cujus
3299 5479 3473 5533 etiam
3505 5481 3779 5547 doctrina,

2087 5570 2146 5618 et
2200 5564 2486 5617 industria
2533 5565 2637 5618 toti
2686 5564 2882 5619 Gallias
2934 5565 3005 5619 ab
3067 5566 3431 5621 infestatione
3486 5572 3777 5639 quondam
