3884 6218
54 347 173 397 1033

49 474 262 528 Arianae
300 474 626 544 impietatis
659 475 773 527 Deo
806 473 1112 527 auxiliante
1142 478 1271 525 ante
1317 472 1602 526 defensae:
1637 472 1743 525 hoc
1780 475 1826 525 Α
1856 470 2076 523 caeteris
2158 470 2487 524 orthodoxis
2571 472 2923 525 concordans
2988 473 3265 540 Patribus,

51 564 119 616 eis
153 580 271 615 non
309 560 385 615 in'
418 563 765 629 remedium,
797 563 895 616 sed
928 563 1072 615 sicut
1114 562 1231 631 jam
1266 578 1438 630 supra
1479 560 1746 622 diximus,

52 651 102 702 in
127 650 374 704 exitium
426 656 812 703 convertatur.
864 650 960 704 Ait
999 666 1249 718 namque
1282 648 1365 701 vir
1406 649 1500 701 ille
1534 647 1736 701 doctis-

52 742 233 803 simus,
284 744 348 792 et
401 756 613 808 magna
660 739 1004 807 eloquentia:
1061 738 1324 791 facultate
1365 737 1559 802 fultus,
1618 752 1748 789 cum

52 832 359 896 exponeret
415 828 586 879 verba
636 826 945 895 Evangelii,
994 826 1050 878 in
1095 826 1302 895 quibus
1341 826 1517 879 Judaei
1570 823 1746 877 obsti-

56 922 169 967 nata
210 917 523 985 impietate
574 915 842 969 adversus
890 916 1199 967 Dominum
1236 915 1440 967 dixisse
1482 914 1751 983 leguntur

128 1004 386 1073 Sanguis
435 1006 559 1073 ejus
606 1020 778 1072 super
827 1020 948 1069 nos,
996 1009 1050 1056 et
1113 1019 1283 1073 super
1328 1002 1476 1055 ﬁlios
1526 1007 1749 1055 nostros

55 1092 261 1155 [Μωιή.
305 1108 485 1157 xxvu,
522 1092 639 1162 15):
676 1113 702 1139 ››
736 1093 848 1145 Hoc
880 1091 987 1144 sibi
1015 1092 1287 1145 Judaicus
1319 1092 1425 1143 hoc
1451 1096 1611 1160 optat
1642 1106 1750 1159 po-

52 1182 207 1248 pulus
229 1180 601 1234 Christianus
630 1180 755 1250 pari
786 1180 981 1247 verbo,
1015 1180 1229 1249 dispari
1271 1185 1417 1232 voto.
1456 1181 1547 1233 Est
1596 1178 1748 1231 enim

55 1284 210 1338 super
244 1285 381 1332 nos,
415 1276 498 1322 est
530 1274 584 1322 et
614 1284 785 1339 super
816 1268 945 1321 illos
974 1284 986 1321 :
1019 1267 1065 1320 si
1088 1284 1262 1336 super
1282 1268 1530 1335 ﬁdelem,
1557 1272 1749 1337 prote-

56 1358 225 1426 gitgsi
259 1374 445 1428 super
476 1358 775 1411 inimicum
822 1356 1079 1427 ponitur,
1134 1357 1375 1426 premit:
1430 1356 1507 1409 sic
1557 1362 1752 1409 tamen

55 1447 189 1516 quod
222 1447 359 1499 illos
403 1446 509 1499 sibi
541 1446 801 1515 adjungit
834 1462 973 1515 quos
1005 1445 1146 1514 tegit
1175 1462 1186 1498 :
1240 1445 1365 1497 illos
1408 1461 1520 1498 non
1573 1443 1752 1511 tangit

57 1552 187 1604 quos
245 1533 499 1606 gravat.)
555 1534 664 1589 Sed
720 1534 877 1587 illam
934 1534 1085 1587 beati
1144 1534 1342 1587 Leonis
1408 1532 1751 1586 sententiam

59 1628 171 1675 licet
217 1641 287 1678 ex
354 1630 520 1694 parte
568 1624 693 1677 aliis
750 1622 937 1676 verbis
997 1628 1052 1674 et
1118 1622 1228 1675 alio
1296 1622 1533 1675 forsitan
1582 1637 1754 1674 sensu

56 1713 319 1779 positam,
354 1712 521 1781 quasi
546 1712 655 1765 hoc
685 1712 770 1764 vir
811 1711 905 1764 ille
956 1711 1219 1778 senserit,
1252 1713 1405 1781 quod
1448 1710 1619 1763 etiam
1649 1726 1752 1779 pro

56 1801 238 1870 impiis
264 1801 327 1854 in
363 1818 468 1854 sua
517 1802 814 1869 impietate
864 1800 1135 1870 perituris
1173 1800 1447 1852 Dominus
1498 1799 1754 1852 Christus

57 1895 309 1942 mortuus
346 1891 441 1954 sit,
472 1889 772 1942 manifesta
810 1889 1018 1942 veritas
1041 1878 1175 1941 'non
1208 1889 1285 1941 ita
1319 1888 1753 1957 intelligendam

60 1978 315 2031 ostendit.
347 1978 440 2032 Ait
487 1994 735 2047 namque
766 1978 898 2030 ille:
953 1976 1186 2047 [Etlusio
1233 1994 1337 2046 pro
1384 1976 1578 2029 multis
1624 1994 1753 2030 san-

62 2062 233 2129 guinis
259 2062 411 2131 justi
439 2066 557 2113 tam
606 2065 809 2129 potens
863 2059 933 2112 ad
982 2060 1368 2129 privilegium,
1428 2066 1541 2112 tam
1599 2060 1752 2113 dives

61 2152 153 2202 fuit
182 2151 250 2203 ad
285 2150 565 2220 pretium,
596 2154 657 2202 ut
682 2147 730 2201 si
760 2164 958 2201 omnes
990 2149 1050 2201 in
1091 2165 1223 2201 eum
1272 2148 1587 2213 crederent,
1624 2149 1750 2202 nul-

62 2238 162 2290 lum
193 2240 503 2307 tyrannica
543 2238 768 2289 vincula
817 2238 1174 2305 retinerent]
1236 2236 1371 2289 Vere
1417 2237 1568 2289 enim
1618 2254 1753 2307 pre-

62 2326 224 2379 tiosus
256 2326 500 2395 sanguis
536 2326 651 2391 ille,
683 2330 738 2378 et
777 2333 980 2395 potens
1013 2326 1225 2378 exstitit
1259 2326 1327 2378 ad
1362 2326 1749 2395 privilegium,

63 2423 109 2467 ut
133 2432 332 2469 omnes
366 2422 563 2486 posset
590 2415 910 2479 redimere;
944 2420 1000 2467 et
1048 2414 1205 2467 dives
1262 2412 1330 2467 ad
1379 2415 1652 2483 pretium,
1695 2418 1754 2466 ut

69 2505 272 2557 nullum
295 2504 623 2574 tyrannica,
655 2503 713 2556 id
746 2509 831 2556 est
862 2502 1142 2556 diabolica
1166 2502 1389 2554 vincula
1418 2502 1750 2567 retinerent,

68 2594 159 2645 nisi
190 2594 289 2662 qui
324 2592 395 2645 ab
455 2593 577 2662 ejus
634 2593 744 2645 ﬁde
798 2590 1020 2645 alienus
1080 2592 1365 2643 existeret.
1429 2593 1489 2644 Et
1535 2590 1662 2644 ideo
1694 2590 1752 2642 in

66 2689 209 2735 tanta
229 2682 550 2752 quzrstione
582 2697 697 2733 non
721 2687 851 2733 sunt
873 2681 1240 2750 proponenda
1261 2681 1598 2749 incongrua,
1637 2696 1753 2732 non

66 2776 183 2823 sunt
226 2770 541 2824 asserenda
584 2770 889 2839 superﬂua.
941 2770 1011 2822 Ut
1044 2770 1100 2822 in
1137 2770 1499 2840 simplicitate
1551 2775 1607 2822 et
1637 2770 1748 2821 sin-

68 2859 281 2912 ceritate
314 2860 416 2912 Dei
466 2860 847 2924 instruantur,
884 2863 939 2911 et
985 2874 1099 2911 non
1150 2858 1206 2913 in
1263 2858 1506 2911 vanitate
1555 2874 1753 2910 sensus

66 2949 250 3013 nostri,
284 2948 344 3001 hi
377 2947 479 3018 qui
509 2964 612 3001 nos
645 2948 887 3001 audiunt
916 2947 1249 3000 illudantur.

660 3072 882 3126 CAPUT
920 3071 1145 3125 XXVIII.

395 3182 467 3232 De
495 3178 972 3247 przedestinatione
1005 3176 1078 3229 ad
1109 3178 1409 3229 interitum.

128 3284 507 3355 Subjungitur
552 3284 611 3337 in
642 3283 840 3337 eadem
872 3283 1112 3353 epistola
1154 3282 1221 3335 de
1256 3283 1383 3351 lege
1424 3282 1609 3351 prima
1639 3286 1749 3335 ter-

68 3375 132 3427 tia
178 3376 523 3445 quaestione,
592 3373 649 3426 id
707 3378 794 3427 est
846 3394 872 3422 «
929 3372 1425 3442 praedestinatione
1470 3371 1679 3438 divina,
1720 3390 1748 3423 ››

68 3480 235 3516 sermo
267 3464 549 3533 prolixus,
581 3460 680 3531 qui
708 3477 825 3513 non
853 3464 1006 3514 totus
1048 3460 1240 3525 simul,
1290 3460 1387 3512 sed
1420 3474 1521 3528 per
1563 3464 1750 3529 partes

67 3552 355 3618 ponendus
406 3556 464 3603 et
510 3549 837 3603 tractandus
891 3548 1057 3602 nobis
1098 3548 1340 3615 videtur,
1401 3547 1480 3600 ita
1531 3563 1590 3599 se
1649 3548 1749 3601 lia-

70 3638 213 3692 hens.

700 3740 1103 3781 HINCMARUS.

131 3856 153 3885 α
188 3836 414 3901 Dicunt,
446 3834 658 3904 inquit,
696 3833 829 3903 quia
864 3854 891 3881 ‹‹
940 3834 1039 3903 qui
1088 3849 1287 3887 omnes
1340 3832 1603 3886 homines
1632 3834 1752 3887 vult

72 3926 233 3978 salvos
264 3925 413 3990 ﬁeri,
450 3931 505 3976 et
535 3923 827 3976 neminem
870 3923 987 3975 vult
1012 3922 1221 3991 perire,
1260 3927 1315 3975 et
1344 3922 1441 3992 qui
1474 3938 1577 3991 pro
1628 3938 1747 3973 om-

70 4014 218 4066 nibus
243 4030 446 4084 passus
484 4018 589 4076 est,
628 4032 649 4059 ι
681 4012 971 4064 neminem
1004 4011 1433 4080 praedestinavit
1464 4010 1531 4063 ad
1566 4010 1749 4063 inter—

73 4102 196 4156 itum
248 4103 338 4155 vel
396 4102 591 4170 ignem
656 4105 977 4153 aeternum:
1036 4100 1129 4153 sed
1188 4116 1252 4153 ex
1308 4116 1493 4153 massa
1535 4099 1749 4169 peccati

72 4192 355 4259 quosdam,
392 4191 539 4243 sicut
569 4188 871 4259 praescivit,
923 4189 1372 4256 prtedestinavit,
1414 4189 1469 4241 id
1503 4194 1587 4242 est
1613 4204 1749 4257 gra—

74 4278 137 4330 tia
159 4280 498 4349 praeparavit
532 4279 600 4332 ad
651 4278 820 4330 vitam
854 4282 909 4330 et
938 4293 1200 4346 regnum,
1236 4282 1288 4330 et
1333 4277 1446 4330 illis
1477 4277 1651 4329 vitam
1687 4292 1750 4329 ac

72 4381 293 4436 regnum
327 4367 772 4437 praedestinavit,
808 4367 863 4419 id
888 4371 972 4419 est
1002 4367 1185 4435 gratia
1212 4365 1556 4435 praéparavit
1586 4369 1749 4418 aeter-

76 4471 218 4509 num:
256 4456 567 4525 Evangelio
604 4459 742 4507 teste
766 4454 1053 4524 quidicit:
1087 4454 1350 4520 «Venite,
1384 4453 1689 4519 benedicti,
1718 4472 1743 4499 ι)

75 4543 119 4595 id
143 4552 221 4597 est
252 4546 322 4598 de
354 4544 540 4613 prima
576 4542 975 4595 maledictione
1008 4544 1192 4611 gratia
1244 4542 1443 4612 erepti,
1477 4542 1661 4608 electi,
1696 4547 1752 4595 et

77 4634 467 4700 praedestinati,
506 4651 533 4681 «
563 4632 836 4702 percipite
881 4648 1142 4701 regnum,
1191 4631 1344 4701 quod
1377 4630 1535 4684 vobis
1580 4647 1751 4700 para—-

78 4729 177 4775 tum
211 4729 316 4788 est,
346 4743 374 4772 »
411 4722 467 4774 id
492 4727 576 4773 est
608 4720 759 4790 quod
792 4720 950 4772 vobis
980 4720 1450 4788 prtedestinatum
1486 4724 1587 4786 est,
1625 4738 1651 4769 (ί
1681 4719 1751 4773 ab

80 4811 275 4881 origine
326 4811 531 4863 mundi
565 4808 784 4879 (Matth.
830 4824 956 4873 xxv,
987 4808 1101 4874 3i).
1145 4829 1164 4854 ι
1203 4807 1487 4871 Quosdam
1535 4814 1750 4877 autem,

80 4900 199 4954 sicut
222 4898 529 4970 prasscivit,
565 4914 679 4950 non
700 4898 769 4950 ad
802 4902 1043 4950 mortem
1074 4912 1259 4966 neque
1278 4897 1349 4949 ad
1379 4897 1574 4965 ignem
1606 4913 1747 4966 prte-

82 4986 384 5053 destinavit,
418 4987 517 5039 sed
552 4986 611 5038 in
640 5002 825 5039 massa
867 4985 1084 5055 peccati
1130 4990 1185 5037 et
1223 4984 1563 5053 perditionis
1601 4984 1752 5052 juste

83 5075 326 5141 deseruit,
361 5092 394 5129 a
426 5092 541 5145 qua
580 5090 679 5127 eos
708 5073 1213 5143 praedestinatione
1253 5089 1375 5136 sua,
1412 5073 1467 5125 id
1501 5078 1585 5125 est
1616 5089 1752 5143 gra-

83 5164 157 5218 tia:
210 5164 658 5236 praiparatione,
693 5162 935 5223 occulto,
982 5163 1077 5215 sed
1125 5177 1239 5214 non
1284 5161 1496 5231 injusto
1535 5160 1751 5229 judicio

85 5268 424 5324 nequaquam
480 5251 713 5321 eripuit.
754 5251 897 5314 Quia
946 5251 1090 5303 sicut
1134 5250 1337 5303 beatus
1386 5250 1620 5319 exponit
1650 5253 1756 5303 Au-

86 5344 321 5409 gustinus
353 5342 443 5411 (de
478 5341 652 5395 Praed.
689 5345 900 5405 sanct.,
946 5355 1067 5408 cap.
1131 5338 1213 5406 t0)
1246 5353 1258 5389 :
1306 5338 1756 5407 [Prredestinatio

87 5436 152 5483 est
175 5432 369 5502 gratim
404 5430 773 5501 praeparatio,
798 5428 982 5499 gratia
1005 5432 1195 5481 autem
1222 5431 1305 5479 est
1340 5426 1467 5480 vita:
1499 5426 1753 5491 donatio,

86 5517 135 5572 id
156 5527 232 5574 est
287 5520 473 5590 ipsius
526 5515 1055 5588 praedestinationis
1111 5512 1392 5584 effectus]
1448 5515 1513 5568 Et
1561 5514 1758 5567 beatus

89 5607 325 5679 Prosper,
359 5607 423 5660 in
452 5606 560 5659 hac
592 5621 651 5659 re
703 5604 881 5658 sancti
920 5602 1222 5673 Augustini
1269 5601 1577 5672 expositor,
1628 5617 1757 5655 cum

381 5695 678 5754 PATROL.
726 5690 951 5754 CXXI.

1272 342 1479 397 LIBER
1522 343 1610 397 DE
1650 340 1901 396 TRIBUS
1944 339 2317 396 EPISTOLIS.

3417 344 3549 397 1034

3369 473 3507 527 dicit
3536 488 3547 528 :

1861 561 2004 629 [Non
2036 565 2119 615 est
2148 560 2592 631 prmdestinaiiO,
2644 560 2755 613 nisi
2788 560 2943 630 quod
2990 562 3053 615 ad
3104 563 3322 615 donum
3374 562 3553 632 perti-

1860 655 1957 704 net
1986 652 2203 719 gratiae,
2232 655 2329 704 aut
2358 650 2428 703 ad
2462 649 2897 703 retributionem
2921 650 3204 722 justitize.]

2512 806 2888 845 RESPONSIO.

1931 916 1994 969 In
2027 915 2233 985 quibus
2266 914 2450 967 verbis
2497 915 2650 985 quod
2702 915 2930 981 dicitur,
2983 915 3117 985 quia
3148 934 3175 965 α
3226 916 3323 986 qui
3354 932 3552 970 omnes

1859 1004 1981 1056 vult
2010 1004 2189 1056 salvos
2214 1003 2356 1070 ﬁeri,
2398 1026 2417 1049 ι
2455 1008 2511 1056 et
2551 1025 2576 1051 ‹‹
2611 1004 2903 1056 neminem
2936 1006 3054 1056 vult
3083 1004 3292 1072 perire,
3318 1024 3344 1053 ι)
3378 1010 3433 1057 et
3452 1004 3552 1075 qui

1858 1108 1963 1162 pro
2005 1092 2275 1146 omnibus
2323 1108 2519 1162 passus
2566 1096 2668 1155 est,
2722 1092 3017 1145 neminem
3066 1092 3555 1161 praedestinaverit

1860 1181 1930 1234 ad
1970 1181 2269 1234 interitum
2298 1181 2385 1233 vel
2431 1180 2624 1250 ignem
2674 1186 2975 1245 aeternum,
3032 1181 3387 1251 apertissime
3419 1197 3555 1234 con-

1862 1270 2098 1322 trarium
2130 1275 2213 1321 est
2241 1268 2402 1322 ﬁdei:
2466 1286 2579 1338 qua
2618 1285 2768 1331 vere,
2812 1274 2868 1322 et
2913 1269 3161 1322 ﬁdeliter
3200 1269 3473 1333 creditur,
3500 1273 3557 1323 et

1862 1357 2135 1411 deﬁnitur
2163 1358 2312 1427 quod
2353 1358 2719 1428 omnipotens
2770 1359 2918 1411 Deus
2966 1358 3160 1411 omnia
3210 1374 3386 1427 opera
3433 1374 3555 1423 sua,

1862 1462 1989 1514 quae
2023 1452 2144 1499 erat
2182 1447 2299 1517 ipse
2345 1446 2614 1514 facturus,
2666 1462 2792 1516 qua:
2846 1446 3046 1516 utique
3090 1462 3389 1516 nunquam
3435 1463 3555 1499 esse

1860 1540 2101 1603 possunt
2133 1534 2241 1587 nisi
2269 1535 2422 1603 justa
2453 1538 2507 1586 et
2548 1540 2717 1597 recta,
2756 1536 2899 1587 sicut
2932 1534 2992 1586 in
3040 1536 3267 1587 Psalmo
3300 1535 3553 1589 canitur:

1863 1640 1891 1671 ‹‹
1917 1623 2107 1675 Justus
2142 1622 2415 1675 Dominus
2448 1621 2505 1674 in
2533 1622 2799 1675 omnibus
2833 1623 2960 1688 viis,
2991 1622 3126 1689 suis,
3160 1628 3214 1675 ct
3244 1632 3470 1677 sanctus
3495 1624 3553 1676 in

1863 1709 2135 1763 omnibus
2210 1710 2479 1778 operibus
2519 1710 2633 1761 suis
2709 1711 3105 1779 (Psal.cxi.1v,
3176 1714 3291 1777 l7),
3354 1732 3380 1759 »
3422 1717 3553 1765 ante

1863 1799 2060 1851 omnia
2108 1799 2335 1863 saecula,
2393 1805 2449 1852 et
2505 1798 2799 1851 verissime
2859 1799 3174 1869 praescierit
3231 1800 3441 1865 futura,
3502 1804 3558 1853 et

1861 1886 2240 1940 immobiliter
2308 1886 2820 1957 praadestinaverit,
2886 1888 2941 1941 id
3013 1893 3097 1941 est
3169 1888 3450 1953 statuerit,
3502 1893 3559 1942 et

1862 1976 2199 2045 praeﬁnierit
2240 1975 2515 2028 facienda.
2552 1977 2708 2029 Justa
2741 1977 2951 2046 quippe
3000 1976 3313 2045 impiorum
3360 1981 3415 2029 et
3443 1977 3556 2031 ini-

1864 2081 2106 2134 quorum
2161 2064 2218 2116 in
2269 2070 2480 2117 azterna
2538 2069 2736 2127 morte,
2801 2071 2972 2133 atque
3034 2065 3092 2117 in
3147 2072 3361 2118 aeterno
3422 2064 3556 2135 igne

1862 2154 2173 2218 damnatio,
2224 2170 2366 2222 opus
2412 2152 2493 2205 est
2541 2154 2737 2221 procul
2791 2152 2964 2205 dubio
3004 2153 3143 2221 justi
3189 2155 3387 2223 judicii
3432 2156 3553 2223 Dei,

1864 2261 1892 2293 ‹‹
1924 2241 2022 2311 qui
2054 2241 2251 2294 reddet
2282 2241 2595 2309 unicuique
2643 2240 2955 2293 secundum
2990 2257 3162 2310 opera
3219 2243 3341 2312 ejus
3375 2244 3552 2313 (Rom.

1863 2346 1922 2395 Il,
1956 2330 2028 2399 6).
2066 2352 2090 2377 ››
2148 2330 2209 2382 Et
2254 2328 2462 2382 idcirco
2522 2345 2747 2398 semper
2804 2328 2954 2398 apud
3014 2346 3144 2382 eum
3195 2332 3430 2396 exstitit,
3494 2337 3551 2385 et

1860 2434 1990 2471 vere
2022 2418 2371 2488 prmscitum,
2414 2422 2467 2469 et
2518 2416 2669 2486 juste
2728 2418 3223 2486 praedestinatum,
3282 2421 3403 2489 qui,
3463 2426 3554 2473 at-

1860 2510 2102 2559 testante
2137 2507 2437 2576 propheta,
2470 2528 2489 2552 ι
2525 2505 2654 2559 fecit
2686 2522 2813 2575 quae
2853 2506 3046 2559 futura
3088 2514 3221 2561 sunt
3247 2508 3384 2575 (Isa.
3418 2524 3551 2572 XLV,

1868 2597 1949 2661 ll,
1984 2609 2085 2648 sec.
2125 2596 2313 2662 LXX).
2352 2618 2377 2641 ››
2425 2595 2563 2647 Nam
2603 2594 2649 2647 si
2708 2596 2811 2647 hoc
2871 2594 2930 2647 in
2988 2600 3199 2649 {eterna
3246 2598 3369 2667 ejus
3402 2614 3555 2666 prte-

1864 2680 2117 2746 scientia,
2171 2685 2227 2733 et
2274 2680 2770 2750 prmdestinatione
2824 2697 2938 2733 non
2987 2681 3204 2746 fuisset,
3255 2700 3553 2753 nunquam

1862 2769 1985 2837 ejus
2016 2786 2157 2838 opus
2189 2774 2353 2835 esset,
2398 2784 2693 2838 nunquam
2742 2771 3137 2838 temporaliter
3185 2772 3307 2825 ﬁeri
3339 2772 3555 2841 potuis-

1863 2870 1964 2911 set.
2001 2857 2145 2921 Quia
2176 2874 2346 2910 omne
2378 2872 2524 2926 opus
2554 2874 2721 2909 suum
2772 2858 2864 2910 ille
2904 2860 3277 2927 praesciendo,
3322 2866 3373 2913 et
3406 2878 3551 2931 prae-

1863 2946 2203 2999 destinando
2233 2946 2545 3015 praevenit:
2582 2950 2637 2998 et
2684 2947 2812 2999 ideo
2860 2946 2999 3001 nihil
3041 2952 3124 3000 est
3164 2947 3223 3000 in
3256 2949 3378 3019 ejus
3409 2965 3552 3018 ope-

1862 3036 2019 3089 ribus
2051 3036 2330 3097 futurum,
2362 3033 2513 3103 quod
2552 3034 2670 3104 ipse
2698 3050 2815 3087 non
2859 3035 3193 3105 prmscierit,
3228 3042 3284 3089 et
3328 3038 3547 3107 praede-

1863 3124 2159 3177 stinaverit
2190 3139 2247 3175 se
2301 3138 2421 3176 esse
2457 3123 2763 3176 facturum.
2814 3124 3027 3177 Deinde
3079 3125 3427 3179 contrarium
3471 3130 3554 3180 est

1860 3213 2032 3265 etiam
2066 3213 2359 3279 doctrinae,
2392 3218 2449 3265 et
2479 3212 2912 3265 deﬁnitionibus
2938 3219 3265 3267 sanctorum
3300 3216 3549 3268 Patrum.

1860 3301 1969 3364 Qui
2003 3302 2063 3355 in
2119 3307 2420 3372 utramque
2470 3308 2713 3371 partem,
2748 3307 2861 3355 tam
2920 3302 3179 3375 videlicet
3221 3304 3550 3371 electorum,

1860 3406 2033 3461 quam
2083 3390 2457 3461 reproborum
2508 3392 2672 3459 (quia
2721 3396 2775 3443 et
2834 3391 3062 3443 illorum
3113 3392 3451 3461 gloriﬁcatio
3499 3399 3556 3447 et

1858 3480 2096 3532 istorum
2130 3479 2524 3532 condemnatio
2548 3480 2768 3547 justum
2805 3479 2904 3532 Dei
2954 3495 3096 3548 opus
3145 3482 3249 3547 est)
3299 3481 3552 3535 divinam

1858 3568 2423 3640 prazdestinationem
2480 3582 2694 3635 ponere
2745 3584 2854 3620 non
2894 3568 3175 3631 dubitant,
3229 3569 3396 3622 sicuti
3430 3572 3551 3638 jam

1859 3673 2031 3726 supra
2064 3656 2196 3709 satis
2237 3654 2462 3708 anobis
2512 3660 2802 3708 ostensum
2852 3660 2953 3708 est.
3008 3657 3071 3709 Et
3118 3656 3249 3709 ideo
3302 3658 3551 3710 multum

1858 3761 2085 3799 necesse
2127 3749 2212 3797 est
2243 3749 2305 3796 ut
2363 3748 2694 3811 agnoscant,
2751 3743 2849 3813 qui
2899 3744 2979 3797 ita
3030 3744 3308 3811 sentiunt,
3366 3745 3548 3799 mani-

1857 3835 2061 3889 festam
2103 3833 2235 3887 ﬁdei
2283 3832 2577 3885 veritatem
2627 3837 2683 3884 et
2736 3832 3196 3885 fundatissimam
3245 3835 3546 3889 beatcrum

1862 3925 2093 3977 Patrum
2127 3922 2561 3985 auctoritatem;
2597 3925 2671 3987 et,
2702 3920 2851 3991 quod
2899 3921 2979 3974 eis
3011 3923 3339 3976 nullatenus
3372 3940 3549 3993 expe-

1858 4012 1959 4078 dit,
1987 4028 2105 4065 non
2152 4013 2427 4081 spernant
2453 4026 2641 4079 neque
2705 4010 2973 4079 abjiciant
3031 4010 3158 4063 illos
3216 4011 3285 4065 de
3342 4013 3549 4083 quibus

1863 4101 2137 4154 Dominus
2166 4101 2244 4153 ait
2272 4118 2283 4153 :
2318 4119 2344 4149 ((
2380 4099 2485 4163 Qui
2535 4116 2630 4152 vos
2661 4100 2837 4165 audit,
2886 4116 2974 4152 me
3001 4100 3177 4167 audit,
3236 4107 3293 4155 et
3321 4103 3420 4173 qui
3454 4118 3549 4156 vos

1859 4189 2098 4259 spernit,
2136 4205 2225 4241 me
2258 4188 2494 4257 spernit.
2530 4188 2678 4256 (Luc.
2708 4205 2759 4255 x,
2805 4190 2911 4256 l6.)
2947 4209 2967 4234 ν

1929 4278 2086 4340 Quod
2119 4277 2166 4329 si
2204 4277 2333 4330 ideo
2366 4276 2447 4329 eis
2490 4276 2710 4330 videtur
2731 4276 3066 4343 absurdum,
3118 4279 3254 4347 quia
3287 4279 3552 4349 omnipo-

1794 4377 1834 4429 ι)
1860 4369 1987 4419 tens
2020 4367 2165 4419 Deus
2202 4366 2472 4435 reprobos
2504 4364 3000 4434 prtedestinavcrit
3028 4366 3101 4419 ad
3151 4367 3449 4421 interitum
3498 4374 3553 4421 et

1860 4454 1931 4507 ad
1961 4453 2153 4524 ignem
2184 4459 2485 4515 aeternum,
2520 4454 2795 4523 quoniam
2844 4456 2997 4507 velut
3034 4454 3366 4509 incredibile
3398 4457 3549 4509 vide-

1860 4546 1972 4607 tur,
2000 4549 2061 4595 ut
2093 4564 2119 4589 ‹‹
2154 4543 2254 4612 qui
2304 4558 2503 4596 omnes
2539 4543 2657 4595 vult
2697 4543 2922 4605 salvari,
2958 4565 2976 4587 η
3014 4546 3069 4594 et
3099 4542 3197 4611 qui
3227 4559 3331 4611 pro
3361 4545 3549 4596 omni-

1859 4631 1964 4684 bus
1996 4636 2257 4684 mortuus
2288 4633 2554 4695 creditur,
2592 4630 2842 4699 aliquem
2875 4645 3071 4681 eorum
3104 4631 3549 4698 przedestinave-

1860 4719 1936 4772 rit
1970 4719 2037 4772 ad
2067 4718 2535 4772 damnationem:
2573 4717 2888 4785 recogitent
2926 4716 3225 4785 attentius,
3279 4718 3413 4788 quia
3447 4720 3551 4773 etsi

1860 4808 1961 4861 illa
2008 4807 2174 4860 verba
2216 4806 2476 4877 Apostoli
2523 4806 2860 4875 simpliciter
2907 4805 3305 4875 intelligantur
3346 4809 3553 4878 quibus

1859 4897 1928 4950 de
1962 4897 2076 4949 Deo
2109 4895 2262 4961 dicit,
2298 4916 2325 4943 ‹‹
2356 4895 2454 4964 qui
2476 4894 2596 4946 vult
2626 4910 2827 4946 omnes
2850 4894 3108 4946 homines
3140 4895 3322 4948 salvos
3341 4897 3485 4963 ﬁeri,
3526 4918 3546 4943 ι

1862 4985 2085 5039 duobus
2145 4983 2329 5036 modis
2384 4984 2489 5035 hoc
2547 4984 2727 5035 Deum
2768 4999 2937 5052 agere
2992 4982 3377 5038 certissimum
3430 4991 3549 5039 est:

1866 5075 2003 5128 dum
2038 5072 2178 5125 alios
2201 5072 2278 5124 ita
2313 5094 2335 5117 κ(
2384 5071 2500 5123 vult
2535 5071 2715 5123 salvos
2750 5070 2893 5137 ﬁeri,
2951 5094 2977 5117 ν
3027 5076 3090 5123 ut
3138 5088 3234 5125 eos
3280 5074 3401 5142 ipse
3428 5090 3551 5128 om-

1866 5163 2003 5215 nino
2039 5161 2206 5213 faciat
2250 5159 2454 5224 salvos,
2519 5158 2663 5211 sicut
2711 5175 2909 5211 omnes
2950 5160 3191 5212 electos:
3228 5160 3369 5213 alios
3419 5176 3553 5213 vero

1864 5251 1944 5303 ita
1973 5248 2103 5302 velit
2131 5248 2312 5300 salvos
2344 5247 2490 5308 ﬁeri,
2528 5251 2588 5299 ut
2632 5264 2729 5300 eos
2787 5248 3023 5300 omnino
3069 5263 3183 5300 non
3230 5249 3425 5313 salvet,
3458 5249 3555 5303 sed

1864 5338 1925 5390 in
1959 5342 2234 5389 asternum
2267 5336 2454 5404 perire
2494 5335 2809 5403 permittat,
2844 5336 2988 5388 sicut
3018 5334 3214 5404 utique
3243 5352 3442 5389 omnes
3472 5353 3557 5390 re-

1864 5424 2094 5495 probos,
2129 5438 2270 5493 quos
2304 5422 2468 5492 juxta
2521 5424 2674 5475 hunc
2728 5438 2982 5487 sensum,
3022 5428 3079 5475 et
3110 5443 3138 5472 «
3184 5428 3246 5477 ut
3275 5423 3558 5495 benignus

1868 5513 2103 5566 Creator
2136 5530 2161 5563 ››
2196 5508 2401 5563 salvari
2431 5510 2628 5576 voluit,
2648 5514 2707 5564 et
2736 5530 2763 5561 α
2791 5512 3054 5580 utjustus
3073 5510 3252 5565 Judex
3282 5534 3300 5559 ι
3327 5517 3559 5567 aeterna:

1868 5600 2176 5670 perditioni
2207 5597 2459 5653 tradidit.
2498 5598 2652 5653 Sicut
2691 5614 2827 5669 ergo
2859 5604 2914 5653 ct
2951 5599 3263 5654 bonitatem
3310 5616 3468 5653 suam
3504 5602 3561 5655 in

3146 5691 3228 5748 33
