3884 6218
314 285 331 332 -1
346 282 447 331 035

1425 278 1478 329 S.
1523 273 1800 330 REMlGll
1843 272 2329 331 LUGDUNENSIS
2370 272 2690 328 EPISCOPI
2741 352 2744 358 Ι

3683 278 3813 328 103ῇ

312 415 392 468 eis
422 413 690 479 ostendit,
728 411 861 482 quia
893 387 997 463 eos
1021 409 1223 463 salvari
1265 408 1462 475 voluit,
1496 412 1551 461 et
1595 413 1787 461 tamen
1837 407 2000 460 boni-
2036 411 2081 460 A
2111 408 2308 476 gratim
2338 408 2777 477 praeparatione,
2813 407 2882 461 ab
2909 407 3006 460 illa
3036 407 3422 461 damnationis
3457 412 3512 460 et
3543 407 3817 476 perditio-

311 507 396 556 tas
453 502 576 570 ejus
629 517 744 553 non
797 498 1091 569 impedivit
1142 497 1499 550 severitatem
1551 497 1693 566 ejus,
1746 512 1860 566 qua
1912 512 2006 548 eos

302 592 454 661 justc
489 589 817 653 damnavit;
849 587 928 640 ita
982 588 1180 641 eadem
1228 586 1456 639 bonitas
1508 586 1630 655 ejus
1678 585 2005 637 nullatenus

307 677 608 747 impedivit
641 675 1202 746 praedestinationem
1237 675 1359 744 ejus
1385 674 1647 741 justitias,
1681 675 1818 726 dum
1861 689 2004 742 quos

308 765 404 818 ille
435 764 616 816 salvos
642 763 766 816 ﬁeri
792 762 989 829 voluit,
1024 767 1077 814 et
1105 761 1334 830 iniquos
1363 762 1584 812 futuros
1613 775 1839 829 semper
1869 776 2005 829 pree-

309 853 487 919 scivit,
540 858 595 906 et
651 852 708 904 in
767 850 1062 920 iniquitate
1118 866 1219 902 sua
1270 865 1694 918 permansuros,
1737 850 1885 918 juste
1935 848 2000 901 ad

308 940 601 994 interitum
638 937 1088 1009 praedestinavit.
1123 938 1206 989 Ita
1246 941 1301 989 et
1332 936 1377 988 si
1411 951 1511 1006 pro
1534 936 1800 988 omnibus
1828 935 2002 988 etiam

307 1029 367 1082 in
396 1046 496 1082 sua
528 1029 822 1097 impietate
863 1025 1132 1096 perituris
1177 1025 1434 1078 Christus
1470 1029 1732 1076 mortuus
1777 1029 1879 1090 est,
1926 1025 2004 1076 sic

310 1118 392 1172 eis
423 1117 682 1170 exhibuit
719 1116 1030 1169 bonitatem
1077 1113 1358 1183 passionis
1403 1127 1540 1178 suae,
1578 1117 1637 1164 ut
1677 1117 1868 1164 tamen
1895 1109 2005 1162 hu-

302 1205 559 1277 jusmodi
584 1204 794 1273 impios
825 1205 883 1256 in
929 1219 1029 1255 sua
1060 1203 1355 1271 impietate
1405 1215 1810 1270 permansuros
1849 1198 2003 1267 justo

309 1309 412 1346 suo
437 1291 654 1362 judicio
684 1288 1166 1343 condemnaverit.
1202 1287 1357 1341 Sicut
1386 1287 1505 1356 ipse
1537 1285 1636 1352 ait,
1673 1305 1700 1336 ι(
1749 1285 1854 1348 Qui
1889 1300 2003 1338 non

308 1380 509 1443 credit,
535 1380 656 1448 jam
698 1377 990 1448 judicatus
1039 1379 1122 1428 est
1154 1375 1329 1444 (Jaan.
1390 1391 1469 1440 ιιι,
1527 1373 1631 1443 18).
1696 1392 1723 1424 ››
1785 1374 1848 1425 Et
1873 1373 2001 1425 ideo

306 1467 530 1519 bonitas
561 1467 704 1536 ejus,
768 1464 903 1534 quia
963 1464 1132 1515 etiam
1177 1479 1278 1532 pro
1327 1461 1536 1514 talibus
1585 1478 1783 1530 passus
1821 1460 2001 1514 credi-

308 1557 424 1621 tur,
458 1570 572 1607 non
606 1552 897 1606 evacuavit
926 1567 1062 1622 erga
1105 1567 1200 1603 eos
1236 1550 1796 1620 prmdestinationem
1841 1551 1998 1618 ejus:

309 1659 420 1713 qua
454 1659 548 1695 eos
579 1657 825 1711 semper,
871 1645 926 1694 et
955 1640 1240 1710 przescivit
1271 1640 1330 1690 in
1379 1654 1480 1690 sua
1532 1637 1828 1706 impietate
1870 1653 2000 1706 per-

308 1747 626 1796 mansuros,
657 1735 713 1784 et
743 1727 1169 1799 praedestinavit
1189 1726 1341 1796 juste
1372 1726 1678 1796 perituros.

380 1819 667 1889 Quidquid
699 1834 835 1887 ergo
859 1821 989 1887 post
1006 1816 1182 1868 istain
1201 1815 1290 1868 his
1320 1814 1506 1868 verbis
1530 1816 1597 1867 de
1625 1820 1838 1866 aeterna
1857 1828 2001 1883 prm-

309 1906 693 1962 destinatione
725 1911 1048 1958 sanctorum
1082 1903 1291 1957 dicitur
1317 1903 1386 1955 ad
1410 1917 1647 1971 regnum
1665 1901 1902 1955 etvitam
1927 1916 2001 1954 ae-

307 2003 530 2050 ternam
560 1995 838 2048 catholica
869 1999 925 2047 et
954 1992 1200 2046 ﬁdeliter
1229 1991 1470 2045 dicitur:
1517 1991 1652 2061 quia
1679 1990 1798 2042 sine
1830 1989 2002 2043 dubio

305 2090 422 2138 tam
454 2085 636 2154 pium,
671 2088 725 2136 et
760 2088 876 2136 tam
909 2082 1220 2152 gloriosum
1261 2095 1405 2150 opus
1442 2095 1631 2146 suum,
1667 2085 1722 2131 et
1762 2083 2001 2131 aeterna-

306 2174 437 2227 liter
480 2172 847 2241 omnipotens
898 2169 1184 2240 praescivit
1226 2168 1505 2233 futurum,
1559 2173 1614 2220 et
1656 2167 2004 2220 aeternaliter

304 2261 731 2332 przedcstinavit
763 2276 820 2312 se
853 2276 974 2312 esse
1023 2259 1328 2311 facturum.
1388 2255 1534 2320 Quid
1579 2260 1770 2309 autem
1807 2255 1875 2308 de
1906 2271 2001 2307 re-

304 2351 503 2421 probis
534 2349 626 2403 hic
657 2349 994 2415 afﬁrmatur,
1030 2347 1164 2417 quia
1193 2346 1424 2400 eosdem
1457 2345 1824 2414 omnipotens
1855 2345 2002 2397 Deus

308 2453 675 2507 nequaquam
706 2435 1196 2505 praedestinaverit
1225 2435 1291 2488 ad
1322 2439 1565 2487 mortem
1598 2434 1680 2486 vel
1708 2433 1775 2486 ad
1808 2433 2000 2502 ignem

309 2531 611 2590 aeternum,
647 2524 744 2577 sed
804 2523 1206 2577 tantummodo
1263 2522 1576 2593 praescierit
1630 2539 1727 2575 eos
1771 2527 2001 2574 aeterna:

306 2614 476 2667 morti
524 2629 646 2667 esse
697 2613 996 2666 tradendos
1043 2616 1098 2665 et
1146 2617 1425 2682 perpetuo
1479 2611 1601 2680 igni
1641 2610 1998 2676 cruciandos,

313 2701 638 2755 nullatenus
679 2705 764 2754 est
809 2700 1241 2770 recipiendum;
1290 2700 1423 2770 quia
1472 2699 1640 2767 (sicut
1687 2699 1809 2769 jam
1866 2699 2002 2752 satis

305 2806 480 2860 supra
526 2795 815 2844 ostensum
861 2790 965 2858 est)
1017 2805 1160 2858 opus
1210 2805 1377 2842 suum
1428 2794 1546 2842 tam
1588 2789 1834 2857 justum,
1887 2791 2000 2840 tam

302 2894 600 2949 magnum,
638 2884 695 2932 et
725 2877 998 2942 terribile,
1043 2893 1156 2947 quo
1193 2893 1391 2930 omnes
1438 2877 1648 2945 impios
1693 2876 1999 2930 damnatu-

302 2983 431 3020 rum
461 2983 520 3020 se
568 2983 689 3019 esse
736 2965 1004 3032 decrevit,
1052 2969 1106 3017 et
1147 2969 1362 3018 (eterna
1406 2965 1644 3018 veritate
1697 2963 1997 3033 praescivit,

303 3060 359 3108 et
406 3059 622 3107 aeterna
669 3052 894 3121 justitia
944 3051 1369 3120 praeordinavit,
1441 3067 1504 3104 ac
1557 3051 1880 3120 praetinivit.
1933 3052 2000 3104 Et

304 3142 517 3195 mirum
548 3141 706 3194 valde
759 3144 861 3206 est,
898 3139 1184 3209 quomodo
1228 3155 1434 3208 negare
1475 3139 1831 3192 contendunt
1867 3155 1999 3192 eum

304 3236 577 3282 aeternam
610 3228 868 3298 ipsorum
902 3227 1332 3280 damnationem
1367 3227 1822 3297 praedestinasse,
1856 3243 2000 3297 quos

297 3319 416 3387 jam
451 3317 519 3370 ab
554 3317 679 3386 ipso
713 3315 912 3369 mundi
941 3315 1174 3369 exordio
1206 3331 1334 3368 cum
1372 3317 1587 3385 primus
1605 3315 1776 3368 homo
1801 3331 1998 3383 pecca-

309 3408 408 3473 vit,
439 3410 494 3460 et
523 3421 692 3459 omne
728 3405 1043 3458 humanum
1101 3419 1280 3473 genus
1327 3421 1392 3457 ex
1452 3422 1511 3458 se
1563 3404 1999 3475 propagandum

302 3509 478 3547 unam
517 3509 766 3546 massam
793 3493 1197 3558 damnationis,
1234 3498 1288 3546 et
1317 3492 1657 3563 perditionis
1689 3491 1843 3560 fecit,
1876 3508 1994 3544 ma-

306 3582 510 3635 nifeste
544 3582 736 3636 dicant
763 3582 825 3635 in
863 3581 1064 3635 eadem
1115 3581 1503 3635 damnationis
1558 3587 1613 3634 et
1660 3579 1999 3650 perditionis

301 3687 485 3725 massa
513 3672 667 3740 justo
703 3671 802 3724 Dei
836 3670 1056 3746 judicio
1090 3670 1395 3740 deputatas
1426 3670 1826 3723 etderelictos.
1853 3666 1999 3730 Quid

306 3765 390 3814 est
414 3760 567 3814 enim
598 3761 782 3813 massa
832 3759 1219 3813 damnationis
1268 3765 1323 3812 et
1373 3758 1710 3829 perditionis
1735 3757 1804 3811 ab
1833 3756 1997 3809 initio

301 3848 502 3902 mundi
532 3848 723 3902 divino
750 3847 968 3917 judicio
1020 3846 1241 3912 effecta,
1295 3847 1403 3900 nisi
1435 3847 1633 3900 eodem
1680 3845 1870 3899 divino
1894 3844 1995 3913 ju-

301 3935 448 3989 dicio
478 3941 707 3988 aeternae
731 3935 1092 3988 damnationi
1113 3939 1165 3988 et
1185 3934 1488 4004 perditioni
1515 3934 1798 3987 destinata
1817 3937 1996 3985 ettra-

303 4025 416 4078 dita
443 4026 472 4078 ?
503 4025 559 4078 Si
593 4025 744 4077 enim
780 4023 1182 4076 tantummodo
1211 4022 1473 4092 praescita
1505 4027 1587 4075 est
1618 4022 1685 4075 ad
1720 4026 1995 4074 cateruam

303 4116 736 4169 damnationem
782 4120 836 4167 et
883 4115 1286 4183 perditionem,
1330 4115 1552 4167 nullum
1584 4114 1664 4166 ibi
1696 4114 1883 4167 adhuc
1913 4117 1999 4165 est

301 4203 562 4257 divinum
582 4203 868 4273 judicium
895 4220 907 4256 :
947 4205 1012 4256 Et
1046 4204 1337 4273 quomodo
1371 4204 1511 4256 tales
1538 4203 1597 4256 in
1627 4219 1814 4256 massa
1843 4202 1999 4255 dam-

2113 496 2200 548 nis
2233 511 2417 548 massa
2453 511 2815 565 nequaquam
2857 496 3086 565 eripuit.
3125 514 3150 545 ι
3203 504 3257 549 et
3308 513 3376 549 ex
3427 495 3619 561 verbis
3663 495 3816 547 beati

2113 583 2418 652 Augustini
2494 583 2781 636 affirmare
2837 587 3192 650 conatur:[«
3251 583 3412 647 Quod
3473 605 3493 630 ι
3552 582 3819 635 videlicet

2117 692 2143 719 ‹‹
2168 671 2593 741 ρι’θιιάθεῐὶηειῐίο
2627 687 2741 723 non
2769 671 2840 724 sit
2879 671 3054 734 aliud,
3102 671 3210 723 nisi
3243 672 3466 741 gratiae,
3515 686 3819 741 praepara-

2112 758 2211 823 tio,
2246 757 2301 829 n]
2327 763 2388 810 ut
2418 758 2578 828 quasi
2604 775 2666 811 ex
2697 759 2801 812 hoc
2824 759 3066 828 probare
3089 758 3368 822 videatur,
3397 760 3554 829 quod
3591 758 3816 828 praede-

2113 847 2347 900 stinatio
2379 848 2777 900 tantummodo
2806 848 2863 900 in
2895 851 3222 900 sanctorum
3255 847 3555 913 electione,
3603 847 3818 916 quibus

2115 936 2183 989 ab
2210 940 2424 988 aeterno
2467 935 2832 1005 omnipotens
2863 937 3010 989 Deus
3045 951 3205 988 suam
3238 937 3482 1005 gratiam
3515 951 3814 1005 praepara-

2111 1025 2211 1092 vit,
2256 1024 2501 1093 intelligi
2549 1025 2791 1090 debeat;
2848 1024 2902 1076 in
2950 1023 3317 1077 damnatione
3358 1040 3493 1077 vero
3538 1023 3818 1094 reprobo-

2111 1129 2262 1176 rum,
2299 1113 2454 1165 nulla
2490 1113 2587 1166 Dei
2618 1113 3045 1182 praedestinatio
3069 1112 3399 1181 accipienda
3432 1112 3523 1179 sit,
3562 1128 3632 1165 eo
3661 1111 3816 1181 quod

2112 1201 2256 1254 nihil
2289 1200 2487 1269 gratiae
2515 1216 2631 1253 suae
2671 1216 2739 1254 ex
2771 1206 2985 1253 aeterno
3017 1200 3130 1253 illis
3167 1201 3313 1253 Deus
3359 1200 3820 1269 prasdestinave-

2113 1289 2205 1356 rit,
2241 1293 2296 1342 et
2325 1289 2765 1358 przeparaverit;
2813 1289 3050 1342 omnino
3098 1288 3432 1342 falsissimus
3474 1304 3681 1340 sensus
3715 1292 3816 1354 est,

2113 1383 2167 1431 et
2197 1376 2389 1430 sensui
2417 1376 2567 1430 beati
2597 1377 2901 1447 Augustini
2934 1383 3129 1447 aperte
3151 1377 3489 1430 contrarius.
3523 1377 3626 1429 llle
3660 1377 3817 1429 enim

2111 1465 2190 1517 ita
2233 1465 2377 1518 dixit
2425 1465 2514 1533 (de
2560 1465 2812 1519 Praedest.
2869 1471 3039 1519 sanet.
3084 1481 3131 1518 c.
3176 1466 3301 1532 l0):
3357 1465 3818 1531 [Prmdestinatio

2113 1558 2196 1606 est
2224 1554 2424 1622 gratiae
2459 1555 2844 1624 prteparatio:
2881 1554 3072 1607 Gratia
3110 1569 3241 1607 vero
3273 1558 3358 1606 est
3393 1554 3514 1624 jam
3563 1552 3697 1623 ipsa
3729 1553 3819 1604 do-

2115 1641 2316 1711 natio.]
2344 1643 2407 1694 Et
2426 1647 2548 1713 post
2575 1643 2789 1712 aliqua,
2821 1647 2881 1696 nt
2913 1643 3294 1712 distingueret
3317 1642 3466 1694 inter
3489 1642 3661 1694 istam
3682 1657 3818 1711 pra--

2042 1706 2081 1758 B
2117 1732 2556 1785 destinationem
2584 1732 2802 1801 gratim,
2839 1748 2987 1802 quae,
3014 1732 3245 1802 proprie
3278 1732 3587 1784 electorum
3616 1737 3731 1795 est,
3767 1736 3818 1781 et

2109 1819 2683 1889 prmdestinationem
2711 1820 3094 1873 damnationis
3119 1825 3174 1872 et
3205 1820 3490 1884 vindictae,
3525 1834 3658 1888 quae
3681 1834 3818 1886 pro-

2111 1909 2234 1978 prie
2295 1915 2379 1961 est
2433 1909 2834 1978 reproborum,
2895 1908 3187 1978 subjunxit
3238 1909 3434 1962 dicens
3475 1909 3622 1977 (cap.
3694 1907 3814 1974 10:)

2113 1996 2565 2067 [Praedestinatio
2599 1998 2718 2063 Dei,
2762 2014 2889 2068 qua:
2926 1998 2980 2050 in
3039 1998 3189 2050 bono
3223 2002 3323 2057 est,
3359 1996 3557 2065 gratiae
3610 2000 3722 2060 est,
3757 2000 3816 2046 ut

2111 2087 2249 2152 dixi,
2277 2087 2621 2156 prteparatio
2648 2105 2660 2140 :
2712 2088 2895 2156 gratia
2927 2102 3059 2139 vero
3100 2092 3185 2138 est
3214 2085 3392 2156 ipsius
3434 2083 3813 2154 praedestina-

2111 2175 2281 2228 tionis
2322 2174 2593 2246 etfectus.)
2632 2180 2814 2245 Atque
2865 2174 2944 2228 ita
2994 2176 3275 2227 luculente
3317 2174 3589 2238 ostendit,
3647 2174 3812 2225 aliter

2109 2264 2544 2335 intelligendam
2608 2280 2728 2318 esse
2777 2263 3340 2334 praedestinationem
3397 2263 3512 2324 Dei,
3567 2277 3703 2330 quae
3755 2262 3808 2312 in

2109 2350 2258 2404 bono
2292 2356 2377 2403 est
2411 2351 2591 2415 bonis,
2629 2349 2682 2402 id
2734 2354 2818 2402 est
2851 2349 3043 2402 electis
3093 2349 3187 2401 ubi
3239 2363 3365 2400 vere
3415 2347 3626 2400 divinae
3674 2361 3811 2414 erga

2110 2456 2204 2493 eos
2231 2441 2432 2510 gratia?
2468 2445 2523 2493 et
2552 2440 2919 2510 praeparatio,
2956 2444 3010 2492 et
3062 2439 3235 2508 hujus
3274 2437 3809 2507 praedestinationis

2111 2529 2339 2582 effectus
2366 2535 2451 2582 est
2496 2529 2752 2600 ejusdem
2784 2528 3056 2582 divinitus
3088 2531 3421 2596 prmparatae
3453 2526 3655 2595 gratim
3688 2526 3804 2593 jam

2108 2618 2231 2687 ipsa
2262 2619 2532 2672 donatio:
2567 2623 2625 2670 et
2663 2618 2829 2671 aliter
2877 2615 3310 2685 intelligendam
3353 2613 3808 2685 praedestinatio-

2110 2723 2238 2760 nem
2295 2707 2411 2773 Dei,
2448 2723 2573 2776 quae
2621 2707 2679 2759 in
2714 2708 2863 2758 malo
2923 2709 3004 2758 est
3057 2705 3238 2770 malis,
3276 2704 3330 2756 id
3387 2709 3470 2756 est
3522 2702 3802 2772 reprobis,

2110 2812 2239 2865 quas
2272 2811 2300 2848 e
2327 2795 2613 2848 contrario
2643 2795 2784 2848 nihil
2818 2798 2902 2848 est
2940 2793 3116 2859 aliud,
3165 2793 3273 2845 nisi
3319 2797 3547 2844 aeternas
3583 2790 3802 2860 praede-

2109 2883 2434 2936 stinationis
2468 2884 2580 2952 [al.,
2612 2880 3025 2953 damnationis]
3063 2898 3263 2935 eorum
3296 2880 3642 2951 prmparatio
3672 2896 3685 2944 ;
3713 2894 3802 2931 cu-

2040 3004 2078 3057 ρ
2103 2972 2198 3041 jus
2225 2972 2460 3024 omnino
2491 2971 2725 3024 effectus
2747 2971 2969 3038 estjam
3004 2972 3126 3040 ipsa
3157 2970 3468 3023 damnatio.

2179 3061 2260 3114 Ita
2288 3060 2626 3114 venerabilis
2666 3060 2862 3113 doctor
2920 3066 3192 3112 aeternam
3238 3057 3800 3128 praedestinationem

2111 3152 2208 3205 Dei
2240 3150 2300 3203 in
2335 3155 2642 3218 utrumque
2685 3148 2995 3213 distribuit,
3032 3154 3093 3202 ut
3138 3154 3194 3201 et
3225 3148 3282 3200 in
3323 3148 3475 3200 bono
3520 3147 3595 3198 sit
3643 3145 3800 3197 bonis

2108 3245 2162 3291 et
2193 3239 2252 3291 in
2285 3239 2436 3291 malo
2471 3238 2662 3291 malis:
2694 3237 2832 3291 dum
2877 3242 2932 3290 et
2982 3237 3093 3289 illis
3122 3253 3226 3306 per
3273 3251 3398 3289 eam
3433 3239 3649 3286 aeterna
3675 3248 3798 3303 gra-

2108 3326 2206 3390 tia,
2240 3331 2296 3378 et
2327 3326 2451 3378 istis
2483 3342 2586 3396 per
2617 3342 2742 3379 eam
2767 3330 2982 3378 aeterno
3009 3325 3106 3378 Dei
3134 3324 3368 3376 consilio
3401 3327 3616 3376 aeterna
3650 3322 3799 3373 dam-

2108 3414 2262 3467 natio
2299 3419 2674 3484 prmparatur.
2713 3414 2873 3469 Unde
2923 3418 2979 3466 et
3022 3413 3169 3482 quod
3204 3412 3403 3464 beatus
3451 3412 3695 3479 Prosper
3731 3410 3801 3462 di-

2109 3500 2215 3553 cit:
2256 3503 2406 3570 [Non
2463 3506 2548 3554 est
2605 3500 3055 3570 praedestinatio,
3108 3499 3217 3552 nisi
3273 3499 3427 3568 quod
3462 3499 3531 3551 ad
3585 3500 3798 3550 donum

2108 3589 2355 3658 pertinet
2385 3588 2604 3656 gratim,
2654 3593 2752 3641 aut
2796 3588 2867 3640 ad
2911 3587 3344 3642 retributionem
3393 3585 3673 3656 justitiae,]
3725 3586 3800 3637 ita

2109 3677 2348 3729 omnino
2382 3675 2695 3728 rectissime
2729 3675 3162 3744 intelligendum
3195 3681 3298 3741 est,
3337 3679 3398 3727 ut
3431 3674 3622 3728 divina
3655 3689 3798 3744 prm-

2107 3763 2411 3818 destinatio
2439 3779 2553 3816 non
2588 3764 2666 3814 ita
2705 3762 2970 3815 credatur
3001 3764 3171 3816 alicui
3203 3779 3322 3816 esse
3369 3763 3427 3816 in
3473 3763 3707 3828 malum,
3744 3767 3803 3814 ut

2108 3868 2239 3906 eum
2286 3852 2500 3904 malum
2553 3866 2673 3903 esse
2719 3852 3046 3920 compellat,
3099 3852 3246 3920 quod
3298 3851 3466 3914 absit,
3513 3851 3610 3904 sed
3649 3851 3799 3920 quod

2107 3941 2395 4006 omnibus,
2429 3945 2483 3993 et
2521 3939 2712 3992 electis
2743 3943 2797 3992 et
2846 3940 3104 4008 reprobis
3135 3940 3222 3992 vel
3269 3939 3337 3991 ad
3391 3941 3608 3992 donum
3641 3939 3800 4008 perti-

2107 4035 2240 4085 neat
2259 4029 2477 4100 gratitr,
2511 4027 2598 4080 vel
2631 4028 2701 4081 ad
2734 4027 3171 4080 retributionem
3195 4027 3435 4097 justitia:
3459 4043 3470 4080 :
3493 4028 3562 4080 ad
3586 4028 3796 4081 donum

2107 4118 2306 4189 gratias
2340 4117 2549 4183 electis,
2579 4121 2635 4169 et
2667 4116 2731 4170 ad
2767 4116 3199 4170 retributionem
3221 4115 3459 4185 justitiae
3501 4116 3795 4185 reprobis:

2107 4207 2244 4260 dum
2272 4211 2328 4259 et
2359 4205 2521 4259 electi
2549 4205 2732 4274 gratia
2763 4205 3073 4271 salvantur,
3109 4209 3162 4257 et
3193 4203 3422 4274 reprobi
3445 4203 3672 4271 justitia
3698 4221 3796 4274 pu-

301 4290 570 4356 nationis,
599 4295 654 4344 et
685 4290 1027 4360 perditionis
1070 4291 1261 4344 divino
1284 4291 1498 4361 judicio
1529 4291 1712 4344 relicti
1753 4307 1873 4344 esse
1907 4291 1992 4344 di-
2033 4297 2077 4351 D
2112 4295 2372 4348 niuntur.
2406 4295 2515 4348 Iste
2549 4298 2632 4346 est
2663 4293 2815 4346 enim
2847 4293 3216 4361 plenissimus
3247 4299 3302 4345 et
3351 4293 3685 4345 verissimus
3723 4294 3799 4346 di-

299 4385 525 4446 cuntur,
558 4380 603 4433 si
635 4380 694 4432 in
722 4379 827 4432 hac
859 4383 1017 4449 parte
1051 4380 1192 4432 nihil
1227 4379 1413 4432 adhuc
1444 4380 1512 4432 de
1551 4379 1664 4432 illis
1693 4378 1890 4432 divino
1911 4380 1998 4447 ju-

301 4470 448 4524 dicio
481 4474 567 4523 est
601 4468 902 4522 detinitum
934 4467 960 4520 ?
993 4467 1092 4523 Sin
1118 4473 1334 4536 autem,
1367 4468 1512 4521 sicut
1544 4467 1778 4520 omnino
1823 4467 1993 4520 etiam

298 4575 497 4612 eorum
555 4573 838 4611 consensu
867 4561 920 4609 et
985 4556 1340 4610 confessione
1426 4572 1624 4609 verum
1697 4560 1799 4622 est,
1875 4556 1997 4608 haec

295 4663 481 4700 massa
511 4663 625 4700 non
657 4645 840 4699 solum
888 4644 1152 4714 praascita
1201 4648 1304 4709 est,
1354 4645 1452 4697 sed
1491 4643 1663 4696 etiam
1708 4643 1989 4712 judicata,

297 4735 435 4806 quid
467 4735 620 4788 aliud
656 4734 900 4804 intelligi
937 4737 1137 4804 potest,
1175 4732 1284 4787 nisi
1337 4732 1573 4786 omnino
1618 4733 1688 4784 ad
1730 4733 1988 4786 eamdem

297 4823 750 4888 damnationem,
800 4828 857 4876 et
897 4822 1280 4891 perditionem
1333 4821 1781 4891 praedestinata?
1832 4821 1993 4884 Quod

295 4913 450 4966 enim
496 4928 647 4976 vero,
699 4917 757 4964 et
809 4910 1003 4964 divina
1053 4911 1414 4981 przescientia
1463 4911 1901 4981 prazcognitum,
1941 4915 1996 4964 et

293 5000 484 5054 divino
527 4998 742 5069 judicio
793 5003 878 5051 est
942 4998 1257 5064 decretum,
1325 5004 1546 5052 constat
1593 4997 1828 5052 omnino
1873 5013 1992 5051 esse

293 5088 789 5157 praedestinatum.

927 5208 1150 5263 CAPUT
1188 5207 1368 5262 XXIX.

547 5313 957 5368 Praedestinatio
997 5313 1071 5367 ad
1100 5315 1304 5367 malum
1335 5330 1440 5367 non
1469 5317 1739 5383 competit.

367 5436 529 5499 Quod
556 5451 688 5489 vero
716 5436 1015 5506 subjungit
1059 5437 1304 5506 scriptor
1338 5438 1617 5507 cpistolze,
1653 5459 1674 5487 ε
1709 5438 1845 5507 quia
1875 5454 1988 5500 eos,

297 5525 394 5593 qui
426 5522 664 5593 perituri
695 5528 876 5589 erant,
910 5525 1423 5594 praedestinatione
1466 5543 1566 5580 sua
1602 5529 1770 5592 Deus,
1821 5527 1879 5579 id
1905 5533 1990 5579 est

2105 4383 2250 4438 vinas
2296 4382 2817 4453 praedestinationis
2847 4381 3079 4434 effectus
3109 4398 3225 4434 non
3257 4381 3658 4436 tantummodo
3689 4383 3797 4434 ele-

2105 4477 2222 4525 ctos
2263 4469 2660 4540 praeordinans
2711 4469 2780 4522 ad
2828 4475 3101 4523 asternam
3153 4471 3436 4539 gloriam;
3491 4471 3591 4523 sed
3632 4471 3796 4522 etiam

2104 4559 2378 4627 reprobos
2423 4557 2817 4627 prmordinans
2859 4557 2924 4610 ad
2959 4563 3232 4610 aeternam
3279 4574 3532 4627 pteuam.
3573 4557 3664 4612 Sic
3705 4559 3800 4610 ita-

2104 4663 2216 4718 que
2247 4646 2446 4700 beatus
2477 4649 2720 4715 Prosper
2751 4662 2879 4698 cum
2911 4646 3132 4698 caeteris
3178 4645 3509 4709 orthodoxis
3544 4645 3799 4698 Patribus

2103 4736 2315 4788 sensit:
2354 4735 2419 4788 Et
2465 4750 2591 4787 cum
2660 4734 2825 4786 beato
2876 4733 3089 4786 scilicet
3151 4733 3471 4802 Augustino
3521 4734 3686 4803 cujus
3734 4733 3797 4786 de

2102 4820 2605 4892 praedestinatioue
2666 4821 2858 4873 divina
2904 4837 3020 4874 non
3072 4820 3353 4874 fallaciter
3400 4821 3500 4874 sed
3555 4821 3799 4874 ﬁdeliter

2103 4911 2275 4964 verba
2306 4909 2470 4978 ponit
2508 4915 2678 4979 atque
2711 4908 2960 4979 eXponit,
3013 4915 3068 4962 et
3115 4925 3244 4962 cum
3278 4909 3423 4972 aliis,
3462 4909 3562 4978 qui
3597 4910 3666 4962 de
3705 4925 3794 4961 ca-

2105 4999 2233 5052 dem
2267 4997 2378 5051 tide
2409 5003 2576 5067 atque
2609 4998 2809 5051 eodem
2846 5013 3011 5050 sensu
3056 4997 3236 5067 ipsius
3263 4998 3471 5051 divinas
3502 4998 3794 5066 praedesti-

2102 5086 2350 5140 nationis
2418 5086 2772 5140 immobilem
2837 5086 3154 5151 veritatem,
3212 5091 3266 5138 et
3325 5087 3662 5156 equitatem
3745 5088 3794 5139 in

2103 5179 2406 5244 utramque
2451 5179 2693 5243 partem,
2727 5180 2783 5226 et
2814 5174 3128 5226 electorum
3173 5173 3455 5240 videlicet,
3511 5181 3570 5228 et
3602 5191 3793 5245 repro-

2099 5263 2307 5316 borum
2341 5263 2614 5314 veraciter
2655 5262 3082 5327 intellexerunt,
3118 5266 3172 5314 et
3209 5261 3539 5315 ﬁrmissime
3571 5263 3793 5317 deﬁnie-

2101 5355 2254 5405 runt.
2290 5350 2449 5414 Quod
2481 5350 2528 5402 si
2562 5351 2802 5420 scriptor
2831 5350 3089 5420 epistolae
3123 5367 3218 5403 eos
3251 5351 3652 5405 tantummodo
3693 5369 3792 5422 pu-

2098 5444 2181 5492 tat
2215 5439 2580 5503 orthodoxos,
2613 5439 2710 5508 qui
2759 5439 2820 5492 in
2865 5440 3231 5492 damnatione
3277 5439 3658 5510 reproborum
3713 5442 3790 5494 di-

2098 5527 2290 5581 vinam
2323 5526 2688 5580 solummodo
2718 5526 3161 5597 praescientiam,
3195 5531 3249 5580 et
3294 5543 3412 5580 non
3442 5527 3618 5582 etiam
3650 5546 3788 5600 pra).-
