3884 6218
84 298 171 350 103
180 300 208 347 Τ

1313 298 1512 353 LIBER
1561 298 1648 353 DE
1689 296 1936 352 TRIBUS
1977 296 2348 354 EPISTOLIS.

3450 310 3582 362 1038

81 430 526 483 destinationem
562 432 810 484 credunt
841 449 853 484 :
889 448 1022 501 ergo
1045 437 1102 485 et
1125 432 1351 485 beatum
1376 432 1786 501 Augustinum,
1827 433 1872 484 A
1903 438 2033 486 sunt
2066 435 2479 503 praedestinatze
2499 435 2526 488 Υ
2544 438 2606 490 Et
2631 436 2674 489 si
2696 441 2915 492 certum
2942 444 3026 492 est
3046 441 3196 510 apud
3221 443 3583 513 omnipoten-

79 523 127 570 et
157 517 399 572 beatum
446 519 842 589 Fulgentium,
895 527 948 572 et
981 521 1161 590 ipsam
1211 520 1343 573 tidei
1393 521 1782 574 ecclesiasticae

80 605 487 660 solidissimam
525 608 826 661 veritatem
873 608 1126 661 haeretici
1171 609 1381 661 erroris
1417 609 1782 662 denotationc

79 693 359 758 infamat;
394 698 450 746 et
496 694 566 746 ad
608 698 832 747 tantum
882 696 1095 748 malum
1133 696 1251 748 [nec
1292 696 1603 764 pertinacia
1646 712 1781 749 con-

83 781 360 832 tentionis
397 781 678 850 perducta
707 787 808 846 est,
839 787 899 835 ut
943 783 1112 853 (quod
1158 799 1328 835 nemo
1371 784 1542 853 digne
1595 785 1783 838 dolere

80 873 280 938 potest)
318 869 448 938 jam
484 869 634 939 apud
669 870 813 935 illos,
845 871 940 940 qui
965 887 1134 940 prave
1165 871 1436 935 sentiunt,
1461 873 1780 938 orthodoxi,

82 962 128 1008 et
158 957 260 1025 qui
289 957 615 1011 orthodoxe
647 958 896 1027 sapiunt,
929 959 1177 1012 hazretici
1206 960 1568 1029 deputentur.
1620 960 1783 1023 Quod

81 1046 296 1099 malum
324 1046 701 1100 vehementer
730 1047 894 1100 nobis
923 1049 1236 1102 cavendum
1264 1050 1544 1118 propheta
1565 1049 1786 1102 denun-

81 1136 195 1198 tiat,
235 1135 442 1188 dicens

83 1239 214 1276 num
250 1224 502 1286 malum,
547 1230 825 1293 ponentes
855 1225 1120 1278 tenebras
1153 1225 1357 1291 lucem,
1401 1231 1454 1278 et
1494 1227 1677 1280 lucem
1715 1232 1788 1279 te-

82 1311 311 1375 nebras,
348 1317 632 1382 ponentes
663 1328 919 1366 amarum
953 1313 1012 1366 in
1036 1315 1229 1381 dulce;
1257 1318 1310 1366 et
1332 1315 1515 1380 dulce,
1551 1315 1608 1368 iu
1630 1331 1786 1368 ama-

87 1415 204 1453 rum
244 1401 386 1470 (1.9a.
423 1419 476 1466 τ’,
502 1403 612 1471 20).
647 1423 674 1451 ››

732 1490 956 1544 CAPUT
997 1491 1143 1543 XXX.

227 1598 296 1649 Ut
328 1597 495 1650 malis
519 1597 920 1665 przdcstinalw
959 1612 1143 1664 preme,
1181 1599 1255 1649 sic
1285 1599 1418 1650 mali
1447 1599 1638 1666 pomis.

151 1702 431 1773 Sequitur
460 1706 590 1772 post
613 1703 734 1756 haec
761 1702 822 1755 in
853 1702 1052 1756 eadem
1079 1703 1466 1773 responsione.

777 1826 1098 1863 HINCMARUS.

156 1936 182 1961 ‹‹
218 1916 347 1978 Qua
382 1914 453 1968 de
484 1930 545 1968 re
579 1914 872 1985 refugiunt
897 1915 1083 1969 dicere
1116 1916 1236 1985 qui,
1279 1919 1344 1968 ut
1384 1916 1648 1983 diximus,
1705 1933 1788 1970 sa-

89 2019 225 2056 num
254 2003 529 2056 videntur
556 2020 773 2073 sapere,
799 2003 1077 2073 quosdam
1118 2004 1553 2073 prazdestinatos
1587 2023 1617 2058 a
1672 2007 1786 2058 Deo

90 2108 208 2144 esse
243 2094 315 2144 ad
349 2091 674 2157 interitum,
708 2093 803 2144 sed
838 2093 1238 2144 tantummodo
1289 2093 1579 2162 praescitos
1613 2109 1625 2146 :
1674 2094 1786 2146 ele-

91 2186 205 2232 ctos
259 2185 482 2244 autem,
541 2186 594 2233 et
627 2181 939 2248 praescitos,
988 2184 1044 2232 et
1089 2181 1524 2249 praedestinatos
1565 2198 1684 2233 esse
1718 2182 1789 2234 ad

94 2284 359 2338 regnum,
393 2275 448 2321 et
483 2284 723 2337 regnum
766 2268 877 2321 illis
900 2271 985 2338 (ut.
1016 2269 1284 2339 diximus)
1324 2270 1788 2339 praedestinatum

94 2362 377 2410 zeternum
411 2357 482 2409 de
539 2357 749 2425 quibus
796 2357 990 2409 nullus
1038 2362 1226 2425 potest
1278 2359 1486 2426 perire.
1531 2359 1598 2412 Et
1644 2359 1791 2412 sicut

95 2452 220 2497 sunt
245 2445 647 2514 praedestinati
669 2445 854 2514 gratia
878 2445 977 2499 Dei
998 2446 1064 2498 ad
1091 2461 1353 2515 regnum,
1387 2447 1459 2499 ita
1490 2451 1622 2500 sunt
1645 2463 1788 2516 pra:-

97 2534 362 2586 destinati
413 2533 726 2586 secundum
781 2535 1139 2602 Apostolum,
1179 2537 1237 2587 in
1283 2535 1552 2604 operibus
1600 2536 1788 2600 bonis,

95 2622 148 2672 in
175 2622 390 2691 quibus
421 2621 784 2674 ambularent
812 2622 987 2689 (Eph.
1032 2639 1088 2684 ιι,
1148 2623 1267 2688 10);
1321 2639 1422 2692 pro
1457 2623 1663 2692 quibus
1710 2623 1791 2676 eis

95 2725 207 2760 non
233 2709 424 2761 solum
457 2708 641 2778 gratia
670 2707 854 2773 detur,
895 2709 992 2762 sed
1026 2715 1081 2762 et
1111 2711 1294 2777 gratia
1321 2727 1558 2781 regnum
1597 2712 1794 2765 redda-

96 2805 185 2849 tur
227 2803 533 2850 mternum.
583 2799 815 2850 Poenam
847 2802 1038 2850 autem
1071 2797 1270 2851 dicunt
1320 2800 1377 2851 in
1435 2799 1788 2866 inﬁdelitate,

97 2887 176 2938 vel
213 2885 521 2956 iniquitate
553 2886 1051 2955 perseverantibus
1101 2903 1131 2938 a
1163 2888 1277 2940 Deo
1328 2888 1789 2956 praedestinatam

95 2977 410 3028 secundum
469 2975 721 3029 divinam
784 2974 1224 3043 praescientiam,
1311 2976 1453 3029 sicut
1513 2978 1789 3046 scriptum

95 3063 262 3116 estin
295 3065 578 3134 propheta
613 3080 624 3117 :
677 3085 704 3112 «
754 3064 1078 3133 Praeparatis
1134 3071 1216 3117 est
1255 3065 1326 3117 ab
1356 3064 1479 3117 heri
1534 3066 1794 3135 Tnpheth

95 3152 234 3219 (ἦιξα.
276 3169 408 3218 xxx,
443 3155 556 3221 33),
599 3174 620 3199 ι
671 3151 806 3222 quia
835 3151 940 3205 hoc
971 3152 1040 3205 ad
1090 3153 1528 3206 retributionem
1554 3155 1792 3223 justitia:

94 3241 369 3310 pertinet,
403 3240 547 3294 sicut
575 3241 826 3311 pertinet
847 3241 914 3294 ad
949 3241 1213 3311 gratiam,
1241 3246 1298 3295 ut
1329 3258 1393 3295 ex
1417 3259 1528 3295 una
1564 3243 1791 3297 eadem-

95 3346 206 3399 que
243 3345 429 3382 massa
461 3329 677 3399 peccati
724 3329 907 3400 gratia
967 3330 1134 3383 electi
1177 3331 1659 3400 praedestinantur
1724 3333 1792 3386 ad

95 3419 290 3484 vitam,
351 3419 731 3472 concordante
777 3434 905 3471 cum
965 3418 1069 3471 hoc
1126 3419 1451 3488 evangelica
1507 3421 1789 3474 veritate:

99 3527 120 3554 ι
156 3508 259 3573 Ite,
289 3507 502 3578 inquit,
536 3506 844 3575 maledicti,
870 3506 929 3560 in
961 3506 1151 3578 ignem
1185 3513 1486 3574 aeternum,
1541 3508 1640 3578 qui
1685 3525 1794 3578 pa-

97 3603 254 3650 ratus
283 3602 368 3651 est
393 3596 624 3650 diabolo
658 3601 712 3649 et
741 3596 959 3666 angelis
989 3595 1110 3665 ejus
1148 3595 1368 3666 (Matth.
1429 3612 1554 3663 xxv,
1614 3595 1727 3668 41).
1766 3617 1788 3644 ›

790 3717 1080 3756 RESPONSIO
1091 3743 1101 3752 .

165 3792 530 3857 Quaesumus,
572 3807 702 3861 quae
736 3796 820 3843 est
852 3791 960 3843 ista
993 3807 1104 3855 res,
1138 3807 1267 3860 quae
1311 3807 1481 3844 causa
1502 3791 1590 3845 vel
1624 3791 1789 3859 ratio,

97 3897 200 3950 pro
246 3898 359 3951 qua
401 3881 494 3933 isti
544 3880 836 3950 refugiunt
865 3880 1432 3949 praedestinationem
1475 3881 1573 3934 Dei
1606 3880 1793 3934 dicere

97 3969 155 4021 in
186 3969 560 4022 damnatione
595 3968 1010 4039 reproborum?
1045 3968 1316 4038 Nunquid
1347 3970 1467 4022 iure
1508 3985 1644 4039 erga
1667 3969 1796 4022 illos

100 4057 288 4110 divina
322 4055 750 4127 praedestinatio
785 4071 899 4110 non
939 4062 1023 4109 est
1055 4056 1230 4124 justa,
1265 4073 1415 4126 quae,
1461 4073 1602 4127 quos
1654 4074 1796 4127 prm-

101 4145 259 4199 scivit
313 4146 372 4198 in
422 4144 827 4214 iniquitatibus
881 4161 1309 4214 permansuros,
1370 4146 1796 4215 praedestinavit

101 4233 326 4287 aeternis
357 4232 654 4303 suppliciis
685 4233 994 4302 perituros.
1047 4233 1317 4302 Nunquid
1363 4248 1478 4286 non
1507 4239 1591 4287 est
1641 4250 1792 4298 vera,

102 4338 230 4391 quze
263 4321 372 4375 nisi
403 4322 740 4375 decerneret
779 4327 893 4374 tam
915 4323 1136 4391 justum
1167 4337 1310 4390 opus
1349 4321 1445 4375 Dei
1484 4321 1542 4375 in
1572 4321 1794 4374 mterni-
1835 4317 1876 4370 D

103 4416 240 4478 tate,
270 4426 569 4480 nunquam
603 4409 830 4479 impleri
861 4414 1051 4480 posset
1085 4409 1142 4462 in
1174 4410 1477 4479 tempore?
1524 4410 1794 4480 Nunquid

105 4516 218 4552 non
247 4504 331 4552 est
361 4516 393 4552 a
425 4498 633 4551 sanctis
686 4498 945 4551 Patribus
995 4498 1319 4566 praedicata,
1354 4503 1409 4552 et
1451 4499 1522 4552 ab
1555 4498 1796 4551 Ecclesia

105 4587 376 4640 catholica
405 4588 669 4654 recepta?
714 4586 859 4649 Quid
896 4603 1033 4656 ergo
1080 4603 1264 4639 causae
1297 4591 1398 4653 est,
1439 4592 1498 4640 ut
1545 4586 1792 4657 refugia-

109 4691 230 4726 mus
259 4674 493 4727 credere
525 4673 678 4742 quod
700 4673 840 4726 ﬁdes
861 4678 1036 4740 tenet,
1062 4673 1413 4743 refugiamus
1437 4674 1622 4728 dicere
1643 4675 1797 4744 quod

107 4763 311 4816 veritas
339 4763 542 4816 docet?
573 4761 841 4831 Nunquid
873 4778 988 4814 non
1018 4761 1190 4814 etiam
1224 4761 1353 4832 ipsi,
1375 4761 1473 4831 qui
1499 4761 1621 4815 hinc
1651 4763 1799 4816 refu-

108 4851 287 4920 giunt,
316 4852 437 4918 jam
466 4866 666 4903 omnes
697 4849 973 4919 reprobos
995 4850 1065 4903 ab
1097 4851 1222 4920 ipso
1255 4850 1454 4903 mundi
1477 4849 1710 4904 exordio
1736 4850 1796 4904 in

110 4953 287 4992 massa
348 4937 736 4991 damnationis
786 4942 842 4990 et
885 4937 1222 5006 perditionis
1277 4942 1538 4990 asserunt
1596 4937 1799 4991 dereli-

109 5027 269 5082 ctos?
303 5027 463 5090 Quod
501 5025 640 5095 quid
671 5030 753 5078 est
783 5026 936 5078 aliud
967 5027 1054 5094 (ut
1076 5041 1248 5096 supra
1281 5025 1655 5092 ostendimus)
1690 5024 1800 5078 nisi

110 5119 330 5168 aeterne
364 5113 744 5179 damnationi,
761 5118 816 5166 et
837 5112 1143 5183 perditioni
1170 5112 1670 5183 praesdestiuatos‘?
1691 5116 1802 5167 Aut

112 5219 216 5273 qua
248 5205 472 5256 ratione
505 5201 618 5255 dici
649 5207 834 5270 potest
864 5203 1015 5271 quod
1063 5203 1156 5254 isti
1197 5209 1313 5255 tam
1350 5200 1657 5271 multiplici
1688 5217 1803 5254 ser-

113 5307 274 5345 mone
321 5291 557 5344 ﬁrmare
591 5295 886 5355 conantur,
943 5290 1158 5360 iniquis
1201 5295 1255 5343 et
1308 5290 1501 5360 impiis
1543 5289 1604 5343 in
1639 5290 1803 5343 malis

114 5379 218 5432 suis
248 5377 704 5450 perseveraturis
734 5393 931 5448 poenas
961 5393 994 5430 a
1025 5379 1139 5432 Deo
1198 5394 1316 5430 esse
1347 5378 1798 5448 praedestinatas,

115 5466 256 5536 ipsos
283 5483 418 5521 vero
477 5481 596 5520 non
638 5481 758 5520 esse
786 5466 1224 5536 praedestinatos
1263 5467 1486 5537 poenis?
1516 5467 1655 5521 Cum
1688 5466 1801 5520 uti-

115 5571 215 5625 que
246 5573 366 5611 non
397 5555 520 5618 alii,
558 5554 656 5608 sed
679 5554 759 5608 illi
792 5554 1031 5609 omnino
1062 5571 1157 5608 eas
1183 5555 1404 5624 passuri
1434 5554 1567 5621 sint,
1596 5554 1806 5625 quibus

479 1153 491 1189 :
530 1158 548 1182 ι
585 1136 679 1188 Vae
712 1137 810 1206 qui
851 1135 1037 1189 dicitis
1083 1139 1295 1190 malum
1339 1138 1571 1198 bonum.
1613 1144 1665 1191 et
1690 1138 1788 1192 b0-

1893 525 2007 575 tem
2040 523 2239 590 Deum,
2274 525 2369 594 qui
2401 542 2493 576 eas
2525 526 2638 579 sint
2668 528 2911 596 passuri,
2936 529 3057 582 sine
3088 529 3263 584 dubio
3296 538 3352 585 et
3382 534 3582 588 decre—

1892 615 2015 662 tum
2049 614 2104 662 et
2136 612 2436 666 deﬁnitum
2471 618 2542 666 sit
2573 615 2724 684 ipsos
2752 633 2870 670 esse
2904 634 3190 687 passuros.
3225 621 3378 674 Sicut
3426 623 3580 677 enim

1893 703 2074 751 certas
2099 716 2296 769 poenas
2321 701 2400 753 eis
2423 703 2523 770 qui
2551 703 2707 771 digni
2741 709 2874 757 sunt
2895 707 3338 776 praedestinavit,
3367 709 3446 764 ita
3469 728 3584 765 cer-

1893 785 2109 839 tissime
2140 788 2366 841 eosdem
2396 790 2529 859 quia
2560 791 2716 859 digni
2735 799 2885 859 sunt,
2920 793 3054 863 ipsis
3077 797 3258 865 poenis
3290 799 3583 867 prmdesti-

1893 874 2067 926 navit.
2104 875 2257 929 Sicut
2287 891 2415 930 vero
2456 877 2702 947 injustus
2733 895 2846 933 non
2874 887 2956 934 est
2987 883 3175 952 dignis
3207 888 3583 956 praeparando

1893 977 2108 1030 poenas,
2126 963 2205 1015 sic
2219 966 2415 1033 procul
2432 966 2637 1036 dubin
2650 971 2807 1020 ustus
2821 974 2903 1021 est
2918 970 3118 1039 dignos
3140 974 3581 1041 praeordinando

1892 1051 2101 1118 poenis.
2141 1053 2458 1122 Utrumque
2481 1070 2618 1122 ergo
2650 1055 3001 1124 prmscitum,
3027 1063 3333 1129 utrumque
3366 1062 3583 1131 praede-

1894 1138 2188 1204 stinatum,
2237 1141 2371 1210 quia
2419 1147 2728 1212 utrumque
2772 1144 2990 1213 justum
3037 1147 3335 1200 manifesta
3381 1149 3586 1202 veritas

1895 1223 2160 1280 declarat.
2214 1228 2324 1280 Nec
2376 1231 2770 1284 necessitatem
2823 1233 2902 1285 eis
2955 1234 3235 1302 pereundi
3291 1252 3390 1289 sua
3448 1253 3589 1306 prae—

1895 1313 2127 1367 scientia
2156 1317 2241 1369 vel
2275 1317 2777 1385 praedestinatione
2808 1319 3077 1390 imponit,
3111 1339 3254 1392 quos
3286 1330 3340 1378 et
3375 1325 3492 1389 diu,
3526 1330 3590 1378 ut

1895 1408 2384 1471 converterentur,
2427 1408 2768 1476 exspectavit
2807 1423 2817 1461 ε
2853 1415 2909 1462 et
2936 1410 3073 1480 quia
3109 1412 3363 1466 converti
3395 1415 3590 1467 nolue-

1897 1495 2049 1556 runt,
2079 1491 2226 1560 justa
2262 1493 2477 1547 ultione
2509 1495 2818 1550 damnavit.

2521 1618 2739 1671 CAPUT
2777 1619 2965 1672 XXXI.

2113 1721 2196 1775 De
2220 1724 2483 1775 sententia
2524 1722 2589 1776 Β.
2629 1725 2774 1776 Petri
2805 1740 2817 1776 :
2855 1725 3015 1778 Novit
3067 1727 3230 1792 Deus,
3267 1735 3368 1781 etc.

1968 1825 2238 1895 Sequitur
2269 1826 2327 1880 in
2360 1827 2557 1880 eadem
2593 1829 2986 1897 responsione.

2579 1950 2906 1990 HINCMARUS.

1968 2054 1992 2088 α
2022 2036 2181 2100 Quod
2211 2042 2265 2090 et
2296 2038 2496 2092 beatus
2530 2040 2732 2094 Petrus
2766 2041 2825 2094 in
2877 2043 3124 2112 Epistola
3173 2060 3276 2098 sua
3327 2047 3592 2101 distincte

1897 2123 2158 2194 loquens,
2194 2127 2544 2180 demonstrat
2576 2145 2704 2181 cum
2741 2129 2877 2182 dicit
2909 2147 2919 2183 :
2980 2154 3006 2178 ‹‹
3045 2133 3211 2186 Novit
3272 2136 3417 2187 Deus
3465 2137 3591 2205 pios

1897 2213 1963 2265 de
1995 2215 2305 2268 tentatione
2344 2216 2585 2285 eripere,
2649 2217 2876 2288 iniquos
2927 2224 3118 2272 autem
3166 2222 3225 2274 in
3257 2223 3346 2275 die
3386 2224 3592 2292 judicii

1896 2303 2235 2355 cruciandos
2267 2320 2554 2356 reservare
2584 2306 2659 2374 (II
2710 2308 2854 2360 Petr.
2908 2324 2966 2374 ιι,
3011 2308 3084 2370 9).
3125 2328 3150 2357 »
3186 2311 3351 2364 Novit
3407 2313 3583 2380 enim,

1898 2391 2141 2443 verbum
2176 2392 2547 2462 prazscientize
2581 2394 2698 2460 Dei,
2734 2395 2802 2448 ad
2835 2394 3102 2449 universa
3151 2399 3268 2450 hanc
3327 2400 3478 2466 facit,
3510 2401 3588 2454 vi-

1897 2478 2122 2545 delicet,
2159 2486 2212 2533 et
2244 2481 2312 2534 ad
2344 2482 2908 2550 praedestinationcm
2960 2486 3209 2555 piorum,
3263 2504 3389 2558 qua}
3422 2490 3593 2543 verbo

1901 2569 2213 2637 ereptionis
2270 2570 2550 2637 innuitur,
2622 2577 2677 2624 et
2731 2571 2801 2625 ad
2867 2574 3346 2642 signiﬁcationem
3405 2594 3590 2647 poenae

1900 2657 2338 2726 praedestinatze,
2371 2675 2500 2712 cum
2533 2659 2592 2710 in
2637 2659 2750 2712 ﬁne
2782 2663 3117 2715 cruciandos
3170 2665 3378 2734 impios
3420 2683 3589 2720 mon-

1901 2749 2061 2809 strat,
2097 2747 2326 2814 quando
2378 2767 2405 2795 «
2458 2747 2657 2801 reddet
2706 2749 3013 2820 unicuique
3057 2753 3370 2807 secundum
3417 2772 3592 2824 opera

1901 2849 2002 2885 sua
2032 2835 2202 2898 (Rom.
2244 2851 2304 2900 ιι,
2337 2837 2411 2902 6).
2447 2855 2473 2885 ››
2517 2837 2583 2889 Et
2621 2837 2689 2890 ad
2725 2838 3146 2907 discretionem,
3180 2858 3308 2894 cum
3359 2843 3590 2913 iniquos

1903 2937 2015 2974 non
2047 2922 2184 2975 dicit
2236 2924 2538 2977 Dominum
2570 2925 2639 2978 ad
2690 2942 2988 2995 poenarum
3030 2929 3311 2982 cruciatus
3361 2933 3589 3001 praede-

1833 3024 1874 3080 ρ
1903 3008 2134 3076 stinarc,
2169 3011 2264 3064 sed
2291 3012 2443 3081 juste
2487 3014 2744 3067 desertos
2793 3016 3126 3070 cruciandos
3176 3034 3482 3072 reservare.
3526 3020 3595 3074 Et

1903 3102 2096 3166 aperte
2146 3105 2499 3154 monstratur
2545 3102 2682 3171 quia
2732 3104 3090 3173 praescientia
3144 3107 3265 3160 sine
3311 3107 3596 3177 praedesti-

1905 3187 2135 3241 natione
2184 3205 2303 3242 esse
2333 3195 2543 3260 potest,
2581 3193 3002 3260 prtcdestinatio
3047 3200 3235 3248 autem
3285 3196 3407 3250 sine
3446 3214 3592 3267 pra:—

1902 3275 2138 3330 scientia
2168 3294 2287 3330 esse
2330 3272 2682 3348 non—potest.
2741 3280 3020 3343 Quocirca
3070 3284 3189 3336 sola
3236 3285 3598 3354 prtescientia

1901 3364 2053 3434 viget
2095 3365 2154 3418 in
2209 3367 2488 3436 reprobis,
2539 3367 2593 3419 in
2629 3368 2837 3437 quibus
2889 3369 3279 3425 misericordia
3320 3374 3474 3442 juste
3515 3373 3595 3428 nil

1898 3457 2174 3523 operatur
2224 3454 2292 3508 ad
2340 3455 2554 3509 donum
2605 3457 2840 3526 gratiae;
2895 3459 3252 3528 prwscientia
3303 3468 3494 3516 autem
3543 3465 3599 3518 et

1903 3543 2346 3611 prmdestinatio,
2379 3543 2434 3598 id
2485 3545 2796 3613 estgratia:
2847 3548 3212 3616 prwparatio,
3264 3550 3594 3604 misericor-

1903 3631 2048 3684 diter
2090 3638 2403 3702 operantur
2459 3633 2515 3685 in
2569 3633 2783 3698 electis,
2839 3637 2938 3704 qui
2991 3636 3474 3704 praedestinantur
3524 3639 3594 3692 ad

1903 3736 2143 3786 regnum
2178 3726 2234 3773 et
2264 3720 2470 3790 quibus
2518 3738 2760 3791 regnum
2805 3724 3247 3792 praedestinatur
3286 3729 3592 3792 aeternum,

1902 3809 2052 3878 quod
2087 3809 2153 3863 ad
2196 3809 2408 3862 donum
2467 3811 2715 3879 pertinet
2773 3812 3002 3880 gratiae;
3038 3817 3091 3864 et
3121 3814 3480 3882 praescientia
3518 3815 3595 3868 si-

1904 3898 2023 3950 mul
2068 3903 2123 3951 et
2170 3897 2598 3968 praedestinatio
2647 3915 2810 3968 aeque
2853 3901 3251 3968 acjustissime
3285 3910 3597 3972 operantur

1901 3984 1961 4036 in
1995 3985 2501 4054 praedestinatione
2536 4002 2719 4055 poena:
2755 3987 3156 4056 reproborum,
3189 4006 3317 4059 quas
3347 3993 3598 4060 pertinet

1903 4073 1973 4125 ad
2006 4074 2439 4127 retributionem
2467 4074 2726 4144 justitian
2766 4098 2785 4122 ο

2591 4213 2898 4253 RESPONSIO.

2008 4304 2387 4356 Discutiuntur
2416 4307 2724 4359 testimonia
2766 4307 2987 4374 prolata
3035 4323 3102 4361 ea:
3142 4311 3432 4377 Apostolo.

1975 4410 2104 4462 Haec
2154 4409 2438 4464 sententia
2499 4411 2554 4464 B.
2613 4412 2762 4465 Petri
2811 4413 3047 4483 apostoli
3079 4431 3198 4468 non
3251 4418 3480 4486 proprie
3529 4419 3598 4472 de

1904 4496 2261 4567 praescientia
2293 4510 2349 4550 et
2390 4499 2899 4567 praedestinatiouc
2931 4501 3142 4569 divina,
3176 4504 3271 4557 sed
3319 4505 3598 4575 simplici-

1902 4589 1992 4640 ter
2022 4585 2188 4639 nobis
2243 4586 2574 4656 accipienda
2625 4589 2864 4642 videtur.
2927 4590 3019 4643 Ait
3049 4607 3330 4662 namque:
3368 4615 3396 4641 «
3433 4594 3601 4649 Novit

1907 4675 2185 4728 Dominus
2203 4675 2327 4744 pios
2358 4675 2427 4727 de
2453 4676 2769 4729 tentatioue
2800 4678 3056 4747 eripere;
3084 4681 3290 4749 impios
3319 4687 3510 4736 autem
3539 4683 3600 4737 in

1909 4762 2000 4816 die
2027 4762 2230 4832 judicii
2260 4761 2596 4816 cruciandos
2629 4780 2935 4819 reservare.
2973 4789 2999 4815 ››
3041 4769 3099 4821 Id
3156 4775 3258 4836 est,
3295 4771 3454 4824 novit
3503 4772 3599 4826 ille

1909 4851 2023 4904 alta
2054 4856 2112 4904 et
2137 4854 2350 4903 secreta
2403 4850 2780 4920 dispositione
2833 4854 3126 4922 sapientia:
3182 4874 3319 4918 suae,
3367 4865 3421 4913 et
3450 4860 3597 4930 pios,

1906 4939 1966 4991 in
1997 4938 2265 5008 prasenti
2295 4938 2410 4990 vita
2443 4938 2708 5007 periculis
2740 4946 2795 4993 et
2842 4943 3257 4998 tentationihus
3309 4947 3472 5016 plena
3526 4950 3603 5003 la-

1906 5027 2193 5095 borantes,
2243 5043 2345 5080 sua
2393 5027 2597 5096 gratia,
2648 5045 2747 5080 sua
2786 5030 3156 5099 protectione,
3207 5035 3462 5104 eripere;
3513 5039 3603 5093 cui

1909 5115 2166 5185 quotidie
2198 5114 2306 5183 ipsi
2341 5114 2574 5168 dicunt:
2616 5135 2642 5166 «
2677 5117 2754 5170 Ne
2787 5133 2890 5168 nos
2947 5117 3183 5172 inducas
3233 5121 3290 5174 in
3332 5125 3597 5178 tentatio-

1911 5219 2044 5257 nem
2071 5203 2301 5272 (Matth.
2338 5218 2412 5268 γι,
2452 5206 2556 5268 13),
2592 5225 2618 5251 η
2652 5221 2741 5270 ne,
2785 5212 2882 5257 aut
2911 5208 3388 5276 prosperitatibus
3430 5211 3603 5282 hujus

1910 5291 2102 5344 saeculi
2152 5289 2481 5358 illiciantur,
2519 5297 2617 5345 aut
2646 5293 3082 5346 adversitatibus
3131 5296 3489 5365 frangantur.
3537 5300 3603 5354 Et

1912 5395 1941 5433 e
1990 5378 2276 5431 contrario
2325 5379 2535 5449 impios
2584 5381 2641 5434 in
2687 5381 2793 5434 hoc
2839 5381 3044 5434 saeculo
3097 5383 3386 5446 ﬂorentes,
3443 5392 3501 5440 et
3542 5388 3600 5440 in

1913 5483 2012 5519 sua
2061 5465 2356 5534 impietate
2403 5467 2556 5521 velut.
2601 5485 2872 5539 prospere
2924 5473 3174 5538 agentes,
3234 5488 3603 5543 nequaquam

1915 5554 2258 5624 suajustitia
2301 5554 2614 5626 negligere,
2661 5572 3024 5628 nequaquam
3053 5557 3361 5630 impunitos
3411 5561 3607 5617 dimit-
