3884 6218
276 292 410 343 1039

1385 285 1438 338 S.
1482 282 1761 338 REMIGII
1804 282 2285 339 LUGDUNENSIS
2324 282 2633 339 EPISCOPI

3650 286 3774 336 I030

271 430 411 490 tere,
442 422 540 476 sed
570 436 711 492 quos
742 419 961 473 videtur
992 418 1153 489 quasi
1183 417 1392 487 injuste
1423 417 1481 470 in
1530 417 1645 470 suis
1684 416 1963 487 cupidita-
2004 421 2047 471 A
2079 417 2300 487 paravit
2324 416 2384 470 in
2417 416 2659 487 gloriam
2688 417 2863 487 (Rom.
2900 433 2975 483 ix,
3007 417 3119 487 22).
3150 439 3175 465 η
3228 418 3362 473 Fere
3396 418 3617 472 etenim
3652 433 3777 470 vasa

273 512 424 565 tibus
454 515 508 563 et
546 507 1019 562 delectationibus
1068 506 1389 559 carnalibus
1423 522 1651 559 securos
1704 510 1760 558 et
1807 507 1963 558 laatos

271 601 615 669 relinquere,
680 596 905 649 eosdem
966 595 1156 666 potius
1217 596 1407 648 futura
1481 611 1582 648 suo
1633 595 1851 664 judicio
1910 599 1964 647 et

271 686 499 740 aeternis
548 684 889 738 cruciatibus
930 698 1259 751 reservare;
1317 688 1379 736 ut
1426 687 1642 752 quanto
1698 682 1791 736 hic
1841 700 1964 736 am-

268 776 417 845 plius
451 779 505 827 et
534 772 796 826 licentius
854 778 1286 841 prosperantur,
1318 777 1473 825 tanto
1532 772 1611 824 ibi
1661 772 1860 825 durius
1908 777 1965 825 et

271 864 518 917 atrocius
553 861 885 931 puniantur.
940 862 1132 913 Potest
1162 865 1354 913 tamen
1392 860 1447 912 in
1488 860 1607 912 istis
1656 860 1963 929 postremis

267 952 475 1017 verbis,
509 951 607 1005 ubi
640 952 717 1003 ait
756 964 769 999 :
802 969 829 999 a
863 950 1073 1018 lmpios
1108 965 1239 1001 vero
1262 949 1321 1000 in
1352 949 1439 1001 die
1463 947 1664 1015 judicii
1700 950 1963 1001 crucian-

270 1042 371 1095 dos
396 1056 708 1105 reservare,
740 1059 768 1086 ››
798 1036 1012 1107 aliquid
1045 1036 1251 1090 divina:
1292 1037 1665 1105 praescientiae
1712 1043 1768 1090 et
1813 1053 1959 1106 prte-

270 1127 672 1181 destinationis
703 1142 839 1195 erga
873 1125 1104 1178 eosdem
1149 1125 1358 1194 impios
1392 1125 1543 1177 velut
1574 1142 1638 1177 ex
1671 1126 1844 1178 latere
1882 1125 1963 1178 in-

270 1216 499 1286 telligi:
543 1216 679 1285 quia
728 1230 870 1284 quos
902 1214 1123 1267 occulto
1156 1220 1213 1266 et
1262 1215 1415 1282 justo
1467 1212 1680 1282 judicio
1739 1228 1840 1264 suo
1892 1210 1961 1264 ad

271 1309 511 1357 aaternos
549 1306 797 1356 reservat
850 1301 1150 1365 cruciatus,
1208 1307 1263 1354 et
1306 1302 1591 1370 praescivit
1623 1302 1747 1354 sine
1785 1299 1961 1354 dubio

272 1397 326 1446 et
386 1391 811 1462 praedestinavit
846 1396 1125 1460 perpetuo
1166 1390 1531 1444 cruciandos.
1595 1390 1730 1453 Qua:
1791 1388 1963 1441 verba

270 1480 514 1550 apostoli
562 1495 689 1532 cum
738 1479 817 1532 ita
861 1484 917 1531 et
947 1478 1136 1531 verius
1184 1482 1238 1531 et
1286 1478 1491 1530 rectius
1542 1476 1960 1545 intelligantur,

267 1570 413 1623 nihil
471 1585 699 1622 necesse
753 1573 835 1620 est
867 1568 1021 1620 velut
1077 1583 1144 1620 ex
1198 1582 1397 1621 eorum
1452 1566 1786 1618 auctoritate
1845 1570 1963 1618 tam

268 1656 663 1727 multipliciter
711 1656 779 1709 de
831 1671 897 1708 ea
928 1671 989 1708 re
1038 1654 1219 1724 loqui,
1255 1669 1383 1724 quae
1443 1653 1615 1722 hujus
1666 1653 1961 1706 sententiae

270 1715 635 1800 attestatione
667 1760 783 1797 non
810 1744 958 1797 valet
989 1715 1317 1812 approbari,
1365 1742 1461 1796 sed
1504 1715 1693 1811 potius
1736 1741 1879 1795 falsa
1909 1746 1965 1795 et
2002 1715 2044 1769 Β

270 1849 619 1903 supervacua
648 1831 1054 1886 demonstrari.

891 1956 1116 2012 CAPUT
1141 1956 1341 2010 XXXII.

342 2064 615 2135 Sequitur
646 2064 704 2116 in
737 2062 1135 2133 responsione.

947 2184 1275 2223 EINCMARUS.

346 2281 373 2307 ‹‹
404 2260 609 2329 Aliqua
647 2258 817 2311 etiam
850 2257 1112 2325 exempla
1143 2271 1269 2326 quae
1321 2255 1554 2309 illorum
1603 2255 1847 2309 stultitia
1894 2256 1967 2310 ad

272 2349 571 2401 munimen
603 2347 711 2413 sui,
746 2346 945 2400 eadem
996 2346 1145 2399 male
1208 2344 1584 2414 intelligendo
1645 2344 1963 2414 proferens,

272 2432 507 2508 profert,
551 2438 700 2490 sicut
754 2437 928 2491 modo
983 2436 1052 2489 ad
1110 2434 1445 2488 memoriam
1501 2439 1826 2499 occurrunt,
1888 2451 1967 2487 sa-

272 2527 506 2596 pientize
532 2530 735 2579 vestras
768 2525 972 2577 scribo.
1006 2523 1316 2577 Proferunt
1346 2539 1411 2577 ex
1443 2523 1747 2590 Apostolo:
1780 2546 1799 2571 ι
1828 2523 1967 2576 Vasa

273 2614 370 2665 ira;
396 2618 587 2683 aptata
609 2613 692 2665 vel
723 2613 971 2683 perfecta
990 2612 1062 2665 ad
1084 2611 1401 2677 interitum,
1427 2631 1453 2661 »
1488 2612 1744 2664 dicentes
1780 2632 1806 2659 «
1836 2628 1967 2665 vasa

275 2717 393 2754 esse
422 2701 826 2771 praedestinata
858 2701 925 2754 ad
958 2700 1252 2753 interitum
1280 2700 1461 2767 (Rom.
1489 2715 1562 2765 ιιι,
1586 2698 1676 2768 22)
1714 2719 1734 2745 ι
1762 2702 1819 2751 et
1848 2713 1969 2751 mu-

279 2791 383 2843 tari
414 2807 528 2844 non
565 2795 824 2861 possunt.
858 2789 966 2843 Sed
999 2790 1166 2842 aliter
1198 2788 1293 2840 alii
1325 2787 1689 2856 intelligunt;
1723 2786 1967 2838 maxime

277 2896 405 2932 cum
437 2879 591 2933 idem
620 2880 770 2932 dicat
789 2878 1093 2947 Apostolus
1127 2878 1195 2930 de
1227 2877 1438 2930 eisdem
1471 2876 1620 2929 vasis
1654 2891 1668 2928 :
1700 2897 1721 2923 ι
1753 2875 1809 2927 Si
1842 2873 1967 2944 quis

276 2968 674 3021 emundaverit
705 2984 763 3021 se
805 2968 874 3020 ab
922 2966 1062 3028 istis,
1106 2988 1125 3013 ι
1183 2966 1446 3019 videlicet
1476 2981 1582 3033 pro
1631 2963 1841 3034 quibus
1873 2979 1966 3015 vas

275 3057 635 3110 contumeliae
666 3056 868 3121 fuerat,
905 3077 930 3103 ((
965 3054 1073 3108 erit
1116 3070 1211 3107 vas
1242 3054 1301 3107 in
1335 3054 1610 3107 honorem
1644 3054 1681 3121 (ι
1719 3054 1854 3105 Tim.
1909 3068 1963 3117 ιι,

276 3148 367 3214 21)
399 3161 409 3198 :
440 3166 468 3194 ››
511 3145 813 3198 Proferunt
847 3161 860 3197 :
898 3167 916 3192 ι
963 3142 1071 3206 Qui
1126 3158 1243 3195 non
1301 3142 1478 3194 credit
1505 3142 1627 3210 jam
1678 3140 1968 3209 judicatus

279 3240 364 3285 est
412 3234 602 3300 (Joan.
639 3249 719 3299 ιιι,
756 3232 862 3302 l8),
895 3252 921 3279 ››
958 3231 1011 3285 id
1065 3237 1150 3283 est
1182 3230 1680 3299 praedestinatione
1714 3229 1810 3281 Dei
1848 3230 1969 3299 jam

280 3322 584 3375 damnatus
615 3325 779 3373 est.»
826 3322 890 3373 Et
941 3320 1293 3389 Augustinus
1349 3318 1410 3371 in
1464 3318 1610 3370 libro
1660 3318 1729 3370 de
1774 3320 1967 3386 Agone

281 3410 604 3464 Christiano
661 3408 841 3462 dicit:
907 3406 972 3480 [α
1014 3407 1121 3470 Qui
1168 3423 1285 3460 non
1314 3407 1493 3461 credit
1536 3408 1655 3476 jam
1685 3406 1971 3476 judicatus

280 3504 383 3561 est,
428 3520 454 3546 »
505 3498 561 3552 id
592 3502 675 3551 est
698 3498 818 3567 jam
855 3497 1160 3550 damnatus
1204 3501 1288 3549 est
1318 3512 1329 3548 :
1382 3495 1739 3566 prasscientia
1775 3493 1969 3563 utique

280 3588 397 3654 Dei,
434 3587 535 3657 qui
566 3586 724 3640 novit
755 3586 889 3657 quid
925 3585 1227 3639 immineat
1256 3601 1372 3637 non
1404 3584 1789 3637 credentibus.
1821 3583 1971 3652 [Pro-

275 3676 512 3729 ferunt:
568 3697 594 3723 ‹‹
624 3675 917 3729 Induravit
960 3692 1058 3728 cor
1090 3674 1402 3728 Pharaonis
1459 3673 1657 3743 (Exod.
1708 3689 1779 3737 ιχ,
1840 3671 1967 3738 l2);

277 3764 511 3819 tradidit
564 3764 694 3818 illos
751 3765 808 3817 in
869 3764 1177 3833 reprobum
1236 3778 1466 3816 sensum
1499 3762 1677 3831 (Rom.
1746 3777 1782 3823 ι,
1843 3762 1969 3829 28);

278 3854 549 3907 immittet
592 3853 671 3906 eis
694 3852 955 3923 spiritum
1006 3852 1215 3905 erroris
1270 3853 1363 3917 (II
1394 3853 1572 3904 Thess.
1616 3866 1673 3917 ιι,
1736 3850 1859 3918 l0);
1908 3855 1970 3902 tu

276 3959 409 3996 vero
456 3945 602 3997 Deus
659 3942 901 3995 deduces
932 3957 1028 3993 eos
1064 3941 1121 3993 in
1151 3946 1387 4009 puteum
1419 3939 1682 3992 interitus
1715 3940 1827 4005 (Ps.
1858 3953 1967 4003 LIV,

278 4032 399 4096 2’s);
475 4030 574 4100 qui
620 4030 1037 4098 transgreditur
1095 4045 1125 4081 a
1184 4028 1405 4097 justitia
1455 4028 1523 4080 ad
1582 4027 1967 4097 iniquitatem,

260 4114 430 4172 'Deus
460 4118 683 4187 paravit
709 4117 871 4170 illum
894 4117 963 4169 ad
994 4116 1385 4185 rhomphwam
1412 4117 1597 4183 (Eccti.
1632 4132 1779 4181 xxv1,
1802 4115 1909 4184 27).
1940 4134 1967 4165 ι)

969 4235 1280 4274 RBSPONSIO.

354 4312 485 4365 Haec
515 4310 843 4363 testimonia
890 4310 1334 4378 Scripturarum,
1384 4325 1511 4378 quae
1554 4310 1623 4363 ab
1654 4309 1751 4363 illo
1802 4309 1969 4363 mise-

280 4400 446 4454 rabili
479 4399 758 4452 monacho
789 4404 844 4451 et
870 4399 941 4451 ab
970 4398 1117 4461 aliis,
1152 4400 1434 4450 nescimus
1465 4399 1673 4467 quibus
1706 4399 1805 4468 qui
1840 4415 1968 4452 cum

282 4506 349 4543 eo
380 4488 637 4543 sentiunt
658 4488 726 4541 ad
753 4485 1250 4540 conﬁrmationem
1276 4485 1481 4538 divina:
1513 4486 1886 4555 prazscientite
1918 4492 1973 4540 et

280 4576 802 4648 prmdestinationis
851 4575 1119 4628 dicuntur
1165 4590 1287 4626 esse
1338 4574 1579 4642 prolata,
1615 4589 1729 4627 non
1785 4574 1969 4643 negli-

281 4672 483 4736 genter
534 4669 587 4719 et
656 4663 817 4734 quasi
869 4667 1234 4716 transeunter
1262 4662 1598 4729 omittenda,
1638 4662 1734 4715 sed
1784 4663 1972 4731 potius

280 4756 585 4823 diligenter
606 4759 661 4806 et
689 4752 937 4806 ﬁdeliter
961 4752 1122 4821 juxta
1164 4752 1425 4819 regulam
1462 4750 1712 4803 veritatis
1769 4752 1972 4821 singil-

280 4844 440 4897 latim
472 4843 735 4895 videntur
765 4857 886 4894 esse
913 4839 1237 4905 tractanda;
1274 4856 1346 4893 ne
1379 4840 1520 4892 forte
1552 4855 1754 4909 parum
1793 4844 1973 4892 atten-

280 4931 544 4985 dentibus
572 4936 625 4984 et
658 4947 774 4983 non
806 4928 1262 4998 intelligentibus
1295 4929 1438 4981 nihil
1480 4928 1549 4981 ad
1604 4943 1721 4981 rem
1757 4928 1825 4981 de
1859 4944 1971 4998 qua

281 5022 471 5091 agitur
499 5019 785 5090 pertinere
815 5018 1152 5083 videantur;
1174 5021 1271 5070 aut
1297 5018 1448 5069 velut
1478 5018 1620 5070 levia
1652 5022 1708 5069 et
1757 5017 1973 5070 nullius

280 5108 559 5162 momenti
588 5098 798 5176 absque
824 5105 1080 5176 periculo
1113 5105 1397 5175 praeteriri
1439 5121 1602 5174 posse
1642 5106 1974 5159 existimen-

280 5202 389 5251 tur.
440 5197 533 5249 Est
577 5195 731 5249 enim
763 5194 1143 5247 certissimum
1172 5198 1228 5246 et
1271 5193 1801 5246 manifestissimum
1858 5194 1973 5246 hu-

277 5287 367 5354 jus
398 5286 480 5339 rei
514 5283 910 5338 testimonium
943 5299 1009 5336 ex
1048 5282 1319 5352 Apostolo
1354 5287 1667 5351 sumptum,
1703 5283 1858 5353 quia,
1915 5287 1975 5337 ut

282 5373 403 5442 ipse
437 5374 573 5426 dicit
608 5388 620 5425 :
669 5392 697 5421 ‹‹
738 5371 1021 5425 Sustinuit
1043 5372 1193 5425 Deus
1225 5370 1285 5423 in
1319 5371 1498 5423 multa
1529 5371 1805 5440 patientia
1846 5388 1977 5425 vasa

282 5461 381 5514 ira
412 5466 601 5530 aptata
646 5460 731 5511 vel
765 5461 1014 5527 perfecta
1056 5461 1115 5513 in
1158 5459 1479 5525 interitum,
1528 5464 1592 5512 ut
1648 5460 1974 5514 ostenderet

280 5545 501 5599 divitias
533 5545 732 5611 gloriae
768 5561 885 5599 sum
926 5548 986 5600 in
1014 5563 1147 5600 vasa
1176 5545 1603 5611 misericordias,
1645 5562 1773 5617 quae
1822 5563 1971 5617 prae-

2074 505 2194 572 irae,
2231 507 2288 559 id
2328 510 2412 559 est
2436 506 2603 575 justa:
2633 506 2898 559 vindictae
2932 506 3046 571 Dei,
3082 522 3257 576 quam
3304 509 3519 560 meruit
3579 508 3781 575 primae

2074 595 2542 664 transgressionis
2595 596 2781 664 culpa,
2822 610 3021 647 omnes
3062 595 3288 665 reprobi
3321 600 3499 649 sunt:
3566 596 3669 665 qui
3724 596 3779 648 in

2073 683 2186 736 ﬁne
2211 699 2325 736 non
2357 683 2706 752 ereptionem
2742 683 3169 747 misericordia,
3202 684 3295 737 sed
3331 684 3475 737 iram
3532 684 3779 737 damna—

2074 772 2245 824 tionis
2272 772 2495 824 sensuri
2526 778 2676 824 sunt.
2720 773 2780 825 Et
2809 772 2927 825 hinc
2953 788 3084 824 vasa
3126 773 3223 825 ira:
3257 788 3374 825 non
3422 772 3494 826 ad
3553 773 3779 825 miseri-

2072 859 2345 925 cordiam,
2382 859 2477 911 sed
2513 860 2580 911 ad
2606 858 2912 927 judicium,
2964 860 3349 928 praeordinata
3386 861 3509 930 jam
3559 867 3616 913 et
3677 876 3779 913 suo

2072 947 2277 999 merito
2310 954 2367 1000 et
2392 947 2584 1000 divino
2631 947 2871 1017 judicio,
2906 954 2961 1001 et
2989 954 3180 1018 aptata
3230 954 3285 1002 et
3326 951 3583 1019 perfecta
3647 954 3780 1002 sunt

2073 1035 2387 1101 interitum,
2424 1041 2488 1089 ut
2520 1041 2577 1089 et
2616 1052 2716 1088 suo
2767 1038 3120 1105 praecedente
3165 1038 3388 1103 merito,
3450 1044 3507 1092 et
3567 1038 3779 1092 divina:

2072 1124 2597 1193 prasdestinationis
2643 1126 2794 1194 justo
2825 1126 3181 1194 praecedente
3214 1126 3449 1196 judicio,
3496 1128 3638 1198 quia
3680 1144 3777 1181 no-

2071 1213 2304 1268 luerunt
2334 1214 2590 1267 converti
2622 1214 2691 1267 ad
2724 1215 2962 1279 bonum,
2994 1220 3273 1268 asternum
3313 1216 3613 1286 patiantur
3655 1232 3780 1269 ma-

2072 1303 2212 1355 lum.
2248 1304 2369 1356 Non
2401 1318 2537 1371 ergo
2573 1302 2707 1372 quia
2737 1318 2851 1355 non
2882 1309 3212 1373 potuerunt,
3247 1305 3342 1357 sed
3376 1306 3511 1375 quia
3566 1306 3775 1357 nolue-

2073 1396 2208 1444 runt
2232 1391 2301 1444 de
2330 1392 2480 1443 malo
2508 1390 2763 1444 converti
2805 1391 2874 1444 ad
2922 1391 3155 1456 bonum,
3198 1393 3417 1461 justum
3478 1396 3779 1462 patientur

2074 1478 2437 1549 supplicium.
2474 1478 2632 1532 Sicut
2663 1496 2691 1531 c
2725 1479 3009 1532 contrario
3038 1496 3169 1533 vere
3201 1496 3329 1532 vasa
3358 1480 3775 1534 misericordia:

2075 1572 2207 1620 sunt
2236 1582 2435 1620 omnes
2469 1566 2646 1627 electi,
2680 1567 2803 1637 qui,
2832 1568 2991 1620 nullo
3015 1583 3117 1621 suo
3146 1568 3503 1637 praecedente
3539 1569 3775 1629 merito,

2076 1655 2172 1708 sed
2227 1655 2345 1708 sola
2389 1655 2489 1709 Dei
2546 1654 2935 1709 misericordia
2985 1671 3018 1708 a
3073 1670 3260 1709 massa
3292 1656 3639 1725 perditionis
3684 1656 3776 1709 di-

2077 1743 2241 1796 screti
2283 1743 2474 1797 divina
2531 1742 3037 1813 praedestinatione
3085 1747 3217 1795 sunt
3263 1759 3395 1796 vasa
3447 1748 3779 1814 praeparata

2075 1832 2135 1885 in
2159 1830 2426 1901 gloriam.

2681 1902 2905 1955 CAPUT
2945 1901 3161 1955 XXXIII.

2224 1992 2370 2045 Vasa
2395 1992 2492 2044 ira:
2516 2005 2623 2043 non
2648 1994 2875 2059 possunt
2896 1991 3017 2057 ﬁeri
3058 2006 3193 2043 vasa
3221 1990 3631 2046 misericordiae.

2150 2097 2308 2150 Unde
2341 2100 2397 2149 et
2445 2096 2586 2149 illud
2647 2095 2801 2165 quod
2840 2095 2978 2149 alibi
3023 2095 3175 2149 idem
3236 2096 3369 2150 dicit
3418 2100 3777 2168 Apostolus:

2082 2203 2109 2234 α
2142 2184 2199 2239 Si
2229 2185 2358 2255 quis
2390 2190 2581 2238 autem
2610 2185 3011 2238 emundaverit
3039 2202 3097 2238 se
3148 2186 3217 2239 ab
3250 2186 3389 2251 istis,
3426 2190 3537 2240 erit
3589 2206 3687 2241 vas
3718 2188 3777 2241 in

2078 2273 2357 2327 honorem
2411 2274 2493 2343 (II
2527 2276 2656 2329 Tim.
2716 2290 2775 2339 II,
2812 2272 2923 2342 2|),
2955 2296 2981 2321 ››
3035 2274 3195 2327 nullo
3256 2276 3423 2328 modo
3474 2277 3611 2329 huic
3660 2281 3779 2329 tam

2076 2362 2242 2417 clarae
2274 2366 2328 2414 et
2372 2362 2684 2415 manifestae
2727 2362 2950 2415 veritati
3002 2362 3207 2416 ὁὶνὶοω
3250 2363 3778 2432 praedestinationis

2077 2450 2137 2503 in
2167 2455 2472 2520 utramque
2500 2454 2719 2520 partem
2753 2454 2869 2503 tam
2912 2452 3223 2504 electorum
3281 2452 3543 2505 videlicet
3604 2469 3778 2522 quam

2079 2539 2477 2608 reproborum,
2544 2538 2588 2590 si
2646 2538 2955 2608 diligenter
3010 2556 3074 2592 ex
3141 2540 3528 2610 superioribus
3590 2542 3779 2595 verbis

2078 2628 2333 2697 Apostoli
2363 2627 2774 2693 consideretur,
2810 2628 3183 2693 contrarium,
3227 2628 3323 2681 sed
3374 2629 3615 2681 omnino
3644 2644 3779 2681 con-

2079 2731 2201 2768 cors
2240 2721 2294 2768 et
2324 2732 2645 2769 consonum
2679 2716 2985 2770 invenitur.
3030 2717 3125 2769 Ait
3154 2732 3401 2787 namque
3435 2733 3447 2769 :
3485 2738 3511 2764 ‹‹
3548 2717 3613 2770 In
3659 2732 3779 2769 ma-

2079 2820 2191 2874 gua
2220 2809 2412 2857 autem
2444 2804 2615 2858 domo
2650 2820 2763 2858 non
2794 2806 2977 2858 solum
3025 2810 3157 2859 sunt
3206 2822 3337 2857 vasa
3392 2822 3565 2858 aurea
3597 2810 3656 2857 et
3689 2821 3781 2857 ar-

2080 2899 2301 2963 gentea,
2336 2893 2431 2947 sed
2460 2899 2515 2946 et
2554 2893 2745 2962 lignea
2791 2898 2846 2946 ct
2877 2893 3105 2959 ﬁctilia;
3134 2899 3189 2947 et
3221 2894 3478 2964 quaedam
3541 2894 3781 2964 quidem

2007 2996 2047 3051 ρ
2078 2983 2134 3036 in
2160 2984 2456 3049 honorem,
2492 2983 2755 3052 quaedam
2776 2988 2967 3036 autem
3000 2984 3056 3036 in
3088 2985 3495 3037 contumeliam
3520 2985 3603 3053 (II
3639 2987 3777 3037 Tim.

2079 3089 2137 3137 ιι,
2180 3072 2267 3141 20)
2301 3088 2313 3125 :
2352 3093 2373 3120 ι
2406 3076 2462 3125 et
2483 3072 2563 3125 ita
2592 3072 2888 3140 subjunxit
2917 3088 2929 3124 :
2958 3093 2983 3118 ‹‹
3019 3071 3074 3125 Si
3115 3071 3243 3141 quis
3274 3077 3464 3125 autem
3496 3073 3779 3125 emunda-

2078 3161 2223 3214 verit
2266 3177 2322 3214 se
2367 3160 2437 3214 ab
2480 3160 2620 3225 istis,
2682 3161 2792 3213 erit
2832 3177 2926 3213 vas
2983 3161 3043 3212 in
3100 3161 3398 3227 honorem,
3458 3162 3778 3215 sanctiﬁca-

2078 3254 2222 3316 tum,
2266 3254 2321 3302 et
2378 3250 2513 3303 utile
2564 3249 2802 3302 Domino
2850 3248 3038 3316 (lbid.,
3087 3250 3200 3317 2t).
3247 3270 3272 3299 υ
3322 3250 3779 3303 Manifestissime

2080 3336 2274 3407 itaque
2306 3341 2528 3390 constat
2555 3337 2707 3407 quod
2741 3353 2865 3408 qua;
2895 3338 2953 3390 in
2976 3337 3088 3390 illis
3119 3338 3305 3391 verbis
3332 3338 3556 3391 dixerat
3590 3361 3609 3385 ε
3649 3354 3779 3391 vasa

2079 3424 2178 3477 irae
2210 3430 2403 3495 aptata
2434 3425 2550 3479 sive
2605 3425 2857 3495 perfecta
2915 3427 2973 3478 in
3022 3426 3316 3479 interitum
3353 3442 3421 3478 »:
3464 3427 3531 3479 Et
3569 3442 3600 3477 e
3643 3442 3774 3478 con-

2078 3514 2299 3567 trario:
2372 3533 2398 3565 α
2467 3516 2608 3568 Vasa
2680 3514 3083 3568 misericordiae
3154 3520 3471 3584 praeparata
3532 3515 3592 3567 in
3663 3516 3779 3584 glo-

2079 3601 2246 3667 riam,
2279 3622 2307 3649 ››
2341 3619 2405 3655 ea
2436 3604 2674 3656 omnino
2710 3603 2847 3657 dicit
2876 3604 2966 3657 hic
3004 3626 3023 3651 ‹
3063 3604 3327 3672 qumdam
3363 3605 3422 3656 in
3473 3603 3777 3661 honorem.

2079 3695 2135 3743 et
2166 3692 2428 3760 quaedam
2483 3691 2540 3745 in
2588 3693 2995 3745 contumeliam
3026 3709 3044 3745 :
3074 3693 3133 3745 in
3196 3693 3475 3745 honorem
3508 3708 3642 3743 vasa
3672 3693 3779 3744 mi-

2080 3779 2424 3845 sericordias,
2458 3779 2518 3832 in
2547 3781 2957 3834 contumeliam
2992 3796 3125 3833 vasa
3166 3780 3286 3843 irze,
3321 3799 3348 3831 »
3390 3779 3487 3833 sed
3537 3796 3669 3832 cum
3700 3780 3781 3832 ibi

2080 3868 2645 3938 praedestinationem
2680 3869 3077 3923 tantummodo
3135 3869 3435 3938 utriusque
3485 3870 3687 3938 partis,
3722 3868 3779 3921 id

2079 3962 2166 4011 est
2200 3958 2511 4011 electorum
2568 3963 2622 4012 et
2652 3959 3050 4028 reproborum,
3110 3958 3446 4027 simpliciter
3491 3974 3780 4011 commen-

2080 4046 2320 4113 daverit,
2376 4047 2469 4100 hic
2526 4047 2789 4117 adjungit
2856 4048 3024 4099 etiam
3075 4047 3558 4112 exhortationem,
3606 4064 3779 4117 quam

2080 4138 2293 4187 attente
2323 4150 2452 4188 vasa
2506 4135 2911 4189 misericordiae
2964 4135 3207 4188 debeant
3264 4151 3322 4187 se
3382 4135 3667 4189 custodire
3723 4140 3780 4188 et

2079 4238 2380 4292 segregare
2413 4224 2484 4277 ab
2516 4224 2900 4278 immunditiis
2942 4240 3205 4277 vasorum
3240 4223 3364 4284 irae.
3416 4240 3547 4277 cum
3592 4224 3729 4277 dicit
3766 4241 3777 4276 :

2012 4312 2055 4365 D
2083 4334 2109 4360 ‹‹
2148 4312 2205 4365 Si
2233 4311 2360 4381 quis
2387 4317 2578 4366 autem
2606 4314 3007 4367 emundaverit
3036 4329 3093 4365 se
3135 4314 3206 4366 ab
3248 4313 3390 4377 istis,
3435 4313 3545 4366 erit
3571 4330 3667 4365 vas
3719 4314 3779 4366 in

2082 4401 2383 4467 honorem,
2419 4419 2447 4452 »
2475 4407 2611 4466 etc.;
2645 4403 2704 4455 id
2737 4407 2838 4468 est,
2874 4402 2919 4454 si
2958 4402 3085 4472 quis
3132 4402 3533 4455 emundaverit
3591 4418 3649 4455 se
3707 4403 3781 4455 ab

2081 4488 2202 4541 istis
2256 4489 2400 4541 vasis
2431 4490 2549 4555 irin,
2586 4490 2731 4543 vasis
2758 4491 2815 4543 in
2846 4490 3276 4558 contumeliam,
3318 4491 3403 4543 vel
3462 4492 3533 4544 ab
3580 4507 3779 4544 eorum

2079 4576 2483 4645 immunditiis,
2542 4578 2589 4630 si
2647 4578 2954 4647 aliquando
3014 4579 3073 4631 in
3133 4578 3213 4631 eis
3272 4578 3398 4643 fuit,
3434 4580 3679 4633 sollicite
3720 4595 3780 4630 se

2081 4666 2452 4731 extrahendo,
2485 4668 2572 4719 vel
2622 4683 2921 4737 nunquam
2963 4666 3043 4719 eis
3073 4684 3129 4719 se
3162 4666 3553 4733 admiscendo,
3590 4674 3647 4721 et
3672 4668 3780 4720 im-

2082 4754 2427 4807 maculatum
2462 4770 2519 4807 se
2555 4755 2624 4807 ab
2673 4755 2779 4807 hoc
2813 4756 3017 4807 saiculo
3066 4755 3461 4818 custodiendo,
3522 4757 3633 4807 erit
3685 4770 3781 4806 vas

2082 4841 2140 4894 in
2172 4842 2450 4895 honorem
2485 4842 2919 4908 sanctiﬁcatum,
2963 4842 3019 4895 id
3049 4848 3132 4894 est
3170 4842 3293 4910 ipso
3350 4843 3782 4896 emundationis

2084 4935 2138 4982 et
2198 4931 2662 4984 sanctiﬁcationis
2714 4948 2830 4984 sum
2875 4931 3074 4984 effectu
3135 4936 3306 5001 atque
3363 4932 3624 5001 profectu
3683 4932 3779 4985 de-

2082 5019 2421 5072 monstrabit
2449 5036 2507 5073 se
2540 5021 2607 5073 ad
2640 5036 2771 5072 vasa
2797 5020 3224 5085 misericordias,
3274 5027 3329 5073 et
3380 5021 3447 5074 ad
3483 5037 3617 5073 vasa
3673 5021 3781 5074 ho-

2083 5107 2256 5171 noris,
2287 5112 2342 5161 et
2373 5108 2570 5177 gloriae
2620 5108 2926 5178 pertinere.
2978 5108 3136 5161 Unde
3182 5124 3296 5161 non
3330 5108 3440 5161 hoc
3499 5109 3784 5177 signiﬁcat

2080 5194 2141 5247 in
2172 5194 2261 5247 his
2293 5196 2480 5248 verbis
2506 5197 2811 5265 Apostolus
2863 5195 3015 5266 quod
3047 5211 3178 5248 vasa
3226 5196 3324 5248 ire
3366 5202 3423 5249 et
3479 5204 3779 5249 contume-

2082 5283 2194 5349 liaa,
2221 5283 2275 5336 id
2298 5288 2381 5337 est
2419 5284 2612 5337 divino
2638 5284 2855 5353 judicio
2890 5285 3116 5353 reprobi
3147 5290 3204 5337 et
3240 5284 3532 5354 reprobati
3559 5287 3784 5354 possint

2083 5370 2230 5425 efﬁci
2262 5387 2393 5424 vasa
2442 5372 2851 5425 misericordias
2882 5378 2938 5427 et
2991 5373 3224 5427 honoris
3253 5378 3309 5426 et
3342 5374 3567 5443 gloriae,
3602 5374 3660 5428 id
3703 5378 3783 5428 est

2083 5459 2143 5512 in
2176 5464 2387 5513 sortem
2418 5460 2734 5515 electorum
2784 5460 3051 5527 transire,
3109 5461 3251 5515 sicut
3304 5461 3549 5532 scriptor
3612 5463 3783 5531 hujus

2083 5546 2339 5617 epistolae
2362 5547 2680 5603 intellexit:
2712 5549 2853 5603 Cum
2885 5550 3119 5603 omnino
3154 5550 3405 5619 reprobi,
3436 5549 3538 5620 qui
3573 5551 3781 5604 divini-
