  <div class='ocr_page' id='page_1' title='image "/cluster/home/n/w/nwhite01/storage/ocr_20150623/121/uva.x000827051/532.png"; bbox 0 0 3884 6218; ppageno 0'>
   <div class='ocr_carea' id='block_1_1' title="bbox 72 368 187 416">
    <p class='ocr_par' dir='ltr' id='par_1_1' title="bbox 72 368 187 416">
     <span class='ocr_line' id='line_1_1' title="bbox 72 368 187 416; baseline 0 0"><span class='ocrx_word' id='word_1_1' title='bbox 72 368 187 416; x_wconf 63' lang='lat' dir='ltr'>lilii</span> 
     </span>
    </p>
   </div>
   <div class='ocr_carea' id='block_1_2' title="bbox 1300 369 2337 426">
    <p class='ocr_par' dir='ltr' id='par_1_2' title="bbox 1300 369 2337 426">
     <span class='ocr_line' id='line_1_2' title="bbox 1300 369 2337 426; baseline 0.003 -5"><span class='ocrx_word' id='word_1_2' title='bbox 1300 369 1508 424; x_wconf 81' lang='lat' dir='ltr'>LIBER</span> <span class='ocrx_word' id='word_1_3' title='bbox 1548 370 1637 423; x_wconf 88' lang='lat' dir='ltr'>DE</span> <span class='ocrx_word' id='word_1_4' title='bbox 1679 370 1929 425; x_wconf 82' lang='lat' dir='ltr'>TRIBUS</span> <span class='ocrx_word' id='word_1_5' title='bbox 1969 370 2337 426; x_wconf 79' lang='lat' dir='ltr'>EPISTOLIS.</span> 
     </span>
    </p>
   </div>
   <div class='ocr_carea' id='block_1_3' title="bbox 3448 373 3577 425">
    <p class='ocr_par' dir='ltr' id='par_1_3' title="bbox 3448 373 3577 425">
     <span class='ocr_line' id='line_1_3' title="bbox 3448 373 3577 425; baseline 0.008 -1"><span class='ocrx_word' id='word_1_6' title='bbox 3448 373 3577 425; x_wconf 75' lang='grc'>1042</span> 
     </span>
    </p>
   </div>
   <div class='ocr_carea' id='block_1_4' title="bbox 66 494 3579 571">
    <p class='ocr_par' dir='ltr' id='par_1_4' title="bbox 66 494 3579 571">
     <span class='ocr_line' id='line_1_4' title="bbox 66 494 3579 571; baseline 0.002 -25"><span class='ocrx_word' id='word_1_7' title='bbox 66 502 149 547; x_wconf 88' lang='lat' dir='ltr'>tus</span> <span class='ocrx_word' id='word_1_8' title='bbox 179 495 447 563; x_wconf 75' lang='lat' dir='ltr'>praesciti</span> <span class='ocrx_word' id='word_1_9' title='bbox 493 500 628 549; x_wconf 89' lang='lat' dir='ltr'>sunt</span> <span class='ocrx_word' id='word_1_10' title='bbox 660 495 719 548; x_wconf 90' lang='lat' dir='ltr'>in</span> <span class='ocrx_word' id='word_1_11' title='bbox 763 496 881 549; x_wconf 86' lang='lat' dir='ltr'>suis</span> <span class='ocrx_word' id='word_1_12' title='bbox 926 494 1325 565; x_wconf 82' lang='lat' dir='ltr'>iniquitatibus</span> <span class='ocrx_word' id='word_1_13' title='bbox 1371 500 1767 567; x_wconf 85' lang='lat' dir='ltr'>permansuri;</span> <span class='ocrx_word' id='word_1_14' title='bbox 1809 502 1850 554; x_wconf 83' lang='lat' dir='ltr'>A</span> <span class='ocrx_word' id='word_1_15' title='bbox 1886 499 2183 555; x_wconf 89' lang='lat' dir='ltr'>interitum</span> <span class='ocrx_word' id='word_1_16' title='bbox 2217 501 2669 571; x_wconf 85' lang='lat' dir='ltr'>praedestinatos,</span> <span class='ocrx_word' id='word_1_17' title='bbox 2708 518 2824 555; x_wconf 91' lang='lat' dir='ltr'>non</span> <span class='ocrx_word' id='word_1_18' title='bbox 2854 502 2925 555; x_wconf 88' lang='lat' dir='ltr'>ad</span> <span class='ocrx_word' id='word_1_19' title='bbox 2956 505 3129 555; x_wconf 89' lang='lat' dir='ltr'>vitam</span> <span class='ocrx_word' id='word_1_20' title='bbox 3170 505 3443 555; x_wconf 71' lang='lat' dir='ltr'>aeternam</span> <span class='ocrx_word' id='word_1_21' title='bbox 3491 501 3579 554; x_wconf 89' lang='lat' dir='ltr'>sui</span> 
     </span>
    </p>
   </div>
   <div class='ocr_carea' id='block_1_5' title="bbox 65 584 1777 658">
    <p class='ocr_par' dir='ltr' id='par_1_5' title="bbox 65 584 1777 658">
     <span class='ocr_line' id='line_1_5' title="bbox 65 584 1777 658; baseline 0.003 -22"><span class='ocrx_word' id='word_1_22' title='bbox 65 584 405 637; x_wconf 83' lang='lat' dir='ltr'>nullatenus</span> <span class='ocrx_word' id='word_1_23' title='bbox 437 584 661 653; x_wconf 86' lang='lat' dir='ltr'>possint</span> <span class='ocrx_word' id='word_1_24' title='bbox 708 585 911 638; x_wconf 91' lang='lat' dir='ltr'>merito</span> <span class='ocrx_word' id='word_1_25' title='bbox 962 586 1521 654; x_wconf 80' lang='lat' dir='ltr'>perseverantissime</span> <span class='ocrx_word' id='word_1_26' title='bbox 1570 588 1777 658; x_wconf 90' lang='lat' dir='ltr'>iniqui-</span> 
     </span>
    </p>
   </div>
   <div class='ocr_carea' id='block_1_6' title="bbox 65 672 1777 744">
    <p class='ocr_par' dir='ltr' id='par_1_6' title="bbox 65 672 1777 744">
     <span class='ocr_line' id='line_1_6' title="bbox 65 672 1777 744; baseline 0.004 -19"><span class='ocrx_word' id='word_1_27' title='bbox 65 673 190 725; x_wconf 84' lang='lat' dir='ltr'>tatis</span> <span class='ocrx_word' id='word_1_28' title='bbox 224 688 351 726; x_wconf 57' lang='lat' dir='ltr'>suae</span> <span class='ocrx_word' id='word_1_29' title='bbox 388 672 447 726; x_wconf 93' lang='lat' dir='ltr'>in</span> <span class='ocrx_word' id='word_1_30' title='bbox 482 672 793 727; x_wconf 81' lang='lat' dir='ltr'>electorum</span> <span class='ocrx_word' id='word_1_31' title='bbox 825 674 1094 727; x_wconf 81' lang='lat' dir='ltr'>societate</span> <span class='ocrx_word' id='word_1_32' title='bbox 1122 675 1363 738; x_wconf 82' lang='lat' dir='ltr'>censeri,</span> <span class='ocrx_word' id='word_1_33' title='bbox 1404 676 1546 730; x_wconf 83' lang='lat' dir='ltr'>sicut</span> <span class='ocrx_word' id='word_1_34' title='bbox 1578 678 1777 744; x_wconf 89' lang='lat' dir='ltr'>regula</span> 
     </span>
    </p>
   </div>
   <div class='ocr_carea' id='block_1_7' title="bbox 66 761 1777 830">
    <p class='ocr_par' dir='ltr' id='par_1_7' title="bbox 66 761 1777 830">
     <span class='ocr_line' id='line_1_7' title="bbox 66 761 1777 830; baseline 0.004 -17"><span class='ocrx_word' id='word_1_35' title='bbox 66 761 372 814; x_wconf 72' lang='lat' dir='ltr'>catholicae</span> <span class='ocrx_word' id='word_1_36' title='bbox 425 761 558 815; x_wconf 84' lang='lat' dir='ltr'>ﬁdei</span> <span class='ocrx_word' id='word_1_37' title='bbox 595 761 988 815; x_wconf 84' lang='lat' dir='ltr'>indubitanter</span> <span class='ocrx_word' id='word_1_38' title='bbox 1021 766 1195 828; x_wconf 87' lang='lat' dir='ltr'>tenet,</span> <span class='ocrx_word' id='word_1_39' title='bbox 1230 769 1284 815; x_wconf 83' lang='lat' dir='ltr'>et</span> <span class='ocrx_word' id='word_1_40' title='bbox 1331 765 1530 830; x_wconf 88' lang='lat' dir='ltr'>docet;</span> <span class='ocrx_word' id='word_1_41' title='bbox 1586 767 1681 818; x_wconf 90' lang='lat' dir='ltr'>sed</span> <span class='ocrx_word' id='word_1_42' title='bbox 1715 772 1777 819; x_wconf 94' lang='lat' dir='ltr'>ut</span> 
     </span>
    </p>
   </div>
   <div class='ocr_carea' id='block_1_8' title="bbox 66 849 1776 922">
    <p class='ocr_par' dir='ltr' id='par_1_8' title="bbox 66 849 1776 922">
     <span class='ocr_line' id='line_1_8' title="bbox 66 849 1776 922; baseline 0.003 -21"><span class='ocrx_word' id='word_1_43' title='bbox 66 849 481 921; x_wconf 85' lang='lat' dir='ltr'>unusquisque</span> <span class='ocrx_word' id='word_1_44' title='bbox 525 850 807 916; x_wconf 84' lang='lat' dir='ltr'>ﬁdelium,</span> <span class='ocrx_word' id='word_1_45' title='bbox 870 850 1015 903; x_wconf 84' lang='lat' dir='ltr'>sicut</span> <span class='ocrx_word' id='word_1_46' title='bbox 1058 850 1176 919; x_wconf 88' lang='lat' dir='ltr'>jam</span> <span class='ocrx_word' id='word_1_47' title='bbox 1228 852 1441 905; x_wconf 90' lang='lat' dir='ltr'>dictum</span> <span class='ocrx_word' id='word_1_48' title='bbox 1498 858 1601 919; x_wconf 89' lang='lat' dir='ltr'>est,</span> <span class='ocrx_word' id='word_1_49' title='bbox 1652 855 1776 922; x_wconf 90' lang='lat' dir='ltr'>ipsa</span> 
     </span>
    </p>
   </div>
   <div class='ocr_carea' id='block_1_9' title="bbox 67 936 1775 1009">
    <p class='ocr_par' dir='ltr' id='par_1_9' title="bbox 67 936 1775 1009">
     <span class='ocr_line' id='line_1_9' title="bbox 67 936 1775 1009; baseline 0.004 -20"><span class='ocrx_word' id='word_1_50' title='bbox 67 936 190 990; x_wconf 80' lang='lat' dir='ltr'>ﬁdei</span> <span class='ocrx_word' id='word_1_51' title='bbox 247 943 309 990; x_wconf 89' lang='lat' dir='ltr'>et</span> <span class='ocrx_word' id='word_1_52' title='bbox 362 938 607 1006; x_wconf 70' lang='lat' dir='ltr'>justitize</span> <span class='ocrx_word' id='word_1_53' title='bbox 656 938 1103 992; x_wconf 88' lang='lat' dir='ltr'>sanctiﬁcatione</span> <span class='ocrx_word' id='word_1_54' title='bbox 1145 940 1363 1009; x_wconf 85' lang='lat' dir='ltr'>probet,</span> <span class='ocrx_word' id='word_1_55' title='bbox 1422 947 1479 994; x_wconf 90' lang='lat' dir='ltr'>et</span> <span class='ocrx_word' id='word_1_56' title='bbox 1529 943 1775 995; x_wconf 82' lang='lat' dir='ltr'>declaret</span> 
     </span>
    </p>
   </div>
   <div class='ocr_carea' id='block_1_10' title="bbox 66 1026 1770 1100">
    <p class='ocr_par' dir='ltr' id='par_1_10' title="bbox 66 1026 1770 1100">
     <span class='ocr_line' id='line_1_10' title="bbox 66 1026 1770 1100; baseline 0.004 -23"><span class='ocrx_word' id='word_1_57' title='bbox 66 1042 177 1077; x_wconf 84' lang='lat' dir='ltr'>sese</span> <span class='ocrx_word' id='word_1_58' title='bbox 228 1026 309 1080; x_wconf 87' lang='lat' dir='ltr'>ad</span> <span class='ocrx_word' id='word_1_59' title='bbox 378 1042 512 1079; x_wconf 81' lang='lat' dir='ltr'>vasa</span> <span class='ocrx_word' id='word_1_60' title='bbox 558 1027 966 1080; x_wconf 64' lang='lat' dir='ltr'>misericordiae</span> <span class='ocrx_word' id='word_1_61' title='bbox 1010 1032 1066 1080; x_wconf 90' lang='lat' dir='ltr'>et</span> <span class='ocrx_word' id='word_1_62' title='bbox 1113 1029 1412 1082; x_wconf 88' lang='lat' dir='ltr'>electionis</span> <span class='ocrx_word' id='word_1_63' title='bbox 1463 1033 1770 1100; x_wconf 87' lang='lat' dir='ltr'>pertinere.</span> 
     </span>
    </p>
   </div>
   <div class='ocr_carea' id='block_1_11' title="bbox 66 1115 1773 1186">
    <p class='ocr_par' dir='ltr' id='par_1_11' title="bbox 66 1115 1773 1186">
     <span class='ocr_line' id='line_1_11' title="bbox 66 1115 1773 1186; baseline 0.003 -19"><span class='ocrx_word' id='word_1_64' title='bbox 66 1116 181 1167; x_wconf 90' lang='lat' dir='ltr'>Duo</span> <span class='ocrx_word' id='word_1_65' title='bbox 242 1130 508 1184; x_wconf 85' lang='lat' dir='ltr'>namque</span> <span class='ocrx_word' id='word_1_66' title='bbox 543 1121 676 1167; x_wconf 88' lang='lat' dir='ltr'>sunt</span> <span class='ocrx_word' id='word_1_67' title='bbox 726 1115 935 1184; x_wconf 89' lang='lat' dir='ltr'>quibus</span> <span class='ocrx_word' id='word_1_68' title='bbox 973 1116 1129 1169; x_wconf 92' lang='lat' dir='ltr'>velut</span> <span class='ocrx_word' id='word_1_69' title='bbox 1178 1117 1428 1185; x_wconf 90' lang='lat' dir='ltr'>quodam</span> <span class='ocrx_word' id='word_1_70' title='bbox 1481 1119 1773 1186; x_wconf 80' lang='lat' dir='ltr'>signaculo</span> 
     </span>
    </p>
   </div>
   <div class='ocr_carea' id='block_1_12' title="bbox 66 1203 1777 1272">
    <p class='ocr_par' dir='ltr' id='par_1_12' title="bbox 66 1203 1777 1272">
     <span class='ocr_line' id='line_1_12' title="bbox 66 1203 1777 1272; baseline 0.004 -17"><span class='ocrx_word' id='word_1_71' title='bbox 66 1203 416 1272; x_wconf 84' lang='lat' dir='ltr'>probantur,</span> <span class='ocrx_word' id='word_1_72' title='bbox 452 1208 506 1256; x_wconf 92' lang='lat' dir='ltr'>et</span> <span class='ocrx_word' id='word_1_73' title='bbox 541 1208 930 1272; x_wconf 85' lang='lat' dir='ltr'>agnoscuntur</span> <span class='ocrx_word' id='word_1_74' title='bbox 975 1205 1137 1257; x_wconf 89' lang='lat' dir='ltr'>electi</span> <span class='ocrx_word' id='word_1_75' title='bbox 1184 1205 1281 1258; x_wconf 91' lang='lat' dir='ltr'>Dei</span> <span class='ocrx_word' id='word_1_76' title='bbox 1312 1220 1323 1258; x_wconf 90' lang='lat'>:</span> <span class='ocrx_word' id='word_1_77' title='bbox 1360 1206 1570 1260; x_wconf 89' lang='lat' dir='ltr'>scilicet</span> <span class='ocrx_word' id='word_1_78' title='bbox 1618 1213 1777 1261; x_wconf 68' lang='lat' dir='ltr'>teter-</span> 
     </span>
    </p>
   </div>
   <div class='ocr_carea' id='block_1_13' title="bbox 65 1291 1772 1362">
    <p class='ocr_par' dir='ltr' id='par_1_13' title="bbox 65 1291 1772 1362">
     <span class='ocr_line' id='line_1_13' title="bbox 65 1291 1772 1362; baseline 0.002 -18"><span class='ocrx_word' id='word_1_79' title='bbox 65 1309 129 1344; x_wconf 84' lang='lat' dir='ltr'>na</span> <span class='ocrx_word' id='word_1_80' title='bbox 159 1292 385 1344; x_wconf 65' lang='lat' dir='ltr'>divinas</span> <span class='ocrx_word' id='word_1_81' title='bbox 416 1292 617 1359; x_wconf 68' lang='lat' dir='ltr'>gratias</span> <span class='ocrx_word' id='word_1_82' title='bbox 651 1291 1077 1360; x_wconf 70' lang='lat' dir='ltr'>praeordinatiu,</span> <span class='ocrx_word' id='word_1_83' title='bbox 1113 1298 1170 1345; x_wconf 92' lang='lat' dir='ltr'>et</span> <span class='ocrx_word' id='word_1_84' title='bbox 1202 1294 1294 1362; x_wconf 89' lang='lat' dir='ltr'>pia</span> <span class='ocrx_word' id='word_1_85' title='bbox 1346 1294 1417 1346; x_wconf 91' lang='lat' dir='ltr'>ab</span> <span class='ocrx_word' id='word_1_86' title='bbox 1471 1295 1630 1347; x_wconf 87' lang='lat' dir='ltr'>omni</span> <span class='ocrx_word' id='word_1_87' title='bbox 1662 1296 1772 1347; x_wconf 90' lang='lat' dir='ltr'>ini-</span> 
     </span>
    </p>
   </div>
   <div class='ocr_carea' id='block_1_14' title="bbox 67 1379 1772 1449">
    <p class='ocr_par' dir='ltr' id='par_1_14' title="bbox 67 1379 1772 1449">
     <span class='ocr_line' id='line_1_14' title="bbox 67 1379 1772 1449; baseline 0.004 -18"><span class='ocrx_word' id='word_1_88' title='bbox 67 1380 280 1447; x_wconf 53' lang='lat' dir='ltr'>quitate</span> <span class='ocrx_word' id='word_1_89' title='bbox 331 1379 687 1432; x_wconf 86' lang='lat' dir='ltr'>inﬁdelitatis</span> <span class='ocrx_word' id='word_1_90' title='bbox 721 1386 775 1431; x_wconf 91' lang='lat' dir='ltr'>et</span> <span class='ocrx_word' id='word_1_91' title='bbox 825 1381 1121 1449; x_wconf 84' lang='lat' dir='ltr'>pravitatis</span> <span class='ocrx_word' id='word_1_92' title='bbox 1170 1382 1542 1436; x_wconf 82' lang='lat' dir='ltr'>euiundatio:</span> <span class='ocrx_word' id='word_1_93' title='bbox 1594 1388 1659 1437; x_wconf 91' lang='lat' dir='ltr'>ut</span> <span class='ocrx_word' id='word_1_94' title='bbox 1707 1400 1772 1437; x_wconf 82' lang='lat' dir='ltr'>ex</span> 
     </span>
    </p>
   </div>
   <div class='ocr_carea' id='block_1_15' title="bbox 64 1468 1771 1537">
    <p class='ocr_par' dir='ltr' id='par_1_15' title="bbox 64 1468 1771 1537">
     <span class='ocr_line' id='line_1_15' title="bbox 64 1468 1771 1537; baseline 0.002 -16"><span class='ocrx_word' id='word_1_95' title='bbox 64 1469 377 1522; x_wconf 87' lang='lat' dir='ltr'>manifesta</span> <span class='ocrx_word' id='word_1_96' title='bbox 411 1470 535 1522; x_wconf 89' lang='lat' dir='ltr'>luce</span> <span class='ocrx_word' id='word_1_97' title='bbox 576 1468 816 1537; x_wconf 81' lang='lat' dir='ltr'>justitiae</span> <span class='ocrx_word' id='word_1_98' title='bbox 849 1475 903 1520; x_wconf 89' lang='lat' dir='ltr'>et</span> <span class='ocrx_word' id='word_1_99' title='bbox 938 1470 1252 1523; x_wconf 84' lang='lat' dir='ltr'>sanctitatis</span> <span class='ocrx_word' id='word_1_100' title='bbox 1286 1472 1685 1525; x_wconf 82' lang='lat' dir='ltr'>manifestetur</span> <span class='ocrx_word' id='word_1_101' title='bbox 1713 1473 1771 1525; x_wconf 89' lang='lat' dir='ltr'>in</span> 
     </span>
    </p>
   </div>
   <div class='ocr_carea' id='block_1_16' title="bbox 68 1557 1772 1631">
    <p class='ocr_par' dir='ltr' id='par_1_16' title="bbox 68 1557 1772 1631">
     <span class='ocr_line' id='line_1_16' title="bbox 68 1557 1772 1631; baseline 0.002 -21"><span class='ocrx_word' id='word_1_102' title='bbox 68 1559 141 1610; x_wconf 84' lang='lat' dir='ltr'>eis</span> <span class='ocrx_word' id='word_1_103' title='bbox 177 1558 446 1610; x_wconf 71' lang='lat' dir='ltr'>veritatis</span> <span class='ocrx_word' id='word_1_104' title='bbox 477 1557 686 1609; x_wconf 76' lang='lat' dir='ltr'>divinae</span> <span class='ocrx_word' id='word_1_105' title='bbox 736 1557 1067 1623; x_wconf 85' lang='lat' dir='ltr'>electionis;</span> <span class='ocrx_word' id='word_1_106' title='bbox 1099 1560 1245 1611; x_wconf 87' lang='lat' dir='ltr'>sicut</span> <span class='ocrx_word' id='word_1_107' title='bbox 1292 1560 1414 1629; x_wconf 89' lang='lat' dir='ltr'>ipse</span> <span class='ocrx_word' id='word_1_108' title='bbox 1470 1563 1772 1631; x_wconf 78' lang='lat' dir='ltr'>Apostolus</span> 
     </span>
    </p>
   </div>
   <div class='ocr_carea' id='block_1_17' title="bbox 67 1645 1769 1715">
    <p class='ocr_par' dir='ltr' id='par_1_17' title="bbox 67 1645 1769 1715">
     <span class='ocr_line' id='line_1_17' title="bbox 67 1645 1769 1715; baseline 0.003 -18"><span class='ocrx_word' id='word_1_109' title='bbox 67 1646 239 1714; x_wconf 82' lang='lat' dir='ltr'>paqu</span> <span class='ocrx_word' id='word_1_110' title='bbox 264 1646 538 1715; x_wconf 88' lang='lat' dir='ltr'>superius</span> <span class='ocrx_word' id='word_1_111' title='bbox 579 1646 850 1713; x_wconf 88' lang='lat' dir='ltr'>ostendit,</span> <span class='ocrx_word' id='word_1_112' title='bbox 899 1645 1126 1699; x_wconf 89' lang='lat' dir='ltr'>dicens:</span> <span class='ocrx_word' id='word_1_113' title='bbox 1164 1667 1191 1695; x_wconf 86' lang='grc'>‹‹</span> <span class='ocrx_word' id='word_1_114' title='bbox 1226 1646 1333 1701; x_wconf 94' lang='lat' dir='ltr'>Sed</span> <span class='ocrx_word' id='word_1_115' title='bbox 1379 1649 1608 1702; x_wconf 86' lang='lat' dir='ltr'>ﬁrmum</span> <span class='ocrx_word' id='word_1_116' title='bbox 1640 1650 1769 1703; x_wconf 86' lang='lat' dir='ltr'>fun-</span> 
     </span>
    </p>
   </div>
   <div class='ocr_carea' id='block_1_18' title="bbox 66 1734 1772 1805">
    <p class='ocr_par' dir='ltr' id='par_1_18' title="bbox 66 1734 1772 1805">
     <span class='ocr_line' id='line_1_18' title="bbox 66 1734 1772 1805; baseline 0.002 -18"><span class='ocrx_word' id='word_1_117' title='bbox 66 1736 411 1788; x_wconf 84' lang='lat' dir='ltr'>damentum</span> <span class='ocrx_word' id='word_1_118' title='bbox 471 1734 569 1788; x_wconf 90' lang='lat' dir='ltr'>Dei</span> <span class='ocrx_word' id='word_1_119' title='bbox 616 1734 771 1787; x_wconf 86' lang='lat' dir='ltr'>stetit</span> <span class='ocrx_word' id='word_1_120' title='bbox 812 1734 1027 1788; x_wconf 89' lang='lat' dir='ltr'>habens</span> <span class='ocrx_word' id='word_1_121' title='bbox 1076 1735 1435 1805; x_wconf 81' lang='lat' dir='ltr'>signaculum</span> <span class='ocrx_word' id='word_1_122' title='bbox 1484 1737 1616 1790; x_wconf 92' lang='lat' dir='ltr'>hoc:</span> <span class='ocrx_word' id='word_1_123' title='bbox 1671 1737 1772 1791; x_wconf 87' lang='lat' dir='ltr'>Co-</span> 
     </span>
    </p>
   </div>
   <div class='ocr_carea' id='block_1_19' title="bbox 66 1822 1771 1894">
    <p class='ocr_par' dir='ltr' id='par_1_19' title="bbox 66 1822 1771 1894">
     <span class='ocr_line' id='line_1_19' title="bbox 66 1822 1771 1894; baseline 0.002 -20"><span class='ocrx_word' id='word_1_124' title='bbox 66 1823 264 1890; x_wconf 76' lang='lat' dir='ltr'>gnovit</span> <span class='ocrx_word' id='word_1_125' title='bbox 300 1823 584 1876; x_wconf 89' lang='lat' dir='ltr'>Dominus</span> <span class='ocrx_word' id='word_1_126' title='bbox 618 1822 716 1892; x_wconf 91' lang='lat' dir='ltr'>qui</span> <span class='ocrx_word' id='word_1_127' title='bbox 747 1827 879 1875; x_wconf 90' lang='lat' dir='ltr'>sunt</span> <span class='ocrx_word' id='word_1_128' title='bbox 912 1824 1052 1892; x_wconf 91' lang='lat' dir='ltr'>ejus,</span> <span class='ocrx_word' id='word_1_129' title='bbox 1086 1828 1141 1875; x_wconf 88' lang='lat' dir='ltr'>et</span> <span class='ocrx_word' id='word_1_130' title='bbox 1173 1822 1428 1877; x_wconf 89' lang='lat' dir='ltr'>discedat</span> <span class='ocrx_word' id='word_1_131' title='bbox 1452 1824 1523 1877; x_wconf 87' lang='lat' dir='ltr'>ab</span> <span class='ocrx_word' id='word_1_132' title='bbox 1553 1824 1771 1894; x_wconf 91' lang='lat' dir='ltr'>iniqui-</span> 
     </span>
    </p>
   </div>
   <div class='ocr_carea' id='block_1_20' title="bbox 67 1911 1767 1981">
    <p class='ocr_par' dir='ltr' id='par_1_20' title="bbox 67 1911 1767 1981">
     <span class='ocr_line' id='line_1_20' title="bbox 67 1911 1767 1981; baseline 0.002 -19"><span class='ocrx_word' id='word_1_133' title='bbox 67 1916 173 1963; x_wconf 85' lang='lat' dir='ltr'>tate</span> <span class='ocrx_word' id='word_1_134' title='bbox 207 1911 429 1975; x_wconf 81' lang='lat' dir='ltr'>omnis,</span> <span class='ocrx_word' id='word_1_135' title='bbox 464 1912 562 1980; x_wconf 88' lang='lat' dir='ltr'>qui</span> <span class='ocrx_word' id='word_1_136' title='bbox 600 1911 860 1963; x_wconf 89' lang='lat' dir='ltr'>nominat</span> <span class='ocrx_word' id='word_1_137' title='bbox 906 1927 1120 1964; x_wconf 85' lang='lat' dir='ltr'>nomen</span> <span class='ocrx_word' id='word_1_138' title='bbox 1155 1912 1387 1965; x_wconf 90' lang='lat' dir='ltr'>Domini</span> <span class='ocrx_word' id='word_1_139' title='bbox 1419 1912 1494 1981; x_wconf 84' lang='grc' dir='ltr'>(ΙΙ</span> <span class='ocrx_word' id='word_1_140' title='bbox 1542 1915 1674 1967; x_wconf 78' lang='lat' dir='ltr'>Tim.</span> <span class='ocrx_word' id='word_1_141' title='bbox 1708 1930 1767 1979; x_wconf 79' lang='grc' dir='ltr'>ιι,</span> 
     </span>
    </p>
   </div>
   <div class='ocr_carea' id='block_1_21' title="bbox 74 1999 1767 2071">
    <p class='ocr_par' dir='ltr' id='par_1_21' title="bbox 74 1999 1767 2071">
     <span class='ocr_line' id='line_1_21' title="bbox 74 1999 1767 2071; baseline 0.001 -20"><span class='ocrx_word' id='word_1_142' title='bbox 74 2003 169 2063; x_wconf 79' lang='grc'>19).</span> <span class='ocrx_word' id='word_1_143' title='bbox 206 2019 235 2050; x_wconf 73' lang='grc' dir='ltr'><strong>ι</strong></span> <span class='ocrx_word' id='word_1_144' title='bbox 267 1999 435 2062; x_wconf 88' lang='lat' dir='ltr'>Quod</span> <span class='ocrx_word' id='word_1_145' title='bbox 470 2015 605 2068; x_wconf 91' lang='lat' dir='ltr'>ergo</span> <span class='ocrx_word' id='word_1_146' title='bbox 640 2021 661 2047; x_wconf 78' lang='grc' dir='ltr'>ι</span> <span class='ocrx_word' id='word_1_147' title='bbox 697 2000 962 2071; x_wconf 87' lang='lat' dir='ltr'>cognovit</span> <span class='ocrx_word' id='word_1_148' title='bbox 996 2000 1270 2053; x_wconf 90' lang='lat' dir='ltr'>Dominus</span> <span class='ocrx_word' id='word_1_149' title='bbox 1298 2002 1395 2071; x_wconf 85' lang='lat' dir='ltr'>qui</span> <span class='ocrx_word' id='word_1_150' title='bbox 1423 2007 1555 2054; x_wconf 87' lang='lat' dir='ltr'>sunt</span> <span class='ocrx_word' id='word_1_151' title='bbox 1586 2004 1708 2071; x_wconf 89' lang='lat' dir='ltr'>ejus</span> <span class='ocrx_word' id='word_1_152' title='bbox 1740 2022 1767 2053; x_wconf 85' lang='lat'><strong>»</strong></span> 
     </span>
    </p>
   </div>
   <div class='ocr_carea' id='block_1_22' title="bbox 70 2088 1768 2159">
    <p class='ocr_par' dir='ltr' id='par_1_22' title="bbox 70 2088 1768 2159">
     <span class='ocr_line' id='line_1_22' title="bbox 70 2088 1768 2159; baseline 0.002 -19"><span class='ocrx_word' id='word_1_153' title='bbox 70 2093 277 2141; x_wconf 73' lang='lat' dir='ltr'>zeterna</span> <span class='ocrx_word' id='word_1_154' title='bbox 311 2088 515 2141; x_wconf 89' lang='lat' dir='ltr'>electio</span> <span class='ocrx_word' id='word_1_155' title='bbox 543 2093 669 2154; x_wconf 86' lang='lat' dir='ltr'>est;</span> <span class='ocrx_word' id='word_1_156' title='bbox 719 2093 781 2141; x_wconf 92' lang='lat' dir='ltr'>ut</span> <span class='ocrx_word' id='word_1_157' title='bbox 810 2094 1002 2142; x_wconf 89' lang='lat' dir='ltr'>autem</span> <span class='ocrx_word' id='word_1_158' title='bbox 1051 2088 1304 2143; x_wconf 85' lang='lat' dir='ltr'>discedat</span> <span class='ocrx_word' id='word_1_159' title='bbox 1343 2090 1414 2143; x_wconf 88' lang='lat' dir='ltr'>ab</span> <span class='ocrx_word' id='word_1_160' title='bbox 1463 2090 1768 2159; x_wconf 88' lang='lat' dir='ltr'>iniquitate</span> 
     </span>
    </p>
   </div>
   <div class='ocr_carea' id='block_1_23' title="bbox 70 2177 1769 2249">
    <p class='ocr_par' dir='ltr' id='par_1_23' title="bbox 70 2177 1769 2249">
     <span class='ocr_line' id='line_1_23' title="bbox 70 2177 1769 2249; baseline 0.001 -18"><span class='ocrx_word' id='word_1_161' title='bbox 70 2177 253 2231; x_wconf 82' lang='lat' dir='ltr'>omnis</span> <span class='ocrx_word' id='word_1_162' title='bbox 331 2178 433 2248; x_wconf 88' lang='lat' dir='ltr'>qui</span> <span class='ocrx_word' id='word_1_163' title='bbox 490 2177 749 2231; x_wconf 91' lang='lat' dir='ltr'>nominat</span> <span class='ocrx_word' id='word_1_164' title='bbox 799 2193 1009 2231; x_wconf 85' lang='lat' dir='ltr'>nomen</span> <span class='ocrx_word' id='word_1_165' title='bbox 1069 2178 1317 2244; x_wconf 90' lang='lat' dir='ltr'>Domini,</span> <span class='ocrx_word' id='word_1_166' title='bbox 1381 2184 1534 2232; x_wconf 90' lang='lat' dir='ltr'>certa</span> <span class='ocrx_word' id='word_1_167' title='bbox 1588 2180 1769 2249; x_wconf 89' lang='lat' dir='ltr'>ipsius</span> 
     </span>
    </p>
   </div>
   <div class='ocr_carea' id='block_1_24' title="bbox 72 2265 777 2336">
    <p class='ocr_par' dir='ltr' id='par_1_24' title="bbox 72 2265 777 2336">
     <span class='ocr_line' id='line_1_24' title="bbox 72 2265 777 2336; baseline 0.001 -18"><span class='ocrx_word' id='word_1_168' title='bbox 72 2266 361 2319; x_wconf 84' lang='lat' dir='ltr'>electionis</span> <span class='ocrx_word' id='word_1_169' title='bbox 385 2265 650 2336; x_wconf 89' lang='lat' dir='ltr'>probatio</span> <span class='ocrx_word' id='word_1_170' title='bbox 674 2270 777 2319; x_wconf 90' lang='lat' dir='ltr'>est.</span> 
     </span>
    </p>
   </div>
   <div class='ocr_carea' id='block_1_25' title="bbox 132 2352 1767 2425">
    <p class='ocr_par' dir='ltr' id='par_1_25' title="bbox 132 2352 1767 2425">
     <span class='ocr_line' id='line_1_25' title="bbox 132 2352 1767 2425; baseline 0 -16"><span class='ocrx_word' id='word_1_171' title='bbox 132 2356 402 2409; x_wconf 88' lang='lat' dir='ltr'>Secundo</span> <span class='ocrx_word' id='word_1_172' title='bbox 429 2356 551 2408; x_wconf 91' lang='lat' dir='ltr'>loco</span> <span class='ocrx_word' id='word_1_173' title='bbox 590 2356 982 2409; x_wconf 91' lang='lat' dir='ltr'>testimonium</span> <span class='ocrx_word' id='word_1_174' title='bbox 1012 2352 1219 2408; x_wconf 64' lang='lat' dir='ltr'>divinae</span> <span class='ocrx_word' id='word_1_175' title='bbox 1239 2355 1767 2425; x_wconf 73' lang='lat' dir='ltr'>praedestinationis</span> 
     </span>
    </p>
   </div>
   <div class='ocr_carea' id='block_1_26' title="bbox 73 2438 1768 2512">
    <p class='ocr_par' dir='ltr' id='par_1_26' title="bbox 73 2438 1768 2512">
     <span class='ocr_line' id='line_1_26' title="bbox 73 2438 1768 2512; baseline 0.001 -17"><span class='ocrx_word' id='word_1_176' title='bbox 73 2442 135 2495; x_wconf 87' lang='lat' dir='ltr'>de</span> <span class='ocrx_word' id='word_1_177' title='bbox 172 2442 488 2511; x_wconf 85' lang='lat' dir='ltr'>Evangelio</span> <span class='ocrx_word' id='word_1_178' title='bbox 519 2442 753 2511; x_wconf 87' lang='lat' dir='ltr'>ponitur</span> <span class='ocrx_word' id='word_1_179' title='bbox 776 2459 789 2496; x_wconf 93' lang='lat'>:</span> <span class='ocrx_word' id='word_1_180' title='bbox 810 2438 855 2491; x_wconf 49' lang='grc'>⁷‹‹</span> <span class='ocrx_word' id='word_1_181' title='bbox 891 2443 997 2507; x_wconf 89' lang='lat' dir='ltr'>Qui</span> <span class='ocrx_word' id='word_1_182' title='bbox 1030 2459 1145 2496; x_wconf 93' lang='lat' dir='ltr'>non</span> <span class='ocrx_word' id='word_1_183' title='bbox 1178 2442 1361 2497; x_wconf 89' lang='lat' dir='ltr'>credit</span> <span class='ocrx_word' id='word_1_184' title='bbox 1385 2444 1507 2512; x_wconf 91' lang='lat' dir='ltr'>jam</span> <span class='ocrx_word' id='word_1_185' title='bbox 1536 2444 1768 2511; x_wconf 87' lang='lat' dir='ltr'>judica—</span> 
     </span>
    </p>
   </div>
   <div class='ocr_carea' id='block_1_27' title="bbox 74 2530 1768 2601">
    <p class='ocr_par' dir='ltr' id='par_1_27' title="bbox 74 2530 1768 2601">
     <span class='ocr_line' id='line_1_27' title="bbox 74 2530 1768 2601; baseline 0.002 -19"><span class='ocrx_word' id='word_1_186' title='bbox 74 2536 155 2583; x_wconf 88' lang='lat' dir='ltr'>tus</span> <span class='ocrx_word' id='word_1_187' title='bbox 193 2538 277 2584; x_wconf 88' lang='lat' dir='ltr'>est</span> <span class='ocrx_word' id='word_1_188' title='bbox 326 2532 505 2601; x_wconf 83' lang='lat' dir='ltr'>(Joan.</span> <span class='ocrx_word' id='word_1_189' title='bbox 542 2547 621 2591; x_wconf 85' lang='lat' dir='ltr'>Ill,</span> <span class='ocrx_word' id='word_1_190' title='bbox 658 2534 759 2599; x_wconf 87' lang='grc'>18).</span> <span class='ocrx_word' id='word_1_191' title='bbox 794 2553 822 2580; x_wconf 87' lang='grc'><strong>››</strong></span> <span class='ocrx_word' id='word_1_192' title='bbox 859 2531 1017 2595; x_wconf 89' lang='lat' dir='ltr'>Quod</span> <span class='ocrx_word' id='word_1_193' title='bbox 1064 2530 1327 2585; x_wconf 87' lang='lat' dir='ltr'>videlicet</span> <span class='ocrx_word' id='word_1_194' title='bbox 1359 2548 1558 2585; x_wconf 90' lang='lat' dir='ltr'>omnes</span> <span class='ocrx_word' id='word_1_195' title='bbox 1601 2532 1768 2601; x_wconf 89' lang='lat' dir='ltr'>impii</span> 
     </span>
    </p>
   </div>
   <div class='ocr_carea' id='block_1_28' title="bbox 74 2618 1768 2687">
    <p class='ocr_par' dir='ltr' id='par_1_28' title="bbox 74 2618 1768 2687">
     <span class='ocr_line' id='line_1_28' title="bbox 74 2618 1768 2687; baseline 0.002 -18"><span class='ocrx_word' id='word_1_196' title='bbox 74 2626 120 2669; x_wconf 87' lang='lat' dir='ltr'>et</span> <span class='ocrx_word' id='word_1_197' title='bbox 148 2618 437 2671; x_wconf 88' lang='lat' dir='ltr'>increduli</span> <span class='ocrx_word' id='word_1_198' title='bbox 463 2618 587 2687; x_wconf 90' lang='lat' dir='ltr'>jam</span> <span class='ocrx_word' id='word_1_199' title='bbox 628 2624 762 2671; x_wconf 89' lang='lat' dir='ltr'>sunt</span> <span class='ocrx_word' id='word_1_200' title='bbox 805 2618 997 2671; x_wconf 87' lang='lat' dir='ltr'>divina</span> <span class='ocrx_word' id='word_1_201' title='bbox 1046 2618 1551 2687; x_wconf 65' lang='lat' dir='ltr'>prmdestinatione</span> <span class='ocrx_word' id='word_1_202' title='bbox 1601 2620 1768 2673; x_wconf 90' lang='lat' dir='ltr'>dam-</span> 
     </span>
    </p>
   </div>
   <div class='ocr_carea' id='block_1_29' title="bbox 76 2705 1767 2775">
    <p class='ocr_par' dir='ltr' id='par_1_29' title="bbox 76 2705 1767 2775">
     <span class='ocr_line' id='line_1_29' title="bbox 76 2705 1767 2775; baseline 0.002 -18"><span class='ocrx_word' id='word_1_203' title='bbox 76 2706 203 2759; x_wconf 91' lang='lat' dir='ltr'>nati.</span> <span class='ocrx_word' id='word_1_204' title='bbox 232 2706 382 2769; x_wconf 86' lang='lat' dir='ltr'>Quia</span> <span class='ocrx_word' id='word_1_205' title='bbox 410 2707 673 2759; x_wconf 82' lang='lat' dir='ltr'>videlicet</span> <span class='ocrx_word' id='word_1_206' title='bbox 703 2706 750 2759; x_wconf 90' lang='lat' dir='ltr'>si</span> <span class='ocrx_word' id='word_1_207' title='bbox 772 2722 971 2759; x_wconf 89' lang='lat' dir='ltr'>eorum</span> <span class='ocrx_word' id='word_1_208' title='bbox 1004 2705 1299 2758; x_wconf 88' lang='lat' dir='ltr'>damnatio</span> <span class='ocrx_word' id='word_1_209' title='bbox 1338 2706 1557 2775; x_wconf 92' lang='lat' dir='ltr'>justum</span> <span class='ocrx_word' id='word_1_210' title='bbox 1592 2707 1767 2761; x_wconf 88' lang='lat' dir='ltr'>divini</span> 
     </span>
    </p>
   </div>
   <div class='ocr_carea' id='block_1_30' title="bbox 68 2793 1766 2864">
    <p class='ocr_par' dir='ltr' id='par_1_30' title="bbox 68 2793 1766 2864">
     <span class='ocr_line' id='line_1_30' title="bbox 68 2793 1766 2864; baseline 0.001 -19"><span class='ocrx_word' id='word_1_211' title='bbox 68 2793 262 2860; x_wconf 88' lang='lat' dir='ltr'>judicii</span> <span class='ocrx_word' id='word_1_212' title='bbox 295 2810 445 2863; x_wconf 91' lang='lat' dir='ltr'>opus</span> <span class='ocrx_word' id='word_1_213' title='bbox 477 2799 580 2859; x_wconf 90' lang='lat' dir='ltr'>est,</span> <span class='ocrx_word' id='word_1_214' title='bbox 616 2794 737 2847; x_wconf 88' lang='lat' dir='ltr'>sine</span> <span class='ocrx_word' id='word_1_215' title='bbox 772 2794 944 2847; x_wconf 89' lang='lat' dir='ltr'>dubio</span> <span class='ocrx_word' id='word_1_216' title='bbox 971 2810 1115 2864; x_wconf 87' lang='lat' dir='ltr'>Opus</span> <span class='ocrx_word' id='word_1_217' title='bbox 1146 2809 1313 2847; x_wconf 89' lang='lat' dir='ltr'>suum</span> <span class='ocrx_word' id='word_1_218' title='bbox 1344 2809 1569 2862; x_wconf 89' lang='lat' dir='ltr'>semper</span> <span class='ocrx_word' id='word_1_219' title='bbox 1615 2794 1766 2863; x_wconf 90' lang='lat' dir='ltr'>apud</span> 
     </span>
    </p>
   </div>
   <div class='ocr_carea' id='block_1_31' title="bbox 78 2881 1765 2951">
    <p class='ocr_par' dir='ltr' id='par_1_31' title="bbox 78 2881 1765 2951">
     <span class='ocr_line' id='line_1_31' title="bbox 78 2881 1765 2951; baseline 0.001 -18"><span class='ocrx_word' id='word_1_220' title='bbox 78 2884 249 2934; x_wconf 85' lang='lat' dir='ltr'>Deum</span> <span class='ocrx_word' id='word_1_221' title='bbox 270 2888 329 2935; x_wconf 92' lang='lat' dir='ltr'>et</span> <span class='ocrx_word' id='word_1_222' title='bbox 377 2882 700 2951; x_wconf 66' lang='lat' dir='ltr'>praescitum</span> <span class='ocrx_word' id='word_1_223' title='bbox 740 2886 795 2935; x_wconf 94' lang='lat' dir='ltr'>et</span> <span class='ocrx_word' id='word_1_224' title='bbox 836 2881 1302 2950; x_wconf 73' lang='lat' dir='ltr'>praedestinatum</span> <span class='ocrx_word' id='word_1_225' title='bbox 1348 2887 1450 2935; x_wconf 83' lang='lat' dir='ltr'>est.</span> <span class='ocrx_word' id='word_1_226' title='bbox 1484 2882 1587 2936; x_wconf 91' lang='lat' dir='ltr'>Sed</span> <span class='ocrx_word' id='word_1_227' title='bbox 1622 2882 1765 2935; x_wconf 87' lang='lat' dir='ltr'>scri-</span> 
     </span>
    </p>
   </div>
   <div class='ocr_carea' id='block_1_32' title="bbox 75 2970 1765 3039">
    <p class='ocr_par' dir='ltr' id='par_1_32' title="bbox 75 2970 1765 3039">
     <span class='ocr_line' id='line_1_32' title="bbox 75 2970 1765 3039; baseline 0.002 -19"><span class='ocrx_word' id='word_1_228' title='bbox 75 2976 197 3038; x_wconf 85' lang='lat' dir='ltr'>ptor</span> <span class='ocrx_word' id='word_1_229' title='bbox 227 2970 488 3039; x_wconf 74' lang='lat' dir='ltr'>epistulae</span> <span class='ocrx_word' id='word_1_230' title='bbox 526 2971 723 3022; x_wconf 88' lang='lat' dir='ltr'>nolens</span> <span class='ocrx_word' id='word_1_231' title='bbox 764 2970 1194 3023; x_wconf 86' lang='lat' dir='ltr'>damnationem</span> <span class='ocrx_word' id='word_1_232' title='bbox 1238 2970 1662 3023; x_wconf 89' lang='lat' dir='ltr'>incredulorum</span> <span class='ocrx_word' id='word_1_233' title='bbox 1696 2971 1765 3023; x_wconf 91' lang='lat' dir='ltr'>ad</span> 
     </span>
    </p>
   </div>
   <div class='ocr_carea' id='block_1_33' title="bbox 75 3058 1765 3128">
    <p class='ocr_par' dir='ltr' id='par_1_33' title="bbox 75 3058 1765 3128">
     <span class='ocr_line' id='line_1_33' title="bbox 75 3058 1765 3128; baseline 0.001 -18"><span class='ocrx_word' id='word_1_234' title='bbox 75 3058 320 3111; x_wconf 85' lang='lat' dir='ltr'>divinam</span> <span class='ocrx_word' id='word_1_235' title='bbox 386 3058 973 3128; x_wconf 63' lang='lat' dir='ltr'>praedestinationem,</span> <span class='ocrx_word' id='word_1_236' title='bbox 1050 3059 1146 3111; x_wconf 90' lang='lat' dir='ltr'>sed</span> <span class='ocrx_word' id='word_1_237' title='bbox 1219 3059 1619 3112; x_wconf 90' lang='lat' dir='ltr'>tantummodo</span> <span class='ocrx_word' id='word_1_238' title='bbox 1694 3059 1765 3113; x_wconf 91' lang='lat' dir='ltr'>ad</span> 
     </span>
    </p>
   </div>
   <div class='ocr_carea' id='block_1_34' title="bbox 74 3146 1765 3218">
    <p class='ocr_par' dir='ltr' id='par_1_34' title="bbox 74 3146 1765 3218">
     <span class='ocr_line' id='line_1_34' title="bbox 74 3146 1765 3218; baseline 0.002 -20"><span class='ocrx_word' id='word_1_239' title='bbox 74 3148 494 3215; x_wconf 62' lang='lat' dir='ltr'>prescientiam</span> <span class='ocrx_word' id='word_1_240' title='bbox 525 3147 835 3216; x_wconf 87' lang='lat' dir='ltr'>pertinere,</span> <span class='ocrx_word' id='word_1_241' title='bbox 894 3146 1188 3217; x_wconf 86' lang='lat' dir='ltr'>subjungit</span> <span class='ocrx_word' id='word_1_242' title='bbox 1236 3148 1406 3201; x_wconf 91' lang='lat' dir='ltr'>verba</span> <span class='ocrx_word' id='word_1_243' title='bbox 1461 3149 1519 3201; x_wconf 90' lang='grc' dir='ltr'>Β.</span> <span class='ocrx_word' id='word_1_244' title='bbox 1568 3151 1765 3218; x_wconf 87' lang='lat' dir='ltr'>Augu-</span> 
     </span>
    </p>
   </div>
   <div class='ocr_carea' id='block_1_35' title="bbox 74 3236 1767 3306">
    <p class='ocr_par' dir='ltr' id='par_1_35' title="bbox 74 3236 1767 3306">
     <span class='ocr_line' id='line_1_35' title="bbox 74 3236 1767 3306; baseline 0.001 -18"><span class='ocrx_word' id='word_1_245' title='bbox 74 3236 220 3296; x_wconf 86' lang='lat' dir='ltr'>stini,</span> <span class='ocrx_word' id='word_1_246' title='bbox 273 3237 483 3305; x_wconf 87' lang='lat' dir='ltr'>quibus</span> <span class='ocrx_word' id='word_1_247' title='bbox 516 3236 679 3306; x_wconf 90' lang='lat' dir='ltr'>quasi</span> <span class='ocrx_word' id='word_1_248' title='bbox 719 3236 827 3289; x_wconf 89' lang='lat' dir='ltr'>hoc</span> <span class='ocrx_word' id='word_1_249' title='bbox 874 3236 1117 3305; x_wconf 89' lang='lat' dir='ltr'>probare</span> <span class='ocrx_word' id='word_1_250' title='bbox 1157 3236 1433 3291; x_wconf 89' lang='lat' dir='ltr'>videatur.</span> <span class='ocrx_word' id='word_1_251' title='bbox 1477 3237 1572 3290; x_wconf 83' lang='lat' dir='ltr'>Ait</span> <span class='ocrx_word' id='word_1_252' title='bbox 1610 3253 1767 3290; x_wconf 91' lang='lat' dir='ltr'>nam-</span> 
     </span>
    </p>
   </div>
   <div class='ocr_carea' id='block_1_36' title="bbox 74 3324 1765 3393">
    <p class='ocr_par' dir='ltr' id='par_1_36' title="bbox 74 3324 1765 3393">
     <span class='ocr_line' id='line_1_36' title="bbox 74 3324 1765 3393; baseline 0.001 -17"><span class='ocrx_word' id='word_1_253' title='bbox 74 3341 177 3393; x_wconf 91' lang='lat' dir='ltr'>que</span> <span class='ocrx_word' id='word_1_254' title='bbox 226 3325 325 3378; x_wconf 91' lang='lat' dir='ltr'>ille</span> <span class='ocrx_word' id='word_1_255' title='bbox 374 3326 430 3378; x_wconf 92' lang='lat' dir='ltr'>in</span> <span class='ocrx_word' id='word_1_256' title='bbox 471 3326 617 3378; x_wconf 88' lang='lat' dir='ltr'>libro</span> <span class='ocrx_word' id='word_1_257' title='bbox 664 3324 732 3379; x_wconf 91' lang='lat' dir='ltr'>de</span> <span class='ocrx_word' id='word_1_258' title='bbox 799 3328 993 3392; x_wconf 89' lang='lat' dir='ltr'>Agone</span> <span class='ocrx_word' id='word_1_259' title='bbox 1039 3324 1385 3391; x_wconf 86' lang='lat' dir='ltr'>Christiano,</span> <span class='ocrx_word' id='word_1_260' title='bbox 1438 3342 1765 3379; x_wconf 86' lang='lat' dir='ltr'>memorans</span> 
     </span>
    </p>
   </div>
   <div class='ocr_carea' id='block_1_37' title="bbox 73 3412 1765 3483">
    <p class='ocr_par' dir='ltr' id='par_1_37' title="bbox 73 3412 1765 3483">
     <span class='ocr_line' id='line_1_37' title="bbox 73 3412 1765 3483; baseline 0.004 -21"><span class='ocrx_word' id='word_1_261' title='bbox 73 3414 237 3467; x_wconf 86' lang='lat' dir='ltr'>verba</span> <span class='ocrx_word' id='word_1_262' title='bbox 295 3412 625 3483; x_wconf 79' lang='lat' dir='ltr'>Evangelii:</span> <span class='ocrx_word' id='word_1_263' title='bbox 665 3434 691 3461; x_wconf 76' lang='grc' dir='ltr'>α</span> <span class='ocrx_word' id='word_1_264' title='bbox 746 3413 854 3476; x_wconf 90' lang='lat' dir='ltr'>Qui</span> <span class='ocrx_word' id='word_1_265' title='bbox 913 3430 1026 3466; x_wconf 88' lang='lat' dir='ltr'>non</span> <span class='ocrx_word' id='word_1_266' title='bbox 1083 3414 1262 3467; x_wconf 90' lang='lat' dir='ltr'>credit</span> <span class='ocrx_word' id='word_1_267' title='bbox 1301 3414 1424 3483; x_wconf 88' lang='lat' dir='ltr'>jam</span> <span class='ocrx_word' id='word_1_268' title='bbox 1475 3414 1765 3483; x_wconf 86' lang='lat' dir='ltr'>judicatus</span> 
     </span>
    </p>
   </div>
   <div class='ocr_carea' id='block_1_38' title="bbox 74 3501 1763 3573">
    <p class='ocr_par' dir='ltr' id='par_1_38' title="bbox 74 3501 1763 3573">
     <span class='ocr_line' id='line_1_38' title="bbox 74 3501 1763 3573; baseline 0.002 -20"><span class='ocrx_word' id='word_1_269' title='bbox 74 3506 169 3567; x_wconf 87' lang='lat' dir='ltr'>est,</span> <span class='ocrx_word' id='word_1_270' title='bbox 206 3524 229 3549; x_wconf 73' lang='grc' dir='ltr'>ι</span> <span class='ocrx_word' id='word_1_271' title='bbox 265 3502 327 3555; x_wconf 90' lang='lat' dir='ltr'>id</span> <span class='ocrx_word' id='word_1_272' title='bbox 374 3507 458 3555; x_wconf 86' lang='lat' dir='ltr'>est</span> <span class='ocrx_word' id='word_1_273' title='bbox 495 3502 615 3571; x_wconf 89' lang='lat' dir='ltr'>jam</span> <span class='ocrx_word' id='word_1_274' title='bbox 650 3502 955 3555; x_wconf 91' lang='lat' dir='ltr'>damnatus</span> <span class='ocrx_word' id='word_1_275' title='bbox 1003 3507 1109 3569; x_wconf 89' lang='lat' dir='ltr'>est,</span> <span class='ocrx_word' id='word_1_276' title='bbox 1155 3501 1512 3571; x_wconf 70' lang='lat' dir='ltr'>praescieutia</span> <span class='ocrx_word' id='word_1_277' title='bbox 1565 3502 1763 3573; x_wconf 89' lang='lat' dir='ltr'>utique</span> 
     </span>
    </p>
   </div>
   <div class='ocr_carea' id='block_1_39' title="bbox 78 3588 1765 3659">
    <p class='ocr_par' dir='ltr' id='par_1_39' title="bbox 78 3588 1765 3659">
     <span class='ocr_line' id='line_1_39' title="bbox 78 3588 1765 3659; baseline 0.003 -19"><span class='ocrx_word' id='word_1_278' title='bbox 78 3588 187 3654; x_wconf 90' lang='lat' dir='ltr'>Dei,</span> <span class='ocrx_word' id='word_1_279' title='bbox 219 3589 320 3659; x_wconf 90' lang='lat' dir='ltr'>qui</span> <span class='ocrx_word' id='word_1_280' title='bbox 370 3594 529 3642; x_wconf 72' lang='lat' dir='ltr'>novrt</span> <span class='ocrx_word' id='word_1_281' title='bbox 578 3589 715 3659; x_wconf 92' lang='lat' dir='ltr'>quid</span> <span class='ocrx_word' id='word_1_282' title='bbox 766 3590 1068 3643; x_wconf 89' lang='lat' dir='ltr'>immineat</span> <span class='ocrx_word' id='word_1_283' title='bbox 1108 3606 1219 3643; x_wconf 91' lang='lat' dir='ltr'>non</span> <span class='ocrx_word' id='word_1_284' title='bbox 1258 3590 1641 3644; x_wconf 87' lang='lat' dir='ltr'>credentibus.</span> <span class='ocrx_word' id='word_1_285' title='bbox 1690 3592 1765 3645; x_wconf 93' lang='lat' dir='ltr'>Eo</span> 
     </span>
    </p>
   </div>
   <div class='ocr_carea' id='block_1_40' title="bbox 78 3679 1767 3749">
    <p class='ocr_par' dir='ltr' id='par_1_40' title="bbox 78 3679 1767 3749">
     <span class='ocr_line' id='line_1_40' title="bbox 78 3679 1767 3749; baseline 0.002 -18"><span class='ocrx_word' id='word_1_286' title='bbox 78 3680 221 3747; x_wconf 86' lang='lat' dir='ltr'>quod</span> <span class='ocrx_word' id='word_1_287' title='bbox 252 3695 373 3732; x_wconf 91' lang='lat' dir='ltr'>non</span> <span class='ocrx_word' id='word_1_288' title='bbox 403 3679 613 3734; x_wconf 84' lang='lat' dir='ltr'>dixerit</span> <span class='ocrx_word' id='word_1_289' title='bbox 642 3686 871 3733; x_wconf 90' lang='lat' dir='ltr'>sanctus</span> <span class='ocrx_word' id='word_1_290' title='bbox 924 3680 1139 3745; x_wconf 88' lang='lat' dir='ltr'>doctor,</span> <span class='ocrx_word' id='word_1_291' title='bbox 1178 3681 1298 3749; x_wconf 87' lang='lat' dir='ltr'>jam</span> <span class='ocrx_word' id='word_1_292' title='bbox 1345 3680 1651 3734; x_wconf 88' lang='lat' dir='ltr'>damnatus</span> <span class='ocrx_word' id='word_1_293' title='bbox 1681 3686 1767 3735; x_wconf 89' lang='lat' dir='ltr'>est</span> 
     </span>
    </p>
   </div>
   <div class='ocr_carea' id='block_1_41' title="bbox 77 3767 1765 3838">
    <p class='ocr_par' dir='ltr' id='par_1_41' title="bbox 77 3767 1765 3838">
     <span class='ocr_line' id='line_1_41' title="bbox 77 3767 1765 3838; baseline 0.002 -19"><span class='ocrx_word' id='word_1_294' title='bbox 77 3767 578 3833; x_wconf 61' lang='lat' dir='ltr'>predestinatione</span> <span class='ocrx_word' id='word_1_295' title='bbox 614 3769 733 3833; x_wconf 91' lang='lat' dir='ltr'>Dei,</span> <span class='ocrx_word' id='word_1_296' title='bbox 782 3768 876 3822; x_wconf 90' lang='lat' dir='ltr'>sed</span> <span class='ocrx_word' id='word_1_297' title='bbox 907 3768 1267 3838; x_wconf 76' lang='lat' dir='ltr'>praescientia</span> <span class='ocrx_word' id='word_1_298' title='bbox 1300 3768 1418 3823; x_wconf 90' lang='lat' dir='ltr'>Dei.</span> <span class='ocrx_word' id='word_1_299' title='bbox 1463 3770 1573 3823; x_wconf 89' lang='lat' dir='ltr'>Nec</span> <span class='ocrx_word' id='word_1_300' title='bbox 1604 3770 1765 3822; x_wconf 86' lang='lat' dir='ltr'>dixe-</span> 
     </span>
    </p>
   </div>
   <div class='ocr_carea' id='block_1_42' title="bbox 79 3856 1765 3926">
    <p class='ocr_par' dir='ltr' id='par_1_42' title="bbox 79 3856 1765 3926">
     <span class='ocr_line' id='line_1_42' title="bbox 79 3856 1765 3926; baseline 0.004 -21"><span class='ocrx_word' id='word_1_301' title='bbox 79 3856 164 3919; x_wconf 84' lang='lat' dir='ltr'>rit,</span> <span class='ocrx_word' id='word_1_302' title='bbox 192 3856 293 3923; x_wconf 88' lang='lat' dir='ltr'>qui</span> <span class='ocrx_word' id='word_1_303' title='bbox 324 3856 523 3909; x_wconf 78' lang='lat' dir='ltr'>statuit</span> <span class='ocrx_word' id='word_1_304' title='bbox 552 3860 651 3908; x_wconf 89' lang='lat' dir='ltr'>aut</span> <span class='ocrx_word' id='word_1_305' title='bbox 681 3856 1009 3924; x_wconf 74' lang='lat' dir='ltr'>prasﬁnivit,</span> <span class='ocrx_word' id='word_1_306' title='bbox 1040 3856 1155 3909; x_wconf 86' lang='lat' dir='ltr'>sive</span> <span class='ocrx_word' id='word_1_307' title='bbox 1190 3856 1630 3926; x_wconf 69' lang='lat' dir='ltr'>praedestinavit,</span> <span class='ocrx_word' id='word_1_308' title='bbox 1667 3858 1765 3911; x_wconf 90' lang='lat' dir='ltr'>sed</span> 
     </span>
    </p>
   </div>
   <div class='ocr_carea' id='block_1_43' title="bbox 79 3943 1763 4014">
    <p class='ocr_par' dir='ltr' id='par_1_43' title="bbox 79 3943 1763 4014">
     <span class='ocr_line' id='line_1_43' title="bbox 79 3943 1763 4014; baseline 0.002 -21"><span class='ocrx_word' id='word_1_309' title='bbox 79 3944 169 4012; x_wconf 85' lang='lat' dir='ltr'>qui</span> <span class='ocrx_word' id='word_1_310' title='bbox 208 3944 387 4011; x_wconf 89' lang='lat' dir='ltr'>novit,</span> <span class='ocrx_word' id='word_1_311' title='bbox 426 3943 635 4013; x_wconf 83' lang='lat' dir='ltr'>inquit,</span> <span class='ocrx_word' id='word_1_312' title='bbox 686 3944 823 4014; x_wconf 90' lang='lat' dir='ltr'>quid</span> <span class='ocrx_word' id='word_1_313' title='bbox 873 3944 1172 3998; x_wconf 87' lang='lat' dir='ltr'>immineat</span> <span class='ocrx_word' id='word_1_314' title='bbox 1219 3960 1335 3997; x_wconf 90' lang='lat' dir='ltr'>non</span> <span class='ocrx_word' id='word_1_315' title='bbox 1381 3944 1763 4010; x_wconf 88' lang='lat' dir='ltr'>credentibus,</span> 
     </span>
    </p>
   </div>
   <div class='ocr_carea' id='block_1_44' title="bbox 82 4032 1767 4103">
    <p class='ocr_par' dir='ltr' id='par_1_44' title="bbox 82 4032 1767 4103">
     <span class='ocr_line' id='line_1_44' title="bbox 82 4032 1767 4103; baseline 0.002 -19"><span class='ocrx_word' id='word_1_316' title='bbox 82 4033 229 4100; x_wconf 82' lang='lat' dir='ltr'>quasi</span> <span class='ocrx_word' id='word_1_317' title='bbox 253 4032 627 4101; x_wconf 89' lang='lat' dir='ltr'>omnipotens</span> <span class='ocrx_word' id='word_1_318' title='bbox 664 4033 812 4085; x_wconf 91' lang='lat' dir='ltr'>Deus</span> <span class='ocrx_word' id='word_1_319' title='bbox 844 4032 1058 4103; x_wconf 88' lang='lat' dir='ltr'>aliquid</span> <span class='ocrx_word' id='word_1_320' title='bbox 1091 4048 1332 4101; x_wconf 90' lang='lat' dir='ltr'>operum</span> <span class='ocrx_word' id='word_1_321' title='bbox 1362 4049 1599 4087; x_wconf 90' lang='lat' dir='ltr'>suorum</span> <span class='ocrx_word' id='word_1_322' title='bbox 1631 4050 1767 4102; x_wconf 70' lang='lat' dir='ltr'>prte-</span> 
     </span>
    </p>
   </div>
   <div class='ocr_carea' id='block_1_45' title="bbox 81 4120 1765 4190">
    <p class='ocr_par' dir='ltr' id='par_1_45' title="bbox 81 4120 1765 4190">
     <span class='ocr_line' id='line_1_45' title="bbox 81 4120 1765 4190; baseline 0.003 -20"><span class='ocrx_word' id='word_1_323' title='bbox 81 4120 261 4173; x_wconf 87' lang='lat' dir='ltr'>scierit</span> <span class='ocrx_word' id='word_1_324' title='bbox 302 4120 585 4185; x_wconf 86' lang='lat' dir='ltr'>futurum,</span> <span class='ocrx_word' id='word_1_325' title='bbox 639 4122 793 4190; x_wconf 89' lang='lat' dir='ltr'>quod</span> <span class='ocrx_word' id='word_1_326' title='bbox 842 4136 955 4174; x_wconf 93' lang='lat' dir='ltr'>non</span> <span class='ocrx_word' id='word_1_327' title='bbox 1010 4121 1499 4189; x_wconf 78' lang='lat' dir='ltr'>praedestinaverit</span> <span class='ocrx_word' id='word_1_328' title='bbox 1548 4138 1604 4174; x_wconf 94' lang='lat' dir='ltr'>se</span> <span class='ocrx_word' id='word_1_329' title='bbox 1643 4137 1765 4175; x_wconf 86' lang='lat' dir='ltr'>esse</span> 
     </span>
    </p>
   </div>
   <div class='ocr_carea' id='block_1_46' title="bbox 82 4206 1765 4278">
    <p class='ocr_par' dir='ltr' id='par_1_46' title="bbox 82 4206 1765 4278">
     <span class='ocr_line' id='line_1_46' title="bbox 82 4206 1765 4278; baseline 0.002 -19"><span class='ocrx_word' id='word_1_330' title='bbox 82 4206 355 4261; x_wconf 78' lang='lat' dir='ltr'>{acturum</span> <span class='ocrx_word' id='word_1_331' title='bbox 378 4208 406 4261; x_wconf 87' lang='lat'><strong>?</strong></span> <span class='ocrx_word' id='word_1_332' title='bbox 431 4212 544 4261; x_wconf 89' lang='lat' dir='ltr'>Aut</span> <span class='ocrx_word' id='word_1_333' title='bbox 570 4223 700 4260; x_wconf 92' lang='lat' dir='ltr'>cum</span> <span class='ocrx_word' id='word_1_334' title='bbox 731 4208 789 4260; x_wconf 92' lang='lat' dir='ltr'>in</span> <span class='ocrx_word' id='word_1_335' title='bbox 822 4207 1093 4278; x_wconf 88' lang='lat' dir='ltr'>operibus</span> <span class='ocrx_word' id='word_1_336' title='bbox 1126 4208 1361 4277; x_wconf 87' lang='lat' dir='ltr'>ponitur</span> <span class='ocrx_word' id='word_1_337' title='bbox 1406 4208 1765 4278; x_wconf 65' lang='lat' dir='ltr'>prmscientia</span> 
     </span>
    </p>
   </div>
   <div class='ocr_carea' id='block_1_47' title="bbox 87 4296 1767 4367">
    <p class='ocr_par' dir='ltr' id='par_1_47' title="bbox 87 4296 1767 4367">
     <span class='ocr_line' id='line_1_47' title="bbox 87 4296 1767 4367; baseline 0.003 -20"><span class='ocrx_word' id='word_1_338' title='bbox 87 4296 192 4361; x_wconf 83' lang='lat' dir='ltr'>Dei,</span> <span class='ocrx_word' id='word_1_339' title='bbox 226 4312 339 4349; x_wconf 93' lang='lat' dir='ltr'>non</span> <span class='ocrx_word' id='word_1_340' title='bbox 372 4296 566 4350; x_wconf 88' lang='lat' dir='ltr'>statim</span> <span class='ocrx_word' id='word_1_341' title='bbox 599 4296 913 4350; x_wconf 87' lang='lat' dir='ltr'>certissime</span> <span class='ocrx_word' id='word_1_342' title='bbox 962 4296 1206 4365; x_wconf 87' lang='lat' dir='ltr'>intelligi</span> <span class='ocrx_word' id='word_1_343' title='bbox 1253 4298 1477 4362; x_wconf 88' lang='lat' dir='ltr'>debeat,</span> <span class='ocrx_word' id='word_1_344' title='bbox 1531 4303 1585 4350; x_wconf 91' lang='lat' dir='ltr'>et</span> <span class='ocrx_word' id='word_1_345' title='bbox 1616 4313 1767 4367; x_wconf 75' lang='lat' dir='ltr'>pras-</span> 
     </span>
    </p>
   </div>
   <div class='ocr_carea' id='block_1_48' title="bbox 82 4384 1764 4456">
    <p class='ocr_par' dir='ltr' id='par_1_48' title="bbox 82 4384 1764 4456">
     <span class='ocr_line' id='line_1_48' title="bbox 82 4384 1764 4456; baseline 0.003 -21"><span class='ocrx_word' id='word_1_346' title='bbox 82 4384 375 4438; x_wconf 87' lang='lat' dir='ltr'>destinatio</span> <span class='ocrx_word' id='word_1_347' title='bbox 412 4384 531 4439; x_wconf 91' lang='lat' dir='ltr'>Dei.</span> <span class='ocrx_word' id='word_1_348' title='bbox 562 4385 703 4448; x_wconf 88' lang='lat' dir='ltr'>Quia</span> <span class='ocrx_word' id='word_1_349' title='bbox 738 4385 883 4439; x_wconf 87' lang='lat' dir='ltr'>sicut</span> <span class='ocrx_word' id='word_1_350' title='bbox 913 4386 1057 4438; x_wconf 86' lang='lat' dir='ltr'>nihil</span> <span class='ocrx_word' id='word_1_351' title='bbox 1089 4402 1330 4453; x_wconf 87' lang='lat' dir='ltr'>operum</span> <span class='ocrx_word' id='word_1_352' title='bbox 1355 4402 1588 4440; x_wconf 88' lang='lat' dir='ltr'>suorum</span> <span class='ocrx_word' id='word_1_353' title='bbox 1620 4402 1764 4456; x_wconf 72' lang='lat' dir='ltr'>prae-</span> 
     </span>
    </p>
   </div>
   <div class='ocr_carea' id='block_1_49' title="bbox 85 4471 1765 4544">
    <p class='ocr_par' dir='ltr' id='par_1_49' title="bbox 85 4471 1765 4544">
     <span class='ocr_line' id='line_1_49' title="bbox 85 4471 1765 4544; baseline 0.002 -21"><span class='ocrx_word' id='word_1_354' title='bbox 85 4471 395 4535; x_wconf 87' lang='lat' dir='ltr'>destinavit,</span> <span class='ocrx_word' id='word_1_355' title='bbox 429 4472 583 4542; x_wconf 90' lang='lat' dir='ltr'>quod</span> <span class='ocrx_word' id='word_1_356' title='bbox 617 4488 733 4526; x_wconf 91' lang='lat' dir='ltr'>non</span> <span class='ocrx_word' id='word_1_357' title='bbox 763 4472 1093 4543; x_wconf 68' lang='lat' dir='ltr'>prasscierit,</span> <span class='ocrx_word' id='word_1_358' title='bbox 1136 4472 1216 4526; x_wconf 91' lang='lat' dir='ltr'>ita</span> <span class='ocrx_word' id='word_1_359' title='bbox 1250 4474 1531 4544; x_wconf 91' lang='lat' dir='ltr'>quidquid</span> <span class='ocrx_word' id='word_1_360' title='bbox 1564 4490 1765 4527; x_wconf 90' lang='lat' dir='ltr'>eorum</span> 
     </span>
    </p>
   </div>
   <div class='ocr_carea' id='block_1_50' title="bbox 86 4559 1768 4631">
    <p class='ocr_par' dir='ltr' id='par_1_50' title="bbox 86 4559 1768 4631">
     <span class='ocr_line' id='line_1_50' title="bbox 86 4559 1768 4631; baseline 0.003 -20"><span class='ocrx_word' id='word_1_361' title='bbox 86 4559 374 4627; x_wconf 60' lang='lat' dir='ltr'>praescivit,</span> <span class='ocrx_word' id='word_1_362' title='bbox 404 4560 528 4614; x_wconf 90' lang='lat' dir='ltr'>sine</span> <span class='ocrx_word' id='word_1_363' title='bbox 559 4560 735 4614; x_wconf 91' lang='lat' dir='ltr'>dubio</span> <span class='ocrx_word' id='word_1_364' title='bbox 758 4560 932 4614; x_wconf 90' lang='lat' dir='ltr'>etiam</span> <span class='ocrx_word' id='word_1_365' title='bbox 956 4560 1396 4631; x_wconf 70' lang='lat' dir='ltr'>praedestinavit.</span> <span class='ocrx_word' id='word_1_366' title='bbox 1429 4562 1578 4616; x_wconf 87' lang='lat' dir='ltr'>Nihil</span> <span class='ocrx_word' id='word_1_367' title='bbox 1612 4562 1768 4617; x_wconf 91' lang='lat' dir='ltr'>enim</span> 
     </span>
    </p>
   </div>
   <div class='ocr_carea' id='block_1_51' title="bbox 88 4648 1769 4721">
    <p class='ocr_par' dir='ltr' id='par_1_51' title="bbox 88 4648 1769 4721">
     <span class='ocr_line' id='line_1_51' title="bbox 88 4648 1769 4721; baseline 0.003 -22"><span class='ocrx_word' id='word_1_368' title='bbox 88 4648 134 4700; x_wconf 91' lang='lat' dir='ltr'>in</span> <span class='ocrx_word' id='word_1_369' title='bbox 166 4649 436 4720; x_wconf 89' lang='lat' dir='ltr'>operibus</span> <span class='ocrx_word' id='word_1_370' title='bbox 467 4650 591 4719; x_wconf 87' lang='lat' dir='ltr'>ejus</span> <span class='ocrx_word' id='word_1_371' title='bbox 613 4655 697 4702; x_wconf 90' lang='lat' dir='ltr'>est</span> <span class='ocrx_word' id='word_1_372' title='bbox 724 4649 1025 4719; x_wconf 86' lang='lat' dir='ltr'>iujustum,</span> <span class='ocrx_word' id='word_1_373' title='bbox 1060 4654 1158 4704; x_wconf 90' lang='lat' dir='ltr'>aut</span> <span class='ocrx_word' id='word_1_374' title='bbox 1188 4650 1475 4720; x_wconf 88' lang='lat' dir='ltr'>iniquum,</span> <span class='ocrx_word' id='word_1_375' title='bbox 1506 4656 1567 4704; x_wconf 92' lang='lat' dir='ltr'>ut</span> <span class='ocrx_word' id='word_1_376' title='bbox 1598 4651 1769 4721; x_wconf 89' lang='lat' dir='ltr'>digne</span> 
     </span>
    </p>
   </div>
   <div class='ocr_carea' id='block_1_52' title="bbox 87 4738 1763 4809">
    <p class='ocr_par' dir='ltr' id='par_1_52' title="bbox 87 4738 1763 4809">
     <span class='ocr_line' id='line_1_52' title="bbox 87 4738 1763 4809; baseline 0.002 -19"><span class='ocrx_word' id='word_1_377' title='bbox 87 4738 477 4791; x_wconf 86' lang='lat' dir='ltr'>tantummodo</span> <span class='ocrx_word' id='word_1_378' title='bbox 529 4738 893 4808; x_wconf 69' lang='lat' dir='ltr'>prmsciretur</span> <span class='ocrx_word' id='word_1_379' title='bbox 949 4742 1005 4791; x_wconf 92' lang='lat' dir='ltr'>et</span> <span class='ocrx_word' id='word_1_380' title='bbox 1058 4755 1173 4793; x_wconf 91' lang='lat' dir='ltr'>non</span> <span class='ocrx_word' id='word_1_381' title='bbox 1222 4739 1763 4809; x_wconf 65' lang='lat' dir='ltr'>predestinaretur;</span> 
     </span>
    </p>
   </div>
   <div class='ocr_carea' id='block_1_53' title="bbox 88 4827 1772 4898">
    <p class='ocr_par' dir='ltr' id='par_1_53' title="bbox 88 4827 1772 4898">
     <span class='ocr_line' id='line_1_53' title="bbox 88 4827 1772 4898; baseline 0.002 -21"><span class='ocrx_word' id='word_1_382' title='bbox 88 4827 170 4879; x_wconf 83' lang='lat' dir='ltr'>sed</span> <span class='ocrx_word' id='word_1_383' title='bbox 198 4827 332 4898; x_wconf 89' lang='lat' dir='ltr'>quia</span> <span class='ocrx_word' id='word_1_384' title='bbox 362 4832 545 4879; x_wconf 90' lang='lat' dir='ltr'>totum</span> <span class='ocrx_word' id='word_1_385' title='bbox 580 4830 666 4880; x_wconf 92' lang='lat' dir='ltr'>est</span> <span class='ocrx_word' id='word_1_386' title='bbox 687 4827 909 4896; x_wconf 91' lang='lat' dir='ltr'>justum</span> <span class='ocrx_word' id='word_1_387' title='bbox 953 4831 1009 4880; x_wconf 91' lang='lat' dir='ltr'>et</span> <span class='ocrx_word' id='word_1_388' title='bbox 1034 4832 1274 4890; x_wconf 86' lang='lat' dir='ltr'>rectum,</span> <span class='ocrx_word' id='word_1_389' title='bbox 1307 4832 1490 4881; x_wconf 91' lang='lat' dir='ltr'>totum</span> <span class='ocrx_word' id='word_1_390' title='bbox 1523 4833 1608 4881; x_wconf 89' lang='lat' dir='ltr'>est</span> <span class='ocrx_word' id='word_1_391' title='bbox 1652 4844 1772 4881; x_wconf 90' lang='lat' dir='ltr'>om-</span> 
     </span>
    </p>
   </div>
   <div class='ocr_carea' id='block_1_54' title="bbox 89 4914 1766 4986">
    <p class='ocr_par' dir='ltr' id='par_1_54' title="bbox 89 4914 1766 4986">
     <span class='ocr_line' id='line_1_54' title="bbox 89 4914 1766 4986; baseline 0.002 -20"><span class='ocrx_word' id='word_1_392' title='bbox 89 4915 211 4968; x_wconf 90' lang='lat' dir='ltr'>nino</span> <span class='ocrx_word' id='word_1_393' title='bbox 272 4914 629 4984; x_wconf 67' lang='lat' dir='ltr'>pragscitum,</span> <span class='ocrx_word' id='word_1_394' title='bbox 705 4918 892 4968; x_wconf 87' lang='lat' dir='ltr'>totum</span> <span class='ocrx_word' id='word_1_395' title='bbox 971 4915 1208 4969; x_wconf 85' lang='lat' dir='ltr'>omnino</span> <span class='ocrx_word' id='word_1_396' title='bbox 1277 4915 1766 4986; x_wconf 65' lang='lat' dir='ltr'>praedestinatum.</span> 
     </span>
    </p>
   </div>
   <div class='ocr_carea' id='block_1_55' title="bbox 92 5002 1773 5075">
    <p class='ocr_par' dir='ltr' id='par_1_55' title="bbox 92 5002 1773 5075">
     <span class='ocr_line' id='line_1_55' title="bbox 92 5002 1773 5075; baseline 0.001 -20"><span class='ocrx_word' id='word_1_397' title='bbox 92 5002 234 5056; x_wconf 81' lang='lat' dir='ltr'>Unde</span> <span class='ocrx_word' id='word_1_398' title='bbox 264 5004 422 5057; x_wconf 89' lang='lat' dir='ltr'>idem</span> <span class='ocrx_word' id='word_1_399' title='bbox 458 5004 660 5057; x_wconf 88' lang='lat' dir='ltr'>beatus</span> <span class='ocrx_word' id='word_1_400' title='bbox 699 5003 1075 5074; x_wconf 81' lang='lat' dir='ltr'>Augustinus,</span> <span class='ocrx_word' id='word_1_401' title='bbox 1115 5004 1215 5075; x_wconf 91' lang='lat' dir='ltr'>qui</span> <span class='ocrx_word' id='word_1_402' title='bbox 1246 5003 1305 5057; x_wconf 91' lang='lat' dir='ltr'>in</span> <span class='ocrx_word' id='word_1_403' title='bbox 1336 5004 1441 5057; x_wconf 90' lang='lat' dir='ltr'>hoc</span> <span class='ocrx_word' id='word_1_404' title='bbox 1472 5005 1595 5057; x_wconf 92' lang='lat' dir='ltr'>loco</span> <span class='ocrx_word' id='word_1_405' title='bbox 1635 5004 1773 5058; x_wconf 90' lang='lat' dir='ltr'>dicit</span> 
     </span>
    </p>
   </div>
   <div class='ocr_carea' id='block_1_56' title="bbox 91 5090 1774 5162">
    <p class='ocr_par' dir='ltr' id='par_1_56' title="bbox 91 5090 1774 5162">
     <span class='ocr_line' id='line_1_56' title="bbox 91 5090 1774 5162; baseline 0.001 -19"><span class='ocrx_word' id='word_1_406' title='bbox 91 5090 396 5146; x_wconf 89' lang='lat' dir='ltr'>incredulos</span> <span class='ocrx_word' id='word_1_407' title='bbox 445 5092 567 5161; x_wconf 86' lang='lat' dir='ltr'>jam</span> <span class='ocrx_word' id='word_1_408' title='bbox 613 5092 806 5146; x_wconf 86' lang='lat' dir='ltr'>divina</span> <span class='ocrx_word' id='word_1_409' title='bbox 862 5092 1223 5162; x_wconf 71' lang='lat' dir='ltr'>praascientia</span> <span class='ocrx_word' id='word_1_410' title='bbox 1262 5093 1583 5161; x_wconf 86' lang='lat' dir='ltr'>damnatos,</span> <span class='ocrx_word' id='word_1_411' title='bbox 1637 5093 1774 5147; x_wconf 91' lang='lat' dir='ltr'>alibi</span> 
     </span>
    </p>
   </div>
   <div class='ocr_carea' id='block_1_57' title="bbox 93 5181 1767 5252">
    <p class='ocr_par' dir='ltr' id='par_1_57' title="bbox 93 5181 1767 5252">
     <span class='ocr_line' id='line_1_57' title="bbox 93 5181 1767 5252; baseline 0.002 -21"><span class='ocrx_word' id='word_1_412' title='bbox 93 5196 201 5234; x_wconf 89' lang='lat' dir='ltr'>cum</span> <span class='ocrx_word' id='word_1_413' title='bbox 251 5186 529 5235; x_wconf 87' lang='lat' dir='ltr'>tractaret</span> <span class='ocrx_word' id='word_1_414' title='bbox 575 5181 749 5235; x_wconf 86' lang='lat' dir='ltr'>verba</span> <span class='ocrx_word' id='word_1_415' title='bbox 800 5181 1026 5235; x_wconf 89' lang='lat' dir='ltr'>Domini</span> <span class='ocrx_word' id='word_1_416' title='bbox 1056 5182 1297 5236; x_wconf 90' lang='lat' dir='ltr'>dicentis</span> <span class='ocrx_word' id='word_1_417' title='bbox 1344 5182 1415 5236; x_wconf 93' lang='lat' dir='ltr'>ad</span> <span class='ocrx_word' id='word_1_418' title='bbox 1463 5182 1767 5252; x_wconf 82' lang='lat' dir='ltr'>quosdam:</span> 
     </span>
    </p>
   </div>
   <div class='ocr_carea' id='block_1_58' title="bbox 96 5268 1773 5339">
    <p class='ocr_par' dir='ltr' id='par_1_58' title="bbox 96 5268 1773 5339">
     <span class='ocr_line' id='line_1_58' title="bbox 96 5268 1773 5339; baseline 0.001 -16"><span class='ocrx_word' id='word_1_419' title='bbox 96 5290 117 5313; x_wconf 75' lang='grc' dir='ltr'>α</span> <span class='ocrx_word' id='word_1_420' title='bbox 143 5269 241 5324; x_wconf 82' lang='lat' dir='ltr'>Sed</span> <span class='ocrx_word' id='word_1_421' title='bbox 273 5286 374 5324; x_wconf 90' lang='lat' dir='ltr'>vos</span> <span class='ocrx_word' id='word_1_422' title='bbox 404 5285 519 5323; x_wconf 92' lang='lat' dir='ltr'>non</span> <span class='ocrx_word' id='word_1_423' title='bbox 550 5268 782 5323; x_wconf 88' lang='lat' dir='ltr'>creditis</span> <span class='ocrx_word' id='word_1_424' title='bbox 814 5269 948 5339; x_wconf 90' lang='lat' dir='ltr'>quia</span> <span class='ocrx_word' id='word_1_425' title='bbox 978 5286 1095 5323; x_wconf 90' lang='lat' dir='ltr'>non</span> <span class='ocrx_word' id='word_1_426' title='bbox 1134 5270 1270 5324; x_wconf 90' lang='lat' dir='ltr'>estis</span> <span class='ocrx_word' id='word_1_427' title='bbox 1296 5286 1361 5323; x_wconf 81' lang='lat' dir='ltr'>ex</span> <span class='ocrx_word' id='word_1_428' title='bbox 1401 5270 1600 5324; x_wconf 90' lang='lat' dir='ltr'>ovibus</span> <span class='ocrx_word' id='word_1_429' title='bbox 1631 5271 1773 5324; x_wconf 90' lang='lat' dir='ltr'>meis</span> 
     </span>
    </p>
   </div>
   <div class='ocr_carea' id='block_1_59' title="bbox 96 5358 1771 5430">
    <p class='ocr_par' dir='ltr' id='par_1_59' title="bbox 96 5358 1771 5430">
     <span class='ocr_line' id='line_1_59' title="bbox 96 5358 1771 5430; baseline 0.001 -19"><span class='ocrx_word' id='word_1_430' title='bbox 96 5362 253 5417; x_wconf 54' lang='lat' dir='ltr'>(Joan.</span> <span class='ocrx_word' id='word_1_431' title='bbox 301 5375 355 5427; x_wconf 89' lang='lat' dir='ltr'>x,</span> <span class='ocrx_word' id='word_1_432' title='bbox 409 5360 527 5428; x_wconf 90' lang='lat'>26).</span> <span class='ocrx_word' id='word_1_433' title='bbox 575 5379 603 5407; x_wconf 73' lang='grc' dir='ltr'>»ι</span> <span class='ocrx_word' id='word_1_434' title='bbox 638 5358 880 5411; x_wconf 88' lang='lat' dir='ltr'>Eosdem</span> <span class='ocrx_word' id='word_1_435' title='bbox 924 5363 1167 5413; x_wconf 89' lang='lat' dir='ltr'>testatur</span> <span class='ocrx_word' id='word_1_436' title='bbox 1212 5359 1405 5415; x_wconf 89' lang='lat' dir='ltr'>divino</span> <span class='ocrx_word' id='word_1_437' title='bbox 1444 5360 1664 5430; x_wconf 91' lang='lat' dir='ltr'>judicio</span> <span class='ocrx_word' id='word_1_438' title='bbox 1700 5360 1771 5413; x_wconf 91' lang='lat' dir='ltr'>ad</span> 
     </span>
    </p>
   </div>
   <div class='ocr_carea' id='block_1_60' title="bbox 96 5446 1770 5516">
    <p class='ocr_par' dir='ltr' id='par_1_60' title="bbox 96 5446 1770 5516">
     <span class='ocr_line' id='line_1_60' title="bbox 96 5446 1770 5516; baseline 0.004 -18"><span class='ocrx_word' id='word_1_439' title='bbox 96 5454 346 5501; x_wconf 71' lang='lat' dir='ltr'>aeternam</span> <span class='ocrx_word' id='word_1_440' title='bbox 380 5452 624 5500; x_wconf 89' lang='lat' dir='ltr'>mortem</span> <span class='ocrx_word' id='word_1_441' title='bbox 659 5446 1112 5516; x_wconf 67' lang='lat' dir='ltr'>praedestinatos,</span> <span class='ocrx_word' id='word_1_442' title='bbox 1148 5448 1226 5501; x_wconf 90' lang='lat' dir='ltr'>ita</span> <span class='ocrx_word' id='word_1_443' title='bbox 1258 5448 1453 5502; x_wconf 91' lang='lat' dir='ltr'>dicens</span> <span class='ocrx_word' id='word_1_444' title='bbox 1502 5449 1579 5516; x_wconf 82' lang='lat' dir='ltr'>(in</span> <span class='ocrx_word' id='word_1_445' title='bbox 1608 5451 1770 5505; x_wconf 86' lang='lat' dir='ltr'>Joan.</span> 
     </span>
    </p>
   </div>
   <div class='ocr_carea' id='block_1_61' title="bbox 98 5534 1775 5607">
    <p class='ocr_par' dir='ltr' id='par_1_61' title="bbox 98 5534 1775 5607">
     <span class='ocr_line' id='line_1_61' title="bbox 98 5534 1775 5607; baseline 0.004 -22"><span class='ocrx_word' id='word_1_446' title='bbox 98 5542 240 5589; x_wconf 84' lang='lat' dir='ltr'>tract.</span> <span class='ocrx_word' id='word_1_447' title='bbox 277 5539 405 5605; x_wconf 70' lang='lat'>48):</span> <span class='ocrx_word' id='word_1_448' title='bbox 468 5534 786 5607; x_wconf 90' lang='lat' dir='ltr'>[Quomodo</span> <span class='ocrx_word' id='word_1_449' title='bbox 836 5552 971 5606; x_wconf 90' lang='lat' dir='ltr'>ergo</span> <span class='ocrx_word' id='word_1_450' title='bbox 1012 5536 1133 5590; x_wconf 90' lang='lat' dir='ltr'>istis</span> <span class='ocrx_word' id='word_1_451' title='bbox 1176 5537 1351 5591; x_wconf 87' lang='lat' dir='ltr'>dixit:</span> <span class='ocrx_word' id='word_1_452' title='bbox 1389 5560 1416 5585; x_wconf 87' lang='grc'><strong>‹‹</strong></span> <span class='ocrx_word' id='word_1_453' title='bbox 1470 5539 1590 5591; x_wconf 90' lang='lat' dir='ltr'>Non</span> <span class='ocrx_word' id='word_1_454' title='bbox 1639 5538 1775 5591; x_wconf 89' lang='lat' dir='ltr'>estis</span> 
     </span>
    </p>
   </div>
   <div class='ocr_carea' id='block_1_62' title="bbox 100 5623 1774 5698">
    <p class='ocr_par' dir='ltr' id='par_1_62' title="bbox 100 5623 1774 5698">
     <span class='ocr_line' id='line_1_62' title="bbox 100 5623 1774 5698; baseline 0.004 -25"><span class='ocrx_word' id='word_1_455' title='bbox 100 5638 152 5676; x_wconf 79' lang='lat' dir='ltr'>ex</span> <span class='ocrx_word' id='word_1_456' title='bbox 178 5625 374 5679; x_wconf 79' lang='lat' dir='ltr'>ovibus</span> <span class='ocrx_word' id='word_1_457' title='bbox 428 5623 595 5687; x_wconf 88' lang='lat' dir='ltr'>meis,</span> <span class='ocrx_word' id='word_1_458' title='bbox 628 5641 654 5673; x_wconf 81' lang='grc' dir='ltr'>ι)</span> <span class='ocrx_word' id='word_1_459' title='bbox 695 5623 831 5693; x_wconf 88' lang='lat' dir='ltr'>quia</span> <span class='ocrx_word' id='word_1_460' title='bbox 863 5624 1091 5679; x_wconf 88' lang='lat' dir='ltr'>videbat</span> <span class='ocrx_word' id='word_1_461' title='bbox 1129 5640 1225 5679; x_wconf 90' lang='lat' dir='ltr'>eos</span> <span class='ocrx_word' id='word_1_462' title='bbox 1255 5626 1321 5679; x_wconf 86' lang='lat' dir='ltr'>ad</span> <span class='ocrx_word' id='word_1_463' title='bbox 1354 5628 1774 5698; x_wconf 90' lang='lat' dir='ltr'>sempiternum</span> 
     </span>
    </p>
   </div>
   <div class='ocr_carea' id='block_1_63' title="bbox 1805 3093 2371 3161">
    <p class='ocr_par' dir='ltr' id='par_1_63' title="bbox 1805 3093 2371 3161">
     <span class='ocr_line' id='line_1_63' title="bbox 1805 3093 2371 3161; baseline -0.014 0"><span class='ocrx_word' id='word_1_464' title='bbox 1805 3093 1845 3148; x_wconf 70' lang='grc' dir='ltr'>Ο</span> <span class='ocrx_word' id='word_1_465' title='bbox 1874 3106 2019 3161; x_wconf 92' lang='lat' dir='ltr'>roris</span> <span class='ocrx_word' id='word_1_466' title='bbox 2050 3105 2309 3159; x_wconf 90' lang='lat' dir='ltr'>immisit.</span> <span class='ocrx_word' id='word_1_467' title='bbox 2346 3128 2371 3153; x_wconf 73' lang='grc' dir='ltr'><em>α</em></span> 
     </span>
    </p>
   </div>
   <div class='ocr_carea' id='block_1_64' title="bbox 1885 589 3578 661">
    <p class='ocr_par' dir='ltr' id='par_1_64' title="bbox 1885 589 3578 661">
     <span class='ocr_line' id='line_1_64' title="bbox 1885 589 3578 661; baseline 0.001 -20"><span class='ocrx_word' id='word_1_468' title='bbox 1885 589 2182 657; x_wconf 81' lang='lat' dir='ltr'>sanguinis</span> <span class='ocrx_word' id='word_1_469' title='bbox 2208 592 2394 659; x_wconf 91' lang='lat' dir='ltr'>pretio</span> <span class='ocrx_word' id='word_1_470' title='bbox 2424 590 2821 661; x_wconf 68' lang='lat' dir='ltr'>comparatos]</span> <span class='ocrx_word' id='word_1_471' title='bbox 2859 592 2993 644; x_wconf 88' lang='lat' dir='ltr'>Ecce</span> <span class='ocrx_word' id='word_1_472' title='bbox 3033 590 3176 644; x_wconf 91' lang='lat' dir='ltr'>etin</span> <span class='ocrx_word' id='word_1_473' title='bbox 3227 591 3338 643; x_wconf 90' lang='lat' dir='ltr'>illis</span> <span class='ocrx_word' id='word_1_474' title='bbox 3392 589 3578 643; x_wconf 86' lang='lat' dir='ltr'>verbis</span> 
     </span>
    </p>
   </div>
   <div class='ocr_carea' id='block_1_65' title="bbox 1886 676 3577 748">
    <p class='ocr_par' dir='ltr' id='par_1_65' title="bbox 1886 676 3577 748">
     <span class='ocr_line' id='line_1_65' title="bbox 1886 676 3577 748; baseline 0 -19"><span class='ocrx_word' id='word_1_475' title='bbox 1886 676 2116 730; x_wconf 91' lang='lat' dir='ltr'>Domini</span> <span class='ocrx_word' id='word_1_476' title='bbox 2143 678 2349 748; x_wconf 90' lang='lat' dir='ltr'>quibus</span> <span class='ocrx_word' id='word_1_477' title='bbox 2379 678 2489 731; x_wconf 88' lang='lat' dir='ltr'>ait:</span> <span class='ocrx_word' id='word_1_478' title='bbox 2528 700 2555 725; x_wconf 84' lang='grc'><strong>‹‹</strong></span> <span class='ocrx_word' id='word_1_479' title='bbox 2600 678 2706 742; x_wconf 90' lang='lat' dir='ltr'>Qui</span> <span class='ocrx_word' id='word_1_480' title='bbox 2737 694 2853 731; x_wconf 90' lang='lat' dir='ltr'>non</span> <span class='ocrx_word' id='word_1_481' title='bbox 2899 679 3080 730; x_wconf 86' lang='lat' dir='ltr'>credit</span> <span class='ocrx_word' id='word_1_482' title='bbox 3118 678 3237 747; x_wconf 87' lang='lat' dir='ltr'>jam</span> <span class='ocrx_word' id='word_1_483' title='bbox 3288 678 3577 747; x_wconf 84' lang='lat' dir='ltr'>judicatus</span> 
     </span>
    </p>
   </div>
   <div class='ocr_carea' id='block_1_66' title="bbox 1884 764 3576 835">
    <p class='ocr_par' dir='ltr' id='par_1_66' title="bbox 1884 764 3576 835">
     <span class='ocr_line' id='line_1_66' title="bbox 1884 764 3576 835; baseline 0.001 -18"><span class='ocrx_word' id='word_1_484' title='bbox 1884 770 1966 817; x_wconf 88' lang='lat' dir='ltr'>est</span> <span class='ocrx_word' id='word_1_485' title='bbox 1994 766 2167 833; x_wconf 84' lang='lat' dir='ltr'>(Joan.</span> <span class='ocrx_word' id='word_1_486' title='bbox 2205 783 2285 832; x_wconf 84' lang='lat' dir='ltr'>Ill,</span> <span class='ocrx_word' id='word_1_487' title='bbox 2327 766 2431 834; x_wconf 83' lang='lat' dir='ltr'>l8),</span> <span class='ocrx_word' id='word_1_488' title='bbox 2471 787 2489 813; x_wconf 66' lang='grc' dir='ltr'><strong>ν</strong></span> <span class='ocrx_word' id='word_1_489' title='bbox 2550 770 2604 818; x_wconf 92' lang='lat' dir='ltr'>et</span> <span class='ocrx_word' id='word_1_490' title='bbox 2643 766 2701 818; x_wconf 93' lang='lat' dir='ltr'>in</span> <span class='ocrx_word' id='word_1_491' title='bbox 2745 764 2866 818; x_wconf 88' lang='lat' dir='ltr'>istis</span> <span class='ocrx_word' id='word_1_492' title='bbox 2912 766 3121 835; x_wconf 89' lang='lat' dir='ltr'>quibus</span> <span class='ocrx_word' id='word_1_493' title='bbox 3171 765 3348 819; x_wconf 82' lang='lat' dir='ltr'>dixit:</span> <span class='ocrx_word' id='word_1_494' title='bbox 3394 787 3420 812; x_wconf 92' lang='grc'>‹‹</span> <span class='ocrx_word' id='word_1_495' title='bbox 3465 765 3576 819; x_wconf 91' lang='lat' dir='ltr'>Sed</span> 
     </span>
    </p>
   </div>
   <div class='ocr_carea' id='block_1_67' title="bbox 1881 853 3568 924">
    <p class='ocr_par' dir='ltr' id='par_1_67' title="bbox 1881 853 3568 924">
     <span class='ocr_line' id='line_1_67' title="bbox 1881 853 3568 924; baseline 0.001 -20"><span class='ocrx_word' id='word_1_496' title='bbox 1881 869 1981 905; x_wconf 88' lang='lat' dir='ltr'>vos</span> <span class='ocrx_word' id='word_1_497' title='bbox 2007 869 2121 906; x_wconf 90' lang='lat' dir='ltr'>non</span> <span class='ocrx_word' id='word_1_498' title='bbox 2175 854 2427 918; x_wconf 87' lang='lat' dir='ltr'>creditis,</span> <span class='ocrx_word' id='word_1_499' title='bbox 2492 853 2627 924; x_wconf 89' lang='lat' dir='ltr'>quia</span> <span class='ocrx_word' id='word_1_500' title='bbox 2684 869 2801 905; x_wconf 90' lang='lat' dir='ltr'>non</span> <span class='ocrx_word' id='word_1_501' title='bbox 2859 853 2992 906; x_wconf 86' lang='lat' dir='ltr'>estis</span> <span class='ocrx_word' id='word_1_502' title='bbox 3049 870 3113 906; x_wconf 76' lang='lat' dir='ltr'>ex</span> <span class='ocrx_word' id='word_1_503' title='bbox 3171 854 3371 906; x_wconf 86' lang='lat' dir='ltr'>ovibus</span> <span class='ocrx_word' id='word_1_504' title='bbox 3428 853 3568 905; x_wconf 88' lang='lat' dir='ltr'>meis</span> 
     </span>
    </p>
   </div>
   <div class='ocr_carea' id='block_1_68' title="bbox 1888 941 3577 1011">
    <p class='ocr_par' dir='ltr' id='par_1_68' title="bbox 1888 941 3577 1011">
     <span class='ocr_line' id='line_1_68' title="bbox 1888 941 3577 1011; baseline -0.001 -17"><span class='ocrx_word' id='word_1_505' title='bbox 1888 942 2085 1007; x_wconf 65' lang='lat' dir='ltr'>(Ibid,</span> <span class='ocrx_word' id='word_1_506' title='bbox 2122 946 2209 1008; x_wconf 78' lang='lat'>26)</span> <span class='ocrx_word' id='word_1_507' title='bbox 2239 964 2252 1009; x_wconf 86' lang='lat'><strong>;</strong></span> <span class='ocrx_word' id='word_1_508' title='bbox 2285 966 2310 991; x_wconf 79' lang='lat' dir='ltr'>n</span> <span class='ocrx_word' id='word_1_509' title='bbox 2341 943 2649 1011; x_wconf 84' lang='lat' dir='ltr'>utrobique</span> <span class='ocrx_word' id='word_1_510' title='bbox 2688 941 2967 995; x_wconf 91' lang='lat' dir='ltr'>increduli</span> <span class='ocrx_word' id='word_1_511' title='bbox 3017 947 3073 994; x_wconf 91' lang='lat' dir='ltr'>et</span> <span class='ocrx_word' id='word_1_512' title='bbox 3120 942 3379 995; x_wconf 83' lang='lat' dir='ltr'>inﬁdeles</span> <span class='ocrx_word' id='word_1_513' title='bbox 3433 942 3577 995; x_wconf 86' lang='lat' dir='ltr'>desi-</span> 
     </span>
    </p>
   </div>
   <div class='ocr_carea' id='block_1_69' title="bbox 1882 1030 3577 1101">
    <p class='ocr_par' dir='ltr' id='par_1_69' title="bbox 1882 1030 3577 1101">
     <span class='ocr_line' id='line_1_69' title="bbox 1882 1030 3577 1101; baseline 0 -18"><span class='ocrx_word' id='word_1_514' title='bbox 1882 1030 2039 1098; x_wconf 84' lang='lat' dir='ltr'>gnati</span> <span class='ocrx_word' id='word_1_515' title='bbox 2082 1038 2216 1084; x_wconf 88' lang='lat' dir='ltr'>sunt</span> <span class='ocrx_word' id='word_1_516' title='bbox 2267 1038 2323 1085; x_wconf 90' lang='lat' dir='ltr'>et</span> <span class='ocrx_word' id='word_1_517' title='bbox 2366 1048 2507 1101; x_wconf 90' lang='lat' dir='ltr'>quos</span> <span class='ocrx_word' id='word_1_518' title='bbox 2550 1032 2610 1084; x_wconf 89' lang='lat' dir='ltr'>in</span> <span class='ocrx_word' id='word_1_519' title='bbox 2658 1031 2756 1083; x_wconf 91' lang='lat' dir='ltr'>illa</span> <span class='ocrx_word' id='word_1_520' title='bbox 2810 1030 3089 1083; x_wconf 87' lang='lat' dir='ltr'>sententia</span> <span class='ocrx_word' id='word_1_521' title='bbox 3128 1034 3354 1083; x_wconf 89' lang='lat' dir='ltr'>sanctus</span> <span class='ocrx_word' id='word_1_522' title='bbox 3383 1032 3577 1083; x_wconf 89' lang='lat' dir='ltr'>doctor</span> 
     </span>
    </p>
   </div>
   <div class='ocr_carea' id='block_1_70' title="bbox 1881 1116 3577 1190">
    <p class='ocr_par' dir='ltr' id='par_1_70' title="bbox 1881 1116 3577 1190">
     <span class='ocr_line' id='line_1_70' title="bbox 1881 1116 3577 1190; baseline 0.001 -20"><span class='ocrx_word' id='word_1_523' title='bbox 1881 1116 2022 1171; x_wconf 79' lang='lat' dir='ltr'>dixit</span> <span class='ocrx_word' id='word_1_524' title='bbox 2080 1119 2271 1173; x_wconf 91' lang='lat' dir='ltr'>divina</span> <span class='ocrx_word' id='word_1_525' title='bbox 2342 1120 2703 1190; x_wconf 62' lang='lat' dir='ltr'>praescientia</span> <span class='ocrx_word' id='word_1_526' title='bbox 2774 1120 2897 1189; x_wconf 92' lang='lat' dir='ltr'>jam</span> <span class='ocrx_word' id='word_1_527' title='bbox 2972 1119 3292 1181; x_wconf 85' lang='lat' dir='ltr'>damnatos,</span> <span class='ocrx_word' id='word_1_528' title='bbox 3352 1119 3413 1172; x_wconf 90' lang='lat' dir='ltr'>in</span> <span class='ocrx_word' id='word_1_529' title='bbox 3470 1119 3577 1172; x_wconf 90' lang='lat' dir='ltr'>ista</span> 
     </span>
    </p>
   </div>
   <div class='ocr_carea' id='block_1_71' title="bbox 1882 1208 3571 1278">
    <p class='ocr_par' dir='ltr' id='par_1_71' title="bbox 1882 1208 3571 1278">
     <span class='ocr_line' id='line_1_71' title="bbox 1882 1208 3571 1278; baseline 0.001 -18"><span class='ocrx_word' id='word_1_530' title='bbox 1882 1208 2112 1261; x_wconf 86' lang='lat' dir='ltr'>eosdem</span> <span class='ocrx_word' id='word_1_531' title='bbox 2145 1208 2283 1262; x_wconf 75' lang='lat' dir='ltr'>dixit</span> <span class='ocrx_word' id='word_1_532' title='bbox 2314 1209 2387 1262; x_wconf 91' lang='lat' dir='ltr'>ad</span> <span class='ocrx_word' id='word_1_533' title='bbox 2443 1214 2724 1262; x_wconf 64' lang='lat' dir='ltr'>aeternum</span> <span class='ocrx_word' id='word_1_534' title='bbox 2772 1208 3070 1261; x_wconf 90' lang='lat' dir='ltr'>interitum</span> <span class='ocrx_word' id='word_1_535' title='bbox 3124 1208 3571 1278; x_wconf 65' lang='lat' dir='ltr'>praedestinatos.</span> 
     </span>
    </p>
   </div>
   <div class='ocr_carea' id='block_1_72' title="bbox 1885 1296 3578 1366">
    <p class='ocr_par' dir='ltr' id='par_1_72' title="bbox 1885 1296 3578 1366">
     <span class='ocr_line' id='line_1_72' title="bbox 1885 1296 3578 1366; baseline 0.001 -19"><span class='ocrx_word' id='word_1_536' title='bbox 1885 1296 2009 1349; x_wconf 87' lang='lat' dir='ltr'>Non</span> <span class='ocrx_word' id='word_1_537' title='bbox 2036 1297 2171 1366; x_wconf 90' lang='lat' dir='ltr'>quia</span> <span class='ocrx_word' id='word_1_538' title='bbox 2202 1298 2298 1351; x_wconf 89' lang='lat' dir='ltr'>alii</span> <span class='ocrx_word' id='word_1_539' title='bbox 2325 1314 2393 1350; x_wconf 85' lang='lat' dir='ltr'>ex</span> <span class='ocrx_word' id='word_1_540' title='bbox 2421 1297 2503 1349; x_wconf 92' lang='lat' dir='ltr'>eis</span> <span class='ocrx_word' id='word_1_541' title='bbox 2534 1297 2725 1350; x_wconf 85' lang='lat' dir='ltr'>divina</span> <span class='ocrx_word' id='word_1_542' title='bbox 2760 1296 3143 1365; x_wconf 70' lang='lat' dir='ltr'>prasscientia,</span> <span class='ocrx_word' id='word_1_543' title='bbox 3177 1302 3232 1349; x_wconf 91' lang='lat' dir='ltr'>et</span> <span class='ocrx_word' id='word_1_544' title='bbox 3259 1296 3357 1349; x_wconf 90' lang='lat' dir='ltr'>alii</span> <span class='ocrx_word' id='word_1_545' title='bbox 3388 1296 3578 1349; x_wconf 90' lang='lat' dir='ltr'>divina</span> 
     </span>
    </p>
   </div>
   <div class='ocr_carea' id='block_1_73' title="bbox 1880 1383 3578 1453">
    <p class='ocr_par' dir='ltr' id='par_1_73' title="bbox 1880 1383 3578 1453">
     <span class='ocr_line' id='line_1_73' title="bbox 1880 1383 3578 1453; baseline 0 -16"><span class='ocrx_word' id='word_1_546' title='bbox 1880 1385 2377 1453; x_wconf 66' lang='lat' dir='ltr'>preedestinatione</span> <span class='ocrx_word' id='word_1_547' title='bbox 2409 1385 2663 1439; x_wconf 90' lang='lat' dir='ltr'>damnati</span> <span class='ocrx_word' id='word_1_548' title='bbox 2694 1389 2847 1452; x_wconf 91' lang='lat' dir='ltr'>sunt,</span> <span class='ocrx_word' id='word_1_549' title='bbox 2879 1384 2975 1437; x_wconf 87' lang='lat' dir='ltr'>sed</span> <span class='ocrx_word' id='word_1_550' title='bbox 3008 1384 3143 1453; x_wconf 90' lang='lat' dir='ltr'>quia</span> <span class='ocrx_word' id='word_1_551' title='bbox 3172 1384 3351 1437; x_wconf 86' lang='lat' dir='ltr'>divini</span> <span class='ocrx_word' id='word_1_552' title='bbox 3374 1383 3578 1453; x_wconf 87' lang='lat' dir='ltr'>judicii</span> 
     </span>
    </p>
   </div>
   <div class='ocr_carea' id='block_1_74' title="bbox 1884 1471 3573 1544">
    <p class='ocr_par' dir='ltr' id='par_1_74' title="bbox 1884 1471 3573 1544">
     <span class='ocr_line' id='line_1_74' title="bbox 1884 1471 3573 1544; baseline 0.001 -20"><span class='ocrx_word' id='word_1_553' title='bbox 1884 1474 2107 1537; x_wconf 88' lang='lat' dir='ltr'>virtute,</span> <span class='ocrx_word' id='word_1_554' title='bbox 2145 1491 2258 1544; x_wconf 87' lang='lat' dir='ltr'>qua</span> <span class='ocrx_word' id='word_1_555' title='bbox 2288 1476 2427 1527; x_wconf 90' lang='lat' dir='ltr'>tales</span> <span class='ocrx_word' id='word_1_556' title='bbox 2464 1474 2830 1539; x_wconf 90' lang='lat' dir='ltr'>damnantur,</span> <span class='ocrx_word' id='word_1_557' title='bbox 2867 1472 3011 1525; x_wconf 90' lang='lat' dir='ltr'>sicut</span> <span class='ocrx_word' id='word_1_558' title='bbox 3040 1477 3096 1524; x_wconf 90' lang='lat' dir='ltr'>et</span> <span class='ocrx_word' id='word_1_559' title='bbox 3125 1472 3183 1524; x_wconf 92' lang='lat' dir='ltr'>in</span> <span class='ocrx_word' id='word_1_560' title='bbox 3215 1471 3373 1525; x_wconf 90' lang='lat' dir='ltr'>omni</span> <span class='ocrx_word' id='word_1_561' title='bbox 3404 1486 3573 1540; x_wconf 84' lang='lat' dir='ltr'>opere</span> 
     </span>
    </p>
   </div>
   <div class='ocr_carea' id='block_1_75' title="bbox 1881 1560 3572 1632">
    <p class='ocr_par' dir='ltr' id='par_1_75' title="bbox 1881 1560 3572 1632">
     <span class='ocr_line' id='line_1_75' title="bbox 1881 1560 3572 1632; baseline -0.001 -18"><span class='ocrx_word' id='word_1_562' title='bbox 1881 1562 2077 1615; x_wconf 92' lang='lat' dir='ltr'>divino</span> <span class='ocrx_word' id='word_1_563' title='bbox 2129 1568 2438 1632; x_wconf 89' lang='lat' dir='ltr'>utrumque</span> <span class='ocrx_word' id='word_1_564' title='bbox 2482 1562 2651 1614; x_wconf 90' lang='lat' dir='ltr'>simul</span> <span class='ocrx_word' id='word_1_565' title='bbox 2702 1561 3139 1629; x_wconf 89' lang='lat' dir='ltr'>intelligendum</span> <span class='ocrx_word' id='word_1_566' title='bbox 3181 1560 3275 1625; x_wconf 90' lang='lat' dir='ltr'>sit,</span> <span class='ocrx_word' id='word_1_567' title='bbox 3317 1560 3422 1613; x_wconf 87' lang='lat' dir='ltr'>etsi</span> <span class='ocrx_word' id='word_1_568' title='bbox 3456 1576 3572 1613; x_wconf 93' lang='lat' dir='ltr'>non</span> 
     </span>
    </p>
   </div>
   <div class='ocr_carea' id='block_1_76' title="bbox 1878 1647 3571 1720">
    <p class='ocr_par' dir='ltr' id='par_1_76' title="bbox 1878 1647 3571 1720">
     <span class='ocr_line' id='line_1_76' title="bbox 1878 1647 3571 1720; baseline 0 -19"><span class='ocrx_word' id='word_1_569' title='bbox 1878 1650 2113 1720; x_wconf 85' lang='lat' dir='ltr'>ubique,</span> <span class='ocrx_word' id='word_1_570' title='bbox 2169 1651 2302 1719; x_wconf 86' lang='lat' dir='ltr'>quia</span> <span class='ocrx_word' id='word_1_571' title='bbox 2355 1650 2512 1702; x_wconf 89' lang='lat' dir='ltr'>nulla</span> <span class='ocrx_word' id='word_1_572' title='bbox 2568 1648 2742 1717; x_wconf 82' lang='lat' dir='ltr'>exigit</span> <span class='ocrx_word' id='word_1_573' title='bbox 2789 1649 3111 1709; x_wconf 84' lang='lat' dir='ltr'>necessitas,</span> <span class='ocrx_word' id='word_1_574' title='bbox 3168 1648 3338 1701; x_wconf 85' lang='lat' dir='ltr'>simul</span> <span class='ocrx_word' id='word_1_575' title='bbox 3383 1647 3571 1701; x_wconf 85' lang='lat' dir='ltr'>dicen-</span> 
     </span>
    </p>
   </div>
   <div class='ocr_carea' id='block_1_77' title="bbox 1883 1740 2042 1792">
    <p class='ocr_par' dir='ltr' id='par_1_77' title="bbox 1883 1740 2042 1792">
     <span class='ocr_line' id='line_1_77' title="bbox 1883 1740 2042 1792; baseline 0 0"><span class='ocrx_word' id='word_1_576' title='bbox 1883 1740 2042 1792; x_wconf 90' lang='lat' dir='ltr'>dum.</span> 
     </span>
    </p>
   </div>
   <div class='ocr_carea' id='block_1_78' title="bbox 1948 1866 3567 1936">
    <p class='ocr_par' dir='ltr' id='par_1_78' title="bbox 1948 1866 3567 1936">
     <span class='ocr_line' id='line_1_78' title="bbox 1948 1866 3567 1936; baseline -0.001 -15"><span class='ocrx_word' id='word_1_577' title='bbox 1948 1868 2135 1923; x_wconf 88' lang='lat' dir='ltr'>Tertio</span> <span class='ocrx_word' id='word_1_578' title='bbox 2168 1867 2293 1921; x_wconf 93' lang='lat' dir='ltr'>loco</span> <span class='ocrx_word' id='word_1_579' title='bbox 2333 1866 2732 1920; x_wconf 90' lang='lat' dir='ltr'>testimonium</span> <span class='ocrx_word' id='word_1_580' title='bbox 2763 1866 2831 1920; x_wconf 92' lang='lat' dir='ltr'>de</span> <span class='ocrx_word' id='word_1_581' title='bbox 2873 1867 3063 1920; x_wconf 81' lang='lat' dir='ltr'>Exodo</span> <span class='ocrx_word' id='word_1_582' title='bbox 3104 1866 3373 1936; x_wconf 90' lang='lat' dir='ltr'>ponitur:</span> <span class='ocrx_word' id='word_1_583' title='bbox 3411 1887 3437 1913; x_wconf 87' lang='grc'>‹‹</span> <span class='ocrx_word' id='word_1_584' title='bbox 3472 1869 3567 1920; x_wconf 92' lang='lat' dir='ltr'>In-</span> 
     </span>
    </p>
   </div>
   <div class='ocr_carea' id='block_1_79' title="bbox 1875 1955 3566 2024">
    <p class='ocr_par' dir='ltr' id='par_1_79' title="bbox 1875 1955 3566 2024">
     <span class='ocr_line' id='line_1_79' title="bbox 1875 1955 3566 2024; baseline -0.004 -13"><span class='ocrx_word' id='word_1_585' title='bbox 1875 1958 2102 2012; x_wconf 88' lang='lat' dir='ltr'>duravit</span> <span class='ocrx_word' id='word_1_586' title='bbox 2152 1956 2425 2010; x_wconf 88' lang='lat' dir='ltr'>Dominus</span> <span class='ocrx_word' id='word_1_587' title='bbox 2474 1971 2571 2008; x_wconf 90' lang='lat' dir='ltr'>cor</span> <span class='ocrx_word' id='word_1_588' title='bbox 2619 1956 2929 2009; x_wconf 88' lang='lat' dir='ltr'>Pharaonis</span> <span class='ocrx_word' id='word_1_589' title='bbox 2980 1955 3182 2023; x_wconf 69' lang='lat' dir='ltr'>(Exod.</span> <span class='ocrx_word' id='word_1_590' title='bbox 3234 1972 3309 2020; x_wconf 86' lang='lat' dir='ltr'>1x,</span> <span class='ocrx_word' id='word_1_591' title='bbox 3376 1955 3566 2024; x_wconf 74' lang='lat'>12):»</span> 
     </span>
    </p>
   </div>
   <div class='ocr_carea' id='block_1_80' title="bbox 1875 2042 3569 2113">
    <p class='ocr_par' dir='ltr' id='par_1_80' title="bbox 1875 2042 3569 2113">
     <span class='ocr_line' id='line_1_80' title="bbox 1875 2042 3569 2113; baseline -0.002 -14"><span class='ocrx_word' id='word_1_592' title='bbox 1875 2046 2036 2111; x_wconf 90' lang='lat' dir='ltr'>Quod</span> <span class='ocrx_word' id='word_1_593' title='bbox 2086 2045 2380 2099; x_wconf 81' lang='lat' dir='ltr'>manifeste</span> <span class='ocrx_word' id='word_1_594' title='bbox 2432 2060 2546 2096; x_wconf 91' lang='lat' dir='ltr'>non</span> <span class='ocrx_word' id='word_1_595' title='bbox 2576 2044 2647 2097; x_wconf 90' lang='lat' dir='ltr'>ad</span> <span class='ocrx_word' id='word_1_596' title='bbox 2681 2044 3115 2113; x_wconf 64' lang='lat' dir='ltr'>praescientiam,</span> <span class='ocrx_word' id='word_1_597' title='bbox 3151 2042 3239 2096; x_wconf 88' lang='lat' dir='ltr'>vel</span> <span class='ocrx_word' id='word_1_598' title='bbox 3269 2044 3569 2113; x_wconf 72' lang='lat' dir='ltr'>praadesti-</span> 
     </span>
    </p>
   </div>
   <div class='ocr_carea' id='block_1_81' title="bbox 1876 2131 3568 2201">
    <p class='ocr_par' dir='ltr' id='par_1_81' title="bbox 1876 2131 3568 2201">
     <span class='ocr_line' id='line_1_81' title="bbox 1876 2131 3568 2201; baseline -0.001 -14"><span class='ocrx_word' id='word_1_599' title='bbox 1876 2135 2169 2188; x_wconf 90' lang='lat' dir='ltr'>nationem</span> <span class='ocrx_word' id='word_1_600' title='bbox 2218 2133 2564 2198; x_wconf 82' lang='lat' dir='ltr'>futurorum,</span> <span class='ocrx_word' id='word_1_601' title='bbox 2609 2132 2704 2185; x_wconf 91' lang='lat' dir='ltr'>sed</span> <span class='ocrx_word' id='word_1_602' title='bbox 2755 2134 2823 2185; x_wconf 90' lang='lat' dir='ltr'>ad</span> <span class='ocrx_word' id='word_1_603' title='bbox 2873 2148 3124 2201; x_wconf 61' lang='lat' dir='ltr'>praesens</span> <span class='ocrx_word' id='word_1_604' title='bbox 3159 2131 3568 2201; x_wconf 86' lang='lat' dir='ltr'>Deijudicium</span> 
     </span>
    </p>
   </div>
   <div class='ocr_carea' id='block_1_82' title="bbox 1875 2220 3563 2294">
    <p class='ocr_par' dir='ltr' id='par_1_82' title="bbox 1875 2220 3563 2294">
     <span class='ocr_line' id='line_1_82' title="bbox 1875 2220 3563 2294; baseline -0.002 -17"><span class='ocrx_word' id='word_1_605' title='bbox 1875 2222 2140 2294; x_wconf 89' lang='lat' dir='ltr'>pertinet,</span> <span class='ocrx_word' id='word_1_606' title='bbox 2174 2221 2272 2292; x_wconf 90' lang='lat' dir='ltr'>qui</span> <span class='ocrx_word' id='word_1_607' title='bbox 2307 2238 2437 2274; x_wconf 90' lang='lat' dir='ltr'>eum</span> <span class='ocrx_word' id='word_1_608' title='bbox 2462 2238 2633 2291; x_wconf 91' lang='lat' dir='ltr'>quem</span> <span class='ocrx_word' id='word_1_609' title='bbox 2667 2220 2765 2274; x_wconf 89' lang='lat' dir='ltr'>tali</span> <span class='ocrx_word' id='word_1_610' title='bbox 2797 2237 2963 2290; x_wconf 87' lang='lat' dir='ltr'>poena</span> <span class='ocrx_word' id='word_1_611' title='bbox 2995 2221 3236 2290; x_wconf 90' lang='lat' dir='ltr'>dignum</span> <span class='ocrx_word' id='word_1_612' title='bbox 3260 2220 3563 2290; x_wconf 83' lang='lat' dir='ltr'>judicavit,</span> 
     </span>
    </p>
   </div>
   <div class='ocr_carea' id='block_1_83' title="bbox 1868 2308 3565 2381">
    <p class='ocr_par' dir='ltr' id='par_1_83' title="bbox 1868 2308 3565 2381">
     <span class='ocr_line' id='line_1_83' title="bbox 1868 2308 3565 2381; baseline -0.003 -15"><span class='ocrx_word' id='word_1_613' title='bbox 1868 2310 2265 2381; x_wconf 86' lang='lat' dir='ltr'>justojudicio</span> <span class='ocrx_word' id='word_1_614' title='bbox 2304 2309 2609 2363; x_wconf 90' lang='lat' dir='ltr'>induravit.</span> <span class='ocrx_word' id='word_1_615' title='bbox 2656 2308 2932 2363; x_wconf 88' lang='lat' dir='ltr'>Similiter</span> <span class='ocrx_word' id='word_1_616' title='bbox 2981 2315 3037 2362; x_wconf 92' lang='lat' dir='ltr'>et</span> <span class='ocrx_word' id='word_1_617' title='bbox 3083 2313 3352 2379; x_wconf 90' lang='lat' dir='ltr'>quartum</span> <span class='ocrx_word' id='word_1_618' title='bbox 3399 2309 3565 2362; x_wconf 88' lang='lat' dir='ltr'>testi-</span> 
     </span>
    </p>
   </div>
   <div class='ocr_carea' id='block_1_84' title="bbox 1876 2396 3566 2467">
    <p class='ocr_par' dir='ltr' id='par_1_84' title="bbox 1876 2396 3566 2467">
     <span class='ocr_line' id='line_1_84' title="bbox 1876 2396 3566 2467; baseline -0.003 -13"><span class='ocrx_word' id='word_1_619' title='bbox 1876 2400 2138 2454; x_wconf 91' lang='lat' dir='ltr'>monium</span> <span class='ocrx_word' id='word_1_620' title='bbox 2168 2398 2611 2467; x_wconf 85' lang='lat' dir='ltr'>intelligendum</span> <span class='ocrx_word' id='word_1_621' title='bbox 2643 2403 2746 2461; x_wconf 90' lang='lat' dir='ltr'>est,</span> <span class='ocrx_word' id='word_1_622' title='bbox 2777 2398 2990 2451; x_wconf 89' lang='lat' dir='ltr'>scilicet</span> <span class='ocrx_word' id='word_1_623' title='bbox 3022 2414 3137 2450; x_wconf 92' lang='lat' dir='ltr'>non</span> <span class='ocrx_word' id='word_1_624' title='bbox 3169 2398 3237 2451; x_wconf 92' lang='lat' dir='ltr'>de</span> <span class='ocrx_word' id='word_1_625' title='bbox 3268 2396 3566 2467; x_wconf 74' lang='lat' dir='ltr'>praescien-</span> 
     </span>
    </p>
   </div>
   <div class='ocr_carea' id='block_1_85' title="bbox 1874 2483 3565 2558">
    <p class='ocr_par' dir='ltr' id='par_1_85' title="bbox 1874 2483 3565 2558">
     <span class='ocr_line' id='line_1_85' title="bbox 1874 2483 3565 2558; baseline -0.005 -15"><span class='ocrx_word' id='word_1_626' title='bbox 1874 2490 1955 2543; x_wconf 91' lang='lat' dir='ltr'>tia</span> <span class='ocrx_word' id='word_1_627' title='bbox 1977 2495 2075 2543; x_wconf 91' lang='lat' dir='ltr'>aut</span> <span class='ocrx_word' id='word_1_628' title='bbox 2122 2486 2646 2558; x_wconf 65' lang='lat' dir='ltr'>prasdestinatione,</span> <span class='ocrx_word' id='word_1_629' title='bbox 2700 2487 2795 2539; x_wconf 92' lang='lat' dir='ltr'>sed</span> <span class='ocrx_word' id='word_1_630' title='bbox 2842 2485 3116 2555; x_wconf 60' lang='lat' dir='ltr'>praesenti</span> <span class='ocrx_word' id='word_1_631' title='bbox 3160 2485 3313 2553; x_wconf 88' lang='lat' dir='ltr'>justo</span> <span class='ocrx_word' id='word_1_632' title='bbox 3349 2483 3565 2553; x_wconf 91' lang='lat' dir='ltr'>judicio</span> 
     </span>
    </p>
   </div>
   <div class='ocr_carea' id='block_1_86' title="bbox 1878 2573 3567 2648">
    <p class='ocr_par' dir='ltr' id='par_1_86' title="bbox 1878 2573 3567 2648">
     <span class='ocr_line' id='line_1_86' title="bbox 1878 2573 3567 2648; baseline -0.005 -17"><span class='ocrx_word' id='word_1_633' title='bbox 1878 2577 1998 2645; x_wconf 92' lang='lat' dir='ltr'>Dei,</span> <span class='ocrx_word' id='word_1_634' title='bbox 2033 2577 2190 2648; x_wconf 92' lang='lat' dir='ltr'>quod</span> <span class='ocrx_word' id='word_1_635' title='bbox 2244 2576 2551 2645; x_wconf 83' lang='lat' dir='ltr'>Apostolus</span> <span class='ocrx_word' id='word_1_636' title='bbox 2607 2575 2781 2629; x_wconf 90' lang='lat' dir='ltr'>dicit:</span> <span class='ocrx_word' id='word_1_637' title='bbox 2836 2596 2861 2623; x_wconf 87' lang='lat'><strong>«</strong></span> <span class='ocrx_word' id='word_1_638' title='bbox 2923 2573 3179 2627; x_wconf 89' lang='lat' dir='ltr'>Tradidit</span> <span class='ocrx_word' id='word_1_639' title='bbox 3235 2574 3361 2626; x_wconf 91' lang='lat' dir='ltr'>illos</span> <span class='ocrx_word' id='word_1_640' title='bbox 3421 2573 3567 2625; x_wconf 90' lang='lat' dir='ltr'>Deus</span> 
     </span>
    </p>
   </div>
   <div class='ocr_carea' id='block_1_87' title="bbox 1874 2660 3565 2735">
    <p class='ocr_par' dir='ltr' id='par_1_87' title="bbox 1874 2660 3565 2735">
     <span class='ocr_line' id='line_1_87' title="bbox 1874 2660 3565 2735; baseline -0.004 -18"><span class='ocrx_word' id='word_1_641' title='bbox 1874 2664 1933 2718; x_wconf 91' lang='lat' dir='ltr'>in</span> <span class='ocrx_word' id='word_1_642' title='bbox 1978 2666 2286 2735; x_wconf 91' lang='lat' dir='ltr'>reprobum</span> <span class='ocrx_word' id='word_1_643' title='bbox 2356 2679 2585 2716; x_wconf 90' lang='lat' dir='ltr'>sensum</span> <span class='ocrx_word' id='word_1_644' title='bbox 2638 2664 2808 2732; x_wconf 86' lang='lat' dir='ltr'>(Rom.</span> <span class='ocrx_word' id='word_1_645' title='bbox 2868 2680 2902 2727; x_wconf 85' lang='lat'>1,</span> <span class='ocrx_word' id='word_1_646' title='bbox 2954 2663 3064 2732; x_wconf 92' lang='lat'>28).</span> <span class='ocrx_word' id='word_1_647' title='bbox 3121 2684 3140 2707; x_wconf 74' lang='grc' dir='ltr'><strong><em>ι</em></strong></span> <span class='ocrx_word' id='word_1_648' title='bbox 3199 2662 3261 2714; x_wconf 88' lang='lat' dir='ltr'>Et</span> <span class='ocrx_word' id='word_1_649' title='bbox 3300 2660 3565 2730; x_wconf 90' lang='lat' dir='ltr'>quintum</span> 
     </span>
    </p>
   </div>
   <div class='ocr_carea' id='block_1_88' title="bbox 1874 2749 3571 2821">
    <p class='ocr_par' dir='ltr' id='par_1_88' title="bbox 1874 2749 3571 2821">
     <span class='ocr_line' id='line_1_88' title="bbox 1874 2749 3571 2821; baseline -0.004 -15"><span class='ocrx_word' id='word_1_650' title='bbox 1874 2753 1972 2807; x_wconf 91' lang='lat' dir='ltr'>ubi</span> <span class='ocrx_word' id='word_1_651' title='bbox 2003 2753 2122 2806; x_wconf 87' lang='lat' dir='ltr'>ait:</span> <span class='ocrx_word' id='word_1_652' title='bbox 2166 2773 2194 2801; x_wconf 76' lang='grc' dir='ltr'>(ι</span> <span class='ocrx_word' id='word_1_653' title='bbox 2242 2752 2419 2806; x_wconf 88' lang='lat' dir='ltr'>Mittet</span> <span class='ocrx_word' id='word_1_654' title='bbox 2468 2752 2547 2805; x_wconf 90' lang='lat' dir='ltr'>eis</span> <span class='ocrx_word' id='word_1_655' title='bbox 2599 2753 2745 2805; x_wconf 91' lang='lat' dir='ltr'>Deus</span> <span class='ocrx_word' id='word_1_656' title='bbox 2802 2751 3192 2821; x_wconf 87' lang='lat' dir='ltr'>operationem</span> <span class='ocrx_word' id='word_1_657' title='bbox 3242 2749 3448 2801; x_wconf 89' lang='lat' dir='ltr'>erroris</span> <span class='ocrx_word' id='word_1_658' title='bbox 3493 2749 3571 2815; x_wconf 88' lang='lat' dir='ltr'>(II</span> 
     </span>
    </p>
   </div>
   <div class='ocr_carea' id='block_1_89' title="bbox 1879 2837 3566 2910">
    <p class='ocr_par' dir='ltr' id='par_1_89' title="bbox 1879 2837 3566 2910">
     <span class='ocr_line' id='line_1_89' title="bbox 1879 2837 3566 2910; baseline -0.004 -15"><span class='ocrx_word' id='word_1_659' title='bbox 1879 2841 2068 2895; x_wconf 85' lang='lat' dir='ltr'>Thess.</span> <span class='ocrx_word' id='word_1_660' title='bbox 2106 2858 2165 2905; x_wconf 83' lang='grc' dir='ltr'>ιί,</span> <span class='ocrx_word' id='word_1_661' title='bbox 2214 2842 2319 2909; x_wconf 83' lang='grc'>10),</span> <span class='ocrx_word' id='word_1_662' title='bbox 2358 2862 2384 2889; x_wconf 87' lang='grc'><strong>››</strong></span> <span class='ocrx_word' id='word_1_663' title='bbox 2436 2841 2571 2910; x_wconf 91' lang='lat' dir='ltr'>quia</span> <span class='ocrx_word' id='word_1_664' title='bbox 2617 2842 2705 2909; x_wconf 90' lang='lat' dir='ltr'>(ut</span> <span class='ocrx_word' id='word_1_665' title='bbox 2760 2840 2971 2893; x_wconf 91' lang='lat' dir='ltr'>dictum</span> <span class='ocrx_word' id='word_1_666' title='bbox 3021 2841 3125 2906; x_wconf 89' lang='lat' dir='ltr'>est)</span> <span class='ocrx_word' id='word_1_667' title='bbox 3177 2854 3320 2908; x_wconf 91' lang='lat' dir='ltr'>quos</span> <span class='ocrx_word' id='word_1_668' title='bbox 3364 2837 3566 2906; x_wconf 87' lang='lat' dir='ltr'>dignos</span> 
     </span>
    </p>
   </div>
   <div class='ocr_carea' id='block_1_90' title="bbox 1874 2926 3561 2998">
    <p class='ocr_par' dir='ltr' id='par_1_90' title="bbox 1874 2926 3561 2998">
     <span class='ocr_line' id='line_1_90' title="bbox 1874 2926 3561 2998; baseline -0.004 -16"><span class='ocrx_word' id='word_1_669' title='bbox 1874 2930 1972 2982; x_wconf 90' lang='lat' dir='ltr'>tali</span> <span class='ocrx_word' id='word_1_670' title='bbox 2003 2945 2175 2998; x_wconf 75' lang='lat' dir='ltr'>pcena</span> <span class='ocrx_word' id='word_1_671' title='bbox 2206 2928 2502 2998; x_wconf 89' lang='lat' dir='ltr'>judicavit,</span> <span class='ocrx_word' id='word_1_672' title='bbox 2546 2929 2629 2980; x_wconf 82' lang='lat' dir='ltr'>vel</span> <span class='ocrx_word' id='word_1_673' title='bbox 2664 2948 2690 2977; x_wconf 75' lang='grc' dir='ltr'><strong>(ι</strong></span> <span class='ocrx_word' id='word_1_674' title='bbox 2738 2928 2798 2980; x_wconf 91' lang='lat' dir='ltr'>in</span> <span class='ocrx_word' id='word_1_675' title='bbox 2832 2926 3140 2996; x_wconf 88' lang='lat' dir='ltr'>reprobum</span> <span class='ocrx_word' id='word_1_676' title='bbox 3188 2940 3418 2978; x_wconf 90' lang='lat' dir='ltr'>sensum</span> <span class='ocrx_word' id='word_1_677' title='bbox 3446 2929 3561 2976; x_wconf 86' lang='lat' dir='ltr'>tra-</span> 
     </span>
    </p>
   </div>
   <div class='ocr_carea' id='block_1_91' title="bbox 1874 3015 3562 3086">
    <p class='ocr_par' dir='ltr' id='par_1_91' title="bbox 1874 3015 3562 3086">
     <span class='ocr_line' id='line_1_91' title="bbox 1874 3015 3562 3086; baseline -0.003 -16"><span class='ocrx_word' id='word_1_678' title='bbox 1874 3018 2037 3082; x_wconf 91' lang='lat' dir='ltr'>didit,</span> <span class='ocrx_word' id='word_1_679' title='bbox 2072 3040 2098 3066; x_wconf 85' lang='grc'><strong>››</strong></span> <span class='ocrx_word' id='word_1_680' title='bbox 2133 3018 2219 3069; x_wconf 85' lang='lat' dir='ltr'>vel</span> <span class='ocrx_word' id='word_1_681' title='bbox 2276 3017 2356 3070; x_wconf 90' lang='lat' dir='ltr'>eis</span> <span class='ocrx_word' id='word_1_682' title='bbox 2388 3034 2491 3069; x_wconf 90' lang='lat' dir='ltr'>suo</span> <span class='ocrx_word' id='word_1_683' title='bbox 2537 3017 2695 3085; x_wconf 87' lang='lat' dir='ltr'>justo</span> <span class='ocrx_word' id='word_1_684' title='bbox 2727 3016 2945 3086; x_wconf 89' lang='lat' dir='ltr'>judicio</span> <span class='ocrx_word' id='word_1_685' title='bbox 2982 3038 3007 3063; x_wconf 88' lang='grc'><strong>‹‹</strong></span> <span class='ocrx_word' id='word_1_686' title='bbox 3043 3015 3433 3085; x_wconf 90' lang='lat' dir='ltr'>operationem</span> <span class='ocrx_word' id='word_1_687' title='bbox 3474 3029 3562 3065; x_wconf 91' lang='lat' dir='ltr'>er-</span> 
     </span>
    </p>
   </div>
   <div class='ocr_carea' id='block_1_92' title="bbox 2426 3102 3559 3172">
    <p class='ocr_par' dir='ltr' id='par_1_92' title="bbox 2426 3102 3559 3172">
     <span class='ocr_line' id='line_1_92' title="bbox 2426 3102 3559 3172; baseline -0.004 -13"><span class='ocrx_word' id='word_1_688' title='bbox 2426 3105 2700 3159; x_wconf 86' lang='lat' dir='ltr'>Similiter</span> <span class='ocrx_word' id='word_1_689' title='bbox 2748 3110 2803 3158; x_wconf 90' lang='lat' dir='ltr'>et</span> <span class='ocrx_word' id='word_1_690' title='bbox 2852 3109 3072 3157; x_wconf 80' lang='lat' dir='ltr'>sextum</span> <span class='ocrx_word' id='word_1_691' title='bbox 3130 3102 3559 3172; x_wconf 90' lang='lat' dir='ltr'>accipiendum:</span> 
     </span>
    </p>
   </div>
   <div class='ocr_carea' id='block_1_93' title="bbox 1876 3190 3564 3263">
    <p class='ocr_par' dir='ltr' id='par_1_93' title="bbox 1876 3190 3564 3263">
     <span class='ocr_line' id='line_1_93' title="bbox 1876 3190 3564 3263; baseline -0.004 -14"><span class='ocrx_word' id='word_1_692' title='bbox 1876 3215 1901 3243; x_wconf 75' lang='grc' dir='ltr'>α</span> <span class='ocrx_word' id='word_1_693' title='bbox 1939 3196 2021 3249; x_wconf 89' lang='lat' dir='ltr'>Tu</span> <span class='ocrx_word' id='word_1_694' title='bbox 2077 3211 2209 3247; x_wconf 88' lang='lat' dir='ltr'>vero</span> <span class='ocrx_word' id='word_1_695' title='bbox 2268 3195 2410 3247; x_wconf 87' lang='lat' dir='ltr'>Deus</span> <span class='ocrx_word' id='word_1_696' title='bbox 2469 3194 2714 3247; x_wconf 91' lang='lat' dir='ltr'>deduces</span> <span class='ocrx_word' id='word_1_697' title='bbox 2765 3210 2864 3247; x_wconf 91' lang='lat' dir='ltr'>eos</span> <span class='ocrx_word' id='word_1_698' title='bbox 2912 3193 2969 3245; x_wconf 93' lang='lat' dir='ltr'>iu</span> <span class='ocrx_word' id='word_1_699' title='bbox 3020 3198 3257 3263; x_wconf 90' lang='lat' dir='ltr'>puteum</span> <span class='ocrx_word' id='word_1_700' title='bbox 3299 3190 3564 3244; x_wconf 91' lang='lat' dir='ltr'>interitus</span> 
     </span>
    </p>
   </div>
   <div class='ocr_carea' id='block_1_94' title="bbox 1876 3280 3569 3353">
    <p class='ocr_par' dir='ltr' id='par_1_94' title="bbox 1876 3280 3569 3353">
     <span class='ocr_line' id='line_1_94' title="bbox 1876 3280 3569 3353; baseline -0.003 -19"><span class='ocrx_word' id='word_1_701' title='bbox 1876 3283 2052 3353; x_wconf 85' lang='lat' dir='ltr'>(Psal.</span> <span class='ocrx_word' id='word_1_702' title='bbox 2098 3298 2202 3348; x_wconf 84' lang='lat' dir='ltr'><strong>LIV,</strong></span> <span class='ocrx_word' id='word_1_703' title='bbox 2253 3283 2363 3350; x_wconf 65' lang='lat' dir='ltr'>2i).</span> <span class='ocrx_word' id='word_1_704' title='bbox 2417 3300 2444 3331; x_wconf 72' lang='grc' dir='ltr'>ι)</span> <span class='ocrx_word' id='word_1_705' title='bbox 2492 3283 2702 3335; x_wconf 89' lang='lat' dir='ltr'>Puteus</span> <span class='ocrx_word' id='word_1_706' title='bbox 2752 3296 2999 3351; x_wconf 90' lang='lat' dir='ltr'>namque</span> <span class='ocrx_word' id='word_1_707' title='bbox 3050 3280 3316 3333; x_wconf 87' lang='lat' dir='ltr'>interitus</span> <span class='ocrx_word' id='word_1_708' title='bbox 3358 3283 3461 3341; x_wconf 89' lang='lat' dir='ltr'>est,</span> <span class='ocrx_word' id='word_1_709' title='bbox 3508 3282 3569 3330; x_wconf 90' lang='lat' dir='ltr'>ut</span> 
     </span>
    </p>
   </div>
   <div class='ocr_carea' id='block_1_95' title="bbox 1871 3366 3565 3440">
    <p class='ocr_par' dir='ltr' id='par_1_95' title="bbox 1871 3366 3565 3440">
     <span class='ocr_line' id='line_1_95' title="bbox 1871 3366 3565 3440; baseline -0.003 -17"><span class='ocrx_word' id='word_1_710' title='bbox 1871 3370 2073 3424; x_wconf 87' lang='lat' dir='ltr'>beatus</span> <span class='ocrx_word' id='word_1_711' title='bbox 2105 3370 2455 3440; x_wconf 85' lang='lat' dir='ltr'>Augustinus</span> <span class='ocrx_word' id='word_1_712' title='bbox 2485 3370 2736 3440; x_wconf 88' lang='lat' dir='ltr'>exponit,</span> <span class='ocrx_word' id='word_1_713' title='bbox 2771 3369 3021 3421; x_wconf 67' lang='lat' dir='ltr'>tenebrai</span> <span class='ocrx_word' id='word_1_714' title='bbox 3051 3368 3279 3433; x_wconf 91' lang='lat' dir='ltr'>erroris,</span> <span class='ocrx_word' id='word_1_715' title='bbox 3312 3366 3565 3419; x_wconf 69' lang='lat' dir='ltr'>tenebras</span> 
     </span>
    </p>
   </div>
   <div class='ocr_carea' id='block_1_96' title="bbox 1874 3454 3567 3526">
    <p class='ocr_par' dir='ltr' id='par_1_96' title="bbox 1874 3454 3567 3526">
     <span class='ocr_line' id='line_1_96' title="bbox 1874 3454 3567 3526; baseline -0.003 -14"><span class='ocrx_word' id='word_1_716' title='bbox 1874 3459 2305 3513; x_wconf 86' lang='lat' dir='ltr'>submersionis.</span> <span class='ocrx_word' id='word_1_717' title='bbox 2344 3458 2577 3511; x_wconf 89' lang='lat' dir='ltr'>Deducit</span> <span class='ocrx_word' id='word_1_718' title='bbox 2623 3473 2755 3510; x_wconf 89' lang='lat' dir='ltr'>vero</span> <span class='ocrx_word' id='word_1_719' title='bbox 2802 3458 2948 3510; x_wconf 91' lang='lat' dir='ltr'>Deus</span> <span class='ocrx_word' id='word_1_720' title='bbox 2995 3456 3267 3526; x_wconf 91' lang='lat' dir='ltr'>reprobos</span> <span class='ocrx_word' id='word_1_721' title='bbox 3314 3454 3373 3508; x_wconf 92' lang='lat' dir='ltr'>in</span> <span class='ocrx_word' id='word_1_722' title='bbox 3414 3455 3567 3508; x_wconf 90' lang='lat' dir='ltr'>hunc</span> 
     </span>
    </p>
   </div>
   <div class='ocr_carea' id='block_1_97' title="bbox 1874 3542 3561 3619">
    <p class='ocr_par' dir='ltr' id='par_1_97' title="bbox 1874 3542 3561 3619">
     <span class='ocr_line' id='line_1_97' title="bbox 1874 3542 3561 3619; baseline -0.005 -17"><span class='ocrx_word' id='word_1_723' title='bbox 1874 3554 2136 3619; x_wconf 88' lang='lat' dir='ltr'>puteum,</span> <span class='ocrx_word' id='word_1_724' title='bbox 2178 3563 2293 3600; x_wconf 90' lang='lat' dir='ltr'>non</span> <span class='ocrx_word' id='word_1_725' title='bbox 2340 3547 2490 3616; x_wconf 92' lang='lat' dir='ltr'>quod</span> <span class='ocrx_word' id='word_1_726' title='bbox 2531 3546 2651 3615; x_wconf 92' lang='lat' dir='ltr'>ipse</span> <span class='ocrx_word' id='word_1_727' title='bbox 2683 3545 2754 3597; x_wconf 90' lang='lat' dir='ltr'>sit</span> <span class='ocrx_word' id='word_1_728' title='bbox 2806 3550 3000 3598; x_wconf 89' lang='lat' dir='ltr'>auctor</span> <span class='ocrx_word' id='word_1_729' title='bbox 3040 3544 3225 3612; x_wconf 68' lang='lat' dir='ltr'>culpas</span> <span class='ocrx_word' id='word_1_730' title='bbox 3284 3542 3561 3612; x_wconf 79' lang='lat' dir='ltr'>ipsorum,</span> 
     </span>
    </p>
   </div>
   <div class='ocr_carea' id='block_1_98' title="bbox 1874 3630 3565 3707">
    <p class='ocr_par' dir='ltr' id='par_1_98' title="bbox 1874 3630 3565 3707">
     <span class='ocr_line' id='line_1_98' title="bbox 1874 3630 3565 3707; baseline -0.005 -16"><span class='ocrx_word' id='word_1_731' title='bbox 1874 3637 1974 3691; x_wconf 91' lang='lat' dir='ltr'>sed</span> <span class='ocrx_word' id='word_1_732' title='bbox 2023 3636 2177 3707; x_wconf 91' lang='lat' dir='ltr'>quod</span> <span class='ocrx_word' id='word_1_733' title='bbox 2224 3635 2355 3704; x_wconf 85' lang='lat' dir='ltr'>ipse</span> <span class='ocrx_word' id='word_1_734' title='bbox 2405 3635 2477 3687; x_wconf 90' lang='lat' dir='ltr'>sit</span> <span class='ocrx_word' id='word_1_735' title='bbox 2528 3634 2701 3703; x_wconf 81' lang='lat' dir='ltr'>judex</span> <span class='ocrx_word' id='word_1_736' title='bbox 2760 3632 3083 3701; x_wconf 89' lang='lat' dir='ltr'>iniquitatis</span> <span class='ocrx_word' id='word_1_737' title='bbox 3131 3646 3354 3683; x_wconf 88' lang='lat' dir='ltr'>eorum.</span> <span class='ocrx_word' id='word_1_738' title='bbox 3403 3630 3565 3693; x_wconf 89' lang='lat' dir='ltr'>Quod</span> 
     </span>
    </p>
   </div>
   <div class='ocr_carea' id='block_1_99' title="bbox 1874 3718 3564 3795">
    <p class='ocr_par' dir='ltr' id='par_1_99' title="bbox 1874 3718 3564 3795">
     <span class='ocr_line' id='line_1_99' title="bbox 1874 3718 3564 3795; baseline -0.004 -16"><span class='ocrx_word' id='word_1_739' title='bbox 1874 3726 2044 3780; x_wconf 87' lang='lat' dir='ltr'>etiam</span> <span class='ocrx_word' id='word_1_740' title='bbox 2079 3725 2125 3777; x_wconf 92' lang='lat' dir='ltr'>si</span> <span class='ocrx_word' id='word_1_741' title='bbox 2159 3724 2284 3795; x_wconf 89' lang='lat' dir='ltr'>quis</span> <span class='ocrx_word' id='word_1_742' title='bbox 2316 3724 2385 3776; x_wconf 92' lang='lat' dir='ltr'>de</span> <span class='ocrx_word' id='word_1_743' title='bbox 2404 3727 2573 3793; x_wconf 91' lang='lat' dir='ltr'>puteo</span> <span class='ocrx_word' id='word_1_744' title='bbox 2596 3722 2890 3775; x_wconf 86' lang='lat' dir='ltr'>infernalis</span> <span class='ocrx_word' id='word_1_745' title='bbox 2922 3720 3308 3774; x_wconf 89' lang='lat' dir='ltr'>damnationis</span> <span class='ocrx_word' id='word_1_746' title='bbox 3340 3725 3395 3772; x_wconf 89' lang='lat' dir='ltr'>et</span> <span class='ocrx_word' id='word_1_747' title='bbox 3423 3718 3564 3772; x_wconf 91' lang='lat' dir='ltr'>sub—</span> 
     </span>
    </p>
   </div>
   <div class='ocr_carea' id='block_1_100' title="bbox 1873 3807 3565 3880">
    <p class='ocr_par' dir='ltr' id='par_1_100' title="bbox 1873 3807 3565 3880">
     <span class='ocr_line' id='line_1_100' title="bbox 1873 3807 3565 3880; baseline -0.005 -12"><span class='ocrx_word' id='word_1_748' title='bbox 1873 3814 2178 3869; x_wconf 90' lang='lat' dir='ltr'>mersionis</span> <span class='ocrx_word' id='word_1_749' title='bbox 2206 3812 2404 3865; x_wconf 91' lang='lat' dir='ltr'>eodem</span> <span class='ocrx_word' id='word_1_750' title='bbox 2435 3828 2605 3865; x_wconf 90' lang='lat' dir='ltr'>sensu</span> <span class='ocrx_word' id='word_1_751' title='bbox 2649 3810 2785 3864; x_wconf 79' lang='lat' dir='ltr'>velit</span> <span class='ocrx_word' id='word_1_752' title='bbox 2833 3809 3119 3880; x_wconf 89' lang='lat' dir='ltr'>intelligi:</span> <span class='ocrx_word' id='word_1_753' title='bbox 3174 3814 3231 3861; x_wconf 90' lang='lat' dir='ltr'>et</span> <span class='ocrx_word' id='word_1_754' title='bbox 3276 3807 3565 3877; x_wconf 90' lang='lat' dir='ltr'>pertinere</span> 
     </span>
    </p>
   </div>
   <div class='ocr_carea' id='block_1_101' title="bbox 1874 3896 3566 3974">
    <p class='ocr_par' dir='ltr' id='par_1_101' title="bbox 1874 3896 3566 3974">
     <span class='ocr_line' id='line_1_101' title="bbox 1874 3896 3566 3974; baseline -0.006 -17"><span class='ocrx_word' id='word_1_755' title='bbox 1874 3907 2061 3974; x_wconf 90' lang='lat' dir='ltr'>potest</span> <span class='ocrx_word' id='word_1_756' title='bbox 2093 3902 2160 3954; x_wconf 92' lang='lat' dir='ltr'>ad</span> <span class='ocrx_word' id='word_1_757' title='bbox 2188 3902 2398 3971; x_wconf 88' lang='lat' dir='ltr'>justam</span> <span class='ocrx_word' id='word_1_758' title='bbox 2445 3899 3004 3969; x_wconf 62' lang='lat' dir='ltr'>praadestinationem</span> <span class='ocrx_word' id='word_1_759' title='bbox 3058 3896 3319 3950; x_wconf 89' lang='lat' dir='ltr'>interitus</span> <span class='ocrx_word' id='word_1_760' title='bbox 3373 3911 3566 3966; x_wconf 84' lang='lat' dir='ltr'>repro-</span> 
     </span>
    </p>
   </div>
   <div class='ocr_carea' id='block_1_102' title="bbox 1874 3985 3099 4052">
    <p class='ocr_par' dir='ltr' id='par_1_102' title="bbox 1874 3985 3099 4052">
     <span class='ocr_line' id='line_1_102' title="bbox 1874 3985 3099 4052; baseline -0.007 -6"><span class='ocrx_word' id='word_1_761' title='bbox 1874 3992 2100 4052; x_wconf 86' lang='lat' dir='ltr'>borum,</span> <span class='ocrx_word' id='word_1_762' title='bbox 2134 3995 2188 4043; x_wconf 91' lang='lat' dir='ltr'>et</span> <span class='ocrx_word' id='word_1_763' title='bbox 2221 4005 2333 4041; x_wconf 93' lang='lat' dir='ltr'>non</span> <span class='ocrx_word' id='word_1_764' title='bbox 2364 3994 2448 4042; x_wconf 91' lang='lat' dir='ltr'>est</span> <span class='ocrx_word' id='word_1_765' title='bbox 2477 3986 2826 4041; x_wconf 91' lang='lat' dir='ltr'>contrarium</span> <span class='ocrx_word' id='word_1_766' title='bbox 2856 3985 3099 4039; x_wconf 88' lang='lat' dir='ltr'>veritati.</span> 
     </span>
    </p>
   </div>
   <div class='ocr_carea' id='block_1_103' title="bbox 1946 4113 3567 4191">
    <p class='ocr_par' dir='ltr' id='par_1_103' title="bbox 1946 4113 3567 4191">
     <span class='ocr_line' id='line_1_103' title="bbox 1946 4113 3567 4191; baseline -0.006 -14"><span class='ocrx_word' id='word_1_767' title='bbox 1946 4124 2105 4188; x_wconf 90' lang='lat' dir='ltr'>Quod</span> <span class='ocrx_word' id='word_1_768' title='bbox 2165 4127 2359 4175; x_wconf 86' lang='lat' dir='ltr'>autem</span> <span class='ocrx_word' id='word_1_769' title='bbox 2425 4120 2666 4191; x_wconf 91' lang='lat' dir='ltr'>septimo</span> <span class='ocrx_word' id='word_1_770' title='bbox 2728 4119 2855 4172; x_wconf 94' lang='lat' dir='ltr'>loco</span> <span class='ocrx_word' id='word_1_771' title='bbox 2918 4116 3196 4186; x_wconf 90' lang='lat' dir='ltr'>ponitur:</span> <span class='ocrx_word' id='word_1_772' title='bbox 3240 4134 3268 4165; x_wconf 73' lang='grc' dir='ltr'><strong>(ι</strong></span> <span class='ocrx_word' id='word_1_773' title='bbox 3336 4116 3401 4169; x_wconf 83' lang='lat' dir='ltr'>Et</span> <span class='ocrx_word' id='word_1_774' title='bbox 3465 4113 3567 4185; x_wconf 91' lang='lat' dir='ltr'>qui</span> 
     </span>
    </p>
   </div>
   <div class='ocr_carea' id='block_1_104' title="bbox 1875 4204 3570 4283">
    <p class='ocr_par' dir='ltr' id='par_1_104' title="bbox 1875 4204 3570 4283">
     <span class='ocr_line' id='line_1_104' title="bbox 1875 4204 3570 4283; baseline -0.008 -15"><span class='ocrx_word' id='word_1_775' title='bbox 1875 4212 2291 4283; x_wconf 87' lang='lat' dir='ltr'>transgreditur</span> <span class='ocrx_word' id='word_1_776' title='bbox 2320 4228 2352 4263; x_wconf 93' lang='lat' dir='ltr'>a</span> <span class='ocrx_word' id='word_1_777' title='bbox 2372 4209 2596 4280; x_wconf 85' lang='lat' dir='ltr'>justitia</span> <span class='ocrx_word' id='word_1_778' title='bbox 2626 4208 2697 4261; x_wconf 91' lang='lat' dir='ltr'>ad</span> <span class='ocrx_word' id='word_1_779' title='bbox 2742 4207 3119 4277; x_wconf 88' lang='lat' dir='ltr'>iniquitatem,</span> <span class='ocrx_word' id='word_1_780' title='bbox 3163 4206 3310 4258; x_wconf 92' lang='lat' dir='ltr'>Deus</span> <span class='ocrx_word' id='word_1_781' title='bbox 3347 4204 3570 4274; x_wconf 87' lang='lat' dir='ltr'>paravit</span> 
     </span>
    </p>
   </div>
   <div class='ocr_carea' id='block_1_105' title="bbox 1873 4294 3569 4369">
    <p class='ocr_par' dir='ltr' id='par_1_105' title="bbox 1873 4294 3569 4369">
     <span class='ocr_line' id='line_1_105' title="bbox 1873 4294 3569 4369; baseline -0.007 -12"><span class='ocrx_word' id='word_1_782' title='bbox 1873 4303 2037 4357; x_wconf 89' lang='lat' dir='ltr'>illum</span> <span class='ocrx_word' id='word_1_783' title='bbox 2084 4302 2155 4355; x_wconf 91' lang='lat' dir='ltr'>ad</span> <span class='ocrx_word' id='word_1_784' title='bbox 2200 4300 2593 4369; x_wconf 64' lang='lat' dir='ltr'>rhompbaaam</span> <span class='ocrx_word' id='word_1_785' title='bbox 2636 4298 2821 4367; x_wconf 81' lang='lat' dir='ltr'>(Eccli.</span> <span class='ocrx_word' id='word_1_786' title='bbox 2872 4312 2996 4350; x_wconf 81' lang='lat' dir='ltr'>xxvr</span> <span class='ocrx_word' id='word_1_787' title='bbox 3045 4294 3159 4364; x_wconf 83' lang='lat'>27),</span> <span class='ocrx_word' id='word_1_788' title='bbox 3194 4314 3220 4344; x_wconf 80' lang='grc' dir='ltr'>ι)</span> <span class='ocrx_word' id='word_1_789' title='bbox 3272 4294 3569 4347; x_wconf 84' lang='lat' dir='ltr'>manifeste</span> 
     </span>
    </p>
   </div>
   <div class='ocr_carea' id='block_1_106' title="bbox 1807 4382 3566 4463">
    <p class='ocr_par' dir='ltr' id='par_1_106' title="bbox 1807 4382 3566 4463">
     <span class='ocr_line' id='line_1_106' title="bbox 1807 4382 3566 4463; baseline -0.006 -17"><span class='ocrx_word' id='word_1_790' title='bbox 1807 4408 1850 4461; x_wconf 77' lang='grc' dir='ltr'>ι)</span> <span class='ocrx_word' id='word_1_791' title='bbox 1870 4393 2085 4463; x_wconf 89' lang='lat' dir='ltr'>justam</span> <span class='ocrx_word' id='word_1_792' title='bbox 2125 4388 2691 4459; x_wconf 74' lang='lat' dir='ltr'>prtedestinationem</span> <span class='ocrx_word' id='word_1_793' title='bbox 2729 4386 3107 4457; x_wconf 90' lang='lat' dir='ltr'>reproborum</span> <span class='ocrx_word' id='word_1_794' title='bbox 3156 4382 3223 4437; x_wconf 88' lang='lat' dir='ltr'>ad</span> <span class='ocrx_word' id='word_1_795' title='bbox 3267 4382 3566 4435; x_wconf 85' lang='lat' dir='ltr'>interitum</span> 
     </span>
    </p>
   </div>
   <div class='ocr_carea' id='block_1_107' title="bbox 1877 4470 3569 4548">
    <p class='ocr_par' dir='ltr' id='par_1_107' title="bbox 1877 4470 3569 4548">
     <span class='ocr_line' id='line_1_107' title="bbox 1877 4470 3569 4548; baseline -0.008 -12"><span class='ocrx_word' id='word_1_796' title='bbox 1877 4484 2060 4544; x_wconf 89' lang='lat' dir='ltr'>sonat,</span> <span class='ocrx_word' id='word_1_797' title='bbox 2094 4484 2155 4531; x_wconf 92' lang='lat' dir='ltr'>ut</span> <span class='ocrx_word' id='word_1_798' title='bbox 2185 4478 2283 4548; x_wconf 92' lang='lat' dir='ltr'>qui</span> <span class='ocrx_word' id='word_1_799' title='bbox 2309 4494 2411 4531; x_wconf 92' lang='lat' dir='ltr'>suo</span> <span class='ocrx_word' id='word_1_800' title='bbox 2441 4477 2579 4530; x_wconf 91' lang='lat' dir='ltr'>vitio</span> <span class='ocrx_word' id='word_1_801' title='bbox 2608 4482 2664 4529; x_wconf 91' lang='lat' dir='ltr'>et</span> <span class='ocrx_word' id='word_1_802' title='bbox 2693 4492 2796 4529; x_wconf 92' lang='lat' dir='ltr'>suo</span> <span class='ocrx_word' id='word_1_803' title='bbox 2826 4490 3094 4545; x_wconf 89' lang='lat' dir='ltr'>perverso</span> <span class='ocrx_word' id='word_1_804' title='bbox 3146 4470 3381 4525; x_wconf 90' lang='lat' dir='ltr'>arbitrio</span> <span class='ocrx_word' id='word_1_805' title='bbox 3413 4488 3441 4522; x_wconf 90' lang='lat' dir='ltr'>a</span> <span class='ocrx_word' id='word_1_806' title='bbox 3468 4470 3569 4539; x_wconf 89' lang='lat' dir='ltr'>ju-</span> 
     </span>
    </p>
   </div>
   <div class='ocr_carea' id='block_1_108' title="bbox 1878 4559 3571 4635">
    <p class='ocr_par' dir='ltr' id='par_1_108' title="bbox 1878 4559 3571 4635">
     <span class='ocr_line' id='line_1_108' title="bbox 1878 4559 3571 4635; baseline -0.008 -11"><span class='ocrx_word' id='word_1_807' title='bbox 1878 4570 2033 4624; x_wconf 91' lang='lat' dir='ltr'>stitia</span> <span class='ocrx_word' id='word_1_808' title='bbox 2064 4568 2357 4621; x_wconf 91' lang='lat' dir='ltr'>declinans</span> <span class='ocrx_word' id='word_1_809' title='bbox 2403 4565 2821 4635; x_wconf 85' lang='lat' dir='ltr'>transgreditur</span> <span class='ocrx_word' id='word_1_810' title='bbox 2868 4563 2938 4617; x_wconf 89' lang='lat' dir='ltr'>ad</span> <span class='ocrx_word' id='word_1_811' title='bbox 2990 4560 3376 4631; x_wconf 89' lang='lat' dir='ltr'>iniquitatem,</span> <span class='ocrx_word' id='word_1_812' title='bbox 3423 4559 3571 4628; x_wconf 87' lang='lat' dir='ltr'>juste</span> 
     </span>
    </p>
   </div>
   <div class='ocr_carea' id='block_1_109' title="bbox 1878 4648 3573 4726">
    <p class='ocr_par' dir='ltr' id='par_1_109' title="bbox 1878 4648 3573 4726">
     <span class='ocr_line' id='line_1_109' title="bbox 1878 4648 3573 4726; baseline -0.006 -15"><span class='ocrx_word' id='word_1_813' title='bbox 1878 4656 2055 4713; x_wconf 91' lang='lat' dir='ltr'>divini</span> <span class='ocrx_word' id='word_1_814' title='bbox 2100 4654 2303 4726; x_wconf 88' lang='lat' dir='ltr'>judicii</span> <span class='ocrx_word' id='word_1_815' title='bbox 2346 4653 2851 4724; x_wconf 73' lang='lat' dir='ltr'>przedestinatione</span> <span class='ocrx_word' id='word_1_816' title='bbox 2892 4655 3251 4721; x_wconf 70' lang='lat' dir='ltr'>praeparetur</span> <span class='ocrx_word' id='word_1_817' title='bbox 3287 4648 3356 4701; x_wconf 92' lang='lat' dir='ltr'>ad</span> <span class='ocrx_word' id='word_1_818' title='bbox 3382 4650 3573 4701; x_wconf 85' lang='lat' dir='ltr'>rhom-</span> 
     </span>
    </p>
   </div>
   <div class='ocr_carea' id='block_1_110' title="bbox 1878 4739 3571 4818">
    <p class='ocr_par' dir='ltr' id='par_1_110' title="bbox 1878 4739 3571 4818">
     <span class='ocr_line' id='line_1_110' title="bbox 1878 4739 3571 4818; baseline -0.007 -18"><span class='ocrx_word' id='word_1_819' title='bbox 1878 4747 2127 4818; x_wconf 71' lang='lat' dir='ltr'>phzeam.</span> <span class='ocrx_word' id='word_1_820' title='bbox 2159 4743 2214 4797; x_wconf 92' lang='lat' dir='ltr'>id</span> <span class='ocrx_word' id='word_1_821' title='bbox 2249 4748 2332 4797; x_wconf 91' lang='lat' dir='ltr'>est</span> <span class='ocrx_word' id='word_1_822' title='bbox 2358 4743 2424 4795; x_wconf 88' lang='lat' dir='ltr'>ad</span> <span class='ocrx_word' id='word_1_823' title='bbox 2453 4747 2684 4795; x_wconf 63' lang='lat' dir='ltr'>aeternas</span> <span class='ocrx_word' id='word_1_824' title='bbox 2716 4739 2918 4793; x_wconf 90' lang='lat' dir='ltr'>mortis</span> <span class='ocrx_word' id='word_1_825' title='bbox 2951 4739 3274 4793; x_wconf 87' lang='lat' dir='ltr'>vindictam.</span> <span class='ocrx_word' id='word_1_826' title='bbox 3313 4739 3391 4792; x_wconf 92' lang='lat' dir='ltr'>De</span> <span class='ocrx_word' id='word_1_827' title='bbox 3424 4752 3571 4807; x_wconf 89' lang='lat' dir='ltr'>qua-</span> 
     </span>
    </p>
   </div>
   <div class='ocr_carea' id='block_1_111' title="bbox 1878 4824 3576 4898">
    <p class='ocr_par' dir='ltr' id='par_1_111' title="bbox 1878 4824 3576 4898">
     <span class='ocr_line' id='line_1_111' title="bbox 1878 4824 3576 4898; baseline -0.008 -9"><span class='ocrx_word' id='word_1_828' title='bbox 1878 4835 2031 4889; x_wconf 90' lang='lat' dir='ltr'>libus</span> <span class='ocrx_word' id='word_1_829' title='bbox 2080 4832 2250 4887; x_wconf 90' lang='lat' dir='ltr'>etiam</span> <span class='ocrx_word' id='word_1_830' title='bbox 2300 4830 2439 4883; x_wconf 88' lang='lat' dir='ltr'>alibi</span> <span class='ocrx_word' id='word_1_831' title='bbox 2486 4828 2759 4898; x_wconf 89' lang='lat' dir='ltr'>scriptum</span> <span class='ocrx_word' id='word_1_832' title='bbox 2808 4832 2912 4892; x_wconf 90' lang='lat' dir='ltr'>est,</span> <span class='ocrx_word' id='word_1_833' title='bbox 2964 4827 3115 4897; x_wconf 86' lang='lat' dir='ltr'>quod</span> <span class='ocrx_word' id='word_1_834' title='bbox 3140 4847 3166 4875; x_wconf 87' lang='grc'>‹‹</span> <span class='ocrx_word' id='word_1_835' title='bbox 3214 4826 3260 4879; x_wconf 92' lang='lat' dir='ltr'>si</span> <span class='ocrx_word' id='word_1_836' title='bbox 3308 4824 3576 4879; x_wconf 89' lang='lat' dir='ltr'>averterit</span> 
     </span>
    </p>
   </div>
   <div class='ocr_carea' id='block_1_112' title="bbox 1882 4913 3573 4992">
    <p class='ocr_par' dir='ltr' id='par_1_112' title="bbox 1882 4913 3573 4992">
     <span class='ocr_line' id='line_1_112' title="bbox 1882 4913 3573 4992; baseline -0.005 -16"><span class='ocrx_word' id='word_1_837' title='bbox 1882 4939 1940 4977; x_wconf 90' lang='lat' dir='ltr'>se</span> <span class='ocrx_word' id='word_1_838' title='bbox 1955 4924 2142 4992; x_wconf 87' lang='lat' dir='ltr'>justus</span> <span class='ocrx_word' id='word_1_839' title='bbox 2168 4937 2200 4974; x_wconf 89' lang='lat' dir='ltr'>a</span> <span class='ocrx_word' id='word_1_840' title='bbox 2231 4917 2448 4989; x_wconf 82' lang='lat' dir='ltr'>justitia</span> <span class='ocrx_word' id='word_1_841' title='bbox 2473 4933 2593 4980; x_wconf 88' lang='lat' dir='ltr'>sua,</span> <span class='ocrx_word' id='word_1_842' title='bbox 2627 4920 2683 4969; x_wconf 92' lang='lat' dir='ltr'>et</span> <span class='ocrx_word' id='word_1_843' title='bbox 2711 4914 2909 4969; x_wconf 88' lang='lat' dir='ltr'>fecerit</span> <span class='ocrx_word' id='word_1_844' title='bbox 2939 4914 3328 4985; x_wconf 88' lang='lat' dir='ltr'>iniquitatem,</span> <span class='ocrx_word' id='word_1_845' title='bbox 3362 4913 3573 4967; x_wconf 90' lang='lat' dir='ltr'>morie-</span> 
     </span>
    </p>
   </div>
   <div class='ocr_carea' id='block_1_113' title="bbox 1880 5002 3574 5073">
    <p class='ocr_par' dir='ltr' id='par_1_113' title="bbox 1880 5002 3574 5073">
     <span class='ocr_line' id='line_1_113' title="bbox 1880 5002 3574 5073; baseline -0.006 -9"><span class='ocrx_word' id='word_1_846' title='bbox 1880 5015 1976 5064; x_wconf 90' lang='lat' dir='ltr'>tur</span> <span class='ocrx_word' id='word_1_847' title='bbox 2005 5010 2065 5062; x_wconf 90' lang='lat' dir='ltr'>iu</span> <span class='ocrx_word' id='word_1_848' title='bbox 2091 5025 2157 5062; x_wconf 92' lang='lat' dir='ltr'>ea</span> <span class='ocrx_word' id='word_1_849' title='bbox 2204 5008 2419 5073; x_wconf 82' lang='lat' dir='ltr'>(Ezech.</span> <span class='ocrx_word' id='word_1_850' title='bbox 2470 5022 2626 5071; x_wconf 85' lang='lat' dir='ltr'>xvm,</span> <span class='ocrx_word' id='word_1_851' title='bbox 2682 5006 2787 5063; x_wconf 79' lang='grc'>24).</span> <span class='ocrx_word' id='word_1_852' title='bbox 2821 5025 2848 5051; x_wconf 84' lang='grc'><strong>››</strong></span> <span class='ocrx_word' id='word_1_853' title='bbox 2898 5004 3024 5057; x_wconf 84' lang='lat' dir='ltr'>Jam</span> <span class='ocrx_word' id='word_1_854' title='bbox 3069 5007 3273 5056; x_wconf 74' lang='lat' dir='ltr'>caetera</span> <span class='ocrx_word' id='word_1_855' title='bbox 3312 5002 3574 5071; x_wconf 91' lang='lat' dir='ltr'>Scriptu-</span> 
     </span>
    </p>
   </div>
   <div class='ocr_carea' id='block_1_114' title="bbox 1882 5090 3577 5164">
    <p class='ocr_par' dir='ltr' id='par_1_114' title="bbox 1882 5090 3577 5164">
     <span class='ocr_line' id='line_1_114' title="bbox 1882 5090 3577 5164; baseline -0.005 -13"><span class='ocrx_word' id='word_1_856' title='bbox 1882 5114 2075 5151; x_wconf 88' lang='lat' dir='ltr'>rarum</span> <span class='ocrx_word' id='word_1_857' title='bbox 2126 5095 2457 5150; x_wconf 88' lang='lat' dir='ltr'>testimonia</span> <span class='ocrx_word' id='word_1_858' title='bbox 2503 5110 2631 5164; x_wconf 73' lang='lat' dir='ltr'>qua:</span> <span class='ocrx_word' id='word_1_859' title='bbox 2679 5097 3022 5163; x_wconf 90' lang='lat' dir='ltr'>sequuntur,</span> <span class='ocrx_word' id='word_1_860' title='bbox 3087 5091 3231 5143; x_wconf 89' lang='lat' dir='ltr'>sicut</span> <span class='ocrx_word' id='word_1_861' title='bbox 3279 5091 3453 5143; x_wconf 85' lang='lat' dir='ltr'>etiam</span> <span class='ocrx_word' id='word_1_862' title='bbox 3509 5090 3577 5143; x_wconf 91' lang='lat' dir='ltr'>de</span> 
     </span>
    </p>
   </div>
   <div class='ocr_carea' id='block_1_115' title="bbox 1884 5178 3575 5255">
    <p class='ocr_par' dir='ltr' id='par_1_115' title="bbox 1884 5178 3575 5255">
     <span class='ocr_line' id='line_1_115' title="bbox 1884 5178 3575 5255; baseline -0.006 -16"><span class='ocrx_word' id='word_1_863' title='bbox 1884 5185 2228 5255; x_wconf 87' lang='lat' dir='ltr'>quibusdam</span> <span class='ocrx_word' id='word_1_864' title='bbox 2257 5184 2378 5252; x_wconf 87' lang='lat' dir='ltr'>jam</span> <span class='ocrx_word' id='word_1_865' title='bbox 2429 5182 2695 5251; x_wconf 88' lang='lat' dir='ltr'>superius</span> <span class='ocrx_word' id='word_1_866' title='bbox 2727 5181 2943 5235; x_wconf 90' lang='lat' dir='ltr'>dictum</span> <span class='ocrx_word' id='word_1_867' title='bbox 2993 5182 3096 5244; x_wconf 89' lang='lat' dir='ltr'>est,</span> <span class='ocrx_word' id='word_1_868' title='bbox 3147 5193 3265 5231; x_wconf 93' lang='lat' dir='ltr'>non</span> <span class='ocrx_word' id='word_1_869' title='bbox 3312 5178 3381 5230; x_wconf 91' lang='lat' dir='ltr'>ad</span> <span class='ocrx_word' id='word_1_870' title='bbox 3431 5193 3575 5246; x_wconf 61' lang='lat' dir='ltr'>prae-</span> 
     </span>
    </p>
   </div>
   <div class='ocr_carea' id='block_1_116' title="bbox 1883 5266 3577 5341">
    <p class='ocr_par' dir='ltr' id='par_1_116' title="bbox 1883 5266 3577 5341">
     <span class='ocr_line' id='line_1_116' title="bbox 1883 5266 3577 5341; baseline -0.006 -14"><span class='ocrx_word' id='word_1_871' title='bbox 1883 5272 2178 5328; x_wconf 88' lang='lat' dir='ltr'>scientiam</span> <span class='ocrx_word' id='word_1_872' title='bbox 2226 5272 2311 5325; x_wconf 92' lang='lat' dir='ltr'>vel</span> <span class='ocrx_word' id='word_1_873' title='bbox 2366 5269 2927 5341; x_wconf 71' lang='lat' dir='ltr'>praedestinationem</span> <span class='ocrx_word' id='word_1_874' title='bbox 2977 5266 3327 5330; x_wconf 88' lang='lat' dir='ltr'>futurorum,</span> <span class='ocrx_word' id='word_1_875' title='bbox 3370 5266 3469 5317; x_wconf 89' lang='lat' dir='ltr'>sed</span> <span class='ocrx_word' id='word_1_876' title='bbox 3509 5266 3577 5318; x_wconf 89' lang='lat' dir='ltr'>ad</span> 
     </span>
    </p>
   </div>
   <div class='ocr_carea' id='block_1_117' title="bbox 1882 5351 3580 5431">
    <p class='ocr_par' dir='ltr' id='par_1_117' title="bbox 1882 5351 3580 5431">
     <span class='ocr_line' id='line_1_117' title="bbox 1882 5351 3580 5431; baseline -0.006 -16"><span class='ocrx_word' id='word_1_877' title='bbox 1882 5376 2131 5431; x_wconf 64' lang='lat' dir='ltr'>praesens</span> <span class='ocrx_word' id='word_1_878' title='bbox 2165 5359 2263 5412; x_wconf 90' lang='lat' dir='ltr'>Dei</span> <span class='ocrx_word' id='word_1_879' title='bbox 2287 5359 2573 5429; x_wconf 88' lang='lat' dir='ltr'>judicium</span> <span class='ocrx_word' id='word_1_880' title='bbox 2603 5356 2892 5429; x_wconf 90' lang='lat' dir='ltr'>pertinere</span> <span class='ocrx_word' id='word_1_881' title='bbox 2912 5354 3320 5409; x_wconf 80' lang='lat' dir='ltr'>existimamus.</span> <span class='ocrx_word' id='word_1_882' title='bbox 3356 5351 3421 5404; x_wconf 86' lang='lat' dir='ltr'>Et</span> <span class='ocrx_word' id='word_1_883' title='bbox 3450 5352 3580 5405; x_wconf 90' lang='lat' dir='ltr'>ideo</span> 
     </span>
    </p>
   </div>
   <div class='ocr_carea' id='block_1_118' title="bbox 1884 5438 3583 5521">
    <p class='ocr_par' dir='ltr' id='par_1_118' title="bbox 1884 5438 3583 5521">
     <span class='ocr_line' id='line_1_118' title="bbox 1884 5438 3583 5521; baseline -0.006 -17"><span class='ocrx_word' id='word_1_884' title='bbox 1884 5448 2286 5521; x_wconf 67' lang='lat' dir='ltr'>praetermissis</span> <span class='ocrx_word' id='word_1_885' title='bbox 2318 5448 2406 5503; x_wconf 90' lang='lat' dir='ltr'>his</span> <span class='ocrx_word' id='word_1_886' title='bbox 2434 5464 2564 5519; x_wconf 67' lang='lat' dir='ltr'>quae</span> <span class='ocrx_word' id='word_1_887' title='bbox 2594 5447 2663 5500; x_wconf 91' lang='lat' dir='ltr'>ad</span> <span class='ocrx_word' id='word_1_888' title='bbox 2704 5449 3043 5517; x_wconf 68' lang='lat' dir='ltr'>praesentem</span> <span class='ocrx_word' id='word_1_889' title='bbox 3072 5438 3448 5513; x_wconf 65' lang='lat' dir='ltr'>quaestionem</span> <span class='ocrx_word' id='word_1_890' title='bbox 3480 5440 3583 5493; x_wconf 90' lang='lat' dir='ltr'>mi-</span> 
     </span>
    </p>
   </div>
   <div class='ocr_carea' id='block_1_119' title="bbox 1885 5525 3587 5606">
    <p class='ocr_par' dir='ltr' id='par_1_119' title="bbox 1885 5525 3587 5606">
     <span class='ocr_line' id='line_1_119' title="bbox 1885 5525 3587 5606; baseline -0.006 -15"><span class='ocrx_word' id='word_1_891' title='bbox 1885 5536 2041 5591; x_wconf 90' lang='lat' dir='ltr'>nime</span> <span class='ocrx_word' id='word_1_892' title='bbox 2087 5535 2402 5606; x_wconf 89' lang='lat' dir='ltr'>pertinent,</span> <span class='ocrx_word' id='word_1_893' title='bbox 2461 5535 2534 5590; x_wconf 90' lang='lat' dir='ltr'>ad</span> <span class='ocrx_word' id='word_1_894' title='bbox 2588 5550 2656 5588; x_wconf 90' lang='lat' dir='ltr'>ea</span> <span class='ocrx_word' id='word_1_895' title='bbox 2713 5550 2841 5605; x_wconf 74' lang='lat' dir='ltr'>quae</span> <span class='ocrx_word' id='word_1_896' title='bbox 2899 5535 3118 5587; x_wconf 88' lang='lat' dir='ltr'>restant</span> <span class='ocrx_word' id='word_1_897' title='bbox 3171 5525 3587 5583; x_wconf 84' lang='lat' dir='ltr'>consideranda</span> 
     </span>
    </p>
   </div>
   <div class='ocr_carea' id='block_1_120' title="bbox 1884 5629 2265 5679">
    <p class='ocr_par' dir='ltr' id='par_1_120' title="bbox 1884 5629 2265 5679">
     <span class='ocr_line' id='line_1_120' title="bbox 1884 5629 2265 5679; baseline -0.008 0"><span class='ocrx_word' id='word_1_898' title='bbox 1884 5629 2265 5679; x_wconf 88' lang='lat' dir='ltr'>transeamus.</span> 
     </span>
    </p>
   </div>
  </div>
