3884 6218
314 358 451 413 1043

916 494 1139 548 CAPUT
1191 493 1401 548 XXXIV.

542 635 622 687 De
651 634 1129 704 prazdcstz'natione
1154 636 1212 686 in
1242 639 1528 703 utramque
1553 640 1786 704 partem.

387 757 661 828 Sequitur
693 758 886 829 itaque
916 758 975 811 in
1003 758 1394 829 responsione.

972 932 1362 972 HINCMARUS.

396 1058 414 1083 ι
452 1035 557 1089 Sed
594 1035 685 1088 isti
734 1036 986 1089 malivoli
1016 1052 1130 1090 non
1183 1036 1567 1105 intelligentes
1602 1053 1727 1107 quae
1757 1037 2012 1107 loquun-

320 1128 437 1189 tur,
463 1124 551 1176 vel
581 1124 648 1177 de
682 1124 890 1194 quibus
924 1125 1241 1191 affirmant,
1294 1125 1651 1179 confundunt
1701 1126 2012 1196 praescien—

316 1211 461 1265 tiam
492 1216 547 1264 et
577 1212 1139 1281 praedestinationem
1165 1230 1179 1278 ;
1214 1220 1269 1266 et
1299 1213 1444 1267 sicut
1492 1214 1638 1267 male
1681 1214 2014 1283 intelligunt

319 1301 678 1355 authenticas
712 1300 1067 1370 Scripturas;
1102 1302 1180 1354 ita
1213 1307 1269 1354 et
1316 1303 1562 1371 pessime
1614 1303 1785 1356 verba
1834 1304 2013 1356 sancti

319 1389 624 1458 Augustini
658 1390 715 1441 in
743 1390 1085 1458 quibusdam
1120 1391 1278 1455 locis,
1328 1392 1469 1444 sicut
1515 1392 1570 1444 in
1624 1391 2011 1460 Enchiridion,

319 1483 375 1531 et
404 1477 465 1530 in
494 1478 651 1530 libris
702 1478 769 1531 de
801 1477 1037 1532 Civitate
1071 1479 1188 1545 Dei,
1232 1482 1289 1532 et
1318 1480 1448 1533 alibi
1500 1480 1673 1534 etiam
1722 1480 2016 1550 praedesti-

319 1572 481 1620 natos
512 1566 581 1620 ad
617 1566 937 1632 interitum,
973 1572 1028 1621 et
1074 1569 1351 1638 populum
1399 1576 1597 1621 natum
1639 1570 1707 1623 ad
1748 1569 1893 1622 iram
1922 1570 2014 1622 di—

317 1656 423 1709 cit:
465 1655 613 1709 unde
652 1656 825 1709 etiam
874 1661 1176 1726 postquam
1223 1657 1291 1710 de
1346 1658 1525 1711 libero
1573 1658 1809 1711 arbitrio
1858 1664 1912 1711 et
1944 1658 2013 1711 de

318 1744 676 1812 correptione
735 1749 791 1797 et
845 1746 1052 1813 gratia,
1132 1751 1188 1798 et
1242 1745 1311 1799 de
1370 1746 1719 1814 perfectione
1780 1747 2012 1815 justitiaa

318 1832 589 1897 hominis,
638 1835 694 1886 et
758 1832 826 1885 de
861 1832 1360 1901 proadcstinatione
1407 1840 1735 1887 sanctorum
1784 1835 1853 1888 ad
1886 1836 2015 1889 Pro-

321 1936 553 1991 sperum
605 1925 659 1973 et
710 1921 1008 1985 Hilarium,
1054 1922 1151 1974 ubi
1204 1922 1346 1974 nihil
1394 1922 1462 1975 de
1513 1924 2013 1992 praedestinatione

320 2009 721 2079 reproborum,
794 2010 889 2063 sed
960 2009 1029 2063 de
1102 2010 1603 2078 praedestinatione
1684 2019 2013 2067 sanctorum

317 2097 497 2163 dixit;
535 2097 727 2150 multis
768 2097 1187 2167 postulantibus
1236 2099 1539 2168 scripserat
1591 2101 1799 2154 librum
1834 2104 2016 2172 Hypo-

318 2186 662 2239 mnesticum
694 2186 962 2240 adversus
990 2186 1313 2240 Coelestium
1338 2192 1394 2240 et
1424 2189 1715 2258 Pelagium
1743 2206 1756 2255 ;
1790 2191 2017 2260 scripsit

320 2273 388 2326 de
422 2274 678 2344 quinque
727 2275 1157 2344 quaestionibus,
1202 2281 1257 2328 et
1315 2277 1460 2329 hanc
1516 2281 1730 2330 sextam
1785 2280 1905 2333 loco
1940 2296 2018 2334 re-

320 2363 672 2415 tractationis
704 2362 1097 2432 superaddidit
1141 2364 1209 2417 de
1244 2365 1740 2434 praedestinatione
1766 2383 1779 2432 ;
1809 2368 1908 2421 ubi
1956 2386 2014 2421 se

320 2455 548 2503 excusat
573 2467 687 2504 non
714 2467 781 2503 eo
812 2468 981 2504 sensu
1022 2451 1230 2505 dixisse
1272 2469 1371 2505 nec
1401 2454 1647 2524 intelligi
1694 2455 1835 2509 velle
1865 2474 2013 2524 prae-

323 2538 634 2593 destinatos
666 2540 733 2593 ad
761 2540 1079 2607 interitum,
1112 2541 1208 2594 sed
1242 2541 1301 2594 in
1331 2542 1635 2612 iniquitate
1684 2545 1769 2597 vel
1802 2546 2013 2615 impie-

322 2631 434 2680 tate
488 2628 990 2697 perseverantibus
1054 2645 1280 2697 poenam
1348 2647 1469 2684 esse
1531 2632 2010 2701 prmdestinatam.

322 2716 575 2779 Quarum
608 2718 991 2787 quaestionum
1024 2722 1079 2769 et
1103 2718 1530 2773 absolutionum
1564 2722 1913 2776 mentionem
1955 2723 2012 2776 in

320 2805 465 2858 libro
520 2821 693 2875 quem
758 2805 984 2875 scripsit
1033 2811 1231 2860 contra
1296 2808 1631 2863 Manichaaos
1688 2826 1755 2864 ex
1813 2812 2014 2865 Genesi

317 2892 469 2948 facit.
494 2915 521 2942 »

976 3034 1353 3075 RESPONSIO.

396 3142 708 3209 Propterea
765 3142 1086 3210 malivolos,
1139 3144 1193 3197 id
1258 3149 1341 3198 est
1402 3145 1562 3199 illum
1622 3148 2009 3204 miserabilem

324 3229 691 3293 monachum,
744 3236 801 3282 et
835 3231 935 3300 qui
985 3248 1111 3285 cum
1165 3250 1230 3286 eo
1279 3233 1520 3287 forsitan
1563 3236 1834 3304 sentiunt,
1882 3255 2014 3292 con-

320 3317 562 3371 fundere
608 3319 1026 3388 praescientiam
1059 3327 1113 3375 et
1147 3321 1709 3391 prsedestinationem
1757 3325 2010 3381 divinam

320 3408 526 3476 arguit,
575 3407 709 3477 quia
765 3409 911 3462 sicut
968 3411 1025 3463 in
1087 3414 1204 3464 tota
1264 3410 1370 3464 ista
1428 3413 1798 3482 responsione
1852 3416 2010 3470 labo-

320 3495 484 3561 ravit,
550 3512 665 3549 non
720 3500 837 3550 vult
916 3498 1160 3569 intelligi
1236 3500 1821 3570 praedestinationem,
1900 3505 2012 3559 nisi

240 3628 241 3631 η
320 3584 379 3636 in
409 3584 543 3637 solis
589 3585 819 3639 electis:
871 3586 932 3639 in
982 3588 1241 3657 reprobis
1295 3604 1430 3643 vero
1478 3590 1659 3643 solam
1711 3593 2013 3660 praescien-

316 3671 455 3725 tiam
507 3673 714 3727 debere
766 3675 1001 3742 sentiri;
1054 3676 1110 3729 in
1162 3693 1276 3747 qua
1334 3678 1646 3732 assertione
1693 3696 1810 3734 non
1860 3682 2012 3737 solos

318 3762 474 3827 istos,
531 3779 671 3832 quos
740 3769 899 3817 vocat
956 3766 1274 3833 malivolos,
1349 3768 1444 3821 sed
1518 3773 1741 3822 sanctos
1820 3771 2011 3825 Patres

318 3854 374 3902 et
428 3852 686 3905 doctores
761 3852 1037 3920 Ecclesiae,
1118 3854 1217 3924 qui
1301 3855 1862 3924 praedestinationem
1919 3858 2011 3912 di-

318 3938 507 3991 vinam
537 3939 595 3992 in
637 3944 941 4011 utramque
989 3948 1210 4012 partem
1260 3948 1314 3996 et
1352 3944 1758 4000 intellexerunt
1808 3952 1863 4001 et
1907 3947 2009 4001 do-

321 4034 583 4095 cuerunt,
616 4046 671 4082 se
712 4030 1026 4099 culpandos
1077 4031 1361 4085 afﬁrmare
1412 4050 1773 4105 nequaquam
1822 4037 2008 4090 consi-

319 4116 496 4169 derat.
532 4116 691 4179 Quod
723 4134 855 4171 vero
888 4119 1132 4187 pessime
1174 4121 1310 4173 dicit
1343 4120 1586 4192 intelligi
1632 4123 1805 4175 verba
1833 4122 2011 4175 sancti

319 4204 623 4273 Augustini
656 4206 725 4271 (si
763 4206 889 4275 quis
923 4206 980 4259 in
1013 4207 1157 4261 libro
1195 4209 1582 4275 Enchiridion,
1636 4214 1691 4263 et
1744 4212 1803 4263 in
1850 4211 2009 4264 libris

320 4292 387 4345 de
419 4292 654 4346 Civitate
706 4294 805 4347 Dei
863 4300 919 4347 et
966 4296 1024 4348 in
1086 4298 1415 4351 tractatibus
1463 4300 1751 4369 Evangelii
1808 4316 2007 4352 secun-

321 4380 458 4434 dum
505 4383 808 4448 Joannem,
860 4383 940 4435 ita
985 4384 1269 4454 intelligat
1316 4387 1875 4456 prtedestinationem
1922 4404 2010 4440 rc-

316 4469 630 4539 proborum
678 4471 745 4523 ad
798 4471 1114 4537 interitum,
1175 4472 1321 4527 sicut
1377 4490 1502 4527 eam
1544 4475 1639 4527 ille
1689 4480 1744 4528 et
1787 4475 2010 4545 scriptis

320 4557 437 4611 suis
467 4575 568 4627 per
600 4575 799 4613 omnes
841 4560 1126 4627 ecclesias,
1174 4566 1230 4614 et
1271 4562 1455 4615 verbis
1505 4563 1673 4615 etiam
1726 4563 2013 4632 praesenti-

320 4646 424 4699 bus
472 4646 698 4717 populis
748 4647 1085 4718 simpliciter
1132 4654 1188 4702 et
1237 4650 1512 4704 veraciter
1556 4652 1904 4721 praedicavit)
1943 4657 2012 4705 at-

319 4751 431 4804 que
463 4735 540 4788 ita
578 4742 820 4790 conatur
876 4737 1195 4792 beatissimi
1242 4739 1487 4792 doctoris
1537 4739 1923 4805 manifestum,
1958 4745 2013 4795 et

323 4839 579 4877 veracem
631 4839 860 4878 sensum
910 4826 1219 4892 (nescimus
1270 4826 1330 4880 in
1376 4827 1518 4898 quid
1565 4827 1738 4896 aliud)
1792 4844 2013 4898 perver-

319 4914 438 4965 tere
468 4915 524 4966 et
563 4912 924 4983 detorquere,
978 4920 1207 4985 quantas
1257 4916 1645 4980 absurditatis,
1693 4916 1809 4970 imo
1842 4933 2011 4986 quam

318 4999 512 5069 impiae
546 5000 1013 5071 prmsumptionis
1049 5002 1139 5064 sit,
1177 5003 1306 5072 quis
1336 5003 1513 5072 possit
1550 5003 1877 5071 explicare?
1908 5005 2013 5057 Per

317 5087 427 5142 hoc
477 5088 633 5142 enim
677 5105 788 5142 non
839 5091 1025 5143 solum
1076 5106 1305 5144 sensum
1355 5091 1861 5145 ecclesiasticorum
1911 5094 2012 5145 Pa-

318 5183 491 5242 trum,
549 5178 647 5231 sed
702 5178 874 5231 etiam
936 5179 1107 5233 ﬁdem
1162 5180 1440 5247 Ecclesiae,
1493 5186 1549 5234 et
1613 5182 2010 5236 auctoritatem

319 5264 627 5335 Scripturae
674 5266 880 5320 divina:
928 5284 959 5320 a
1007 5273 1167 5338 parte
1236 5284 1507 5324 evacuare
1570 5269 1878 5324 invenitur.
1928 5271 2013 5323 Ita

319 5367 569 5422 namque
604 5354 798 5409 Patres
829 5356 1190 5422 docuerunt;
1226 5358 1303 5411 ita
1345 5358 1591 5412 Ecclesia
1639 5358 1885 5413 ﬁdeliter
1933 5363 2015 5412 te-

320 5440 554 5505 net;ita
586 5441 877 5512 Scriptura
926 5445 1180 5499 veritatis
1232 5446 1504 5500 veraciter
1558 5447 1867 5501 tenendum
1911 5447 2010 5501 de-

319 5531 599 5604 monstrat
627 5544 640 5580 :
674 5530 819 5582 sicut
843 5532 966 5599 jam
1006 5533 1290 5602 superius,
1342 5540 1516 5604 prout
1550 5534 1825 5588 Dominus
1874 5536 2011 5590 dare

320 5602 588 5686 dignatus
618 5623 722 5684 est,
755 5619 889 5672 satis
918 5621 1305 5688 probavimus.

1445 358 1500 411 S.
1545 358 1812 414 REMIGII
1844 357 2329 413 LL’GDUNENSIS
2368 356 2676 413 EPISCOPI

3697 363 3758 410 IU
3770 358 3823 410 ii

2736 495 2961 550 CAPUT
3001 496 3189 551 XXXV.

2123 637 2192 688 De
2235 636 2371 709 libro
2426 638 2877 703 Hypognosticon.
2928 667 2997 709 ε
3051 641 3123 691 De
3166 640 3359 706 primis
3398 640 3827 709 Pelagianorum

2291 708 2559 775 reliquiis.
2590 735 2662 747 —
2691 711 2761 760 De
2785 708 3262 777 praedestinatione
3297 710 3659 778 reproborum

2192 846 2470 917 Adjungit
2502 849 2670 902 etiam
2710 866 2825 902 iem
2856 866 3081 915 novam,
3114 855 3161 903 et
3198 866 3384 921 neque
3432 868 3501 905 ex
3556 851 3824 909 lectione,

2122 952 2308 1005 neque
2359 953 2422 988 ex
2476 938 2657 989 veraci
2717 956 2909 1006 (Litlflft
2960 938 3269 991 traditione
3322 940 3489 992 nobis
3539 941 3827 992 hactenus

2122 1031 2495 1094 compertam.
2544 1028 2661 1088 Quo
2712 1026 2945 1085 scilicet,
3025 1026 3224 1079 beatus
3263 1028 3651 1097 Augustinus,
3706 1035 3830 1096 post

2123 1129 2322 1165 omnes
2382 1112 2559 1166 libros
2617 1130 2773 1181 suos,
2842 1114 3133 1184 scripserit
3198 1116 3509 1185 quemdam
3563 1115 3825 1167 libellum

2124 1218 2297 1271 quem
2347 1202 2538 1255 Graeco
2603 1202 2874 1255 vocabulo
2942 1203 3421 1272 HypomnestiCUn
3487 1204 3823 1263 nominant,

2123 1290 2275 1359 quod
2303 1290 2496 1343 Latine
2540 1293 2976 1344 memoratorium
3024 1292 3453 1361 interpretatur,
3491 1292 3551 1344 in
3611 1309 3730 1362 quo
3762 1293 3825 1344 de

2124 1379 2378 1448 quinque
2413 1379 2821 1449 quaestionibus
2848 1385 3044 1433 contra
3071 1381 3364 1450 Pelagium
3401 1390 3456 1434 et
3488 1381 3825 1435 Coelestium

2124 1467 2516 1536 disputaverit.
2554 1469 2615 1520 Et
2647 1468 2927 1538 quidquid
2969 1468 3029 1521 in
3073 1469 3527 1538 praecedentibus
3556 1469 3732 1521 libris
3763 1470 3825 1522 de

2124 1555 2631 1624 praedestinatione
2664 1556 2856 1609 divina
2891 1573 3026 1625 erga
3066 1558 3494 1611 damnationem
3540 1558 3822 1626 reprobo-

2125 1660 2250 1696 rum
2310 1644 2547 1709 dixerat,
2603 1661 2720 1697 non
2782 1645 2859 1697 ita
2904 1662 2962 1697 se
3025 1645 3247 1711 dixisse,
3296 1653 3359 1699 ut
3416 1646 3485 1699 ab
3546 1647 3827 1699 omnibus

2126 1730 2332 1783 dixisse
2364 1733 2749 1800 cognoscitur,
2787 1740 2843 1785 et
2899 1733 3282 1802 intelligitur:
3318 1734 3413 1787 sed
3464 1734 3579 1786 alio
3618 1735 3827 1787 absur-

2124 1818 2381 1885 dissimo,
2435 1824 2489 1873 et
2555 1819 3159 1874 inconvenientissimo
3212 1839 3379 1875 sensu
3446 1829 3509 1875 ut
3562 1840 3677 1892 per
3728 1825 3827 1875 hoc

2124 1909 2273 1979 quod
2306 1909 2447 1961 dixit
2500 1910 2709 1979 impios
2759 1912 2829 1964 ad
2886 1912 3183 1965 interitum
3226 1912 3693 1981 praedestinatos,
3728 1931 3823 1965 no-

2124 1997 2293 2050 luerit
2324 1996 2570 2067 intelligi
2612 1998 2763 2067 ipsos
2800 1999 3007 2069 impios
3038 2000 3107 2053 ad
3155 2000 3452 2053 interitum
3516 2002 3825 2070 praedesti-

2123 2090 2305 2151 natos,
2337 2085 2430 2138 sed
2468 2086 2641 2155 (quod
2688 2103 2857 2140 nemo
2889 2089 3118 2141 credere
3163 2093 3259 2141 aut
3292 2090 3568 2157 suspicari
3606 2096 3821 2159 posset)

2122 2190 2350 2243 poenam
2412 2175 2492 2228 eis
2541 2175 2787 2245 intelligi
2848 2178 3094 2229 voluerit
3149 2194 3269 2230 esse
3328 2178 3817 2246 praedestinatam.

2122 2262 2255 2325 Quis
2286 2279 2542 2332 unquam
2574 2264 2793 2317 audivit
2835 2270 2947 2317 tam
2982 2265 3329 2334 pertinacem
3361 2266 3694 2332 audaciam,
3741 2270 3817 2318 vel

2126 2356 2241 2403 tam
2275 2352 2543 2405 audacem
2596 2353 2995 2421 pertinaciam,
3030 2360 3093 2407 ut
3142 2356 3563 2408 sanctissimum
3619 2362 3675 2408 et
3725 2373 3817 2409 ve-

2124 2439 2478 2493 racissimam
2512 2441 2801 2495 doctorem
2836 2442 3024 2512 ipsum
3057 2443 3127 2496 de
3171 2460 3227 2495 se
3260 2444 3427 2496 fateri
3465 2444 3814 2508 compellat:

2124 2527 2257 2597 quia
2285 2529 2432 2597 quod
2466 2529 2609 2582 dixit
2641 2530 2849 2600 impios
2894 2530 2949 2582 in
2984 2547 3086 2583 sua
3132 2530 3428 2600 impietate
3478 2548 3815 2600 permansu-

2124 2632 2217 2669 ros
2244 2616 2680 2685 prazdestinasse
2723 2618 2791 2671 ad
2835 2619 3154 2684 interitum,
3208 2636 3322 2672 non
3368 2620 3508 2673 dixit
3556 2621 3698 2689 quia
3736 2638 3816 2672 ve-

2122 2705 2330 2757 raciter
2370 2705 2449 2758 ita
2486 2705 2577 2767 sit,
2630 2706 2725 2760 sed
2766 2707 2919 2776 quod
2969 2706 3029 2759 in
3078 2707 3198 2775 ejus
3248 2708 3436 2761 verbis
3484 2710 3811 2761 nullatenus

2124 2799 2304 2859 sonat,
2339 2810 2565 2863 poenam
2609 2794 2667 2847 in
2708 2796 2789 2847 eis
2822 2795 3066 2865 intelligi
3098 2796 3337 2848 voluerit
3382 2798 3815 2866 prmparatam?

2122 2882 2257 2944 Quis
2288 2884 2455 2935 talem
2488 2883 2916 2950 absurditatezzi,
2952 2883 3068 2936 imo
3103 2884 3384 2937 insaniam
3412 2886 3558 2937 ferre
3591 2887 3814 2955 possit?

2121 2970 2230 3022 Nos
2273 2971 2425 3022 enim
2495 2971 2791 3024 manifeste
2842 2971 3125 3036 novimus,
3172 2972 3307 3041 quia
3364 2972 3597 3042 quando
3646 2972 3813 3025 libros

2078 3057 2605 3127 3Retractati0num
2632 3058 2750 3127 jam
2787 3075 2955 3111 senex
2988 3064 3041 3112 et
3083 3060 3252 3112 morti
3292 3060 3513 3112 vicmus
3568 3061 3808 3127 scripsit,

2120 3144 2179 3197 in
2206 3144 2413 3214 quibus
2453 3159 2651 3197 omnes
2683 3145 3068 3214 prazcedentes
3108 3145 3279 3198 libros
3327 3163 3460 3199 suos
3513 3147 3812 3217 diligenter

2120 3238 2176 3285 et
2232 3232 2478 3285 fideliter
2538 3233 2877 3298 retractavit,
2952 3250 3315 3304 nequaquam
3380 3236 3565 3288 adhuc
3643 3236 3807 3289 istum

2121 3321 2376 3373 libellum
2408 3320 2727 3391 scripserat.
2766 3323 2909 3385 Quia
2940 3323 2986 3374 si
3033 3322 3371 3392 scripsisset,
3424 3323 3622 3393 utique
3668 3328 3810 3376 inter

2119 3410 2262 3463 alios
2322 3409 2490 3462 etiam
2547 3411 2668 3479 ejus
2746 3411 3098 3464 mentionem
3158 3412 3399 3465 fecisset.
3457 3413 3806 3466 Manifestum

2120 3500 2291 3553 etiam
2328 3499 2573 3564 videtur,
2609 3499 2745 3568 quia
2776 3504 2907 3568 post
2936 3501 3056 3569 ejus
3086 3500 3330 3565 obitum,
3374 3502 3608 3570 quando
3642 3503 3805 3553 vitam

2118 3586 2299 3656 ipsius
2332 3591 2387 3639 et
2432 3587 2753 3657 catalogum
2803 3603 2913 3639 non
2979 3589 3162 3641 solum
3220 3588 3497 3642 librorum
3550 3591 3670 3658 ejus
3721 3590 3806 3643 sed

2120 3675 2293 3728 etiam
2324 3679 2669 3728 tractatuum
2701 3675 2767 3728 ad
2802 3677 3099 3746 populum,
3132 3681 3187 3729 et
3215 3678 3588 3747 epistolarum
3626 3678 3693 3731 ad
3728 3678 3807 3731 di-

2118 3780 2306 3817 versos
2351 3764 2585 3834 quidam
2635 3769 2860 3817 sanctus
2905 3765 3207 3835 episcopus
3254 3772 3313 3819 et
3381 3767 3650 3819 alumnus
3697 3769 3807 3835 ejus

2120 3852 2559 3922 diligentissime
2608 3853 2895 3906 recensuit
2924 3859 2979 3906 et
3012 3854 3330 3924 descripsit,
3368 3856 3611 3908 necdum
3646 3858 3805 3908 istum

2120 3941 2377 3994 libellum
2410 3943 2711 4012 scripserat
2738 3942 2938 3995 beatus
2972 3943 3356 4013 Augustinus:
3391 3944 3439 3996 si
3474 3944 3628 3998 enim
3679 3944 3805 3996 scri-

2118 4028 2345 4098 psisset,
2401 4030 2596 4099 utique
2647 4034 2924 4100 tanquam
2972 4032 3259 4101 praecipue
3306 4033 3624 4085 necessaria
3671 4033 3807 4085 inter

2118 4118 2260 4171 alios
2291 4119 2658 4171 annumerari
2682 4124 2737 4171 et
2769 4120 3060 4173 memoria
3083 4120 3481 4174 commendari
3514 4120 3802 4190 potuisset.

2118 4207 2278 4270 Quod
2311 4207 2358 4258 si
2391 4207 2595 4276 aliquis
2624 4223 2691 4260 ex
2727 4208 2982 4260 Ecclesiae
3024 4207 3355 4274 rectoribus,
3392 4209 3494 4279 qui
3534 4214 3663 4278 post
3693 4209 3803 4277 ejus

2120 4296 2338 4349 obitum
2383 4296 2737 4363 exstiterunt,
2790 4295 3125 4365 simpliciter
3170 4312 3301 4349 eum
3335 4312 3400 4350 ex
3446 4297 3613 4350 titulo
3657 4297 3803 4365 quia

2053 4384 2295 4438 Dsancti
2342 4384 2644 4454 Augustini
2694 4387 2925 4437 nomine
2972 4384 3279 4454 inscriptus
3320 4390 3425 4445 est,
3473 4401 3590 4437 non
3633 4385 3801 4437 consi-

2119 4473 2311 4526 derata
2348 4472 2680 4543 diligentius
2714 4479 2953 4537 ratione,
2991 4489 3093 4526 nec
3125 4473 3315 4543 aliqua
3363 4474 3718 4533 necessitate,
3751 4476 3803 4524 ut

2119 4562 2173 4615 id
2220 4562 2442 4622 faceret,
2498 4561 2897 4630 compellente,
2958 4561 3136 4631 ipsius
3197 4577 3327 4614 eum
3384 4578 3507 4614 esse
3554 4561 3798 4623 credidit,

2121 4651 2282 4719 cujus
2314 4651 2373 4703 in
2406 4650 2587 4703 fronte
2629 4665 2836 4703 nomen
2877 4650 3088 4703 invenit
3116 4668 3128 4715 ;
3159 4650 3295 4721 quid
3337 4651 3444 4703 hoc
3474 4650 3801 4719 praejudicat

2123 4739 2368 4804 veritati,
2405 4754 2533 4809 quae
2566 4738 2870 4807 diligenter
2898 4738 3187 4808 inquisita,
3228 4743 3281 4791 et
3325 4738 3562 4792 inventa
3593 4739 3801 4792 nullum

2122 4842 2292 4896 super
2322 4826 2426 4879 hac
2452 4841 2513 4878 re
2542 4840 2730 4878 errare
2765 4825 3063 4893 permittit.

2190 4913 2407 4967 Accidit
2438 4913 2540 4966 hoc
2590 4913 2759 4965 etiam
2810 4918 2863 4965 et
2912 4912 3367 4983 prmelarissimis
3400 4913 3667 4967 Ecclesia:
3702 4929 3801 4966 ina-

2121 5002 2310 5073 gistris
2344 5006 2405 5054 ut
2434 5001 2645 5054 scilicet
2677 5000 2793 5054 sive
2824 5018 2887 5055 ex
2918 5002 3083 5054 titulo
3114 5002 3267 5066 libri,
3314 5002 3428 5055 sive
3471 5018 3535 5055 ex
3585 5002 3798 5055 alterius

2123 5090 2450 5145 narratione
2507 5090 2723 5143 inducti
2776 5090 3119 5160 putaverint,
3172 5095 3225 5143 et
3302 5091 3639 5160 scripserint
3694 5092 3798 5159 ejus

2121 5180 2368 5233 auctoris
2409 5178 2642 5248 aliquod
2680 5194 2801 5233 esse
2857 5182 3216 5248 opusculum,
3259 5179 3421 5247 cujus
3467 5186 3679 5249 postea‘
3699 5193 3795 5232 non

2121 5285 2261 5335 esse,
2297 5274 2353 5321 et
2382 5268 2658 5321 veraciter
2681 5268 3093 5337 probaverunt,
3141 5273 3194 5321 et
3225 5269 3523 5322 humiliter
3568 5267 3795 5321 confessi

2121 5363 2270 5412 sunt.
2301 5357 2457 5412 Sicut
2510 5356 2708 5410 beatus
2745 5357 3125 5427 Hieronymus
3175 5356 3233 5409 in
3293 5356 3456 5410 libris
3502 5363 3697 5410 contra
3725 5370 3795 5409 ca-

2122 5447 2527 5501 lumniatorem
2568 5460 2734 5498 suum
2785 5445 2852 5498 de
2912 5444 3077 5511 libro,
3123 5462 3295 5515 quem
3337 5462 3403 5498 ex
3454 5446 3597 5499 falso
3646 5445 3792 5499 titulo

2120 5535 2437 5590 crediderat
2462 5532 2615 5587 beati
2655 5532 2955 5603 Pamphyli
3005 5532 3288 5603 martyris,
3341 5538 3397 5586 et
3437 5539 3639 5602 postea
3668 5534 3793 5585 inve

2123 5623 2209 5676 nit
2267 5621 2494 5676 Eusebii
2546 5637 2668 5674 esse
2719 5621 3102 5687 Czesariensis,
3162 5621 3463 5675 manifeste
3522 5621 3787 5674 declirat:
