3884 6218
124 293 183 339 10
200 289 262 339 ili

1352 292 1559 349 LIBER
1601 295 1690 349 DE
1732 295 1986 350 TRIBUS
2030 297 2396 353 EPISTOLIS.

3506 309 3641 361 1046

120 424 179 476 Et
212 424 430 478 beatus
456 428 814 497 Augustinus
840 428 900 481 in
931 428 1089 482 libris
1113 430 1847 483 Retractationumeviden-
1883 432 1929 483 A
1957 434 2012 483 et
2040 432 2467 500 perturbatione
2498 450 2863 504 magnorum,
2894 443 2949 490 et
2978 442 3307 491 sanctorum
3332 438 3485 510 apud
3513 440 3639 494 Gal-

116 519 203 565 ter
245 521 677 569 commemorat.
724 522 778 570 ct
834 517 1086 586 corrigit,
1132 518 1280 587 quod
1329 519 1490 586 juxta
1543 519 1837 588 cujusdam

118 602 360 672 scripta,
399 604 717 658 sententias
748 605 1017 674 quasdam
1048 606 1320 658 delibero
1354 605 1611 669 arbitrio,
1663 610 1718 657 et
1768 606 1837 658 de

118 691 311 759 gratia
376 694 479 745 Dei
546 692 624 745 sic
684 693 961 746 intellexit
1038 700 1094 746 et
1171 694 1497 763 exposuerit
1562 701 1835 763 tanquam

118 780 446 832 beatissimi
507 781 643 835 Xisti
702 782 975 834 Romanae
1034 781 1188 835 urbis
1229 783 1516 851 poutiticis
1574 788 1628 835 et
1681 799 1835 835 mar-

120 869 285 938 tyris,
319 884 458 923 cum
492 885 521 922 e
566 870 850 922 contrario
912 876 1108 937 postea
1162 870 1443 923 invenerit
1500 870 1712 924 ethnici
1743 888 1836 924 eas

119 973 239 1008 esse
274 956 637 1026 philosophi,
676 957 729 1010 id
758 965 840 1008 est
872 957 1025 1010 Sexti
1054 958 1389 1027 Pyhagorei.

188 1043 338 1095 Nam
378 1047 437 1095 et
474 1044 591 1113 ipse
625 1060 797 1114 supra
830 1051 1179 1097 memoratus
1212 1045 1435 1098 libellus
1483 1045 1834 1098 manifestis-

120 1130 282 1183 simis
334 1131 567 1184 indiciis
617 1148 733 1185 non
766 1149 822 1183 se
862 1132 1041 1185 sancti
1098 1133 1399 1202 Augustini
1462 1150 1581 1185 esse
1639 1141 1834 1201 aperte

121 1221 410 1287 ostendit,
453 1222 589 1292 quia
644 1239 746 1275 nec
798 1222 1194 1292 prasfatiouem
1244 1222 1496 1291 aliquam
1559 1223 1617 1274 in
1670 1222 1832 1275 initio

120 1310 203 1360 sui
242 1310 425 1377 gerit,
461 1311 556 1362 ubi
588 1327 643 1363 se
684 1311 751 1363 ab
785 1311 1069 1380 aliquibus
1121 1316 1408 1380 rogatum,
1456 1312 1539 1362 vel
1584 1311 1689 1363 sibi
1740 1327 1834 1364 ne-

119 1398 378 1450 cessario
414 1399 618 1463 visum,
654 1407 715 1451 ut
746 1399 814 1452 de
847 1399 944 1451 tali
982 1415 1063 1465 re,
1099 1398 1155 1451 id
1188 1406 1273 1452 est
1320 1400 1832 1468 praedestinationis

120 1485 322 1553 verbo,
382 1485 444 1538 in
498 1486 613 1539 suis
646 1487 803 1539 libris
855 1486 1218 1556 corrigendo,
1285 1488 1401 1539 sive
1453 1489 1617 1540 aliter
1658 1505 1828 1556 expo-

121 1574 317 1627 nendo
345 1575 577 1645 aliquod
632 1592 844 1628 novum
878 1592 1019 1644 opus
1051 1575 1343 1642 scriberet,
1380 1582 1434 1629 et
1482 1576 1830 1645 signiﬁcasse

123 1663 477 1716 inveniatur.
539 1665 647 1716 Nec
700 1663 816 1716 ulla
871 1663 997 1716 talis
1056 1663 1361 1716 necessitas
1410 1664 1688 1717 exstitisse
1737 1682 1825 1717 co-

124 1752 449 1820 gnoscitur,
530 1758 593 1804 ut
660 1752 728 1804 de
785 1751 898 1805 illis
962 1751 1217 1821 quinque
1271 1752 1706 1822 quaestionibus,
1763 1755 1830 1807 de

124 1841 339 1910 quibus
391 1848 507 1893 tam
568 1842 767 1904 multa,
829 1844 883 1894 et
937 1846 1051 1893 tam
1106 1841 1500 1911 multipliciter
1559 1842 1617 1894 in
1674 1843 1831 1895 libris

124 1928 590 1996 praecedentibus
622 1929 1029 1996 disputaverat,
1086 1928 1295 1982 iterum
1328 1945 1474 1981 novo
1525 1946 1696 1998 opere
1739 1930 1830 1984 di-

128 2022 362 2084 sputare
422 2020 738 2083 cogeretur.
802 2016 907 2071 Sed
960 2021 1017 2070 et
1062 2016 1182 2085 ipse
1239 2032 1425 2070 sermo
1480 2018 1549 2070 ab
1602 2018 1829 2089 eloquio

128 2104 305 2158 sancti
358 2105 669 2175 Augustini
728 2106 974 2158 multum
1018 2105 1345 2175 discrepat:
1404 2111 1459 2159 et
1504 2123 1701 2160 sensus
1760 2107 1829 2160 ab

128 2195 279 2246 illius
310 2211 486 2247 sensu
522 2211 635 2246 non
687 2210 885 2264 parum
936 2194 1176 2247 inferior
1227 2194 1497 2261 habetur;
1533 2202 1588 2248 et
1643 2196 1831 2249 mode-

129 2283 231 2334 stia
259 2288 436 2351 atque
486 2282 784 2335 humilitas
816 2298 1040 2335 morum
1083 2287 1139 2335 et
1170 2298 1498 2335 sermonum
1540 2283 1662 2352 ejus
1714 2301 1828 2337 non

129 2370 201 2422 ibi
250 2376 550 2434 servatur;
585 2376 640 2431 et
682 2372 997 2423 testimoniis
1028 2386 1095 2423 ea:
1142 2371 1409 2424 Hebraich
1454 2373 1825 2438 translatione,

130 2475 299 2529 quam
337 2459 541 2511 beatus
572 2458 955 2528 Hieronymus
989 2458 1187 2526 edidit,
1216 2464 1423 2525 prmter
1445 2460 1566 2528 ejus
1594 2477 1829 2514 consue-

131 2547 389 2601 tudinem
422 2554 623 2600 contra
666 2548 793 2600 illos
840 2547 1140 2601 haereticus
1194 2548 1393 2601 utitur.
1429 2548 1589 2611 Quod
1632 2548 1725 2601 ille
1760 2566 1829 2603 ex

132 2637 365 2706 antiqua
391 2636 589 2706 potius
632 2636 878 2689 editione
906 2636 1089 2689 facere
1139 2636 1445 2689 consuevit.
1501 2638 1563 2690 Et
1596 2654 1828 2706 prorsus

132 2724 195 2775 de
229 2730 390 2777 tanto
420 2726 545 2777 viro
592 2724 801 2777 sentire
836 2724 1135 2794 indignum
1167 2730 1270 2789 est,
1302 2725 1558 2790 verbum,
1595 2731 1650 2778 et
1699 2743 1824 2778 sen—

132 2829 251 2866 sum
308 2812 853 2881 praedestinationis,
907 2829 1079 2881 quem
1111 2813 1268 2865 omni
1314 2820 1567 2883 tempore
1602 2814 1659 2865 in
1712 2815 1826 2866 suis

131 2902 352 2970 scriptis
384 2907 443 2954 et
486 2901 990 2970 praedicationibus
1040 2902 1227 2954 tenuit
1274 2906 1329 2954 et
1384 2902 1824 2969 commendavit,

131 2996 181 3041 et
207 3004 381 3057 quem
420 2989 478 3041 in
526 2988 684 3041 libris
707 2987 1196 3042 Retractationum
1232 3005 1590 3058 nequaquam
1626 3006 1822 3059 repre-
1865 3014 1904 3068 ρ

128 3076 432 3131 hendendo
471 3077 666 3146 utique
693 3076 1050 3146 approbavit,
1085 3076 1142 3129 in
1170 3077 1278 3130 hoc
1328 3078 1519 3130 libello
1553 3095 1825 3133 evacuare

130 3173 183 3219 et
208 3166 508 3219 destruere
538 3166 884 3231 inveniatur,
922 3171 981 3219 ut
1003 3167 1122 3235 jam
1171 3182 1238 3218 ex
1290 3166 1619 3236 liujusmodi
1671 3184 1824 3220 occa-

133 3252 307 3318 sione,
358 3268 463 3305 nec
508 3253 1008 3306 retractationibus
1042 3254 1165 3323 ejus
1196 3253 1334 3306 tides
1361 3253 1687 3307 adhibenda
1737 3253 1820 3307 vi-

128 3341 349 3394 deatur.

198 3429 361 3483 Unde
394 3428 578 3496 magis
609 3428 879 3482 credibile
910 3433 1012 3493 est,
1050 3429 1201 3499 quod
1255 3446 1373 3481 non
1402 3446 1577 3499 parvo
1639 3430 1822 3500 spatio

132 3522 252 3585 post
277 3518 404 3587 ejus
438 3517 659 3570 obitum
694 3534 724 3569 a
747 3517 995 3587 quodam
1028 3517 1139 3571 alio
1172 3518 1417 3587 scriptus
1464 3519 1554 3585 sit,
1598 3524 1655 3572 et
1701 3536 1823 3572 ma-

131 3621 235 3673 gna
264 3621 333 3658 ex
386 3610 546 3673 parte
598 3606 762 3674 juxta
819 3605 1195 3670 modum,'et
1254 3604 1497 3658 formam
1551 3622 1820 3660 sensuum

131 3694 265 3761 ejus,
320 3698 521 3746 contra
585 3693 939 3761 Pelagianos,
992 3698 1045 3746 et
1106 3693 1473 3747 C(elestianos
1522 3694 1821 3748 haereticos

130 3780 189 3832 de
223 3781 336 3834 illis
367 3780 625 3850 quinque
658 3780 1160 3849 periculosioribus
1181 3797 1381 3834 eorum
1408 3782 1819 3851 quaestionibus

128 3868 368 3922 breviter
424 3870 694 3922 collectus
757 3874 926 3939 atque
981 3870 1261 3937 digestus;
1324 3876 1378 3923 et
1436 3870 1571 3939 quia
1631 3876 1821 3925 auctor

131 3959 262 4026 ejus,
298 3958 476 4028 ipsius
512 3957 663 4011 beati
708 3956 1010 4027 Augustini
1054 3974 1252 4011 sensus
1304 3958 1461 4011 brevi
1515 3958 1624 4011 isto
1679 3976 1819 4029 opu-

130 4048 274 4100 scuto
301 4047 460 4099 velut
491 4046 547 4098 in
582 4061 760 4098 unum
787 4046 1081 4115 collegisse
1112 4051 1169 4099 et
1213 4045 1545 4115 explicuisse
1575 4046 1816 4113 videtur,

131 4134 247 4189 ideo
277 4135 390 4205 ipsi
418 4136 691 4205 opusculo
733 4150 942 4187 nomen
983 4134 1161 4187 sancti
1191 4133 1497 4204 Augustini
1546 4134 1605 4187 in
1653 4136 1816 4189 titulo

130 4225 393 4290 praeferre
428 4221 667 4275 voluerit
699 4238 711 4273 :
748 4238 859 4275 non
891 4222 1042 4292 quod
1094 4238 1223 4274 vere
1249 4221 1319 4275 ab
1368 4220 1465 4275 illo
1510 4221 1584 4274 sit
1630 4223 1817 4276 editus

131 4312 215 4365 sed
248 4328 378 4364 vere
406 4311 492 4378 (in
522 4315 800 4380 quantum
842 4315 1037 4363 auctor
1085 4310 1205 4379 ejus
1252 4309 1459 4380 potuit)
1504 4310 1666 4379 juxta
1707 4311 1815 4364 for-

130 4416 271 4453 mam
307 4399 768 4468 disputationum
801 4399 922 4468 ejus
951 4398 1203 4467 digestus
1226 4404 1397 4468 atque
1441 4400 1812 4467 compositus.

132 4487 310 4553 (Velut
336 4488 383 4539 si
415 4486 683 4539 eumdem
732 4486 1012 4556 libellum)
1049 4486 1242 4539 Latine
1274 4507 1302 4534 »
1356 4486 1815 4541 Memoratorium

132 4576 299 4629 sancti
327 4574 636 4644 Augustini
666 4596 693 4623 ››
728 4575 1015 4645 appellare
1060 4574 1352 4640 voluisset,
1416 4573 1557 4627 nihil
1620 4575 1813 4645 utique

131 4665 272 4718 aliud
300 4663 746 4732 intelligeretur,
782 4663 888 4717 nisi
921 4663 1056 4733 quia
1098 4663 1237 4716 illud
1271 4664 1423 4733 quod
1453 4662 1521 4716 ab
1557 4680 1622 4717 eo
1654 4681 1813 4733 spar-

131 4752 244 4817 sim,
279 4757 336 4806 et
366 4750 766 4820 multipliciter
808 4750 994 4806 fuerat
1037 4752 1413 4821 disputatum,
1460 4751 1706 4805 breviter
1758 4756 1816 4806 et

130 4842 269 4894 velut
315 4840 423 4894 sub
475 4854 587 4892 uno
618 4844 850 4909 aspectu
892 4840 1145 4910 positum
1185 4840 1479 4893 memoria:
1528 4856 1815 4894 commen-

132 4927 292 4982 daret.
347 4930 490 4982 Nam
549 4926 596 4979 si
642 4928 846 4981 beatus
900 4928 1250 4999 Augustinus
1294 4929 1815 4998 prtedestinationis

132 5017 357 5071 verbum
392 5018 449 5069 in
502 5021 663 5088 parte
710 5018 1106 5086 reproborum,
1159 5022 1221 5070 ut
1252 5017 1459 5071 durum
1509 5023 1564 5070 et
1606 5016 1812 5070 incon-

134 5121 358 5175 gruum;
392 5105 481 5159 vel
535 5105 709 5159 etiam
742 5106 946 5158 falsum
992 5105 1050 5157 in
1083 5104 1198 5158 suis
1254 5104 1480 5174 scriptis
1511 5106 1813 5175 repudiare

133 5201 177 5247 et
199 5194 473 5248 damnare
510 5194 796 5257 voluisset,
840 5194 1021 5246 multo
1066 5194 1249 5263 major
1279 5198 1336 5247 et
1390 5193 1814 5247 formidolosior

132 5283 331 5336 exstitit
383 5283 629 5347 occasio;
679 5285 740 5336 ut
786 5282 892 5335 hoc
937 5282 996 5334 in
1038 5281 1220 5347 libris,
1261 5298 1426 5351 quos,
1476 5282 1543 5335 de
1594 5282 1811 5351 praede-

134 5371 427 5424 stinatione
496 5373 822 5424 sanctorum
881 5375 935 5423 et
1009 5370 1160 5423 dono
1234 5370 1669 5440 perseverantiae
1741 5369 1811 5423 ad

134 5458 467 5528 Prospcrum
518 5462 574 5511 et
631 5458 905 5512 Hilarium
964 5459 1207 5526 scripsit,
1269 5457 1451 5511 facere
1492 5463 1809 5526 cogeretur,

135 5546 497 5616 compellente
524 5545 736 5599 scilicet
762 5550 919 5599 tanta
936 5562 1108 5615 super
1129 5546 1231 5599 hac
1254 5545 1323 5599 dc
1354 5562 1414 5599 re
1453 5545 1815 5615 querimonia

1946 518 2050 571 lias
2100 520 2373 589 virorum,
2443 522 2536 591 qui
2615 524 2737 591 ejus
2814 525 3296 593 disputationibus
3356 527 3641 581 intentum

1946 608 2191 675 permoti
2226 609 2474 673 fuerunt,
2509 616 2560 663 et
2606 612 2854 681 quodam
2900 613 3067 666 taedio
3121 614 3325 681 affecti,
3384 621 3444 668 ut
3493 632 3638 686 pra:-

1945 695 2344 749 destinationis
2402 714 2653 763 sensum,
2708 700 2807 768 qui
2865 701 2933 753 ab
2980 718 3044 754 co
3091 707 3417 755 constanter
3462 709 3519 757 et
3564 704 3641 756 in-

1947 789 2161 836 stanter
2218 785 2654 854 praedicabatur,
2709 787 2795 839 vel
2843 789 3002 856 quasi
3046 789 3269 855 falsum,
3332 791 3416 843 vel
3477 792 3639 861 quasi

1946 871 2103 925 valde
2141 872 2525 941 periculosum
2557 874 2743 944 potius
2777 876 3079 929 tacendum
3116 894 3234 931 esse
3289 879 3635 947 judicarent.

1944 960 2049 1013 Sed
2084 976 2186 1013 nec
2219 965 2373 1014 tanta
2400 962 2854 1030 perturbatione,
2882 969 2938 1017 et
2975 964 3331 1033 permotione
3359 965 3635 1030 fidelium,

1942 1047 2011 1099 ab
2063 1047 2379 1102 intentione
2427 1050 2803 1103 veracissimae
2858 1056 2911 1104 et
2962 1053 3305 1106 ﬁdelissima:
3362 1054 3637 1108 doctrinae

1943 1151 2058 1188 suae
2090 1136 2278 1206 frangi
2319 1138 2528 1207 potuit,
2574 1144 2672 1191 aut
2720 1139 2993 1192 revocari.
3057 1141 3164 1194 Sed
3226 1141 3406 1209 magis
3459 1158 3553 1195 eos
3585 1148 3639 1196 et

1942 1224 2164 1294 scriptis
2198 1226 2311 1277 suis
2360 1225 2705 1295 inquantum
2757 1228 2944 1295 potuit
2982 1228 3283 1281 admonuit
3329 1234 3384 1282 et
3433 1230 3640 1284 instru-

1940 1312 2039 1378 xit,
2074 1320 2130 1365 et
2160 1313 2511 1366 orationibus
2555 1315 2703 1383 apud
2742 1316 2919 1369 Deum
2972 1317 3221 1385 profusis
3251 1317 3497 1371 ﬁdeliter
3539 1318 3637 1372 ad-

1937 1401 2105 1473 juvit,
2164 1406 2225 1453 ut
2264 1401 2650 1471 intelligerent
2693 1410 2750 1457 et
2795 1411 3170 1473 agnoscerent
3223 1422 3394 1475 quam
3442 1422 3635 1460 neces-

1942 1489 2109 1549 sario,
2139 1494 2193 1541 et
2224 1506 2394 1559 quam
2443 1490 2745 1543 salubriter
2792 1497 3029 1562 propter
3076 1493 3643 1548 commendationem

1945 1577 2149 1630 divinae
2184 1578 2380 1646 gratim
2410 1578 2665 1647 ejusdem
2696 1581 3211 1649 praedestinationis
3252 1583 3457 1635 veritas
3501 1600 3632 1636 om-

1944 1666 2078 1718 nino
2111 1672 2167 1719 et
2196 1666 2482 1720 credenda
2511 1673 2566 1720 et
2597 1668 2957 1737 prmdicanda
2988 1676 3149 1722 esset.

1877 1722 1912 1773 Β
2016 1755 2303 1823 Pelagiani
2322 1770 2453 1807 vero
2478 1756 2729 1809 haeretici
2754 1773 3047 1827 nunquam
3072 1758 3633 1825 prmdestinationem

1940 1843 1996 1894 in
2027 1849 2186 1912 parte
2218 1843 2615 1912 reproborum,
2652 1844 2788 1913 quia
2823 1846 2909 1913 (ut
2938 1847 3228 1915 putamus)
3261 1851 3316 1898 et
3346 1861 3535 1899 veram
3581 1853 3637 1899 et

1934 1930 2146 1999 justam
2207 1947 2326 1984 esse
2383 1932 2810 1995 intellexerunt,
2862 1933 2921 1985 in
2974 1934 3095 2003 ejus
3154 1934 3635 2003 disputationibus

1940 2019 2375 2089 reprehendisse
2406 2018 2781 2073 inveniuntur
2813 2037 2823 2073 :
2858 2023 2954 2074 sed
2994 2022 3393 2075 tantummodo
3422 2022 3479 2074 in
3516 2024 3630 2076 ele-

1940 2114 2158 2163 ctorum
2191 2114 2255 2162 ut
2285 2109 2534 2162 divinam
2578 2110 2819 2177 gratiam
2856 2111 3237 2175 destruerent,
3282 2118 3336 2165 et
3389 2112 3632 2164 liberum

1938 2198 2240 2251 arbitrium
2292 2197 2539 2249 hominis
2574 2198 2834 2251 sufﬁcere
2868 2200 3297 2263 conﬁrmarent,
3349 2215 3474 2252 eam
3527 2216 3629 2251 nc—

1939 2290 2245 2357 gaverunt;
2278 2286 2413 2355 quia
2461 2285 2740 2352 videlicet,
2793 2287 2837 2339 si
2886 2288 3253 2356 omnipotens
3300 2290 3447 2341 Deus
3501 2294 3632 2341 ante

1938 2374 2140 2427 mundi
2171 2374 2660 2441 constitutionem,
2709 2391 2849 2444 quos
2882 2376 3198 2428 salvaturus
3247 2381 3393 2429 esset
3437 2378 3629 2445 elegit,

1939 2466 1997 2515 et
2027 2462 2176 2515 dona
2218 2478 2337 2523 sua,
2372 2478 2500 2531 quin
2533 2463 2612 2515 eis
2653 2463 2961 2532 largiturus
3010 2463 3217 2529 fuerat,
3252 2464 3631 2533 praedestina-

1937 2550 2034 2616 vit,
2066 2555 2246 2603 cessat
2292 2550 2383 2602 hic
2427 2551 2615 2604 omnis
2659 2552 2897 2604 humani
2952 2551 3175 2604 arbitrii
3233 2553 3629 2621 prmsumptio,

1937 2642 1993 2691 et
2021 2638 2139 2689 sola
2173 2636 2273 2689 Dei
2301 2637 2481 2703 gratia
2529 2638 2949 2689 evidentissime
2998 2643 3052 2690 et
3105 2637 3433 2691 ﬁrmissime
3482 2655 3631 2691 com-

1938 2725 2262 2790 mendatur,
2297 2741 2398 2794 per
2448 2742 2616 2793 quam
2652 2726 2839 2795 ipsum
2890 2726 3060 2778 etiam
3109 2726 3426 2779 humanum
3471 2726 3630 2779 arbi-

1936 2813 2134 2873 trium,
2182 2817 2236 2865 et
2291 2829 2320 2865 a
2381 2813 2652 2866 servitute
2707 2814 2919 2883 peccati
2977 2813 3265 2879 liberatur,
3321 2820 3378 2866 et
3423 2813 3629 2867 divinis

1935 2900 2266 2953 muneribus
2303 2899 2640 2953 illustratur.
2694 2906 2876 2970 Atque
2927 2901 3002 2952 ita
3035 2900 3284 2953 evidenti
3315 2905 3370 2953 et
3413 2900 3626 2953 invicta

1934 2990 2176 3054 ratione,
2248 2993 2433 3041 totum
2500 3004 2698 3040 eorum
2760 2988 3193 3058 Pelagianorum
3278 2989 3507 3053 falsum,
3571 2996 3627 3042 et

1931 3077 2098 3129 fallax
2130 3076 2338 3144 dogma
2370 3076 2699 3129 destruitur.

2004 3166 2124 3219 Non
2157 3182 2291 3233 ergo
2324 3169 2515 3218 tantus
2546 3165 2747 3218 doctor
2779 3181 2969 3218 veram
3011 3165 3186 3219 divini
3231 3164 3433 3234 judicii
3477 3180 3622 3235 prce-

1933 3253 2376 3306 destinationem
2423 3253 2490 3305 de
2549 3253 2917 3305 damnatione
2968 3252 3345 3321 reproborum
3404 3252 3463 3304 in
3524 3252 3622 3303 illo

1932 3342 2410 3411 Hypomnesticon
2444 3341 2637 3394 libello
2666 3341 2912 3409 negavit,
2952 3357 3122 3411 quam
3158 3340 3369 3410 ubique
3401 3339 3459 3392 in
3509 3340 3624 3391 suis

1931 3429 2156 3497 scriptis
2211 3429 2498 3481 asseruit:
2560 3429 2656 3480 sed
2712 3430 2855 3480 alius
2905 3429 3156 3498 quidam,
3212 3434 3274 3481 ut
3332 3432 3619 3496 putamus,

1930 3532 2078 3569 nova
2110 3516 2471 3584 pustmodum
2504 3516 2757 3583 ipsorum
2792 3515 3240 3583 Pelagianorum
3289 3514 3622 3583 insurgentc

1930 3603 2214 3657 calumnia
2246 3603 2399 3655 velut
2446 3618 2548 3670 per
2605 3602 2761 3654 illam
2811 3602 3376 3670 praedestinationem
3428 3618 3620 3672 repro-

1930 3691 2132 3745 borum
2198 3690 2267 3743 ad
2325 3690 2621 3742 interitum
2678 3689 2785 3741 hoc
2852 3689 3082 3742 doceret
3129 3690 3409 3755 Ecclesia;
3453 3690 3619 3760 quasi

1932 3781 2078 3833 Deus
2147 3794 2248 3829 sua
2308 3776 2810 3846 prmdestiuatione
2864 3776 3254 3828 necessitatem
3289 3776 3619 3844 imponeret

1926 3867 2279 3931 hominibus,
2313 3871 2369 3918 et
2398 3865 2454 3917 in
2486 3864 2602 3917 suis
2633 3863 3019 3932 impietatibus
3051 3863 3442 3933 permanendi,
3473 3867 3527 3917 et
3559 3863 3618 3916 in

1927 3962 2206 4011 aeternum
2266 3953 2568 4025 pereundi,
2620 3952 2898 4005 subtraxit
2948 3953 3184 4006 verbum
3242 3952 3617 4022 przedestina-

1924 4044 2099 4099 tionis
2130 4044 2189 4096 in
2220 4048 2378 4112 parte
2417 4041 2788 4111 reproborum
2824 4057 2835 4093 :
2866 4039 3017 4109 quod
3063 4039 3256 4109 potius
3304 4039 3616 4094 secundum

1925 4132 2222 4187 veritatem
2246 4130 2423 4185 divini
2448 4130 2673 4200 judicii,
2708 4134 2765 4182 et
2789 4128 3097 4198 diligenter
3120 4128 3352 4198 exponi,
3384 4132 3440 4181 et
3468 4144 3618 4182 com-

1927 4221 2185 4275 mendari
2219 4223 2583 4290 Oportuerat:
2635 4223 2690 4271 et
2737 4219 2917 4271 solam
2974 4222 3285 4271 electorum
3328 4216 3620 4288 prtedesti-

1856 4308 1898 4361 D
1928 4311 2212 4363 nationem
2244 4313 2480 4361 conatus
2524 4311 2608 4360 est
2650 4322 2931 4372 asserere;
2963 4313 3133 4377 atque
3182 4307 3261 4360 ita
3309 4307 3446 4361 dum
3500 4306 3620 4359 vult

1923 4399 2080 4452 illam
2141 4397 2406 4462 refutare,
2458 4400 2513 4448 et
2569 4411 2860 4448 removere
2917 4394 3285 4462 calumniam,
3349 4409 3616 4463 magnam

1923 4485 2133 4540 erroris
2167 4486 2522 4538 occasionem
2574 4483 2747 4549 dedit,
2798 4488 2859 4536 ut
2915 4483 3174 4536 eamdem
3216 4488 3331 4535 tam
3398 4498 3527 4535 vera
3562 4486 3617 4534 et

1924 4572 2225 4627 manifesta
2255 4574 2313 4625 in
2365 4572 2733 4625 damnatione
2776 4571 3151 4639 reproborum
3176 4569 3370 4624 divina
3406 4569 3616 4639 praede-

1924 4663 2155 4716 stinatio
2183 4661 2340 4714 nulla
2370 4676 2491 4713 esse
2522 4660 2869 4723 crederetur,
2904 4663 2959 4711 et
3000 4663 3275 4727 tanquam
3327 4658 3484 4710 nulla
3518 4657 3612 4723 sit,

1924 4756 2252 4821 negaretur.
2305 4750 2663 4818 Quapropter
2709 4747 3013 4815 diligenter
3061 4746 3349 4816 inquisita,
3392 4752 3446 4800 et
3497 4746 3613 4799 evi-

1922 4841 2124 4895 denter
2182 4838 2374 4908 agnita
2426 4836 2679 4895 veritate,
2740 4840 2890 4887 esset
2945 4835 3234 4888 contentio
3281 4840 3338 4889 et
3384 4835 3613 4889 animo-

1922 4930 2058 4983 sitas
2090 4926 2317 4990 erroris,
2363 4930 2418 4978 et
2459 4923 2800 4993 suscipiatur
2839 4923 3077 4976 libenter
3128 4927 3299 4993 atque
3348 4922 3615 4977 obedien-

1926 5022 2010 5070 ter
2068 5013 2448 5068 manifestatio
2502 5011 2773 5065 veritatis.
2830 5012 2899 5065 Ut
2947 5016 3137 5064 autem
3184 5010 3441 5081 quinque
3487 5011 3613 5064 illas

1923 5104 2284 5176 quaestiones,
2318 5101 2432 5153 sive
2455 5100 2843 5170 oppositiones
2868 5099 3305 5168 Pelagianorum
3330 5100 3387 5152 in
3428 5099 3608 5164 libris,

1922 5208 2064 5262 quos
2095 5191 2162 5243 de
2195 5187 2550 5258 expositione
2594 5188 2849 5253 Genesis,
2886 5187 3037 5240 idem
3084 5186 3282 5239 beatus
3340 5186 3609 5256 Augusti-

1920 5294 2029 5333 nus
2071 5283 2264 5331 contra
2342 5292 2563 5329 errores
2637 5281 2691 5329 et
2757 5275 3111 5346 blasphemia
3173 5272 3610 5327 Manichaeorum

1921 5366 2149 5437 scripsit
2181 5368 2677 5430 commemoraret,
2708 5380 2811 5418 nec
2859 5365 2917 5419 in
2964 5364 3174 5417 nostris
3202 5362 3494 5416 codicibus
3526 5362 3613 5415 in-

1920 5454 2164 5519 venitur,
2202 5469 2301 5506 nec
2344 5452 2459 5505 ulla
2504 5452 2646 5506 ratio
2680 5468 2799 5505 esse
2856 5452 3079 5505 videtur
3114 5469 3126 5505 :
3180 5450 3314 5522 quia
3367 5450 3614 5503 manife-

1925 5550 2075 5598 stum
2107 5542 2341 5598 omnino
2372 5546 2473 5608 est,
2501 5541 2729 5611 quando
2759 5541 2986 5596 eosdem
3018 5540 3196 5594 libros
3226 5539 3379 5594 idem
3420 5545 3618 5593 auctor
