3884 6218
280 228 413 280 1047

1407 220 1461 273 S.
1504 217 1775 273 REMIGII
1810 215 2289 271 LUGDUNENSIS
2329 214 2637 270 EPISCOPI

3650 210 3816 263 IO’tS

275 361 633 431 conscripsit,
674 359 878 430 primis
922 358 1039 411 fere
1091 357 1275 410 adhuc
1322 355 1678 425 temporibus
1736 369 1968 407 conver-
2007 354 2054 405 Α
2084 351 2239 405 tione
2271 352 2489 404 occulte
2512 350 2768 421 quidem,
2803 350 2900 403 sed
2941 349 3093 419 juste
3128 348 3183 402 id
3208 347 3490 419 judicavit
3522 365 3533 401 :
3584 366 3611 397 α
3661 346 3813 400 Non

276 450 482 517 sionis,
516 449 630 503 sive
689 446 1029 518 presbyterii
1080 446 1187 512 sui,
1248 445 1488 498 necdum
1534 449 1669 496 tunc
1716 441 1969 512 Pelagia-

276 556 480 593 norum
514 553 725 591 nomen
760 542 857 589 aut
881 535 1143 588 haeresim
1180 534 1494 599 exstitisse;
1522 533 1617 585 sed
1638 534 1812 601 longo
1845 535 1975 600 post

274 632 556 696 tempore,
614 631 671 679 et
743 624 935 677 multis
968 623 1455 676 intercedentibus
1519 621 1683 673 annis
1774 635 1972 672 eorum

274 715 557 768 insaniam
613 719 783 783 atque
850 711 1348 781 impugnationem
1420 715 1615 763 contra
1670 709 1974 761 Ecclesiam

276 804 603 857 surrexisse.
645 803 711 855 Et
749 801 875 853 ideo
908 801 1061 870 quod
1093 816 1280 869 neque
1312 800 1380 852 ad
1419 797 1751 863 Manichaeos
1789 796 1973 849 haere-

274 891 414 944 ticos
454 889 803 960 pertinebat,
864 904 1051 959 neque
1089 905 1118 940 a
1176 887 1517 957 Pelagianis,
1576 885 1675 956 qui
1728 885 1971 937 necdum

276 979 454 1033 exorti
510 980 757 1039 fuerant,
824 978 1153 1030 nullatenus
1203 976 1415 1046 opponi
1476 982 1759 1045 potuerat,
1816 975 1973 1030 nulla

275 1084 511 1140 prorsus
549 1068 692 1121 ratio
727 1066 1030 1137 permittit,
1074 1070 1137 1118 ut
1183 1064 1333 1134 quod
1387 1064 1570 1117 adhuc
1614 1065 1845 1136 penitus
1884 1066 1971 1118 fu-

273 1163 470 1211 turum
498 1155 892 1227 ignorabatur,
934 1154 992 1205 in
1040 1152 1152 1206 illis
1198 1152 1358 1205 libris
1410 1153 1565 1206 velut
1622 1158 1971 1207 transactum

278 1248 848 1299 commemoraretur.
905 1243 1046 1295 Sunt
1094 1241 1323 1310 quidem
1370 1241 1519 1293 circa
1577 1242 1748 1293 tinem
1801 1242 1972 1294 libro-

274 1350 403 1388 rum
454 1332 788 1387 eorumdem
839 1329 1086 1383 breviter
1128 1334 1327 1381 contra
1372 1329 1709 1382 Manichaeos
1762 1346 1970 1399 propo-

276 1423 419 1487 sitae,
452 1427 622 1491 atque
673 1419 947 1489 expositze
982 1418 1245 1489 quaedam
1278 1418 1533 1487 quinque
1592 1418 1966 1487 quaestiones;

275 1511 370 1564 sed
402 1510 469 1563 ad
506 1509 841 1578 Pelagianos
888 1507 1034 1560 nihil
1084 1508 1457 1576 pertinentes,
1493 1511 1549 1559 et
1592 1522 1792 1559 eorum
1836 1507 1971 1560 nul-

277 1599 393 1652 lam
425 1596 761 1651 memoriam
793 1595 1083 1649 facientes.

879 1717 1106 1772 CAPUT
1146 1717 1368 1772 XXXVI.

419 1830 493 1880 De
514 1826 671 1880 libris
700 1825 1003 1892 Augustini
1026 1823 1099 1876 ad
1128 1825 1447 1891 Prosperum
1469 1828 1517 1876 et
1534 1823 1827 1876 Hilarium.

352 1949 497 2003 Illud
522 1963 754 2019 quoque
787 1947 941 2017 quod
999 1944 1140 1999 dixit
1179 1946 1415 2015 scriptor
1447 1945 1707 2015 Epistolas
1739 1962 1752 2000 :
1811 1945 1972 2017 [Quia

278 2038 339 2091 in
372 2038 533 2091 libris
566 2037 635 2090 ad
664 2038 1009 2105 Prosperum
1055 2038 1111 2087 et
1142 2035 1419 2088 Hilarium
1453 2035 1674 2105 scriptis
1707 2035 1775 2088 de
1822 2052 1970 2105 prm-

277 2126 651 2180 destinatione
740 2124 1103 2187 Sanctorum,
1189 2128 1242 2175 et
1303 2124 1450 2176 dono
1507 2125 1968 2193 perseverantiae,

277 2214 421 2268 nihil
470 2214 622 2267 idem
660 2214 859 2266 doctor
891 2212 1095 2265 dixerit
1127 2212 1195 2265 de
1235 2211 1738 2280 prazdestinatione
1771 2228 1970 2283 repro-

278 2304 480 2355 borum
513 2302 581 2355 ad
618 2298 961 2372 interitum]
1002 2300 1335 2353 Nullatenus
1364 2316 1560 2352 verum
1604 2316 1723 2353 esse
1757 2317 1969 2370 cogno-

278 2390 513 2455 scimus;
546 2390 878 2459 frequenter
909 2389 1062 2441 enim
1094 2390 1151 2441 in
1187 2388 1397 2441 eisdem
1441 2388 1598 2441 libris
1647 2390 1716 2442 de
1757 2391 1969 2442 utrius-

280 2495 390 2548 que
431 2478 629 2547 partis,
681 2478 737 2531 id
791 2483 875 2531 est
929 2478 1239 2531 electorum
1303 2481 1357 2529 et
1404 2477 1781 2546 reproborum
1832 2494 1972 2548 prae-

278 2564 656 2618 destinatione
691 2581 843 2618 nunc
882 2565 1074 2627 simul,
1111 2582 1263 2618 nunc
1304 2565 1566 2618 distincte
1598 2566 1870 2636 disputat.
1907 2567 1972 2619 Et

278 2652 409 2706 ideo
441 2654 587 2706 liber
618 2654 712 2707 ille
759 2654 827 2707 de
880 2654 1384 2707 Praedestinatione
1445 2659 1772 2708 sanctorum
1832 2654 1967 2707 titu-

277 2741 448 2808 latur,
484 2758 600 2795 non
635 2742 769 2812 quia
813 2746 868 2794 et
915 2742 983 2795 de
1030 2741 1534 2811 praedestinattone
1592 2743 1969 2812 reproborum

278 2830 420 2883 nihil
453 2830 533 2884 ibi
566 2830 794 2896 dicitur,
849 2831 941 2883 sed
996 2830 1129 2899 quia
1160 2847 1224 2883 ex
1256 2830 1480 2883 meliori
1536 2836 1696 2900 parte
1760 2847 1969 2885 nomen

2084 440 2238 493 enim
2296 444 2380 493 est
2437 439 2708 509 iniquitas
2785 438 2937 507 apud
3000 438 3200 502 Deum,
3260 436 3353 490 sed
3388 433 3814 489 inscrutahilia

2084 533 2217 581 sunt
2247 527 2459 597 judicia
2490 529 2632 596 ejus,
2692 529 2747 579 et
2796 525 3225 595 investigabiles
3276 525 3380 577 vite
3426 524 3549 593 ejus
3602 526 3805 591 (Rom.

2084 634 2135 679 II,
2174 618 2276 678 33).
2320 615 2370 687 η]
2406 618 2545 668 Item
2578 615 2655 668 ibi
2687 620 2813 684 post
2858 615 3153 685 paululum
3182 613 3368 682 (ibid.)
3405 630 3417 665 :
3471 611 3807 684 [Duorum,

2083 704 2289 774 inquit,
2350 705 2711 773 geminorum
2775 719 3022 772 quorum
3067 718 3215 754 unus
3273 701 3609 763 assumitur,
3674 715 3811 751 una

2084 794 2452 864 relinquitur,
2483 794 2675 863 dispar
2716 812 2742 843 υ
2782 802 2789 839 2
2829 792 3032 848 exitus.
3066 791 3271 843 merita
3315 790 3670 842 communia.
3738 790 3809 841 In

2082 883 2291 953 quibus
2332 888 2525 935 tamen
2559 881 2636 934 sic
2669 882 2810 933 alter
2841 896 3048 949 magna
3073 879 3169 932 Dei
3190 878 3442 933 bonitate
3476 878 3801 939 liberatur,

2085 977 2143 1024 ut
2172 974 2315 1025 alter
2346 972 2504 1024 nulla
2536 970 2655 1039 ejus
2696 970 2997 1040 iniquitate
3043 968 3349 1021 damnetur
3380 984 3391 1019 :
3447 990 3468 1015 ι
3510 968 3803 1035 Nunquid

2082 1062 2233 1114 enim
2267 1065 2351 1113 est
2378 1059 2651 1129 iniquitas
2675 1059 2821 1129 apud
2850 1060 3049 1122 Deum,
3074 1056 3221 1109 absit
3247 1056 3419 1126 (Rom.
3473 1073 3549 1120 1x,
3591 1056 3677 1123 li}
3722 1072 3735 1108 :
3776 1079 3793 1101 ι

2082 1149 2179 1202 sed
2214 1170 2240 1197 «
2278 1148 2700 1218 investigabiles
2731 1151 2867 1199 sunt
2909 1146 3014 1199 viae
3062 1145 3260 1215 ipsius.
3293 1164 3319 1194 »
3354 1147 3555 1214 Itaque
3604 1145 3801 1197 mise-

2080 1238 2385 1290 ricordiam
2418 1238 2538 1305 ejus
2581 1236 2639 1288 in
2666 1234 2754 1287 his
2786 1234 2883 1303 qui
2916 1234 3252 1299 liberantur,
3287 1239 3342 1287 et
3385 1233 3693 1286 veritatem
3736 1231 3797 1284 in

2079 1324 2167 1377 his
2189 1324 2289 1395 qui
2322 1323 2641 1394 puniuntur
2674 1322 2796 1375 sine
2822 1321 3175 1375 dubitatione
3212 1321 3533 1373 credamus.
3586 1321 3797 1390 Neque

2079 1412 2473 1467 inscrutabilia
2531 1411 2793 1477 scrutari,
2857 1414 2956 1463 aut
3015 1410 3437 1479 investigabilia
3492 1409 3791 1479 vestigare

2080 1502 2399 1571 conemur.]
2434 1503 2497 1554 Et
2523 1501 2632 1553 alio
2666 1500 2785 1552 loco
2822 1503 2964 1567 (cap.
3009 1500 3094 1567 14)
3132 1514 3142 1551 :
3182 1500 3335 1567 [Haec
3360 1502 3444 1551 est
3474 1498 3791 1568 praedesti-

2081 1591 2234 1644 natio
2279 1596 2606 1643 sanctorum
2666 1588 2810 1641 nihil
2849 1588 3004 1641 aliud
3056 1588 3433 1658 prrescientia,
3488 1588 3710 1640 scilicet
3739 1591 3799 1639 et

2081 1679 2426 1750 przeparatio
2453 1678 2864 1731 beneficiorum
2900 1676 3021 1744 Dei,
3058 1676 3264 1747 quibus
3295 1676 3612 1729 certissime
3648 1675 3799 1728 libe-

2080 1774 2301 1835 rantur,
2357 1767 2724 1838 quidcunque
2780 1766 3113 1819 liberantur.
3180 1764 3383 1818 Casteri
3435 1768 3629 1817 autem
3688 1764 3797 1816 ubi

2081 1858 2191 1910 nisi
2222 1856 2281 1909 in
2327 1872 2509 1909 massa
2540 1854 2881 1925 perditionis
2931 1854 3087 1923 justo
3125 1852 3315 1906 divino
3355 1853 3577 1921 judicio
3611 1853 3792 1904 relin-

2082 1950 2354 2016 quuutur.
2416 1946 2479 1998 Et
2546 1944 2805 1997 iterum:
2869 1942 2979 2014 [An
3039 1943 3185 1995 forte
3242 1958 3345 1995 nec
3399 1942 3520 2012 ipsa
3587 1941 3795 1994 dicunt

2082 2034 2487 2104 prazdestinata
2518 2049 2530 2086 :
2567 2049 2704 2101 ergo
2736 2048 2837 2085 nec
2867 2032 3131 2084 dantura
3157 2032 3295 2097 Deo,
3327 2037 3426 2083 aut
3474 2048 3541 2083 ea
3577 2048 3633 2083 se
3679 2031 3787 2083 da-

2082 2127 2275 2175 turum
2321 2139 2441 2173 esse
2482 2121 2733 2174 nescivit.
2794 2120 2952 2183 Quod
3001 2120 3047 2171 si
3101 2124 3156 2171 et
3204 2120 3430 2184 dantur,
3492 2124 3547 2171 et
3607 2135 3675 2171 ea
3727 2134 3790 2169 se

2082 2210 2348 2263 daturum
2383 2226 2503 2262 esse
2547 2208 2848 2279 pra-scivit,
2883 2208 3136 2276 profecto
3186 2207 3657 2277 praedestinavit]
3722 2208 3789 2258 Et

2080 2298 2336 2352 iterum:
2375 2297 2561 2369 [Nulla
2594 2314 2693 2349 sua
2732 2298 2923 2351 futura
2969 2296 3118 2349 dona
3165 2300 3220 2348 et
3266 2312 3396 2366 quae
3454 2296 3644 2349 danda
3700 2312 3788 2347 es-

2081 2393 2224 2452 sent,
2275 2394 2332 2440 et
2384 2386 2590 2457 quibus
2630 2386 2817 2438 danda
2856 2389 3045 2437 essent
3109 2385 3288 2437 Deum
3342 2400 3460 2436 non
3514 2384 3787 2453 praescire

2084 2476 2339 2545 potuisse
2376 2493 2387 2529 :
2419 2492 2481 2528 ac
2512 2476 2620 2528 hoc
2666 2490 2768 2544 per
2799 2474 2903 2526 hoc
2937 2474 3371 2543 praedestinatos
3402 2473 3471 2525 ab
3503 2474 3604 2525 illo
3638 2490 3783 2536 esse,

2081 2581 2225 2634 quos
2257 2565 2458 2618 liberat
2502 2568 2558 2616 et
2589 2562 2865 2632 coronat]
2915 2563 3053 2615 Item
3112 2561 3292 2615 alibi:
3346 2560 3499 2631 [Sine
3552 2561 3785 2614 dubita-

2079 2653 2235 2705 tione
2267 2654 2421 2706 enim
2458 2652 2763 2721 prmscivit,
2816 2652 2861 2703 si
2892 2651 3347 2721 praedestinavit;
3407 2650 3504 2703 sed
3550 2651 3773 2720 praede-

2080 2744 2339 2809 stinasse,
2372 2748 2455 2795 est
2485 2742 2589 2794 hoc
2632 2740 2921 2811 prmscisse
2974 2741 3125 2810 quod
3182 2740 3367 2793 fuerat
3426 2740 3542 2809 ipse
3595 2740 3781 2793 factu-

2079 2830 2223 2903 rus]
2260 2832 2386 2884 Haec
2408 2847 2475 2883 ex
2506 2846 2677 2901 supra
2722 2830 3052 2883 memoratis
3081 2828 3231 2881 beati
3262 2828 3566 2897 Augustini
3621 2828 3784 2881 libris

278 2918 513 2988 accepit,
559 2918 705 2971 sicut
730 2923 785 2971 et
816 2919 873 2971 in
906 2918 1066 2971 libris
1096 2918 1165 2971 de
1225 2918 1464 2973 Civitate
1516 2919 1638 2983 Dei,
1672 2919 1867 2990 utique
1900 2920 1968 2973 de
2009 2941 2049 2996 ρ
2078 2919 2328 2972 breviter
2353 2919 2762 2971 consideranda
2814 2917 3230 2988 proposuimus,
3280 2922 3341 2970 ut
3391 2918 3598 2969 divinae.
3648 2934 3785 2986 prae-

276 3006 578 3077 utriusque
610 3006 950 3071 civitatibus,
986 3011 1041 3056 ct
1074 3006 1192 3071 Dei,
1236 3006 1467 3072 scilicet,
1498 3010 1553 3058 et
1593 3006 1807 3059 diaboli
1863 3024 1967 3076 pa-

277 3094 414 3147 riter
444 3100 500 3147 et
549 3093 940 3163 multipliciter
986 3093 1263 3163 disputat;
1307 3098 1361 3147 et
1418 3099 1609 3148 tamen
1641 3111 1705 3147 ex
1746 3096 1970 3149 meliori

277 3186 441 3251 parte
473 3182 650 3235 libros
681 3182 749 3234 de
785 3181 1021 3235 Civitate
1068 3181 1169 3234 Dei
1221 3182 1401 3235 voluit
1461 3184 1769 3253 appellare.
1830 3185 1973 3248 Quia

278 3286 414 3339 ergo
472 3270 719 3323 multum
776 3270 846 3323 ad
910 3275 1245 3339 praesentem
1299 3272 1696 3341 qurestionem,
1758 3272 1854 3325 ubi
1902 3274 1972 3327 de

279 3359 471 3413 divina
499 3358 1003 3430 praedestinatione
1038 3360 1244 3429 agitur,
1296 3361 1676 3414 necessarium
1726 3360 1967 3430 videtur,

278 3453 598 3517 opportune
633 3452 803 3517 atque
831 3448 1052 3501 utiliter
1081 3448 1205 3502 fieri
1229 3448 1643 3517 existimamus,
1687 3454 1748 3503 ut
1781 3451 1973 3521 aliqua

278 3552 347 3591 ex
375 3536 589 3589 eisdem
621 3536 783 3590 libris
813 3536 886 3590 ad
916 3536 1060 3595 banc
1092 3552 1210 3589 rem
1235 3536 1577 3606 pertinentia
1611 3540 1974 3608 agnoscenda

277 3630 332 3678 et
350 3625 595 3679 tenenda
617 3626 940 3695 legentibus
960 3642 1367 3697 proponamus.
1400 3626 1496 3679 Ait
1526 3626 1702 3697 igitur
1722 3629 1973 3698 quodam

277 3715 396 3766 loco
428 3714 788 3784 distinguens
834 3720 1135 3785 utramque
1184 3714 1774 3785 prtedestinationem,
1828 3718 1972 3770 sicut

270 3802 388 3872 jam
440 3802 703 3871 superius
751 3804 1197 3857 memoravimus
1250 3804 1337 3873 (de
1382 3805 1635 3858 Prwdcst.
1681 3810 1878 3873 sanct.,
1921 3822 1967 3859 c.

280 3888 411 3957 10):
468 3887 921 3962 [Prasdestinatio
972 3892 1073 3945 Dei
1119 3908 1247 3962 quae
1302 3892 1361 3944 in
1406 3892 1558 3945 bono
1614 3898 1715 3959 est,
1773 3894 1971 3964 gratias

276 3980 359 4029 est
423 3978 797 4047 praeparatio;
863 3979 1047 4049 gratia
1100 3996 1231 4033 vero
1304 3985 1390 4033 est
1443 3980 1622 4049 ipsius
1679 3982 1971 4051 praedesti-

274 4063 523 4116 nationis
597 4064 873 4134 efl'ectus.]
939 4067 1078 4119 Item
1146 4066 1281 4119 alibi
1336 4067 1484 4136 (cap.
1566 4069 1698 4138 20):
1774 4069 1971 4138 [Tanta

275 4151 493 4221 quippe
547 4152 617 4204 ab
675 4151 925 4205 inimicis
978 4154 1192 4207 Iudaeis
1247 4170 1452 4207 manus
1509 4156 1611 4209 Dei
1665 4163 1717 4209 et
1775 4158 1970 4210 consi-

2079 3008 2329 3061 scientiae
2359 3012 2413 3061 et
2442 3006 2964 3077 praedestinationis
3010 3011 3282 3059 mternam
3317 3010 3373 3059 et
3417 3006 3777 3058 immobilem

2075 3097 2369 3150 veritatem
2428 3095 2726 3167 perspicue
2788 3111 2921 3148 eum
2989 3094 3267 3161 docuisse,
3341 3100 3396 3148 et
3454 3094 3775 3164 legentibus

2077 3185 2507 3240 commendasse
2538 3184 2851 3239 certissime
2880 3199 3307 3253 cognoscamus.

2670 3291 2893 3345 CAPUT
2933 3290 3178 3345 XXXVII.

2504 3400 2577 3451 De
2605 3400 2791 3465 gratia
2819 3402 2868 3450 et
2899 3396 3064 3450 libero
3094 3396 3346 3449 arbitrio.

2150 3503 2420 3573 Sequitur
2445 3507 2635 3557 autem
2670 3503 2730 3556 in
2762 3502 2997 3572 praefata
3025 3502 3416 3572 responsione.

2751 3624 3076 3662 HINCMARUS.

2152 3735 2177 3767 ‹‹
2208 3715 2313 3771 Sed
2348 3719 2405 3770 et
2429 3715 2633 3786 gratia,
2667 3715 2755 3769 vel
2801 3715 2980 3768 libero
3020 3713 3254 3767 arbitrio
3302 3713 3403 3783 qui
3455 3714 3661 3767 melius
3692 3732 3771 3767 sa-

2076 3804 2265 3875 piunt,
2326 3804 2404 3857 ita
2456 3803 2718 3869 credunt,
2775 3808 2830 3855 et
2896 3803 2977 3855 ita
3037 3802 3397 3872 loquuntur:
3460 3803 3771 3856 Arbitrium

2076 3892 2319 3945 liberum
2353 3891 2412 3943 in
2444 3891 2630 3961 primo
2662 3890 2898 3944 homine
2948 3906 3066 3943 non
3116 3889 3225 3942 fuit
3275 3895 3633 3957 emortuum,
3682 3892 3772 3943 sed

2075 3980 2357 4045 vitiatum,
2400 3980 2459 4033 in
2491 3979 2657 4033 nobis
2695 3984 2883 4032 autem
2917 3979 2983 4032 ad
3034 3979 3251 4032 malum
3291 3978 3583 4047 agendum
3635 3979 3772 4031 arbi-

2077 4069 2251 4122 trium
2287 4068 2432 4121 malc
2458 4074 2542 4121 est
2571 4068 2851 4132 liberum;
2884 4067 3018 4139 quia
3056 4084 3089 4120 a
3118 4067 3303 4137 gratia
3332 4083 3448 4119 non
3505 4067 3767 4133 liberato,

2078 4157 2175 4210 sed
2208 4157 2353 4209 male
2384 4154 2562 4208 libero
2588 4155 2824 4208 arbitrio
2867 4154 2951 4208 usi
3010 4154 3293 4207 efficimur
3340 4155 3487 4206 servi
3534 4156 3767 4225 peccati.

274 4238 416 4291 lium
444 4239 873 4307 praedestinavit
908 4240 1056 4307 ﬁeri,
1116 4247 1330 4312 quanta
1377 4244 1695 4297 necessaria
1741 4244 1970 4299 fuerant
2008 4241 2049 4295 D
2076 4244 2156 4298 Ad
2188 4245 2333 4298 bene
2360 4244 2645 4313 agendum
2676 4249 2887 4305 autem,
2926 4242 3041 4295 imo
3069 4246 3124 4294 et
3153 4242 3223 4295 ab
3254 4242 3399 4295 bene
3463 4243 3766 4295 volendum

274 4326 582 4398 Evangelio
630 4332 872 4399 propter
900 4344 1022 4382 nos.
1058 4330 1189 4399 Agit
1219 4331 1432 4400 quippe
1464 4333 1611 4385 Deus
1643 4333 1794 4403 quod
1846 4336 1967 4389 vult

271 4414 332 4468 in
364 4416 633 4470 cordibus
664 4416 963 4471 hominum
997 4418 1082 4471 vel
1115 4418 1458 4489 adjuvando,
1504 4422 1587 4474 vel
1630 4422 1962 4491 judicando,

271 4508 335 4556 ut
372 4504 544 4558 etiam
577 4521 680 4574 per
710 4521 806 4558 eos
831 4504 1137 4575 impleatur
1158 4506 1308 4576 quod
1344 4522 1547 4560 manus
1569 4509 1670 4562 Dei
1702 4514 1758 4562 et
1785 4512 1966 4564 consi-

271 4591 413 4646 lium
471 4593 900 4663 praadestinavit
948 4592 1122 4666 ﬁeri.]
1183 4596 1245 4648 Et
1297 4594 1410 4648 alio
1484 4596 1608 4649 loco
1665 4600 1759 4664 (De
1826 4599 1964 4654 dono

270 4680 512 4747 Perseu,
544 4698 666 4752 cap.
708 4681 791 4752 l8)
828 4698 840 4735 :
876 4682 1025 4753 [Haac
1076 4684 1222 4737 Deus
1250 4683 1535 4738 facturum
1580 4702 1636 4739 se
1664 4703 1783 4740 esse
1814 4704 1961 4759 prae-

269 4769 449 4824 scivit.
501 4771 630 4840 Ipsa
682 4775 763 4823 est
838 4772 1267 4840 praedestinatio
1327 4778 1671 4838 sanctorum,
1731 4794 1759 4826 «
1818 4792 1962 4847 quos

268 4856 441 4927 elegit
462 4857 521 4911 in
554 4858 776 4912 Christo
810 4864 938 4913 ante
974 4861 1441 4916 constitutionem
1472 4864 1675 4917 mundi
1700 4863 1848 4935 (Act.
1883 4882 1957 4933 iv,

270 4946 380 5013 l8).
414 4943 467 5016 n]
497 4946 559 4999 Et
590 4945 799 5000 iterum
832 4950 973 5016 (cap.
1010 4946 1097 5016 tl)
1126 4966 1137 5001 :
1175 4947 1259 5019 [Et
1281 4951 1553 5018 parvulis,
1586 4952 1793 5022 inquit,
1830 4953 1959 5023 qui-

264 5030 371 5085 bus
402 5034 542 5100 vult,
597 5033 769 5087 etiam
814 5051 928 5088 non
983 5038 1305 5090 volentibus
1360 5055 1545 5110 neque
1600 5042 1959 5095 currentibus

265 5120 560 5187 subvenit;
596 5138 740 5191 quos
769 5128 898 5176 ante
947 5125 1411 5180 constitutionem
1441 5129 1639 5183 mundi
1694 5130 1865 5202 elegit
1897 5131 1958 5185 in

264 5207 486 5263 Christo
532 5210 771 5264 daturus
826 5211 907 5265 eis
950 5213 1192 5281 gratiam
1256 5215 1463 5282 gratis:
1503 5222 1559 5271 et
1618 5219 1951 5289 majoribus,

263 5297 438 5351 etiam
500 5298 591 5351 his
639 5315 783 5369 quos
836 5301 1096 5369 praevidit
1143 5304 1187 5355 si
1218 5305 1373 5374 apud
1407 5322 1505 5359 eos
1548 5307 1692 5361 facta
1743 5312 1950 5376 essent,

262 5382 381 5436 suis
441 5385 732 5439 miraculis
776 5388 1113 5454 credituros,
1146 5391 1355 5459 quibus
1404 5409 1519 5446 non
1584 5395 1699 5448 vult
1749 5395 1952 5449 subve-

262 5470 388 5525 nire
443 5488 559 5525 non
590 5472 871 5527 subvenit.
936 5478 1012 5530 De
1040 5478 1249 5547 quibus
1306 5479 1366 5533 in
1423 5498 1522 5535 sua
1575 5482 1949 5552 praedestina-

2076 4336 2210 4387 tunc
2238 4348 2366 4386 vere
2389 4336 2473 4385 est
2502 4335 2762 4385 nostrum
2784 4330 3085 4385 arbitrium
3133 4330 3399 4385 liberum.
3436 4346 3570 4383 cum
3598 4332 3767 4384 fuerit

2075 4421 2256 4492 gratia
2293 4421 2620 4485 liberatum,
2655 4419 2807 4491 quod
2854 4436 2967 4472 non
3025 4425 3109 4473 est
3159 4420 3584 4487 resuscitatum,
3634 4422 3767 4492 quia

2074 4525 2191 4563 non
2224 4510 2330 4563 fuit
2362 4514 2690 4563 emortuum
2726 4526 2739 4575 ;
2774 4508 2872 4562 sed
2929 4509 3113 4580 gratia
3152 4513 3235 4561 est
3292 4514 3590 4573 sanatum;
3634 4510 3764 4579 quia

2072 4598 2209 4652 vitio
2241 4599 2349 4652 fuit
2379 4603 2734 4667 corruptum.
2776 4598 2841 4650 Et
2878 4596 3105 4668 reprobi
3154 4596 3360 4650 idcirco
3400 4612 3763 4668 nequaquam

2073 4688 2314 4741 caelestis
2344 4687 2545 4757 patriae
2590 4685 2828 4755 praemia
2870 4691 3081 4739 aeterna
3128 4684 3466 4756 percipient,
3522 4687 3658 4755 quia
3702 4704 3764 4740 ea

2072 4792 2243 4842 nunc,
2297 4776 2435 4829 dum
2484 4774 2805 4845 promereri
2854 4779 3139 4844 poterant,
3193 4790 3256 4826 ex
3289 4774 3471 4827 libero
3502 4775 3760 4839 arbitrio,

2070 4868 2561 4934 comtempserunt
2594 4880 2608 4916 :
2641 4863 2791 4934 quod
2820 4862 3341 4917 videlicetliberum
3377 4863 3680 4917 arbitrium
3706 4865 3762 4917 in

2069 4954 2222 5008 bono
2254 4954 2533 5006 formatur
2562 4952 2778 5017 electis,
2810 4955 2948 5005 'cum
2998 4968 3195 5004 eorum
3248 4967 3406 5003 mens
3436 4967 3469 5002 a
3518 4954 3760 5005 terrenis

2069 5041 2361 5096 desideriis
2438 5042 2621 5112 gratia
2704 5041 2990 5111 aspirante
3061 5040 3444 5109 suspenditur.
3540 5040 3758 5095 Bonum

2067 5130 2304 5201 quippe,
2330 5131 2481 5200 quod
2516 5129 2760 5199 agimus,
2787 5134 2840 5182 et
2889 5128 2987 5181 Dei
3022 5134 3127 5193 est,
3184 5132 3239 5180 et
3292 5133 3551 5181 nostrum
3588 5146 3601 5182 :
3660 5130 3757 5182 Dei

2066 5235 2171 5289 per
2198 5219 2645 5288 praevenientem
2681 5218 2962 5287 gratiam;
3009 5223 3268 5271 nostrum
3300 5232 3401 5287 per
3434 5218 3756 5289 obsequen-

2064 5313 2180 5361 tem
2212 5307 2453 5361 liberam
2476 5308 2865 5375 voluntatem;
2900 5307 2947 5361 si
2978 5307 3132 5361 enim
3184 5306 3281 5360 Dei
3322 5322 3441 5359 non
3468 5311 3574 5372 est,
3610 5307 3755 5360 unde

2062 5395 2117 5450 ei
2148 5395 2206 5449 in
2239 5400 2518 5449 aeternum
2554 5396 2767 5466 gratias
2796 5396 3059 5465 agimus?
3108 5396 3351 5447 Rursum
3416 5394 3461 5446 si
3494 5401 3753 5449 nostrum

2062 5501 2181 5539 non
2233 5490 2337 5551 est,
2394 5486 2545 5539 unde
2615 5484 2778 5538 nobis
2836 5484 3080 5537 retribui
3128 5484 3365 5555 praemia
3420 5486 3755 5554 speramus?
