3884 6218
64 322 198 374 1049

1280 321 1489 377 LIBER
1532 322 1622 377 DE
1661 320 1915 377 TRIBUS
1954 322 2315 377 EPISTOLIS.

3425 318 3556 374 1050

57 456 203 519 Quia
261 473 401 528 ergo
452 474 568 512 non
625 457 914 512 immerito
963 458 1176 528 gratias
1246 458 1495 528 agimus,
1548 460 1759 513 scimus
1791 460 1837 512 Α
1866 458 2069 512 vitium
2118 458 2311 531 itaque
2353 458 2665 513 aversionis
2706 474 2738 510 a
2777 459 2892 511 Deo
2925 472 3076 511 mors
3120 454 3329 509 animae
3371 459 3473 521 est,
3504 458 3562 507 et

58 546 211 614 quod
235 548 361 615 ejus
395 563 633 600 munere
674 546 1079 616 prmvenimur.
1118 548 1183 600 Et
1215 563 1441 600 rursum
1474 547 1607 619 quia
1642 563 1758 601 non

62 634 352 687 immerito
375 636 814 688 retributionem
840 636 1173 703 quaerimus,
1209 636 1419 688 scimus
1451 636 1599 706 quod
1632 635 1759 689 sub-

60 729 333 792 sequente
365 723 549 775 libero
586 723 820 775 arbitrio
853 724 999 775 bona
1041 723 1339 792 elegimus,
1383 740 1510 793 quae
1556 740 1755 792 agere-

60 828 207 863 mus.
258 812 419 865 L'nde
476 812 619 865 sicut
659 816 851 864 sancta
902 812 1193 881 Scriptura
1243 813 1534 877 docemur,
1577 812 1759 881 gratia

62 900 470 967 prmvenimur,
520 906 579 953 ut
627 901 769 953 bene
817 901 1096 953 velimus:
1155 917 1258 970 per
1307 901 1550 954 liberum
1600 901 1759 954 arbi-

66 992 235 1040 trium
270 989 515 1057 gratiam
554 988 971 1059 subsequimur,
1012 996 1073 1042 ut
1100 991 1244 1042 bene
1272 1006 1540 1059 agamus;
1578 990 1760 1059 gratia

70 1078 427 1144 adjuvamur,
464 1085 524 1130 ut
562 1078 707 1131 bene
762 1093 927 1147 agere
979 1078 1285 1147 possimus,
1322 1079 1475 1148 quod
1524 1079 1758 1131 arbitrio

66 1166 361 1229 volumus;
395 1172 452 1218 et
482 1167 665 1231 gratia
710 1166 1168 1227 corroboramur,
1222 1172 1283 1219 ut
1314 1167 1371 1219 in
1402 1166 1573 1233 bono,
1608 1166 1758 1237 quod

66 1271 164 1324 per
203 1254 455 1306 liberum
504 1254 802 1306 arbitrium
852 1256 1253 1324 subsequendo
1308 1256 1607 1324 coepimus,
1641 1272 1762 1325 per-

68 1358 424 1394 severemus:
485 1345 541 1394 et
612 1342 795 1410 gratia
851 1343 1273 1413 subsequimur,
1344 1349 1405 1396 ut
1470 1349 1523 1396 et
1579 1345 1760 1413 gratia

64 1433 239 1486 beaten
273 1433 666 1486 retributionis
697 1449 799 1503 pro
832 1433 1014 1502 gratia
1050 1433 1217 1485 bona).
1250 1433 1601 1502 operationis
1633 1450 1761 1503 gra-

70 1522 205 1573 tuita
233 1521 423 1588 gratia
467 1536 922 1573 remuneremur.
961 1543 979 1567 α
1034 1522 1099 1573 Et
1129 1521 1520 1573 misericordia
1553 1522 1694 1591 ejus,
1730 1540 1757 1573 ››

72 1610 277 1679 inquit,
316 1609 370 1660 id
405 1614 488 1661 est
510 1608 695 1677 gratia
716 1629 741 1655 ‹‹
773 1608 1083 1676 praeveniet
1106 1624 1197 1662 me
1223 1610 1387 1674 (Psal.
1423 1625 1570 1675 Lvui,
1602 1610 1702 1679 ll).
1732 1633 1757 1658 ››

72 1701 201 1751 Item
228 1714 240 1750 :
270 1720 297 1745 ‹‹
326 1698 388 1751 Et
421 1696 811 1750 misericordia
843 1698 964 1766 ejus
1021 1697 1388 1767 subsequitur
1437 1713 1527 1750 me
1580 1698 1763 1751 omni-

72 1787 168 1839 bus
199 1786 404 1839 diebus
459 1786 584 1839 vitae
642 1802 785 1838 mea:
843 1759 1009 1854 (I)sal.
1062 1759 1328 1856 mnu-6).
1366 1808 1386 1832 ι
1446 1787 1543 1839 Et:
1582 1804 1607 1836 tt
1655 1787 1761 1851 Qui
1803 1759 1840 1811 Β

72 1880 303 1928 coronat
339 1882 393 1928 te
429 1874 486 1927 in
536 1874 927 1928 misericordia
975 1878 1030 1927 et
1079 1873 1544 1929 miserationibus
1577 1874 1755 1945 (Psal.

72 1979 154 2027 cn,
186 1962 259 2031 4).
297 1984 325 2010 ››

730 2066 1104 2106 RESPONSIO.

138 2142 243 2194 ‘In
276 2140 365 2194 his
417 2140 603 2193 verbis
656 2143 805 2211 quod
852 2141 1066 2193 dictum
1114 2143 1232 2194 est:
1271 2163 1289 2187 ι
1342 2140 1658 2194 Arbitrium
1690 2140 1756 2193 li-

77 2230 263 2283 berum
305 2231 360 2282 in
392 2230 581 2300 primo
614 2229 849 2283 homine
889 2245 1000 2281 non
1032 2228 1140 2283 fuit
1173 2235 1521 2295 emortuum,
1556 2229 1652 2283 sed
1685 2228 1762 2281 vi-

79 2321 308 2372 tiatum:
346 2341 370 2367 ››
408 2324 459 2372 et
493 2319 647 2389 quod
680 2319 849 2388 paulo
888 2322 1014 2388 post
1052 2318 1120 2371 de
1162 2318 1363 2371 eodem
1394 2318 1573 2371 libero
1602 2318 1759 2371 arbi-

83 2409 176 2459 trio
202 2407 574 2476 subjungitur
602 2422 613 2458 :
649 2428 675 2455 ‹‹
712 2406 872 2469 Quod
905 2422 1021 2459 non
1055 2411 1137 2458 est
1168 2406 1589 2475 resuscitat-1m,
1623 2406 1759 2477 quia

81 2512 185 2549 non
236 2496 341 2549 fuit
388 2501 742 2559 emortuum,
792 2495 890 2548 sed
938 2495 1121 2565 gratia
1171 2500 1255 2548 est
1298 2501 1583 2562 sanatum,
1626 2496 1761 2566 quia

80 2584 207 2637 vitio
236 2586 340 2638 fuit
365 2589 720 2653 corruptum,
754 2605 780 2631 »
817 2584 1064 2637 multum
1093 2584 1372 2637 miramur
1402 2601 1515 2655 qua
1540 2584 1759 2639 ratione

84 2676 150 2727 ita
200 2674 392 2727 sentiri
441 2678 497 2727 et
541 2673 650 2727 dici
691 2673 961 2743 potuerit.
1013 2672 1281 2743 Nunquid
1331 2674 1483 2727 enim
1540 2674 1760 2744 primus

83 2750 241 2815 homo
270 2762 557 2832 peccando
604 2762 664 2814 in
716 2761 907 2815 anima
956 2767 1219 2815 mortuus
1267 2779 1383 2815 non
1432 2768 1513 2816 est
1543 2766 1569 2816 ἱ)
1615 2764 1761 2817 sicut

86 2851 359 2920 Scriptura
391 2850 686 2904 verissime
737 2850 910 2904 dicit:
946 2872 973 2898 «
1024 2850 1228 2904 Anima
1274 2867 1401 2922 quae
1445 2852 1761 2921 peccaverit

82 2939 191 3006 ipsa
222 2940 498 2992 morietur
539 2940 761 3006 (Επειδὴ.
809 2954 959 3005 xvni,
1006 2941 1083 3008 Ii).
1118 2960 1143 2986 ››
1198 2940 1261 2992 Et
1312 2939 1447 3009 quid
1496 2946 1582 2993 est
1633 2956 1757 2993 vere

84 3029 310 3081 liberum
341 3028 645 3080 arbitrium
676 3028 904 3094 animae,
939 3027 1048 3079 nisi
1094 3028 1271 3081 libera
1319 3028 1528 3082 animae
1561 3030 1758 3082 volun-

81 3124 153 3167 tas
171 3118 197 3168 ?
221 3117 365 3180 Quid
386 3122 472 3169 est
494 3122 683 3169 autem
706 3116 885 3169 libera
903 3116 1110 3170 anima:
1138 3118 1423 3183 voluntas,
1447 3117 1556 3169 nisi
1579 3117 1759 3171 libera

84 3205 329 3269 Charitas,
366 3221 479 3274 qua
520 3210 721 3274 sponte
770 3210 821 3257 et
865 3203 1183 3257 voluntarie
1233 3210 1288 3257 et
1328 3205 1573 3274 perfecte
1629 3211 1758 3259 ante

85 3300 355 3363 peccatum
382 3294 494 3346 Deo
517 3292 849 3347 adhaerebat
874 3292 1087 3358 anima,
1103 3298 1240 3346 etex
1263 3308 1330 3345 eo
1350 3293 1754 3357 vivificabatur,

86 3389 337 3453 tanquam
366 3399 434 3435 ex
464 3382 619 3435 fonte
642 3381 768 3434 vitae
796 3388 961 3441 :etex
984 3382 1107 3451 ipso
1132 3382 1587 3449 illuminabatur,
1613 3384 1760 3438 sicut

86 3488 138 3523 ex
165 3488 289 3525 vero
322 3471 581 3535 lumine;
615 3470 704 3523 cui
736 3470 982 3523 ﬁdeliter
1001 3470 1186 3524 dicere
1205 3471 1515 3525 debemus:
1553 3494 1579 3520 ‹‹
1614 3473 1759 3536 Quo-

83 3558 218 3612 niam
251 3560 403 3629 apud
434 3564 489 3613 te
517 3564 598 3611 est
633 3558 757 3612 fons
783 3558 931 3621 vitae,
972 3564 1026 3612 et
1062 3559 1121 3612 in
1164 3559 1376 3613 lumine
1413 3564 1508 3613 tuo
1544 3561 1756 3614 videbi-

85 3664 193 3700 mus
228 3649 422 3702 lumen
481 3649 650 3717 (Psal.
706 3664 866 3713 xxxv,
932 3649 1098 3716 10).»
1152 3650 1371 3703 Mortua
1426 3654 1509 3703 est
1564 3650 1756 3720 itaque

86 3736 315 3790 humana
346 3738 539 3790 anima
580 3753 683 3807 per
720 3743 1039 3806 peccatum,
1082 3753 1195 3791 non
1240 3738 1556 3793 amittendo
1590 3740 1757 3808 (sicut

80 3828 179 3894 jam
210 3828 470 3898 superius
503 3826 771 3895 diximus)
797 3831 1062 3880 naturam
1098 3844 1292 3894 suam;
1324 3827 1418 3881 sed
1442 3828 1754 3883 amittendo

85 3929 254 3967 veram
302 3916 475 3968 vitam
509 3931 692 3981 suam,
757 3931 886 3984 quae
940 3915 1025 3968 illi
1081 3916 1227 3969 Deus
1288 3920 1412 3969 est:
1476 3916 1629 3970 unde
1684 3918 1753 3971 ad

88 4004 243 4058 Deum
283 4020 560 4058 conversa
602 4004 940 4072 viviﬁcatur,
989 4009 1044 4058 et
1080 4005 1215 4058 vivit
1257 4006 1407 4058 Deo:
1449 4022 1482 4059 a
1515 4006 1627 4060 Deo
1661 4022 1757 4059 au-

84 4095 178 4145 tem
208 4108 402 4146 aversa
441 4094 687 4146 moritur
743 4095 856 4147 Deo
914 4098 971 4147 et
1028 4092 1160 4147 vivit
1217 4100 1466 4164 peccato,
1523 4099 1578 4148 et
1632 4095 1755 4149 sine

86 4181 237 4235 dubio
259 4183 549 4235 voluntate
580 4183 856 4236 avertitur
908 4199 941 4236 a
980 4184 1091 4236 Deo
1126 4188 1186 4236 ut
1236 4183 1535 4247 moriatur,
1566 4190 1623 4237 et
1667 4201 1757 4238 vo-

86 4270 279 4324 luntate
310 4271 665 4324 convertitur
697 4271 761 4325 ad
806 4273 981 4325 Deum
1014 4275 1077 4323 ut
1120 4271 1451 4324 viviticetur.
1484 4272 1755 4325 Voluntas

1866 547 2041 600 virtus
2094 548 2476 601 conversionis
2528 547 2599 601 ad
2660 549 2839 600 Deum
2898 546 3011 599 vita
3070 544 3279 597 animas
3329 550 3433 596 est.
3496 544 3561 597 Et

1869 638 2004 706 quia
2058 636 2223 704 (sicut
2274 638 2392 705 jam
2450 636 2663 689 dictum
2717 642 2820 701 est)
2876 636 3165 687 voluntate
3218 634 3559 686 avertitura

1871 727 2004 793 Deo,
2037 731 2093 779 et
2136 726 2425 779 voluntate
2480 724 2827 777 convertitur
2880 724 2945 775 ad
3005 724 3202 788 Deum,
3252 721 3374 791 ipsa
3406 737 3557 774 aver-

1868 813 2026 867 sione
2060 814 2143 867 vel
2175 813 2545 866 conversione
2576 814 2834 865 voluntas
2880 812 3104 877 anima),
3160 827 3287 880 quae
3336 816 3558 863 natura-

1868 902 1998 955 liter
2043 919 2172 955 cum
2216 902 2336 972 ipsa
2387 908 2441 955 et
2489 902 2545 954 in
2593 903 2715 970 ipsa
2763 906 2866 965 est,
2900 916 3029 952 cuin
3062 901 3183 968 ipsa
3238 904 3294 951 et
3336 898 3393 951 in
3434 899 3558 967 ipsa

1865 990 2080 1060 pariter
2107 993 2205 1042 aut
2265 990 2509 1042 moritur
2557 996 2655 1041 aut
2686 988 3021 1041 viviticatur.
3060 988 3120 1039 Et
3151 986 3277 1039 ideo
3321 987 3559 1039 nullate-

1868 1095 1975 1132 nus
2009 1079 2358 1132 credendnm
2390 1084 2473 1131 est
2522 1078 2671 1148 quod
2721 1078 2781 1129 in
2830 1076 3016 1145 primo
3060 1075 3295 1127 homine
3334 1081 3559 1127 mortua

1868 1168 2061 1220 anima
2091 1184 2193 1237 per
2224 1175 2541 1237 peccatum,
2571 1183 2688 1220 non
2719 1166 2889 1220 fuerit
2918 1166 3177 1217 voluntas
3219 1164 3366 1216 bona
3412 1179 3559 1216 mor-

1868 1260 1965 1308 tua
1992 1256 2189 1309 eodem
2222 1261 2474 1325 peccato.

2443 1396 2668 1451 CAPUT
2707 1396 2987 1452 XXXVIII.

1868 1506 2017 1557 Bona
2069 1505 2317 1557 voluntas
2385 1520 2481 1572 per
2548 1506 2786 1569 gratiam
2848 1508 3063 1556 creatur
3124 1505 3173 1554 et
3240 1502 3552 1555 innovatur.

2278 1578 2441 1628 Deum
2471 1578 2688 1643 Oper-ari
2711 1576 2841 1627 velle
2871 1574 3006 1641 quid
3033 1574 3125 1627 sit.

1940 1700 2077 1753 Tota
2108 1715 2357 1769 namque
2388 1698 2580 1752 anima
2620 1714 2750 1751 cum
2788 1699 3073 1751 voluntate
3118 1712 3239 1764 sua,
3275 1700 3371 1749 aut
3398 1694 3556 1760 vivit,

1872 1794 1969 1841 aut
2008 1788 2287 1854 moritur;
2321 1793 2376 1841 et
2409 1788 2536 1841 ideo
2586 1803 2689 1840 nec
2728 1787 2848 1840 sine
2902 1787 3189 1839 voluntate
3238 1801 3340 1837 sua
3370 1784 3561 1853 potuit

1872 1878 1987 1930 Deo
2020 1877 2247 1930 vivere:
2282 1892 2385 1929 nec
2416 1876 2538 1929 sine
2572 1877 2855 1929 voluntate
2892 1892 2990 1928 sua
3018 1874 3205 1945 potuit
3238 1876 3350 1927 Deo
3392 1871 3557 1925 mori.

1872 1966 1985 2018 Nec
2017 1965 2140 2017 sine
2172 1965 2459 2017 voluntate
2492 1980 2594 2017 sua
2628 1964 2819 2017 vitiata
2853 1968 2936 2016 est
2978 1967 3207 2032 peccato
3241 1959 3557 2020 mortifero,

1869 2070 1973 2107 nec
1999 2054 2120 2107 sine
2155 2055 2445 2108 voluntate
2479 2069 2580 2106 sua
2620 2058 2850 2105 sanatur
2880 2068 2913 2104 a
2959 2056 3191 2120 peccato
3243 2048 3556 2101 mortifero.

1870 2143 2011 2196 Nam
2060 2142 2104 2194 si
2158 2142 2215 2195 in
2266 2142 2451 2212 primo
2502 2141 2736 2194 homine
2784 2145 3051 2210 peccante
3100 2138 3359 2190 voluntas
3410 2136 3561 2189 bona

1870 2248 1984 2284 non
2031 2239 2113 2285 est
2166 2237 2413 2297 mortua,
2470 2230 2762 2301 quomodo
2830 2245 2980 2281 nunc
3031 2244 3131 2298 per
3178 2226 3559 2279 vivificantem

1871 2320 2113 2389 gratiam
2148 2325 2203 2373 et
2235 2325 2479 2385 creatur,
2530 2325 2585 2372 et
2618 2319 2941 2382 innovatur,
2974 2322 3030 2370 et
3071 2316 3215 2368 Deus
3263 2330 3389 2367 eam
3418 2328 3558 2382 ope-

1869 2413 2028 2461 ratur
2057 2409 2115 2462 in
2147 2408 2422 2462 homine?
2456 2408 2610 2461 Unde
2634 2407 2713 2461 ait
2740 2407 3061 2476 Apostolus.
3098 2426 3123 2453 α
3175 2403 3359 2473 Ipsius
3402 2402 3559 2456 enim

1871 2513 2069 2550 sumus
2094 2498 2458 2567 figmentum,
2491 2497 2663 2550 creati
2691 2496 2749 2548 in
2781 2495 3001 2548 Christo
3024 2496 3155 2548 Jesn
3185 2494 3242 2546 in
3291 2492 3560 2562 operibus

1870 2585 2035 2639 bonis
2076 2585 2199 2655 (Ep.
2238 2603 2295 2653 ιι,
2346 2587 2473 2654 10);
2527 2608 2552 2633 ››
2587 2586 2681 2639 sed
2724 2590 2787 2638 ut
2820 2584 2998 2636 simus
3030 2584 3202 2636 creati
3248 2582 3304 2634 in
3338 2581 3558 2635 Christo

1867 2674 2000 2727 Iesu
2031 2674 2091 2726 in
2127 2674 2397 2743 operibus
2426 2672 2610 2738 bonis,
2644 2672 2781 2725 illud
2834 2686 3058 2723 necesse
3117 2674 3201 2722 est
3249 2674 3313 2721 ut
3350 2668 3459 2737 iiat
3499 2667 3559 2720 in

1870 2761 2034 2815 nobis
2066 2762 2218 2831 quod
2254 2762 2553 2814 Psalinista
2605 2760 2720 2813 ait:
2778 2782 2802 2807 ‹‹
2843 2760 2949 2813 Cor
2992 2757 3271 2810 mundum
3322 2772 3450 2807 crea
3500 2755 3559 2808 in

1869 2866 1981 2917 me,
2015 2851 2181 2911 Deus,
2216 2855 2271 2903 et
2308 2850 2574 2917 spiritum
2625 2854 2840 2901 rectum
2890 2847 3095 2899 innova
3144 2845 3203 2897 in
3252 2843 3558 2897 visceribus

1869 2939 2012 2991 meis
2044 2937 2211 3007 (Psal.
2250 2954 2297 3005 L,
2338 2938 2445 3005 l2).
2482 2958 2502 2983 ι
2542 2938 2605 2991 Et
2637 2956 2647 2989 :
2687 2958 2713 2984 «
2749 2938 2895 2989 Deus
2942 2940 3025 2987 est
3069 2934 3245 2997 enim,
3278 2932 3377 3001 qui
3426 2946 3559 3000 ope-

1869 3033 2026 3080 ratur
2054 3028 2111 3079 in
2138 3027 2297 3079 vobis
2326 3032 2382 3080 et
2429 3027 2569 3079 velle
2603 3027 2768 3096 (Phil.
2806 3042 2864 3086 ιι,
2914 3027 3021 3095 l3).
3054 3046 3081 3071 ››
3116 3021 3259 3086 Quid
3291 3026 3374 3073 est
3403 3014 3557 3073 enim

1868 3133 1965 3169 cor
2012 3117 2309 3182 mundum,
2358 3116 2469 3169 nisi
2530 3115 2741 3168 munda
2812 3112 3159 3167 conscientia
3225 3127 3257 3163 a
3314 3108 3556 3179 peccatis

1867 3206 2036 3260 corde
2070 3206 2360 3272 inundata,
2393 3212 2446 3259 et
2487 3205 2637 3258 bona
2664 3204 2955 3257 voluntate
3001 3202 3243 3272 praedita
3269 3198 3295 3250 ‘?
3330 3200 3391 3252 Et
3420 3196 3559 3269 quid

1868 3304 1953 3348 est
2010 3295 2243 3365 spiritus
2304 3299 2488 3349 rectus
2554 3294 2663 3347 nisi
2707 3293 2863 3345 nulla
2909 3292 3061 3345 mala
3117 3291 3408 3343 voluntate
3461 3286 3559 3339 de-

1867 3384 2186 3454 pravatus?
2226 3384 2287 3436 Et
2321 3383 2458 3453 quid
2504 3386 2587 3435 est
2644 3401 2673 3433 oi
2734 3380 2961 3449 operari
3007 3379 3066 3431 in
3119 3377 3281 3430 nobis
3331 3376 3555 3441 velle,»

1866 3473 1975 3527 nisi
2006 3472 2305 3541 inspirare,
2348 3478 2405 3524 et
2438 3470 2633 3540 largiri
2664 3468 2827 3522 nobis
2860 3469 3075 3522 bonum
3112 3466 3253 3519 velle
3284 3481 3294 3518 :
3331 3468 3560 3517 mortua

1865 3568 1949 3617 est
1978 3562 2168 3631 itaque
2202 3560 2488 3630 peccando
2530 3560 2783 3613 humana
2831 3556 3040 3619 anima,
3093 3559 3148 3607 et
3178 3555 3433 3607 humana
3460 3567 3556 3604 vo-

1862 3652 2052 3705 luntas
2078 3667 2109 3703 a
2138 3650 2251 3703 vita
2278 3650 2395 3703 Dei.
2443 3648 2726 3702 Mortuum
2770 3652 2855 3701 est
2896 3646 3034 3698 illud
3090 3643 3242 3714 quod
3275 3646 3396 3695 erat
3425 3644 3555 3693 ante

1864 3745 2157 3805 peccatum
2193 3754 2322 3791 vere
2354 3736 2599 3790 liberum
2640 3734 2964 3798 arbitrium,
3000 3748 3114 3802 quo
3163 3730 3343 3783 libera
3374 3726 3558 3780 homi-

1863 3830 1953 3883 nis
1986 3829 2269 3893 voluntas,
2304 3826 2358 3879 id
2388 3830 2470 3878 est
2499 3824 2681 3879 libera
2724 3822 2973 3876 hominis
3020 3820 3263 3873 charitas
3294 3818 3553 3870 volunta-

1865 3918 1948 3971 rie
1974 3922 2029 3970 et
2056 3917 2233 3969 libere
2266 3915 2555 3984 diligendo
2600 3911 2923 3966 adhaarebat
2974 3911 3109 3963 Deo.
3146 3909 3208 3962 Et
3248 3922 3377 3959 vere
3411 3921 3557 3958 mor-

1864 4010 2027 4058 tuum
2074 4008 2159 4058 est
2186 4003 2518 4073 hujusmodi
2564 4002 2807 4055 liberum
2842 3998 3142 4053 arbitrium
3183 3995 3435 4050 hominis
3467 4008 3557 4046 ne-

1865 4093 2134 4163 gligendo
2170 4094 2350 4146 Deum
2382 4098 2440 4145 et
2490 4091 2804 4144 recedendo
2837 4106 2869 4142 a
2913 4089 3048 4155 Deo,
3082 4091 3137 4140 et
3177 4085 3245 4139 ab
3277 4100 3339 4137 ea
3373 4088 3555 4136 morte

1865 4198 1979 4252 qua
2026 4181 2228 4234 amisit
2276 4180 2609 4235 charitatem
2667 4178 2767 4233 Dei
2810 4176 3197 4239 resuscitator,
3232 4178 3286 4226 et
3314 4172 3558 4225 vivitica-

1863 4275 1958 4324 tur
1987 4286 2091 4340 per
2117 4269 2377 4323 eamdem
2408 4269 2650 4341 gratiam
2682 4266 2973 4321 charitatis
3007 4265 3125 4319 Dei.
3156 4262 3317 4327 Quod
3362 4266 3556 4330 aperte

86 4374 201 4428 ergo
258 4358 468 4411 animae
519 4358 589 4411 ad
648 4360 827 4412 Deum
886 4375 1157 4412 conversa
1208 4358 1273 4412 fit
1330 4360 1523 4423 bona;
1567 4377 1599 4412 a
1640 4362 1753 4414 Deo
1797 4359 2061 4429 Dbeatus
2088 4360 2335 4413 Joannes
2381 4359 2675 4429 apostolus
2721 4357 2905 4421 docet,
2957 4354 3149 4409 dicens
3184 4369 3195 4405 :
3230 4373 3257 4399 α
3311 4351 3420 4403 Nos
3450 4349 3557 4402 sci-

86 4462 258 4499 aversa
301 4448 365 4500 ﬁt
425 4446 616 4513 mala;
671 4447 742 4501 ad
796 4448 972 4500 Deum
1020 4462 1293 4502 conversa
1341 4447 1691 4515 viviticatur;
1725 4466 1759 4503 a

90 4534 184 4588 Deo
208 4552 401 4589 aversa
456 4535 717 4602 moritur,
771 4535 915 4589 sicut
955 4535 1103 4588 acies
1160 4537 1453 4589 oculorum
1494 4552 1756 4606 corpora-

90 4620 227 4687 lium,
259 4639 291 4675 a
320 4624 447 4677 luce
480 4638 675 4676 aversa
716 4622 1059 4676 tenebrescit
1087 4640 1099 4689 ;
1149 4623 1219 4676 ad
1268 4624 1449 4677 lucem
1484 4641 1755 4679 conversa

88 4709 335 4764 clarescit.
368 4710 514 4775 Quid
549 4716 632 4764 est
657 4711 861 4765 vitium
893 4711 1124 4773 animas,
1154 4710 1262 4764 nisi
1287 4711 1503 4765 aversio
1535 4728 1566 4765 a
1601 4714 1753 4768 Deo?

87 4804 131 4849 et
154 4799 282 4869 quid
322 4805 405 4853 est
435 4799 614 4853 virtus
645 4800 873 4861 animas,
918 4799 1030 4853 nisi
1072 4799 1367 4853 conversio
1405 4800 1474 4853 ad
1522 4801 1702 4854 Deum
1726 4804 1752 4855 ?

1866 4465 1994 4502 mus
2030 4447 2303 4519 quoniam
2352 4447 2612 4500 translati
2659 4462 2857 4499 sumus
2895 4445 2963 4497 de
3008 4447 3191 4495 morte
3240 4440 3310 4493 ad
3340 4440 3549 4501 vitam;

1866 4536 2141 4607 quoniam
2184 4536 2477 4605 diligimus
2518 4534 2736 4588 fratres.
2772 4533 2879 4597 Qui
2913 4548 3028 4584 non
3061 4528 3247 4599 diligit
3276 4531 3467 4581 manet
3495 4525 3556 4578 in

1866 4634 2051 4678 morte
2081 4625 2131 4681 (Ι
2163 4627 2320 4680 Joan.
2382 4641 2460 4688 ιιι,
2512 4624 2618 4691 14).
2672 4643 2700 4670 ››
2747 4621 2868 4674 Vita
2913 4621 3102 4689 itaque
3150 4618 3417 4670 humanae
3447 4613 3559 4667 ani-

1864 4729 1994 4780 mas,
2031 4718 2087 4767 et
2116 4713 2387 4767 humanae
2420 4710 2725 4764 voluntatis
2775 4710 2893 4775 Dei,
2948 4714 3004 4762 et
3048 4706 3294 4777 proximi
3324 4702 3553 4758 dilectio

1863 4808 1967 4869 est,
2005 4818 2118 4873 qua
2170 4803 2342 4856 homo
2389 4807 2522 4854 ante
2592 4804 2887 4870 peccatum
2943 4797 3243 4851 fruebatur
3291 4796 3424 4861 Deo,
3498 4796 3557 4846 et

1122 4923 1321 4978 ΝΟΤίΕ
1362 4922 1686 4978 DUVALLII
1726 4924 2069 4979 DOCTORIS
2108 4923 2487 4980 SORBONICI.

143 5017 416 5081 “Quando
466 5018 658 5087 arguit
711 5018 973 5072 Ecclesiae
1031 5019 1429 5090 Lugdunensis
1496 5021 1754 5074 Hincma-

91 5102 192 5140 rom
221 5090 368 5159 quod
418 5090 624 5142 dixerit
677 5090 920 5142 liberum
966 5090 1267 5143 arbitrium
1312 5107 1413 5160 per
1456 5098 1750 5160 peccatum

93 5173 184 5210 non
214 5166 557 5226 emortuum,
592 5161 687 5213 sed
721 5161 1004 5225 vitiatum,
1037 5166 1092 5214 et
1121 5177 1153 5213 a
1184 5161 1405 5214 Christo
1435 5178 1545 5215 non
1580 5163 1752 5216 fuisse

92 5230 409 5301 suscitatum,
446 5233 542 5284 sed
575 5236 859 5297 sanatum,
903 5231 1108 5301 accipit
1155 5232 1398 5285 liberum
1451 5233 1748 5288 arbitrium

93 5313 170 5373 pro
196 5300 333 5354 bona
367 5310 425 5355 et
455 5307 607 5373 recta
642 5302 932 5354 voluntate
965 5300 1079 5371 qua
1120 5303 1235 5355 Deo
1280 5320 1383 5373 per
1412 5303 1745 5357 charitatem

92 5368 429 5426 adhmremus.
492 5372 615 5435 Quo
672 5389 841 5425 sensu
899 5368 1115 5425 certum
1188 5368 1459 5427 est-illud
1511 5375 1748 5428 omnino

91 5438 227 5495 fuisse
253 5449 581 5497 emortuum
616 5459 719 5495 nec
762 5448 987 5497 tantum
1022 5444 1319 5497 vitiatum:
1374 5450 1566 5497 tamen
1612 5446 1747 5513 quia

90 5516 321 5568 remansit
348 5516 411 5567 in
446 5530 514 5567 eo
540 5519 743 5566 natura
774 5515 1163 5568 conversionis
1192 5530 1384 5584 capax,
1421 5515 1500 5568 ita
1528 5522 1589 5567 nt
1618 5532 1744 5569 eam

88 5595 165 5648 per
184 5600 490 5655 congruam
523 5589 579 5638 et
617 5584 904 5639 efﬁcacem
944 5586 1185 5655 gratiam
1232 5586 1410 5654 possit
1459 5586 1738 5652 obtinere,

1862 5021 1990 5074 ideo
2018 5022 2121 5074 hac
2153 5022 2209 5074 in
2243 5026 2401 5090 parte
2436 5018 2607 5073 verba
2638 5017 3013 5090 Gotteschalci
3038 5016 3295 5090 benigne
3320 5019 3550 5090 possent

1862 5093 2152 5161 explicari,
2188 5087 2314 5144 licet
2350 5090 2552 5143 merito
2578 5107 2609 5143 a
2636 5088 2896 5161 Patribus
2926 5094 3049 5140 tum
3078 5087 3300 5161 concilii
3326 5089 3552 5161 Mogun-

1860 5156 2277 5222 tin'ensis.vtnm
2327 5161 2668 5215 Senonensis
2722 5160 3025 5213 damnatus
3056 5158 3146 5222 sit,
3198 5157 3352 5226 quod
3396 5156 3550 5208 illius

1858 5234 2027 5285 verba
2057 5233 2403 5285 contrarium
2436 5236 2726 5295 sonarent,
2769 5245 2974 5297 nempe
3004 5228 3214 5280 bonam
3248 5232 3304 5279 et
3334 5230 3547 5303 rectam

1854 5304 2208 5374 voluntatem
2236 5372 2244 5374 ξ
2270 5304 2327 5355 in
2392 5303 2620 5374 homine
2659 5306 2794 5374 post
2830 5306 3132 5374 _pe_cca_tnm
3176 5311 3543 5374 remanSIsse,

1857 5373 1953 5426 Vel
1986 5373 2157 5445 dicito
2191 5372 2437 5426 liberum
2473 5368 2771 5445 arbitrium
2794 5368 2863 5445 ab
2896 5369 3137 5423 Ecclesia
3176 5368 3543 5445 Lugdunensi

1855 5444 2031 5513 accipi
2064 5460 2167 5513 pro
2198 5450 2323 5496 actu
2373 5442 2692 5497 dilectionis
2750 5442 2849 5495 Dei
2894 5456 3065 5507 super
3108 5442 3319 5513 omnia,
3368 5451 3541 5507 quem

1851 5510 2079 5568 certum
2104 5520 2188 5567 est
2226 5516 2463 5569 omnino
2492 5530 2597 5584 per
2626 5519 2921 5585 peccatum
2954 5510 3211 5581 deperdi.
