3884 6218
233 333 240 345 ·
307 319 432 371 1051

1429 319 1481 370 S.
1527 315 1798 371 REMIGll
1843 314 2317 370 LUGDUNENSIS
2348 314 2662 370 EPISCOPI
3675 311 3866 364 1052

300 451 596 505 fruebatur
622 452 881 522 proximo
911 450 970 503 in
1001 451 1153 516 Deo;
1186 450 1257 504 ab
1287 451 1392 504 hac
1423 451 1538 504 vita
1577 467 1678 504 sua
1725 456 1985 504 mortuus
2023 455 2069 504 Α
2100 451 2306 520 quibus
2347 451 2458 504 dici
2486 455 2764 521 oporteat,
2809 451 2903 504 sed
2939 451 3064 520 ipsa
3095 450 3324 504 silentio
3359 447 3848 522 praetereunda.

301 542 405 600 est,
437 538 776 607 negligendo
815 540 1013 604 Deum,
1049 539 1398 608 negligendo
1431 539 1680 608 seipsum
1715 545 1769 592 et
1795 540 1989 609 proxi-
2104 541 2244 594 Cum
2279 556 2415 609 ergo
2445 540 2514 593 de
2547 539 2802 610 prefatis
2834 538 3268 610 quaestionibus,
3303 544 3353 592 et
3385 537 3470 591 illi
3527 537 3630 607 qui
3661 536 3872 590 hanc

303 641 495 680 mum:
532 649 550 674 ι
585 626 865 690 Quoniam
899 627 998 697 qui
1025 644 1138 681 non
1170 627 1376 698 diligit,
1411 634 1607 681 manet
1635 627 1692 680 in
1727 634 1928 681 morte.
1963 650 1989 676 ››
2104 628 2414 681 secundam
2447 627 2676 697 scripsit
2705 626 3008 696 epistolam
3044 626 3294 680 breviter
3324 625 3658 696 signiﬁcare
3697 622 3872 673 vel-

298 712 509 766 Anima
567 713 758 783 itaque
814 715 1086 780 humana,
1139 718 1196 767 et
1235 715 1487 768 humana
1537 715 1814 775 voluntas,
1850 715 1994 766 sicut
2104 716 2182 769 let
2208 722 2488 786 quantum
2524 715 2676 786 apud
2718 731 2812 768 eos
2857 720 3004 768 esset
3059 715 3388 785 inquirendi
3442 714 3750 776 studium,
3797 715 3874 762 et

301 815 428 852 vere
461 806 655 853 manet
699 801 758 854 in
793 808 978 855 morte
1027 819 1140 855 non
1172 802 1487 870 diligendo,
1537 803 1614 855 ita
1645 819 1775 855 vere
1810 807 1992 855 trans-
2105 810 2316 874 quanta
2366 803 2718 857 dissonantia
2763 804 3196 868 sententiarum,
3249 809 3590 872 quantaque
3625 799 3870 853 avidi-

301 887 479 942 fertur
527 889 595 942 de
641 895 826 943 morte
867 891 928 944 in
979 890 1150 943 vitam
1200 891 1510 957 diligendo.
1567 892 1628 943 Et
1672 891 1817 944 sicut
1864 906 1994 943 vera
2105 898 2221 946 tate
2251 893 2693 958 desideraretur,
2719 897 2780 945 ut
2807 893 2874 945 de
2910 892 3000 945 his
3021 893 3190 945 rebus
3216 891 3438 962 aliquid
3469 894 3738 954 certum,
3797 893 3870 939 et

297 991 448 1029 mors
479 978 598 1046 ejus
632 985 716 1031 est
765 995 876 1031 non
911 979 1169 1048 diligere,
1221 978 1298 1032 ita
1329 983 1384 1031 et
1436 995 1566 1031 vera
1601 980 1716 1032 vita
1759 979 1882 1049 ejus
1911 983 1996 1032 est
2107 981 2318 1051 absque
2359 981 2732 1050 ambiguitate
2781 981 3136 1051 sequendum
3189 979 3430 1033 inveniri
3481 984 3545 1032 et
3587 976 3872 1032 ostendi

301 1065 559 1133 diligere.
609 1067 720 1120 Hac
773 1067 1073 1120 dilectione
1105 1083 1220 1120 non
1268 1067 1330 1120 ﬁt
1375 1083 1508 1120 vere
1549 1067 1790 1120 liberum
1837 1067 1995 1120 arbi-
2105 1073 2315 1138 posset,
2343 1069 2423 1123 ita
2454 1069 2572 1122 ait:

299 1152 499 1220 trium,
535 1154 593 1208 id
627 1160 712 1207 est
737 1171 867 1208 vere
897 1156 1075 1209 libera
1107 1157 1390 1219 voluntas,
1427 1155 1537 1208 nisi
1569 1155 1664 1208 illo
1695 1157 1992 1223 liberante,

301 1241 358 1294 id
390 1247 474 1294 est
501 1241 815 1295 libertatem
854 1243 1129 1312 largiente
1162 1244 1260 1313 qui
1292 1244 1399 1297 ait:
1435 1267 1460 1292 «
1495 1243 1552 1297 Si
1585 1261 1681 1296 vos
1718 1244 1890 1296 Filius
1919 1242 1994 1296 li—

303 1329 606 1395 beraverit,
633 1336 764 1384 tunc
787 1347 914 1384 vere
945 1332 1106 1384 liberi
1138 1333 1296 1385 eritis
1331 1334 1522 1402 (Joan.
1559 1349 1675 1398 vm,
1727 1335 1836 1402 36),
1863 1352 1889 1382 ι)
1940 1337 1997 1385 et

304 1417 414 1470 nisi
443 1419 538 1470 illo
569 1435 806 1472 munere
833 1419 1078 1489 Spiritus
1112 1421 1207 1474 Dei
1242 1423 1310 1474 de
1346 1438 1458 1490 quo
1491 1421 1628 1474 dicit
1656 1423 1990 1490 Apostolus:

2771 1154 3127 1194 PARDULUS.

2179 1267 2206 1294 «
2235 1247 2433 1299 Plures
2459 1245 2593 1298 inde
2632 1245 2786 1314 apud
2826 1261 2930 1298 nos
2981 1245 3346 1315 scripserunt.
3380 1245 3446 1297 Et
3475 1259 3614 1298 cum
3643 1244 3862 1314 quin-

2107 1351 2214 1405 que
2249 1351 2312 1388 ex
2345 1334 2424 1387 eis
2451 1333 2822 1398 nominasset,
2855 1333 3003 1385 inter
3039 1349 3183 1403 quos
3232 1333 3398 1385 etiam
3447 1333 3862 1386 Amalarium

2106 1422 2393 1492 scripsisse
2425 1421 2778 1482 memoravit,
2828 1421 3122 1490 subjunxit
3163 1422 3390 1474 dicens:
3429 1443 3456 1468 ‹‹
3505 1421 3624 1474 Sed
3679 1420 3862 1490 quia.

307 1525 336 1556 (ι
373 1505 476 1559 Ubi
507 1513 698 1560 autem
749 1507 990 1579 Spiritus
1047 1509 1297 1576 Domini,
1349 1510 1424 1562 ibi
1481 1510 1709 1564 libertas
1758 1511 1830 1580 (II
1873 1510 1991 1566 Cor.
2105 1511 2226 1564 hasc
2253 1511 2404 1564 inter
2435 1527 2491 1563 se
2522 1510 2681 1563 valde
2727 1509 3158 1574 dissentiebant,
3217 1509 3445 1563 Scotum
3491 1509 3670 1562 illum
3721 1509 3860 1577 qui

307 1609 384 1661 tu,
417 1597 518 1662 t7).
558 1617 576 1642 ι»
2109 1605 2192 1652 est
2220 1599 2278 1652 in
2311 1599 2523 1669 palatio
2565 1599 2734 1667 regis,
2780 1600 3060 1652 Joannem
3097 1597 3328 1651 nomine
3373 1599 3626 1650 scribere
3679 1614 3862 1650 coe—

376 1683 481 1738 Sed
513 1690 566 1738 et
617 1685 756 1740 illud
810 1687 958 1756 quod
1007 1685 1067 1740 in
1106 1686 1231 1740 istis
1273 1687 1460 1740 verbis
1506 1687 1746 1741 dicitur:
1785 1710 1810 1736 ‹‹
1855 1687 1996 1750 Quia
2035 1718 2075 1770 Β
2106 1688 2315 1758 gimus.
2347 1708 2372 1740 ››
2406 1690 2472 1741 Et
2501 1688 2670 1757 paulo
2700 1693 2856 1756 post:
2895 1707 2922 1736 ‹‹
2954 1687 3090 1750 Qum
3133 1693 3324 1740 autem
3375 1687 3526 1740 inter
3576 1693 3860 1740 nostros

305 1772 521 1826 bonum
550 1775 704 1844 quod
753 1774 998 1844 agimus,
1050 1781 1105 1828 et
1141 1776 1240 1829 Dei
1295 1781 1380 1828 est
1429 1782 1485 1829 et
1527 1783 1826 1830 nostrum:
1864 1776 1998 1846 quia
2107 1779 2236 1832 inde
2270 1777 2342 1830 sit
2371 1777 2620 1830 maxima
2645 1775 2938 1830 contentio
2973 1776 3132 1830 vobis
3161 1776 3462 1846 significo.l

309 1861 416 1914 nisi
438 1867 584 1915 esset
625 1863 744 1931 Dei,
789 1879 904 1916 non
939 1864 989 1916 ei
1034 1879 1138 1933 pro
1184 1863 1382 1917 eodem
1429 1864 1578 1916 bono
1627 1865 1683 1916 in
1717 1869 1997 1918 aiternum
2179 1865 2482 1930 «Quidam
2529 1865 2772 1919 dicimus
2820 1864 3210 1932 Augustinum
3266 1863 3512 1917 edidisse
3547 1863 3854 1916 libellum

2106 1971 2280 2024 quem
2321 1954 2782 2024 Hypognosticon
2817 1952 3272 2022 praeintitulavit.
3319 1954 3383 2005 Et
3419 1951 3666 2022 quidam
3717 1967 3850 2004 no-

2107 2048 2358 2096 strorum
2391 2043 2606 2107 dicunt,
2639 2057 2754 2094 non
2783 2057 2814 2094 a
2841 2040 3078 2110 praefato
3105 2040 3226 2094 viro
3244 2040 3512 2093 eumdem
3545 2041 3846 2092 libellum

2107 2147 2227 2184 esse
2258 2131 2474 2184 editum
2501 2147 2513 2184 :
2552 2131 2702 2199 quod
2739 2129 3100 2182 mendacium
3130 2145 3251 2182 esse
3282 2129 3391 2182 cito
3423 2128 3676 2198 probare
3713 2145 3846 2197 po—

308 1951 518 2020 gratias
549 1967 850 2020 ageremus
881 1969 894 2018 ;
928 1957 984 2006 et
1013 1953 1122 2005 nisi
1163 1959 1309 2005 esset
1345 1957 1626 2020 nostrum,
1661 1969 1778 2006 non
1829 1955 1899 2006 ab
1931 1971 1996 2007 eo

307 2055 411 2108 pro
438 2041 636 2093 eodem
673 2041 824 2094 bono
849 2042 1000 2110 juste
1039 2041 1274 2110 praemia
1320 2047 1794 2109 exspectaremus.
1833 2061 1858 2093 ιι
1895 2043 1998 2096 Ne-

307 2127 516 2180 scimus
547 2129 684 2198 quid
729 2129 1040 2194 divisionis,
1103 2129 1186 2180 vel
1232 2129 1526 2198 cujusdam
1575 2129 1997 2182 distributionis

307 2215 497 2284 unius,
533 2223 700 2287 atque
728 2217 984 2287 ejusdem
1025 2218 1158 2270 boni
1190 2219 1338 2270 inter
1387 2218 1563 2270 Deum
1616 2221 1670 2270 et
1699 2218 1997 2272 hominem

306 2311 488 2359 sonat.
519 2305 692 2370 Quasi
723 2322 786 2358 ex
821 2311 981 2376 parte
1015 2305 1086 2358 sit
1119 2305 1236 2372 Dei,
1273 2311 1328 2358 et
1372 2323 1437 2358 ex
1487 2311 1650 2375 parte
1711 2312 1992 2374 nostrum,

306 2391 452 2444 sicut
490 2397 612 2446 toto
655 2393 762 2447 isto
830 2410 1094 2448 sermone
1156 2411 1406 2448 asserere
1477 2395 1702 2448 videtur
1753 2395 1998 2464 scriptor

305 2479 582 2549 epistolas,
611 2487 672 2534 ut
699 2483 862 2552 quasi
893 2483 1119 2536 initium
1156 2484 1292 2537 boni
1333 2483 1510 2536 nostri
1557 2483 1629 2536 sit
1662 2484 1830 2547 Deus,
1863 2483 1994 2536 effe-

305 2572 429 2621 ctus
463 2585 592 2622 vero
624 2570 788 2624 liberi
813 2571 1052 2624 humani
1097 2571 1358 2624 arbitrii:
1412 2572 1540 2624 licet
1597 2571 1749 2624 hunc
1786 2591 1812 2618 «
1849 2586 1998 2622 erro-

304 2673 424 2710 rem
456 2659 610 2711 velut
639 2660 838 2728 gratias
869 2660 1255 2729 adjunctioue,
1291 2676 1407 2713 non
1439 2659 1610 2712 etiam
1637 2659 1995 2729 plenitudine

303 2749 622 2815 temperare
653 2753 913 2815 conetur,
949 2769 968 2796 ι
1007 2764 1135 2802 cum
1178 2764 1307 2801 vere
1341 2752 1524 2801 totum
1576 2747 1648 2800 sit
1689 2747 1808 2812 Dei,
1852 2747 1998 2801 sicut

302 2831 426 2901 ipsa
452 2833 668 2887 Veritas
700 2835 872 2888 dicit:
908 2853 936 2886 ε(
968 2835 1099 2890 Sine
1145 2851 1234 2888 me
1265 2835 1406 2888 nihil
1439 2834 1676 2905 potestis
1711 2833 1935 2886 facere?
1965 2853 1993 2885 »

303 2919 478 2998 (Joan.
513 2938 605 2987 xv,
661 2923 738 2989 5.)
781 2924 843 2976 Et
897 2923 1296 2992 Apostoluszu
1360 2923 1502 2986 Quid
1558 2922 1737 2987 enim,
1783 2922 1995 2992 inquit,

303 3010 480 3062 habes
530 3010 682 3079 quod
730 3027 844 3063 non
894 3011 1216 3080 accepisti?
1253 3034 1270 3056 ιι
1313 3012 1371 3074 (I
1421 3013 1547 3066 Cor.
1597 3027 1668 3076 ιν,
1720 3009 1800 3081 7.)
1837 3011 1996 3064 Unde

305 3098 509 3150 Beatus
540 3103 597 3150 et
624 3098 905 3167 gloriosus
949 3103 1163 3168 martyr
1212 3099 1525 3168 Cyprianus
1557 3099 1634 3151 ita
1663 3099 1881 3164 deﬁnit,
1913 3098 1999 3152 di-

304 3201 470 3239 cens:
510 3184 592 3256 [In
640 3187 796 3239 nullo
845 3187 1207 3257 gloriandum
1255 3189 1484 3256 quando
1541 3187 1686 3240 nihil
1737 3192 1994 3241 nostrum

305 3273 422 3344 sit.]
458 3274 676 3327 Bonum
707 3274 900 3345 itaque
953 3281 1210 3328 nostrum
1255 3281 1438 3328 totum
1476 3275 1572 3328 Dei
1604 3279 1704 3340 est,
1739 3275 1874 3346 quia
1903 3281 1992 3329 to-

305 3367 428 3416 tum
459 3379 524 3416 ex
560 3364 671 3416 Deo
727 3370 854 3430 est;
902 3368 958 3417 et
1003 3363 1140 3417 nihil
1181 3363 1321 3416 boni
1365 3363 1544 3416 nostri
1595 3368 1856 3416 nostrum
1891 3367 1994 3432 est,

307 3451 443 3522 quia
481 3451 623 3505 nihil
651 3452 790 3506 boni
818 3452 998 3506 nostri
1029 3469 1094 3506 ex
1131 3453 1293 3506 nobis
1325 3457 1425 3505 est.
1463 3453 1528 3505 Et
1568 3451 1699 3506 ideo
1747 3453 1996 3506 manife—

307 3544 410 3606 ste,
441 3545 506 3593 ut
525 3541 690 3610 juxta
717 3541 959 3595 formam
995 3545 1246 3612 paterna!
1276 3541 1552 3595 doctrinae
1576 3541 1766 3610 potius
1793 3541 1997 3612 loqua-

308 3643 452 3692 mur,
488 3645 658 3682 omne
709 3629 923 3683 bonum
958 3635 1235 3696 nostrum,
1289 3635 1347 3682 et
1395 3634 1578 3682 totum
1615 3630 1710 3683 Dei
1765 3635 1850 3682 est
1901 3630 1998 3684 do-

307 3717 535 3784 nando;
566 3723 623 3770 ct
652 3722 837 3771 totum
879 3723 1135 3771 nostrum
1179 3718 1242 3771 tit
1273 3718 1624 3788 accipiendo.
1663 3718 1819 3773 Unde
1851 3723 1906 3772 et
1937 3718 1998 3772 in

309 3804 600 3858 Dominica
651 3806 908 3860 oratione
971 3805 1228 3876 quotidie
1275 3807 1651 3876 postulamus,
1699 3807 1994 3860 dicentes:

308 3911 335 3940 «
368 3893 576 3946 Panem
611 3899 871 3946 nostrum
895 3894 1377 3962 quotidianumda
1400 3893 1564 3947 nobis
1584 3895 1752 3947 hodie
1773 3895 1993 3962 (Matth.

307 3997 379 4044 v1,
431 3980 536 4050 11).
573 4001 599 4032 ι)
634 3983 745 4036 Cur
773 3982 926 4035 enim
959 3999 1161 4052 panem
1201 3987 1460 4036 nostrum
1495 3982 1661 4036 nobis
1709 3983 1997 4052 poscimus

309 4085 336 4122 a
368 4070 482 4123 Deo
515 4069 658 4135 dari,
691 4071 800 4123 nisi
831 4070 968 4140 quia
999 4073 1086 4138 (ut
1117 4071 1386 4140 diximus)
1422 4071 1566 4124 sicut
1614 4087 1746 4124 vere
1780 4079 1865 4124 est
1897 4071 1999 4124 Dei

307 4157 628 4226 largiendo,
655 4158 732 4210 ita
761 4159 934 4211 etiam
967 4165 1223 4212 nostrum
1257 4161 1326 4212 sit
1357 4160 1707 4229 accipiendo.
1743 4161 1900 4214 Unde
1933 4161 1992 4214 Β.

309 4245 460 4312 Papa
491 4245 824 4298 leestinus
857 4246 1025 4314 (sicut
1060 4249 1176 4316 jam
1223 4247 1484 4317 superius
1533 4249 1656 4318 ejus
1705 4249 1878 4302 verba
1901 4264 1997 4317 po-

2105 2219 2258 2286 terit,
2294 2220 2394 2291 qui
2425 2219 2738 2273 secundum
2773 2218 3028 2271 libellum
3059 2217 3361 2288 Augustini
3396 2232 3568 2286 quem
3599 2219 3662 2269 in
3701 2217 3840 2270 Ge-

2106 2308 2290 2362 nesim
2325 2313 2521 2360 contra
2551 2307 2888 2360 Manichaeos
2918 2305 3094 2358 edidit
3126 2305 3196 2358 ad
3245 2305 3420 2358 tinem
3455 2321 3640 2374 usque
3673 2321 3840 2373 per—

2105 2395 2325 2465 legerit,
2371 2394 2466 2447 ubi
2506 2393 2862 2446 demonstrat
2902 2409 2960 2445 se
3017 2392 3198 2462 ipsam
3249 2393 3628 2462 quazstiouem
3673 2409 3834 2446 cum

2105 2485 2231 2538 aliis
2259 2484 2514 2554 quinque
2553 2488 2752 2537 contra
2783 2481 2998 2535 rabiem
3040 2483 3478 2536 Manichaeorum
3516 2483 3828 2546 edidisse;

2105 2577 2161 2625 et
2187 2577 2489 2640 propterea
2543 2569 2602 2622 in
2661 2569 3063 2622 retractatione
3093 2568 3236 2622 nihil
3270 2569 3406 2622 inde
3447 2585 3832 2622 commemo-

2105 2663 2212 2724 rat,
2245 2659 2378 2728 quia
2426 2673 2784 2727 quazcunque
2837 2657 3108 2710 aliorsum
3167 2656 3238 2709 de
3297 2657 3830 2726 praedestinatione

2104 2747 2341 2808 dixerat,
2371 2746 2430 2798 in
2490 2745 2692 2798 eodem
2749 2745 2941 2798 libello
2988 2745 3270 2813 corrigere
3319 2744 3560 2798 videtur.
3619 2745 3830 2798 Simili

2104 2835 2275 2889 modo
2308 2835 2475 2888 etiam
2511 2833 2742 2904 quidam
2787 2833 3026 2887 dicimus
3065 2833 3138 2886 De
3192 2833 3562 2886 induratione
3617 2833 3826 2886 cordis

2107 2925 2422 2979 Pharaonis
2461 2923 2723 2978 libellum
2769 2939 2798 2975 a
2849 2923 3014 2976 beato
3063 2923 3408 2992 Hieronymo
3458 2922 3704 2975 editum.
3757 2924 3830 2975 Et

2037 3010 2076 3064 C
2103 3019 2427 3067 nostrorum
2462 3012 2692 3082 quidam
2731 3027 2840 3063 non
2893 3011 2963 3064 ab
3007 3027 3096 3078 eo,
3139 3011 3231 3063 sed
3275 3010 3344 3063 ab
3391 3011 3504 3063 alio
3539 3009 3826 3079 quolibet

2105 3101 2374 3156 mendose
2405 3101 2636 3154 factum.
2671 3099 2826 3162 Quod
2864 3100 3035 3152 etiam
3069 3099 3434 3152 mendacium
3475 3099 3596 3151 fore
3645 3099 3824 3151 inve-

2106 3190 2292 3254 nietis,
2327 3190 2374 3242 si
2405 3189 2712 3258 septimum
2760 3187 3046 3240 decimum
3095 3187 3303 3240 librum
3343 3186 3578 3255 praefati
3613 3187 3824 3239 Hiero-

2105 3277 2264 3349 nymi
2291 3277 2351 3330 in
2383 3276 2586 3330 Isaiam
2612 3274 2886 3346 legeritis,
2931 3275 3028 3328 ubi
3059 3275 3408 3328 mentionem
3445 3274 3706 3344 ejusdem
3743 3274 3818 3327 li-

2103 3366 2237 3420 belli
2261 3365 2412 3420 facit.
2443 3383 2469 3414 »

2765 3447 3137 3488 RESPONSIO.

2179 3543 2273 3598 His
2300 3541 2486 3596 verbis
2519 3541 2657 3610 quid
2689 3540 2842 3594 aliud
2871 3540 2930 3592 in
2961 3540 3164 3608 primis
3207 3539 3556 3608 respondere
3603 3554 3810 3609 possu-

2105 3647 2273 3685 mus:
2303 3631 2409 3684 nisi
2447 3630 2582 3701 quia
2607 3630 2676 3683 de
2709 3630 2797 3682 his
2829 3629 2997 3682 rebus
3028 3629 3342 3682 auxiliante
3374 3634 3430 3681 et
3459 3633 3812 3698 protegente

2107 3720 2300 3775 divina
2343 3718 2751 3783 misericordia,
2799 3717 2986 3770 nullus
3037 3717 3216 3784 labor,
3277 3717 3438 3769 nulla
3497 3715 3814 3769 necessitas

2107 3821 2250 3859 nova
2297 3803 2651 3874 inquirendi,
2704 3807 2760 3856 et
2803 3801 3160 3866 inveniendi,
3201 3808 3259 3855 et
3306 3801 3618 3868 scribendi,
3654 3801 3814 3870 apud

2107 3909 2203 3946 eos
2250 3892 2600 3946 exstitisset:
2657 3907 2758 3944 nec
2825 3895 2983 3944 tanta
3034 3889 3312 3943 dissensio
3379 3895 3436 3942 et
3509 3889 3812 3943 contentio

2106 3980 2318 4035 exoriri
2347 3980 2644 4050 potuisset,
2687 3979 2732 4031 si
2763 3985 2982 4032 remoto
3035 3978 3193 4032 omni
3231 3977 3700 4048 praesumptionis
3731 3983 3812 4030 at-

2107 4086 2217 4141 que
2247 4069 2626 4123 animositatis
2653 4067 2866 4134 studio,
2889 4067 3008 4121 sola
3026 4067 3174 4136 apud
3199 4067 3328 4120 illos
3361 4068 3566 4120 veritas
3595 4067 3654 4120 in
3687 4082 3812 4119 san-

2105 4163 2326 4212 ctorum
2377 4159 2610 4211 Patrum
2649 4156 3015 4226 dogmatibus
3053 4161 3109 4209 et
3153 4154 3550 4209 ecclesiasticis
3606 4153 3814 4208 deﬁni-

2107 4247 2360 4300 tionibus
2387 4247 2662 4316 (quorum
2693 4245 3066 4298 rectissimam
3109 4243 3282 4297 ﬁdem
3327 4247 3384 4298 et
3411 4243 3812 4297 ﬁdelissimam

309 4332 550 4403 suimus)
601 4333 680 4387 ait
715 4350 729 4387 :
768 4332 969 4404 [Tanta
1007 4335 1160 4387 enim
1208 4341 1290 4388 est
1319 4351 1452 4402 erga
1501 4352 1701 4389 omnes
1732 4337 1998 4390 homines
2037 4345 2080 4398 Ι)
2112 4334 2428 4390 doctrinam
2460 4349 2688 4402 semper
2719 4332 3130 4388 honorabiliter
3159 4337 3214 4385 et
3243 4331 3489 4385 ﬁdeliter
3519 4337 3578 4384 et
3617 4333 3812 4384 secuta

307 4420 534 4474 bonitas
585 4421 703 4488 Dei,
751 4427 814 4476 ut
857 4425 1049 4474 nostra
1087 4423 1222 4475 velit
1255 4438 1374 4476 esse
1423 4425 1647 4489 merita,
1695 4441 1824 4494 quae
1864 4429 1998 4478 sunt

307 4509 484 4579 ipsius
542 4510 732 4582 dona]
791 4511 989 4564 Totum
1051 4511 1242 4580 itaque
1303 4511 1520 4564 bonum
1583 4517 1842 4565 nostrum
1882 4515 1995 4567 Deo

309 4597 583 4666 dandum,
618 4599 728 4651 Deo
757 4603 841 4652 est
873 4598 1262 4664 tribuendum,
1297 4598 1433 4667 quia
1461 4602 1641 4652 totum
1675 4614 1736 4651 ex
1761 4599 1859 4652 illo
1890 4603 1994 4664 est,

307 4703 424 4740 non
454 4703 522 4740 ex
575 4686 762 4753 nobis,
821 4687 959 4740 dum
1010 4691 1192 4739 totum
1230 4691 1284 4740 et
1324 4687 1394 4739 ab
1442 4687 1538 4740 illo
1583 4687 1898 4752 inchoatur,
1935 4703 1998 4742 ac

309 4775 380 4828 ab
411 4775 511 4829 illo
544 4775 752 4846 agitur,
783 4791 846 4828 ac
893 4775 1186 4844 peragitur
1216 4775 1274 4827 in
1305 4774 1507 4840 nobis;
1565 4775 1701 4845 quia
1755 4791 1868 4828 non
1899 4775 2000 4846 qui

310 4879 434 4928 suo,
470 4863 566 4916 sed
593 4884 616 4912 ι
652 4863 979 4933 quicunque
997 4863 1202 4932 spiritu
1233 4864 1329 4916 Dei
1347 4868 1615 4933 aguntur,
1651 4863 1708 4916 hi
1739 4863 1845 4917 ﬁlii
1867 4869 2000 4918 sunt

312 4951 410 5004 Dei
442 4950 613 5021 (Rom.
664 4968 778 5016 Vill,
841 4952 940 5013 14).
977 4971 1004 5002 ››
1043 4953 1168 5006 [lazc
1217 4953 1285 5006 de
1333 4951 1518 5022 prima
1573 4953 1832 5022 epistola,
1865 4952 2001 5022 quia

310 5039 506 5094 multis
564 5046 621 5093 et
657 5039 944 5110 perplexis
978 5040 1388 5109 quaestionibus
1427 5041 1594 5110 plena
1641 5046 1780 5102 erat,
1833 5043 2003 5110 prout

315 5129 591 5183 Dominus
641 5129 852 5184 donare
901 5129 1170 5199 dignatus
1214 5134 1316 5195 est,
1371 5129 1492 5200 ipsa
1539 5129 1874 5183 necessitate
1913 5144 2004 5182 co-

311 5223 480 5286 gente
510 5217 787 5289 prolixius
819 5217 1086 5272 diximus.

913 5357 1139 5412 CAPUT
1189 5357 1398 5411 XXXIX.

562 5463 638 5513 De
668 5462 920 5528 secunda,
965 5478 1083 5530 qua
1121 5467 1197 5515 est
1234 5461 1484 5528 Parduli,
1517 5463 1764 5530 epistola.

387 5567 450 5616 In
483 5564 732 5616 secunda
780 5571 970 5618 autem
1002 5567 1244 5637 epistola
1287 5583 1467 5638 pauca
1507 5567 1738 5637 quidem
1773 5573 1906 5621 sunt
1936 5568 2004 5622 de

2107 4428 2278 4478 estet
2307 4422 2588 4493 sequitur,
2625 4427 2680 4475 et
2719 4426 2990 4492 sequetur
3017 4421 3294 4492 Ecclesia)
3355 4419 3714 4474 unanimiter
3755 4425 3810 4472 et

2109 4511 2425 4575 humiliter,
2481 4515 2650 4579 atque
2700 4509 3034 4562 obedienter
3081 4509 3499 4578 inquireretur,
3546 4511 3604 4560 et
3653 4507 3808 4576 quod

2110 4601 2408 4654 inventum
2433 4605 2603 4664 esset,
2635 4597 2870 4668 paciﬁca
2888 4603 2946 4651 et
2971 4597 3280 4667 tranquilla
3303 4597 3514 4666 pietate
3533 4595 3808 4649 omnibus

2105 4687 2462 4758 sequendum
2510 4691 2950 4757 proponeretur,
3015 4690 3071 4739 et
3117 4685 3644 4738 commendaretur.
3696 4685 3808 4738 Nec

2111 4797 2136 4824 «
2173 4779 2410 4844 propter
2443 4789 2620 4826 unum
2645 4772 2900 4826 libellum
2935 4791 2962 4824 »
2988 4787 3168 4841 usque
3195 4771 3362 4825 hodie
3385 4771 3588 4824 incerti
3623 4776 3808 4824 aucto-

2109 4863 2208 4928 ris,
2242 4866 2292 4915 et
2333 4861 2592 4916 inusitati
2635 4877 2739 4914 nec
2789 4862 3072 4914 ullatenus
3113 4859 3426 4929 recipiendi
3457 4875 3683 4924 sensus,
3735 4863 3804 4913 de

2111 4950 2425 5022 quiestioue
2456 4948 2831 5020 prtescientiae
2880 4953 2938 5002 et
2967 4947 3483 5018 praadestinationis
3535 4949 3658 5016 Dei,
3691 4955 3804 5001 tam

2110 5039 2296 5105 claris,
2331 5045 2387 5092 et
2415 5043 2574 5092 tanta
2603 5037 2876 5091 ﬁrmitate
2929 5037 3182 5091 solidatis
3234 5035 3630 5090 ecclesiasticae
3659 5035 3804 5089 veri-

2113 5128 2244 5182 tatis
2278 5126 2737 5180 institutionibus
2765 5126 3037 5196 praaferre
3081 5124 3434 5178 maluissent.
3467 5124 3615 5188 Quid
3653 5125 3802 5176 enim

2112 5232 2298 5270 causa:
2331 5215 2564 5281 exstitit,
2602 5219 2661 5267 ut
2690 5214 2789 5266 illa
2821 5213 3014 5267 omnia
3046 5217 3550 5282 postponerentur,
3594 5216 3650 5264 et
3671 5211 3804 5264 Scri-

2113 5309 2296 5374 ptura
2340 5308 2548 5356 sanctae
2580 5302 2786 5357 veritas
2818 5302 3010 5356 minus
3060 5301 3310 5356 discussa
3351 5305 3408 5354 et
3448 5299 3806 5354 considerata

2115 5392 2544 5461 negligeretur?
2579 5392 2642 5444 Et
2669 5391 2756 5444 his
2803 5389 3088 5454 omnibus,
3123 5389 3270 5459 quod
3319 5388 3476 5443 nullo
3517 5393 3674 5442 certo
3703 5405 3804 5440 au-

2115 5486 2288 5544 ctore,
2315 5481 2472 5532 nulla
2501 5495 2632 5532 vera
2667 5479 2888 5532 ratione
2931 5477 3139 5531 fultum
3189 5481 3290 5544 est,
3323 5475 3680 5546 sequendum
3714 5491 3806 5545 po-

2115 5569 2227 5622 tius
2250 5567 2624 5638 judicaretur,
2659 5565 2768 5620 nisi
2799 5583 2833 5620 a
2861 5571 3024 5636 parte
3055 5565 3247 5636 ipsum
3279 5563 3669 5618 contentionis
3697 5579 3804 5617 ma-
