3884 6218
82 338 210 388 1053
1146 332 1153 340 ’
1351 340 1556 394 LIBER
1597 339 1616 391 I

2079 337 2388 426 PISTOLIS.
3485 332 3613 387 1054

77 468 218 528 lum,
255 482 396 535 quo
456 468 633 522 semel
682 473 1032 538 praesumpta
1076 469 1359 523 sententia
1396 475 1453 523 et
1490 486 1687 523 sensus
1730 470 1811 523 in-
1849 475 1896 527 Α
1927 485 2112 522 manae
2144 469 2495 523 inﬁrmitatis
2527 474 2630 523 est.
2655 468 2813 532 Quod
2834 473 3026 521 autem
3053 462 3615 521 afﬁrmathominem

77 555 478 610 considerate
529 559 785 627 prolatus
824 558 1104 612 obstinate
1159 559 1351 628 potius
1401 559 1812 625 defendendus,
1929 576 2093 628 posse
2141 575 2255 612 non
2307 575 2556 628 peccare,
2606 559 2712 611 hoc
2761 573 2889 611 vere
2933 558 3110 610 divini
3159 562 3242 609 est
3275 556 3453 625 (sicut
3495 554 3615 622 ipse

83 659 254 714 quam
291 645 632 699 salubriter
664 652 896 716 putatus
928 652 1008 700 est
1042 649 1432 716 corrigendus.
1461 649 1617 701 Unde
1643 649 1816 702 etiam

81 734 214 784 satis
251 734 487 787 mirari
513 751 627 787 non
662 751 964 804 possumus
986 737 1274 804 quomodo
1309 737 1422 790 illae
1454 737 1708 806 quinque
1731 737 1815 789 vel

84 837 168 873 sex
203 824 596 891 quaestiones
626 841 655 874 a
690 824 854 876 beato
897 825 1215 893 Augustino
1248 832 1446 877 contra
1474 825 1810 878 Manichac-

85 926 205 962 rum
243 911 500 965 rabiem
530 912 768 976 prolata:
803 928 924 964 esse
955 913 1109 966 credi
1149 914 1460 981 potuerint,
1495 929 1624 966 cum
1666 913 1813 966 sicut

84 1004 134 1051 et
162 999 550 1070 multiplices
577 1001 709 1053 libri
734 1001 988 1070 ejusdem
1027 1002 1205 1055 sancti
1236 1003 1482 1056 doctoris
1513 1007 1812 1065 testantur,

87 1094 136 1140 et
185 1089 318 1158 ipse
376 1092 844 1158 Hypomncslicon
891 1090 1100 1144 libellus
1150 1090 1448 1144 manifeste
1502 1090 1754 1144 ostendit
1785 1107 1817 1142 a

88 1177 440 1245 Pelagianis
475 1179 726 1248 primum
765 1179 1045 1231 haereticis
1091 1185 1286 1231 contra
1333 1178 1508 1232 fidem
1562 1178 1816 1232 Ecclesia:

90 1267 192 1317 sint
224 1267 521 1334 objectze,
558 1274 612 1320 et
649 1268 720 1319 ad
751 1283 950 1320 eorum
982 1267 1436 1321 confutationem
1484 1269 1817 1338 diligentius

88 1356 195 1406 sint
251 1358 560 1408 tractatae.
615 1355 938 1409 Certissime
1007 1361 1197 1409 autem
1247 1357 1418 1426 (sicut
1467 1357 1588 1426 jam
1643 1373 1817 1426 supra

92 1443 373 1510 diximus)
434 1444 666 1512 quando
706 1443 836 1496 illos
882 1444 1057 1497 libros
1101 1445 1301 1497 beatus
1350 1445 1697 1513 Augustinus
1747 1446 1814 1499 de

92 1531 470 1598 expositione
503 1533 735 1586 Genesis
765 1537 960 1585 contra
1007 1533 1342 1586 Mauichzeos
1389 1533 1631 1602 scripsit,
1682 1550 1814 1588 nec-

94 1621 224 1671 dum
258 1620 574 1687 Pelagiani
604 1620 780 1673 auditi
803 1626 900 1674 aut
917 1622 1092 1675 exorti
1111 1621 1320 1674 fuerint
1345 1639 1356 1675 :
1383 1623 1479 1675 sed
1498 1623 1670 1692 longo
1690 1629 1815 1693 post

93 1712 364 1775 tempore
421 1707 728 1760 Ecclesiam
794 1707 895 1761 Dei
958 1709 1235 1779 cmperint
1305 1709 1683 1779 impugnare:
1745 1711 1812 1763 de

95 1794 359 1863 ipsorum
402 1795 620 1862 libello,
672 1796 771 1866 qui
805 1797 976 1866 hujus
1016 1798 1225 1850 erroris
1256 1803 1312 1851 et
1359 1798 1814 1852 conturbationis

99 1883 472 1936 occasionem
507 1883 683 1950 dedit,
711 1885 992 1954 quiajam
1042 1886 1304 1955 superius
1353 1886 1488 1940 satis
1543 1887 1812 1952 diximus,

99 1972 180 2024 hic
213 1970 368 2023 nihil
399 1972 657 2040 amplius
688 1973 994 2026 dicendum
1027 1980 1316 2042 putamus.

168 2061 467 2113 Libellum
522 2077 655 2115 vero
709 2063 784 2115 De
832 2063 1200 2117 induratione
1247 2063 1434 2117 cordis
1480 2063 1808 2130 Pharaonis,

103 2149 192 2217 qui
221 2165 255 2200 a
292 2149 476 2202 beato
517 2151 864 2221 Hieronymo
906 2153 1148 2222 scriptus
1175 2159 1412 2222 putatur
1443 2169 1544 2206 nec
1571 2153 1629 2206 in
1665 2154 1812 2207 libro

107 2237 166 2289 de
192 2237 346 2290 Viris
381 2238 712 2291 illustribus
743 2256 844 2292 nec
873 2240 932 2292 in
963 2241 1272 2294 venerabili
1305 2242 1430 2294 vitae
1467 2243 1588 2312 ejus
1635 2243 1814 2296 histo—

107 2320 200 2387 ria,
232 2325 395 2377 inter
434 2326 560 2395 ejus
593 2329 866 2395 opuscula
911 2328 1168 2381 invenire
1216 2330 1534 2398 potuimus.
1572 2331 1633 2382 In
1669 2331 1813 2384 libro

113 2419 291 2465 tamen
329 2416 590 2484 septimo
623 2414 845 2468 decimo
883 2416 1355 2485 Explanationum
1388 2419 1546 2471 Isaiae
1576 2421 1815 2489 prophe-

111 2504 172 2551 tae
204 2501 442 2570 aliquid
490 2502 600 2554 tale
652 2501 941 2572 scripsisse
992 2511 1418 2572 commemorat,
1473 2522 1576 2559 nec
1619 2511 1813 2561 tamen

115 2588 438 2657 specialiter
475 2590 546 2643 de
592 2590 964 2644 Induratione
1013 2593 1200 2646 cordis
1251 2595 1580 2662 Pharaonis,
1616 2595 1712 2649 sed
1743 2596 1813 2650 de

113 2680 219 2728 tota
247 2676 348 2730 illa
383 2678 457 2731 ad
503 2679 790 2732 Romanos
841 2679 1178 2734 difﬁcillima
1216 2682 1456 2751 apostoli
1496 2683 1811 2753 quaestione

113 2763 355 2818 breviter
388 2767 796 2833 perstrinxisse
827 2767 1104 2838 designat.
1153 2768 1256 2823 Sed
1292 2770 1425 2839 quia
1471 2787 1571 2823 nos
1605 2770 1810 2840 hujus-

117 2852 261 2904 modi
308 2853 573 2906 libellum
634 2871 930 2925 nunquam
991 2855 1258 2922 vidimus,
1324 2861 1515 2910 utrum
1565 2858 1661 2911 ille
1710 2858 1811 2928 qui

118 2940 258 3009 apud
288 2941 433 2994 istos
462 2942 772 3009 invenitur,
809 2948 867 2996 et
898 2944 1027 3014 styli
1061 2945 1358 3014 gravitate,
1411 2951 1466 2999 et
1509 2946 1645 3000 ﬁdei
1693 2947 1808 3000 sin-

1929 651 2188 713 testatur)
2224 646 2442 711 auxilii,
2474 653 2535 699 ut
2579 648 2751 716 possit
2782 663 2900 700 esse
2953 646 3114 699 liberi
3165 644 3403 699 humani
3460 645 3614 696 arbi-

1926 735 2038 788 trii.
2075 736 2224 789 Dixit
2255 736 2423 788 etiam
2463 735 2711 805 quodam
2763 736 2886 787 loco
2935 735 3085 787 idem
3141 735 3334 786 beatus
3375 732 3610 785 doctor:

1926 822 2132 895 [Liberi
2164 824 2384 878 arbitrii
2415 840 2516 876 nos
2560 823 2815 876 condidit
2857 824 3021 887 Deus,
3059 840 3160 874 nec
3196 822 3267 875 ad
3318 821 3612 886 virtutem,

1926 929 2030 965 nec
2064 913 2136 965 ad
2168 912 2302 965 vitia
2335 912 2664 966 neceSsitate
2713 913 3009 965 trahimur.
3059 911 3324 980 Alioquin
3368 910 3466 962 ubi
3514 924 3614 961 ne-

1926 1001 2178 1069 cessitas,
2213 1018 2316 1054 nec
2343 1018 2552 1054 corona
2584 1000 2711 1072 est}
2745 1001 2882 1064 Qum
2937 1001 3106 1052 verba
3153 998 3272 1067 ejus
3313 1016 3344 1050 a
3390 997 3614 1066 Pelagio

1926 1091 2082 1143 velut
2110 1096 2306 1143 contra
2337 1091 2581 1160 gratiam
2636 1090 2734 1144 Dei
2783 1091 3067 1159 opposita,
3118 1089 3312 1141 beatus
3356 1088 3616 1155 Augusti-

1927 1195 2035 1231 nus
2092 1180 2150 1231 in
2199 1179 2344 1232 libro
2391 1180 2459 1233 de
2512 1181 2725 1232 Natura
2775 1187 2829 1232 et
2872 1177 3064 1233 Gratia
3103 1185 3246 1245 (cup.
3288 1179 3375 1242 (lii,
3421 1179 3503 1243 66)
3541 1176 3616 1228 ita

1927 1266 2179 1334 exponit,
2215 1271 2268 1319 et
2298 1267 2568 1334 defendit,
2605 1267 2796 1320 dicens
2825 1266 2975 1337 quod
3010 1267 3089 1318 ait
3119 1283 3150 1318 a
3183 1268 3497 1317 memorato
3531 1262 3617 1316 di-

1925 1359 2078 1408 ctum
2108 1371 2227 1408 esse
2269 1356 2631 1425 presbytero:
2685 1354 2896 1426 [Liberi
2943 1355 3162 1407 arbitrii
3216 1369 3321 1406 nos
3365 1351 3620 1404 condidit

1923 1444 2074 1504 Deus
2107 1458 2207 1496 nec
2241 1444 2307 1496 ad
2361 1444 2652 1508 virtutem,
2701 1459 2802 1495 nec
2849 1442 2915 1495 ad
2962 1443 3094 1494 vitia
3126 1439 3461 1494 necessitate
3511 1445 3619 1491 tra-

1926 1531 2152 1584 himur:
2180 1531 2447 1600 Alioquin
2481 1531 2578 1584 ubi
2612 1531 2928 1594 necessitas,
2965 1545 3063 1581 nec
3102 1545 3312 1581 corona
3344 1532 3446 1580 est.
3481 1527 3616 1590 Quis

1925 1635 2039 1672 non
2087 1626 2375 1688 agnoscat,
2416 1620 2543 1688 quis
2586 1635 2702 1672 non
2748 1623 2866 1672 toto
2919 1619 3087 1672 corde
3151 1617 3441 1686 suscipiat,
3488 1615 3617 1685 quis

1926 1709 2092 1761 aliter
2121 1709 2410 1761 conditam
2440 1709 2753 1761 humanam
2793 1713 2966 1777 neget
3004 1722 3126 1760 esse
3169 1705 3476 1759 naturam?
3508 1704 3616 1757 Sed

1925 1797 1984 1850 in
2014 1801 2163 1850 recte
2187 1796 2472 1864 faciendo,
2504 1796 2631 1850 ideo
2665 1797 2887 1849 nullum
2920 1800 3005 1850 est
3050 1796 3340 1848 vinculum
3371 1792 3614 1846 necessi-

1924 1885 2074 1952 tatis,
2111 1885 2247 1955 quia
2278 1885 2509 1938 libertas
2549 1891 2635 1939 est
2661 1885 2971 1938 charitatis.
3007 1884 3166 1948 Quod
3200 1889 3391 1936 autem
3445 1897 3512 1934 ex
3541 1880 3617 1932 vi-

1925 1973 2015 2026 tiis
2049 1981 2294 2040 naturte,
2328 1991 2441 2027 non
2472 1990 2539 2026 ex
2569 1974 2900 2028 conditione
2956 1978 3197 2035 naturas,
3245 1971 3318 2024 sit
3349 1969 3617 2040 quasdam

1924 2063 2194 2131 peccandi
2224 2062 2544 2128 necessitas,
2596 2061 2789 2116 audiat
2832 2063 3023 2126 homo,
3076 2066 3266 2130 atque,
3320 2065 3379 2110 ut
3418 2057 3616 2110 eadem

1925 2151 2227 2203 necessitas
2258 2167 2372 2203 non
2404 2151 2494 2216 sit,
2521 2151 2698 2203 discat
2728 2151 2839 2202 Deo
2891 2148 3078 2202 dicere
3105 2165 3116 2200 :
3155 2169 3181 2195 «
3235 2147 3313 2200 De
3364 2144 3615 2198 necessi-

1925 2239 2133 2292 tatibus
2167 2239 2304 2292 meis
2336 2239 2479 2292 educ
2511 2255 2620 2291 me.
2658 2259 2678 2287 ο
2715 2239 2802 2292 Sic
2854 2253 3100 2307 namque
3132 2235 3449 2305 opitulante
3482 2247 3613 2301 gra-

1924 2327 2002 2380 tia
2031 2343 2135 2396 per
2171 2328 2473 2380 Dominum
2519 2333 2780 2381 nostrum
2809 2328 2999 2380 Jesum
3033 2325 3340 2388 Christum,
3374 2328 3429 2374 et
3463 2321 3614 2374 mala

1922 2417 2224 2469 necessitas
2273 2417 2677 2482 removebitur,
2726 2420 2781 2470 et
2812 2416 3042 2469 libertas
3077 2416 3247 2484 plena
3279 2409 3610 2477 tribuetur.]

1923 2506 2051 2559 H1130
2079 2506 2277 2559 beatus
2305 2505 2672 2573 Augustinus.

2591 2629 2814 2683 CAPUT
2852 2629 2957 2683 XL.

2147 2740 2214 2791 De
2244 2737 2529 2791 Amalario
2549 2755 2570 2799 ,·
2601 2736 2665 2790 Je
2693 2738 2912 2804 scriptis
2950 2735 3172 2788 Joannis
3204 2734 3368 2788 Scoli.

1990 2861 2146 2926 Quod
2185 2866 2373 2914 autem
2406 2861 2554 2914 inter
2582 2866 2838 2928 caeteros,
2876 2859 2972 2928 qui
3001 2860 3067 2913 de
3090 2862 3244 2911 tanta
3273 2857 3606 2928 quaestione,

1920 2950 2130 3006 divinae
2153 2949 2414 3003 videlicet.
2439 2949 2811 3019 praescientiae
2835 2954 2889 3001 et
2915 2946 3432 3018 prmdestinationis
3459 2945 3610 3014 apud

120 3030 341 3082 ceritate
374 3031 504 3100 ejus
532 3047 653 3084 esse
688 3033 1005 3086 credendus
1040 3033 1132 3099 sit,
1174 3038 1451 3104 tanquam
1500 3036 1567 3090 de
1612 3035 1808 3105 ignoto
1849 3069 1888 3122 Ο
1918 3056 2014 3093 eos
2045 3038 2336 3108 scripsisse
2377 3041 2788 3103 memorantur,
2845 3037 3016 3090 etiam
3065 3035 3382 3089 Amalarius
3435 3033 3608 3103 poni—

115 3117 362 3185 judicare
435 3135 550 3172 non
599 3136 921 3188 possumus.
999 3120 1144 3184 Quid
1195 3127 1386 3175 tamen
1443 3122 1538 3177 ille
1582 3129 1808 3177 sanctus

124 3205 308 3259 doctor
357 3208 529 3277 juxta
585 3207 717 3262 ﬁdei
785 3209 1081 3263 catholicae
1147 3211 1442 3264 veritatem
1500 3212 1567 3265 de
1627 3212 1809 3265 libero

121 3294 343 3348 arbitrio
424 3298 692 3366 senserit,
768 3302 824 3350 et
899 3298 1110 3369 dialogi
1185 3298 1384 3368 ipsius,
1461 3316 1605 3370 quos
1705 3301 1810 3354 sub

126 3383 341 3437 nomine
393 3385 569 3438 Attici
619 3391 674 3439 et
717 3385 1006 3440 Cretobuli
1049 3393 1244 3441 contra
1294 3389 1625 3457 Pelagianos
1672 3389 1813 3442 scri-

123 3471 239 3537 psit,
275 3473 744 3528 manifestissime
783 3479 1080 3528 testantur.
1135 3477 1200 3528 Et
1248 3475 1382 3529 ﬁdei
1420 3476 1542 3545 ejus
1593 3477 1808 3546 profes-

127 3557 216 3625 sio,
246 3576 423 3628 quam
455 3563 789 3630 plenissime
829 3567 887 3616 et
924 3563 1336 3632 perfectissime
1389 3569 1586 3618 contra
1636 3581 1806 3635 quos-

126 3645 240 3700 dam
288 3651 740 3704 calumniatores
789 3651 860 3704 ad
914 3652 1246 3705 Pontiﬁcem
1287 3653 1434 3706 sedis
1486 3654 1809 3723 apostolicae

128 3734 176 3787 in
204 3736 597 3793 defensionem
629 3739 716 3792 sui
747 3739 946 3800 edidit,
978 3741 1112 3793 satis
1159 3742 1440 3807 ostendit;
1477 3741 1572 3793 ubi
1622 3741 1689 3794 de
1718 3758 1810 3795 eo-

129 3823 243 3878 dem
269 3825 456 3880 libero
488 3827 725 3881 arbitrio
756 3827 834 3881 ita
865 3828 1124 3898 loquitur
1152 3837 1176 3862 ⁸
1204 3845 1215 3882 :
1253 3829 1539 3900 [Liberum
1569 3830 1646 3883 sic
1671 3847 1805 3884 con-

128 3912 338 3968 ﬁtemur
367 3915 694 3982 arbitrium,
731 3921 793 3970 ut
821 3917 1076 3971 dicamus
1125 3935 1229 3971 nos
1261 3934 1485 3988 semper
1517 3918 1618 3973 Dei
1657 3919 1806 3973 indi-

131 4016 245 4069 gere
280 4005 534 4058 auxilio:
561 4010 618 4059 et
651 4011 764 4059 tam
813 4006 942 4059 illos
972 4022 1162 4060 errare
1207 4007 1304 4077 qui
1336 4025 1465 4061 cum
1498 4009 1805 4063 Manichieo

130 4088 302 4144 dicunt
332 4091 633 4147 hominem
673 4100 969 4163 peccatum
1016 4095 1195 4149 vitare
1232 4112 1347 4148 non
1395 4113 1582 4166 posse,
1629 4113 1801 4167 quam

133 4175 238 4229 illos
267 4182 361 4249 qui
389 4197 524 4234 cum
546 4182 844 4235 Joviniano
876 4189 1140 4236 asserunt
1169 4184 1464 4237 hominem
1496 4200 1610 4237 non
1639 4201 1802 4254 posse

132 4279 374 4332 peccare:
405 4277 648 4340 uterque
677 4271 830 4324 enim
865 4271 1014 4325 tollit
1043 4271 1264 4326 arbitrii
1309 4272 1652 4327 libertatem.
1693 4275 1803 4327 Nos

1919 3132 2033 3192 tur,
2069 3133 2124 3182 et
2154 3128 2355 3182 Scotus
2387 3126 2634 3180 Joannes
2680 3126 2750 3179 ab
2799 3125 2880 3179 eis
2929 3125 2999 3178 ad
3045 3125 3411 3178 scribendum
3458 3137 3608 3174 com-

1919 3215 2117 3284 pulsus
2165 3230 2286 3268 esse
2349 3214 2612 3279 refertur,
2662 3213 2907 3266 multum
2959 3212 3196 3265 moleste
3245 3218 3301 3264 et.
3351 3209 3610 3264 dolenter

1921 3303 2251 3372 accipimus,
2285 3308 2346 3355 ut
2384 3301 2748 3355 ecclesiastici
2779 3306 2833 3354 et
2881 3303 3190 3370 prudentes
3241 3300 3344 3352 viri
3393 3303 3609 3351 tantam

1917 3391 2192 3460 injuriam
2240 3390 2612 3459 sibimetipsis
2657 3391 2914 3455 fecerint,
2967 3396 3027 3442 ut
3071 3391 3094 3431 b
3144 3389 3494 3442 Amalarium
3539 3386 3608 3440 de

1918 3479 2052 3534 ﬁdei
2085 3479 2304 3532 ratione
2338 3479 2717 3543 consulerent,
2752 3478 2852 3548 qui
2882 3483 2937 3530 et
2968 3477 3168 3539 verbis,
3205 3482 3261 3530 et
3285 3476 3446 3529 libris
3492 3475 3608 3528 suis

1918 3567 2246 3633 mendaciis,
2277 3572 2332 3620 et
2361 3566 2674 3632 erroribus,
2711 3571 2766 3619 et
2813 3566 3180 3635 phantasticis
3225 3569 3393 3634 atque
3425 3563 3605 3616 haere-

1917 3657 2038 3710 ticis
2069 3655 2546 3725 disputationibus
2582 3655 2764 3723 plenis
2794 3670 2994 3707 omnes
3042 3671 3188 3724 pene
3235 3653 3388 3723 apud
3442 3654 3608 3705 Fran-

1917 3746 2062 3800 ciam
2114 3744 2393 3811 ecclesias,
2447 3749 2504 3797 et
2547 3744 2856 3796 nonnullas
2911 3743 3080 3796 etiam
3124 3743 3367 3795 aliarum
3419 3742 3606 3811 regio-

1918 3850 2074 3895 num,
2104 3838 2385 3903 quantum
2415 3831 2477 3884 in
2503 3847 2560 3884 se
2591 3830 2698 3884 fuit
2745 3830 2961 3895 infecit,
3013 3836 3184 3900 atque
3215 3830 3472 3898 corrupit
3499 3845 3510 3882 :
3545 3833 3609 3881 ut

1915 3927 2170 3976 nontam
2216 3922 2336 3990 ipse
2367 3920 2436 3974 de
2480 3920 2592 3973 ﬁde
2624 3919 2984 3989 interrogari,
3021 3934 3192 3988 quam
3234 3919 3428 3970 omnia
3472 3916 3608 3969 scri-

1915 4016 2012 4081 pta
2041 4011 2161 4080 ejus
2208 4010 2408 4063 saltem
2457 4014 2587 4079 post
2621 4012 2864 4061 mortem
2916 4007 3096 4077 ipsius
3139 4006 3446 4060 debuerint
3474 4005 3606 4074 igne

1914 4098 2194 4162 consumi,
2229 4113 2300 4151 ne
2326 4096 2704 4169 simpliciores
2734 4096 2967 4166 quique,
2991 4096 3092 4165 qui
3112 4111 3208 4148 eos
3242 4094 3487 4147 multum
3514 4093 3606 4147 di-

1915 4187 2113 4256 ligere,
2150 4192 2206 4239 et
2243 4186 2487 4255 legendo
2535 4185 2898 4256 frequentare
2948 4185 3236 4249 dicuntur,
3284 4199 3482 4237 eorum
3527 4183 3606 4235 le-

1913 4275 2098 4329 ctione
2130 4279 2185 4328 et
2215 4275 2464 4328 inaniter
2495 4277 2930 4344 occuparentur,
2979 4278 3034 4326 et
3079 4273 3399 4343 perniciose
3446 4272 3603 4325 falle-

138 4367 246 4407 γει-ο
283 4356 531 4412 dicimus
573 4359 872 4413 hominem
920 4375 1147 4429 semper
1186 4365 1242 4414 et
1286 4376 1537 4430 peccare,
1587 4366 1641 4415 et
1690 4378 1804 4415 non
1847 4348 2110 4417 Drentur
2139 4379 2203 4416 ac
2236 4363 2678 4433 deciperentur;
2709 4369 2784 4429 et,
2836 4363 2988 4433 quod
3041 4362 3271 4432 majoris
3325 4367 3409 4414 est
3451 4361 3609 4430 igno-

133 4455 338 4508 peccare
371 4463 541 4516 posse
575 4453 637 4500 ut
670 4464 898 4517 semper
928 4464 1029 4501 nos
1077 4448 1240 4502 liberi
1271 4450 1654 4502 confiteantur
1681 4466 1803 4504 esse

139 4531 372 4603 arbitrii.]
407 4536 474 4588 In
505 4535 713 4606 quibus
748 4536 900 4589 beati
947 4537 1192 4590 doctoris
1240 4537 1427 4590 verbis
1475 4537 1625 4608 quod
1655 4538 1805 4591 afﬁr-

137 4625 231 4672 mat
267 4622 563 4677 hominem
605 4641 832 4695 semper
880 4641 1111 4695 peccare
1155 4641 1324 4695 posse
1372 4627 1667 4680 manifeste
1695 4626 1802 4681 hu-

1913 4451 2106 4504 miniae
2138 4458 2309 4522 atque
2333 4451 2631 4521 opprobrii
2657 4451 2889 4506 Scotum
2920 4451 3080 4504 illum
3126 4451 3194 4502 ad
3239 4449 3607 4502 scribendum

1912 4540 2340 4609 compellerent.
2393 4540 2500 4603 Qui
2547 4540 2692 4594 sicut
2743 4557 2807 4593 ex
2873 4540 2995 4610 ejus
3040 4538 3263 4607 scriptis
3319 4536 3606 4590 verissime

1913 4629 2319 4698 comperimus,
2372 4644 2474 4682 nec
2526 4628 2650 4698 ipsa
2718 4628 2886 4683 verba
2939 4627 3361 4698 Scripturarum
3421 4625 3607 4680 adhuc

1172 4754 1370 4809 ΝΟΤᾸΕ
1411 4754 1734 4809 DUVALLII
1775 4754 2118 4810 DOCTORIS
2162 4755 2549 4810 SOBBONH‘J.

193 4873 213 4897 ⁸
243 4868 529 4944 HecAﬁdei
558 4871 837 4940 professio
868 4889 985 4926 non
1016 4873 1069 4928 S.
1108 4874 1435 4944 Hieronymi
1480 4875 1547 4928 ad
1602 4876 1806 4928 Dama-

140 4947 266 5012 ευρ]ὲ
287 4941 377 4994 sed
409 4942 596 5010 ipsius
633 4944 845 5012 Pelagii
877 4945 946 4997 ad
980 4941 1378 4998 Innocentium
1414 4947 1516 4999 PP.

195 5007 512 5086 bSuggillat
549 5018 605 5066 et
635 5007 831 5086 arguit
854 5015 1207 5069 Amalarium
1253 5015 1648 5081 Lugdunensis
1698 5017 1804 5070 Ec-

144 5074 282 5156 clesia
321 5074 615 5152 Tanquam
680 5074 940 5139 omnium
990 5086 1286 5140 haereseon
1334 5074 1486 5140 illius
1531 5087 1804 5156 temporis

145 5153 394 5221 auctorem
428 5161 488 5206 et
518 5160 927 5224 promotorem.
962 5156 1098 5220 Quis
1140 5163 1331 5211 autem
1381 5157 1573 5218 fuerit,
1622 5153 1804 5227 magis

145 5228 405 5296 Ignoratur
435 5241 611 5294 quam
640 5227 851 5296 scitur.
894 5227 1088 5280 Solum
1132 5228 1322 5296 accipe
1361 5244 1426 5281 ex
1474 5229 1802 5281 doctissimo

150 5299 242 5368 ξιτο
282 5292 503 5368 Nicolao
561 5295 761 5361 Fabro,
815 5297 1012 5350 sedulo
1057 5292 1416 5368 antiquitatis
1451 5301 1799 5368 pervestiga-

149 5358 260 5437 ῐοιζθ,
310 5364 549 5438 Μυτιλωῄ
582 5358 954 5438 magistrum,
1025 5358 1213 5438 quem.
1243 5358 1578 5424 Trecensem
1636 5358 1802 5423 illum

147 5440 436 5508 episcopum
471 5436 837 5498 arbitramur,
871 5439 971 5508 qui
1010 5436 1206 5492 contra
1242 5440 1519 5493 Joannem
1569 5441 1800 5493 Scotum

151 5503 194 5548 εἰ
223 5500 667 5580 Gotteschalcum
711 5500 938 5580 scripsit
985 5511 1433 5580 quamplurima,
1481 5512 1579 5563 sed
1628 5511 1688 5563 in
1733 5511 1802 5564 iis

151 5571 372 5635 quaedam
437 5571 940 5633 animadversione
1002 5571 1374 5650 dignissima;
1422 5571 1525 5634 hic
1563 5581 1800 5652 inquam

1921 4876 2119 4929 Florus
2161 4875 2217 4928 in
2268 4893 2349 4945 ps.
2404 4891 2564 4940 LXXX,
2599 4875 2868 4929 adversus
2910 4876 3261 4930 Amalarium
3314 4874 3601 4928 scribens:

1918 4945 2349 5026 «Visuinquit,
2414 4947 2725 5026 comedere
2795 4947 2980 5026 ipsum
3051 4947 3362 5025 Dominum
3425 4947 3604 5026 Deum

1915 5016 2123 5070 tuum?
2153 5015 2300 5070 Audi
2329 5016 2466 5085 quid
2498 5016 2682 5070 dicat:
2717 5039 2743 5066 ‹‹
2777 5015 2954 5071 Dilata
2984 5034 3046 5069 os
3077 5023 3236 5070 tuum
3263 5015 3603 5084 et'implebo

1920 5108 1939 5133 ι
1976 5086 2135 5140 illud.
2177 5109 2196 5133 ι
2237 5087 2470 5139 Dilatate
2520 5103 2621 5140 ora
2666 5094 2873 5154 vestra,
2917 5088 3037 5154 ipse
3089 5095 3173 5140 est
3229 5087 3504 5142 Dominus
3549 5092 3605 5140 et

1913 5157 2099 5226 panis,
2135 5157 2252 5226 ipse
2286 5159 2548 5210 hortatur
2579 5174 2681 5211 nos
2717 5164 2777 5211 ut
2809 5158 3211 5211 comedamns:
3245 5166 3301 5210 at
3335 5159 3453 5226 ipse
3504 5174 3601 5209 no-

1914 5233 2027 5280 ster
2074 5233 2156 5279 est
2199 5227 2396 5280 cibus:
2458 5236 2738 5296 quantum
2790 5229 3132 5292 dilataveris,
3189 5233 3410 5281 tantum
3464 5228 3603 5280 acci-

1912 5297 2057 5366 pies.
2102 5318 2128 5344 ››
2163 5299 2292 5351 Haec
2322 5299 2436 5350 ille.
2472 5299 2546 5350 Ex
2575 5314 2688 5368 quo
2714 5300 3058 5367 conjecturae
3077 5300 3230 5352 locus
3253 5299 3604 5368 relinquitur

1911 5367 2261 5421 Amalarium
2295 5369 2456 5421 illum
2493 5367 2608 5422 una
2636 5386 2763 5422 cum
2807 5371 3026 5421 Joanne
3073 5369 3234 5422 Scoto
3282 5367 3455 5422 fuisse
3508 5371 3604 5423 Bc-

1914 5439 2162 5507 rengarii
2195 5455 2576 5510 praecursores
2598 5447 2654 5493 et
2686 5439 2852 5492 veluti
2881 5439 3320 5510 antesignanos;
3355 5455 3604 5509 quorum

1911 5525 2165 5563 errorem
2197 5509 2370 5563 nostri
2425 5509 3023 5580 Eucharistomastiges
3060 5509 3403 5577 jamdudum
3455 5510 3606 5580 sopi-

1912 5586 2035 5635 tum
2068 5587 2124 5634 et
2151 5581 2486 5634 exstinctum
2515 5582 2586 5634 ab
2617 5596 2746 5635 orco
2774 5579 3142 5634 suscitaruut.
