3884 6218
303 328 437 379 1055

1429 329 1485 381 S.
1530 325 1796 381 REMIGII
1840 326 2312 382 LUGDUNENSIS
2353 327 2668 383 EPISCOPI

3676 329 3812 379 10.36

298 460 472 514 habet
499 458 742 529 cognita.
788 460 852 512 Et
894 458 974 512 ita
1018 458 1361 530 quibusdam
1402 458 1775 529 phantasticis
1824 458 1959 512 adin
2019 463 2063 513 A
2094 463 2266 529 atque
2297 459 2561 513 interitus
2600 475 2769 513 causa
2807 458 2899 527 sit,
2960 459 3057 513 sed
3114 458 3438 513 multorum
3502 458 3669 529 origo
3734 472 3818 511 sa-

299 548 661 602 ventionibus
694 552 747 601 et
778 547 1072 600 erroribus
1103 548 1307 617 plenus
1333 552 1436 614 est,
1464 554 1527 601 ut
1556 564 1673 601 non
1702 548 1888 601 solum
1921 547 1991 601 de

298 637 432 690 ﬁdei
467 637 698 690 veritate
722 636 1052 689 nullatenus
1098 637 1170 690 sit
1219 637 1623 701 consulendus,
1676 637 1770 689 sed
1816 636 1990 690 etiam

298 742 427 778 cum
460 725 595 794 ipsis
620 725 777 778 omni
806 725 1069 779 irrisione
1114 730 1170 779 et
1217 726 1581 795 despectione
1628 725 1816 795 dignis
1848 725 1990 778 scri-

296 811 412 880 ptis
459 812 596 879 suis,
647 813 757 866 nisi
815 814 1098 884 corrigere
1142 820 1199 868 et
1245 815 1551 869 emendare
1604 815 1865 868 festinet:
1905 814 1989 866 vel

298 898 442 953 sicut
506 901 742 955 demens
790 902 861 956 sit
920 903 1293 971 miserandus,
1357 905 1445 957 vel
1493 904 1636 957 sicut
1684 904 1989 957 hereticus

299 988 883 1045 anathematizandus.

946 1134 1168 1188 CAPUT
1207 1135 1346 1188 XLI.

600 1241 671 1292 De
700 1241 879 1304 tertia,
914 1255 1030 1307 que
1059 1245 1137 1293 est
1164 1240 1405 1301 Rabani,
1434 1241 1680 1308 epistola.

370 1362 556 1416 Tertia
588 1363 847 1432 epistola,
875 1380 1003 1433 que
1026 1379 1143 1416 non
1165 1363 1236 1417 ad
1262 1364 1566 1417 Ecclesiam
1588 1370 1866 1431 nostram,
1890 1364 1985 1418 sed

301 1452 368 1505 ad
401 1453 708 1521 quemdam
738 1452 985 1505 amicum
1017 1452 1328 1505 venerabili
1351 1452 1619 1522 episcopo
1642 1453 1852 1522 scripta
1882 1457 1983 1519 est,

298 1541 535 1593 assumit
566 1544 846 1610 quantum
876 1539 1041 1593 nobis
1058 1540 1301 1605 videtur,
1325 1557 1441 1593 non
1466 1542 1862 1605 necessariam,
1884 1558 1989 1594 nec

298 1629 579 1681 ullatenus
610 1629 677 1681 ad
710 1644 829 1681 rem
862 1628 930 1682 de
962 1645 1076 1698 qua
1122 1630 1416 1699 queritur,
1452 1630 1855 1699 pertinentem,
1893 1630 1986 1683 di-

295 1717 699 1787 sputationem.
738 1718 1028 1781 Queritur
1056 1734 1304 1788 namque
1322 1718 1381 1771 in
1408 1719 1676 1787 presenti
1706 1720 1984 1788 discepta-

294 1805 466 1873 tione,
520 1807 665 1859 sicut
706 1807 826 1876 jam
864 1807 1197 1877 frequenter
1242 1812 1298 1860 et
1350 1807 1747 1877 multipliciter
1812 1823 1986 1877 supra

296 1894 567 1961 diximus,
603 1911 720 1948 non
750 1895 915 1963 illud,
969 1901 1161 1948 utrum
1212 1895 1419 1964 impios
1458 1897 1601 1949 Deus
1649 1902 1704 1948 et
1757 1895 1986 1965 iniquos

293 1983 787 2052 predestinaverit
814 1985 882 2037 ad
911 1984 1094 2053 ipsam
1129 1984 1483 2053 impietatem
1513 1990 1568 2037 et
1598 1984 1981 2054 iniquitatem,

293 2072 350 2125 id
380 2076 481 2135 est,
519 2077 579 2124 ut
610 2072 771 2142 impii
809 2078 866 2125 et
898 2072 1084 2141 iniqui
1132 2078 1338 2135 essent,
1391 2078 1445 2126 et
1487 2073 1638 2127 aliud
1695 2089 1814 2126 esse
1869 2090 1985 2127 non

293 2166 563 2230 possent;
592 2161 743 2231 quod
776 2161 969 2214 nullus
999 2162 1235 2214 omnino
1281 2162 1558 2214 moderno
1595 2167 1852 2231 tempore
1898 2162 1982 2215 di-

292 2264 418 2302 cere
448 2251 531 2302 vel
566 2250 770 2303 dixisse
800 2250 1111 2303 invenitur.
1146 2250 1307 2313 Quod
1357 2257 1439 2302 est
1489 2251 1685 2321 utique
1716 2251 1985 2304 immanis

292 2341 347 2391 et
378 2338 725 2392 detestabilis
766 2339 1138 2409 blasphemia,
1174 2344 1237 2392 ut
1276 2340 1423 2392 Deus
1476 2356 1578 2394 sua
1612 2340 1981 2410 predestina-

290 2426 447 2479 tione
494 2427 656 2497 quasi
702 2432 896 2481 auctor
941 2428 1013 2480 sit
1070 2428 1432 2498 impietatum
1482 2433 1537 2481 et
1584 2428 1979 2499 iniquitatum,

293 2514 512 2584 aliquos
542 2515 751 2584 impios
800 2520 857 2569 et
904 2515 1133 2586 iniquos
1178 2532 1300 2569 esse
1353 2516 1641 2585 coegerit;
1698 2518 1795 2570 sed
1838 2517 1981 2571 illud

291 2602 482 2672 potius
530 2603 805 2672 queritur
846 2608 1035 2657 utrum
1083 2621 1179 2656 eos
1227 2620 1371 2674 quos
1416 2606 1693 2658 veraciter
1743 2606 1981 2659 omnino

290 2691 590 2760 prescivit,
623 2692 859 2761 proprio
894 2692 1026 2746 vitio
1056 2692 1265 2762 impios
1297 2698 1353 2746 et
1379 2693 1607 2763 iniquos
1650 2693 1893 2760 futuros,
1929 2699 1984 2747 et

291 2777 351 2831 in
399 2779 516 2831 suis
560 2779 951 2848 impietatibus
995 2786 1167 2850 atque
1234 2780 1638 2850 iniquitatibus
1684 2798 1862 2852 usque
1912 2781 1982 2835 ad

291 2872 533 2921 mortem
581 2874 1046 2938 perseveraturos
1084 2870 1240 2938 justo
1276 2869 1494 2939 judicio
1546 2886 1647 2923 suo
1700 2871 1985 2940 predesti-

293 2956 514 3010 naverit
551 2963 765 3011 eterno
818 2958 1100 3026 supplicio
1168 2958 1529 3027 puniendos;
1598 2964 1795 3011 auctor
1849 2975 1981 3012 vero

2099 547 2254 600 Iutis.
2289 568 2316 595 ›)

2754 669 3131 711 RESPONSIO.

2169 764 2233 817 In
2271 763 2480 832 quibus
2538 761 2726 816 verbis
2782 763 3036 832 primum
3087 761 3349 816 heresim
3400 766 3456 815 et
3498 761 3819 815 hereticos

2099 852 2372 913 nominat,
2405 851 2505 921 qui
2552 851 2620 904 de
2652 851 2846 904 divina
2885 851 3387 921 predestinatione
3420 852 3498 903 ita
3546 852 3816 920 sapiunt,

2097 945 2163 995 ut
2209 940 2371 1010 juxta
2426 940 2825 993 auctoritatem
2880 941 3305 1009 Scripturarum
3365 946 3423 992 et
3467 946 3819 992 sanctorum

2100 1030 2332 1082 Patrum
2366 1043 2493 1081 eam
2522 1027 2582 1080 in
2619 1033 2921 1097 utramque
2970 1033 3188 1098 partem
3222 1034 3277 1081 et
3307 1028 3627 1081 electorum
3662 1027 3819 1079 scili-

2097 1122 2185 1170 cet
2218 1122 2271 1170 et
2298 1116 2676 1187 reproborum
2706 1116 2953 1170 ﬁdeliter
2983 1117 3219 1170 credant
3247 1121 3309 1169 ut
3337 1121 3393 1169 et
3423 1117 3559 1170 illos
3612 1116 3815 1169 omni-

2097 1211 2299 1275 potens
2335 1207 2481 1259 Deus
2511 1221 2720 1274 magna
2752 1206 3009 1259 bonitate
3058 1222 3157 1259 sua
3187 1206 3540 1259 eternaliter
3569 1204 3817 1274 prede-

2098 1294 2393 1348 stinaverit
2432 1293 2500 1346 ad
2547 1294 2817 1363 gloriam;
2862 1299 2917 1346 et
2967 1294 3103 1347 istos
3143 1310 3350 1363 magna
3398 1294 3685 1364 equitate
3726 1294 3816 1361 ju-

2097 1383 2230 1437 dicii
2278 1383 2367 1436 sui
2419 1382 2907 1452 predestinaverit
2946 1382 3013 1435 ad
3054 1398 3312 1451 penam:
3354 1386 3409 1434 et
3462 1381 3600 1433 ideo
3645 1395 3815 1449 pror-

2096 1487 2189 1523 sus
2230 1476 2312 1525 est
2351 1471 2744 1524 admonendus
2784 1475 2839 1523 et
2877 1470 2944 1523 ad
2994 1470 3218 1539 pietatis
3271 1468 3809 1523 considerationem

2098 1561 2452 1614 revocandus
2490 1576 2561 1613 ne
2615 1559 2718 1613 sub
2766 1559 3004 1613 istorum
3052 1575 3314 1628 persona,
3368 1574 3514 1628 quos
3560 1563 3689 1610 tam
3737 1557 3814 1608 fa-

2096 1650 2202 1703 cile
2242 1649 2542 1703 hereticos
2589 1654 2769 1712 vocat,
2825 1654 3050 1700 sanctos
3098 1648 3285 1716 potius
3336 1653 3389 1700 et
3437 1647 3811 1699 venerabiles

2026 1758 2064 1811 Β
2096 1739 2314 1805 Patres,
2363 1736 2463 1808 qui
2499 1737 2577 1790 ita
2628 1736 2946 1790 docuerunt
2989 1741 3045 1789 et
3091 1736 3462 1801 deﬁnierunt,
3509 1735 3812 1789 damnare

2093 1825 2436 1880 inveniatur.

2725 1931 2951 1986 CAPUT
2994 1931 3146 1985 XLII.

2096 2055 2511 2110 Predestinatio
2540 2058 2678 2122 facit
2726 2061 2785 2110 ut
2834 2056 2989 2112 electi
3034 2072 3139 2110 non
3192 2058 3400 2125 possint
3435 2058 3643 2124 perire.
3682 2059 3805 2110 Non

2162 2132 2378 2181 econtra
2408 2128 2473 2181 de
2503 2129 2762 2195 reprobis.
2801 2131 2939 2182 Deus
2977 2143 3081 2181 non
3108 2132 3186 2180 est
3222 2134 3409 2181 auctor
3437 2127 3801 2193 perditionis.

2162 2200 2300 2252 Deus
2338 2201 2539 2252 nemini
2568 2201 2799 2266 imponit
2827 2201 3194 2252 necessitatem
3216 2198 3497 2266 peccandi.

2162 2322 2321 2386 Quod
2356 2326 2546 2375 autem
2582 2322 2732 2385 dicit,
2775 2322 2844 2376 de
2901 2322 3016 2376 illis
3064 2338 3209 2393 quos
3255 2322 3554 2375 hereticos
3603 2328 3799 2391 putat,

2096 2434 2121 2461 «
2152 2412 2288 2482 quia
2315 2411 2384 2464 de
2417 2412 2532 2464 Deo
2562 2410 2712 2464 bono
2745 2414 2801 2464 et
2826 2412 2979 2480 justo
3030 2416 3147 2464 tam
3195 2411 3459 2480 nequiter
3506 2412 3797 2471 sentiunt,

2092 2506 2155 2555 ut
2205 2501 2395 2555 dicant
2443 2500 2566 2571 ejus
2614 2500 3174 2570 predestinationem
3226 2500 3431 2567 facere,
3480 2501 3636 2570 quod
3693 2517 3799 2553 nec

2090 2590 2262 2643 homo
2312 2590 2379 2643 ad
2432 2589 2606 2643 vitam
2673 2589 3113 2659 predestinatus
3188 2588 3370 2659 possit
3422 2589 3481 2641 in
3537 2595 3797 2642 mortem

2089 2678 2359 2747 incidere,
2393 2694 2496 2732 nec
2531 2678 2601 2731 ad
2648 2684 2887 2731 mortem
2946 2677 3389 2747 predestinatus
3447 2680 3563 2731 ullo
3612 2680 3794 2731 modo

2091 2784 2149 2821 se
2203 2767 2377 2837 possit
2428 2768 2494 2820 ad
2547 2768 2720 2820 vitam
2778 2782 3137 2836 recuperare,
3188 2786 3214 2816 ι)
3274 2767 3643 2821 manifestum
3710 2773 3797 2819 est

2093 2856 2249 2909 nullo
2277 2855 2447 2908 modo
2497 2872 2616 2907 esse
2667 2855 3050 2921 mendacium,
3094 2855 3190 2907 sed
3224 2855 3603 2908 certissimam
3646 2855 3797 2907 veri-

2092 2948 2290 3011 tatem,
2348 2960 2518 3013 quam
2552 2960 2750 2996 omnes
2798 2943 2994 2996 ﬁdeles
3043 2943 3302 3007 credunt,
3334 2948 3390 2995 et
3417 2943 3792 3007 conﬁtentur,

290 3044 470 3114 ipsius
502 3046 755 3114 epistole
788 3046 985 3099 relicta
1034 3047 1138 3099 hac
1186 3046 1435 3099 secunda
1475 3048 1817 3116 questione,

2282 3032 2528 3097 bonitas,
2584 3038 2641 3085 et
2672 3032 2855 3101 gratia
2895 3031 3101 3084 divine
3146 3031 3669 3102 predestinationis
3706 3032 3790 3085 fa-

290 3134 348 3186 in
379 3134 649 3203 presenti
698 3134 851 3203 apud
900 3134 1106 3186 multos
1152 3140 1429 3199 versatur,
1479 3141 1679 3188 contra
1725 3135 1977 3204 priorem

290 3222 479 3291 potius
511 3222 747 3292 impiam
782 3222 1112 3291 opinionem
1145 3223 1388 3289 laborat,
1432 3229 1487 3276 et
1518 3229 1703 3277 totum
1735 3224 1983 3293 disputa-

289 3310 463 3364 tionis
501 3327 619 3363 sue
648 3326 971 3363 sermonem
1011 3312 1079 3363 ad
1116 3311 1221 3364 hoc
1261 3311 1461 3381 dirigit
1508 3312 1657 3381 quod
1706 3313 1852 3365 Deus
1880 3312 1977 3365 bo-

292 3415 397 3452 nus
420 3404 477 3453 et
520 3399 707 3467 justus
758 3414 1053 3469 nunquam
1102 3398 1271 3452 alicui
1327 3415 1445 3452 esse
1494 3400 1748 3468 potuerit
1791 3416 1978 3469 causa,

288 3489 373 3542 vel
425 3489 608 3558 origo,
674 3488 757 3541 vel
810 3494 1008 3541 auctor
1055 3488 1269 3557 peccati
1318 3494 1374 3541 et
1420 3488 1778 3558 iniquitatis:
1829 3490 1981 3559 quod

290 3593 487 3631 omnes
516 3579 598 3645 (ut
627 3577 840 3631 dictum
875 3578 980 3647 est)
1014 3578 1211 3631 ﬁdeles
1229 3577 1477 3631 ﬁdeliter
1505 3582 1560 3630 et
1588 3577 1983 3631 indubitanter

288 3665 573 3719 fatentur:
617 3667 833 3720 nullam
880 3672 1075 3720 tamen
1124 3682 1244 3719 esse
1293 3666 1545 3720 divinam
1604 3667 1976 3737 predestina-

288 3753 507 3807 tionem
538 3770 672 3823 erga
698 3756 913 3823 justam
934 3755 1364 3809 damnationem
1407 3756 1741 3808 eorumdem
1783 3755 1984 3825 impio-

288 3858 418 3895 rum
448 3848 504 3895 et
536 3843 892 3914 iniquorum,
929 3848 985 3897 et
1017 3843 1411 3896 tantummodo
1442 3843 1501 3896 in
1557 3848 1716 3912 parte
1767 3844 1981 3897 electo-

288 3946 417 3984 rum
449 3948 569 3985 esse
600 3932 968 3997 credendam,
1002 3933 1189 3985 verbis
1230 3932 1452 4002 prefati
1486 3932 1684 3999 libelli,
1728 3933 1827 4003 qni
1856 3934 1983 4001 Hy-

284 4022 635 4089 pognosticon
692 4021 917 4083 dicitur,
979 4020 1270 4074 aflirmare
1337 4020 1650 4077 contendit.
1714 4022 1868 4076 Unde
1926 4028 1983 4076 et

289 4108 425 4177 quia
454 4108 573 4177 ipse
604 4114 735 4161 ante
754 4124 953 4161 omnes
974 4109 1073 4179 qui
1102 4109 1381 4161 moderno
1411 4114 1669 4180 tempore
1691 4110 1981 4180 scripsisse

289 4196 618 4249 referuntur
647 4196 717 4249 de
748 4198 853 4249 hac
886 4212 947 4250 re
977 4196 1225 4267 scripsit,
1268 4198 1391 4266 ejus
1436 4197 1543 4250 sibi
1584 4197 1981 4251 auctoritatem

290 4284 453 4354 sequi
483 4284 750 4338 videntur
789 4285 888 4355 qui
936 4284 1200 4337 similiter
1241 4285 1309 4338 de
1358 4286 1558 4339 eadem
1609 4285 1800 4339 divina
1834 4302 1980 4356 pre-

290 4373 670 4427 destinatione
732 4374 984 4427 sentiunt
1033 4379 1089 4426 et
1132 4373 1464 4427 defendunt.
1530 4374 1675 4427 Dicit
1734 4390 1983 4445 namque

288 4463 411 4533 ipse
439 4462 631 4516 statim
663 4462 722 4515 in
753 4461 1089 4532 prefatione
1122 4460 1300 4531 ipsius
1333 4462 1587 4530 epistole
1617 4462 1695 4514 ita
1727 4478 1739 4515 :

980 4601 1299 4640 RABANUS.

364 4730 391 4761 α
427 4711 504 4764 De
531 4709 756 4776 heresi,
778 4726 950 4781 quam
978 4710 1214 4781 quidam
1246 4711 1315 4764 de
1346 4710 1851 4780 predestinatione
1885 4711 1985 4766 Dei

289 4799 478 4870 iniqui
524 4799 779 4852 condunt
822 4805 1097 4866 errantes,
1149 4807 1205 4852 et
1251 4801 1393 4852 alios
1440 4800 1497 4852 in
1552 4815 1806 4852 errorem
1862 4802 1987 4854 mit-

291 4892 494 4955 tentes,
539 4888 806 4941 convenit
839 4888 989 4942 inter
1018 4905 1138 4955 nos,
1189 4895 1251 4943 ut
1298 4889 1369 4942 de
1414 4887 1621 4942 divinis
1659 4888 1983 4959 Scripturis,

292 4983 347 5032 et
373 4979 442 5031 de
488 4978 939 5031 orthodoxorum
980 4979 1209 5031 Patrum
1245 4978 1545 5031 sententiis
1579 4978 1808 5048 aliquod
1842 4994 1986 5049 opu-

293 5068 512 5120 sculum
555 5066 916 5129 conﬁcerem,
973 5065 1042 5119 ad
1100 5066 1552 5120 convincendum
1599 5082 1852 5119 errorem
1899 5082 1989 5120 eo-

292 5171 420 5208 rum
451 5155 549 5225 qui
579 5156 647 5209 de
680 5156 791 5210 Deo
827 5154 975 5207 bono
1006 5159 1061 5207 et
1086 5154 1240 5223 justo
1268 5159 1382 5207 tam
1414 5154 1681 5225 nequiter
1711 5155 1983 5221 sentiunt,

292 5249 357 5296 ut
389 5244 578 5298 dicant
630 5244 752 5314 ejus
801 5244 1367 5314 predestinationem
1415 5244 1618 5310 facere,
1675 5244 1831 5314 quod
1882 5260 1985 5297 nec

294 5332 467 5385 homo
500 5334 567 5387 ad
597 5334 769 5386 vitam
802 5332 1238 5403 predestinatus
1271 5332 1453 5401 possit
1500 5333 1557 5385 in
1608 5339 1849 5386 mortem
1892 5333 1987 5386 in-

295 5418 503 5481 cidere,
547 5437 650 5473 nec
705 5422 774 5474 ad
834 5425 1075 5473 mortem
1135 5421 1591 5489 predestinatus,
1647 5421 1763 5474 ullo
1816 5421 1987 5474 modo

299 5522 357 5557 se
384 5508 561 5574 possit
591 5508 658 5559 ad
705 5508 877 5560 vitam
910 5524 1268 5578 recuperare.
1304 5509 1444 5562 Cum
1488 5513 1681 5561 auctor
1727 5509 1986 5562 omnium

300 5610 489 5647 rerum
554 5595 813 5648 conditor
870 5597 1018 5650 Deus
1099 5602 1435 5650 naturarum
1514 5597 1727 5651 nullius
1809 5598 1988 5651 ruine

2091 3121 2200 3173 ciat
2233 3126 2295 3174 ut
2324 3136 2393 3173 ex
2426 3120 2512 3172 his
2543 3120 2643 3190 qui
2688 3120 3080 3189 predestinati
3128 3125 3261 3173 sunt
3313 3119 3384 3173 ad
3420 3119 3593 3172 vitam
3628 3125 3797 3173 eter-

2089 3225 2241 3273 nam,
2278 3224 2446 3262 nemo
2476 3209 2655 3278 possit
2682 3208 2928 3262 incidere
2955 3208 3011 3260 in
3041 3212 3283 3261 mortem
3313 3213 3614 3262 aeternam.
3635 3210 3795 3262 Hanc

2091 3298 2247 3352 enim
2274 3296 2708 3367 perseverantie
2732 3296 3096 3349 stabilitatem
3114 3302 3169 3350 et
3194 3297 3525 3350 ﬁrmitatem
3555 3298 3615 3349 in
3639 3298 3793 3350 bono

2089 3386 2160 3440 ab
2217 3402 2283 3439 eo
2323 3391 2682 3454 acceperunt,
2727 3386 2827 3455 qui
2865 3385 3105 3454 rogavit,
3148 3391 3205 3439 et
3244 3391 3408 3454 rogat
3447 3402 3550 3454 pro
3589 3387 3673 3438 eis
3720 3403 3792 3440 ne

2091 3474 2319 3528 deﬁciat
2348 3474 2486 3527 ﬁdes
2526 3474 2783 3543 ipsorum
2826 3474 2970 3527 sicnt
3003 3475 3122 3544 ipse
3170 3475 3239 3528 ad
3279 3474 3510 3527 beatum
3552 3476 3789 3528 Petrum

2090 3562 2260 3616 dicit:
2295 3583 2321 3610 (ι
2350 3563 2464 3631 Ego
2505 3567 2696 3616 autem
2738 3564 2934 3631 rogavi
2986 3578 3090 3631 pro
3143 3568 3217 3627 te,
3279 3567 3342 3615 ut
3402 3579 3513 3616 non
3560 3564 3791 3617 deﬁciat

2090 3651 2232 3704 ﬁdes
2263 3655 2362 3704 tua
2393 3650 2545 3717 (Luc.
2581 3667 2713 3715 xxu,
2755 3650 2867 3721 32).
2902 3672 2929 3698 ››
2966 3652 3030 3704 Et
3067 3651 3179 3704 alio
3213 3651 3337 3703 loco
3389 3651 3683 3719 Evangelii
3721 3652 3789 3704 de

2090 3740 2303 3794 eisdem
2339 3739 2529 3793 electis
2560 3740 2676 3791 suis
2709 3738 2876 3793 dicit:
2913 3761 2938 3786 ‹‹
2974 3740 3038 3792 Et
3069 3754 3174 3809 ego
3204 3739 3373 3792 vitam
3405 3743 3685 3791 eternam
3716 3739 3789 3792 do

2089 3828 2191 3893 eis,
2236 3833 2292 3882 et
2334 3844 2453 3881 non
2506 3828 2775 3897 peribunt
2831 3828 2889 3881 in
2939 3833 3219 3881 eternum
3275 3828 3455 3894 (Joan.
3496 3843 3550 3893 χ,
3617 3828 3726 3895 18).
3762 3850 3787 3875 ››

2090 3917 2251 3982 Quod
2283 3922 2475 3970 autem
2515 3917 2715 3970 eadem
2754 3916 2944 3971 divina
2982 3916 3406 3987 predestinatio
3448 3917 3557 3971 hoc
3597 3917 3658 3969 in
3702 3933 3788 3969 re-

2089 4006 2287 4077 probis
2316 4010 2448 4075 agat
2470 4011 2529 4058 ut
2562 4022 2618 4058 se
2650 4005 2718 4059 ad
2751 4007 2929 4060 Deum
2958 4005 3359 4071 convertendo,
3391 4010 3449 4058 et
3479 4006 3538 4057 in
3583 4005 3791 4058 melius

2089 4094 2497 4149 commutando
2546 4110 2715 4147 nemo
2755 4110 2955 4147 eorum
2996 4093 3171 4163 possit
3208 4110 3267 4146 se
3314 4094 3380 4146 ad
3423 4094 3597 4147 vitam
3639 4110 3793 4147 recu-

2091 4199 2312 4255 perare,
2342 4182 2505 4252 quasi
2539 4182 2902 4252 omnipotens
2936 4184 3083 4236 Deus
3116 4182 3290 4254 (quod
3314 4182 3484 4251 absit)
3520 4199 3623 4235 sua
3652 4199 3791 4252 pre-

2092 4271 2471 4326 destinatione
2494 4271 2575 4324 eis
2596 4271 2938 4340 imposuerit
2958 4273 3352 4325 necessitatem
3382 4272 3531 4323 male
3554 4271 3792 4339 agendi,

2022 4352 2065 4406 D
2093 4367 2151 4415 et
2180 4360 2239 4413 in
2265 4359 2381 4413 suis
2409 4359 2573 4413 malis
2607 4360 3033 4430 perseverandi,
3082 4362 3187 4427 hoc
3218 4360 3455 4413 omnino
3501 4360 3701 4413 nullus
3735 4359 3794 4412 ﬁ-

2092 4449 2308 4504 delium
2344 4448 2518 4502 dicit:
2549 4449 2683 4519 quia
2730 4453 3018 4502 auctorem
3070 4465 3311 4518 operum
3361 4454 3417 4501 et
3449 4448 3794 4501 meritorum

2093 4538 2379 4592 malorum
2424 4538 2603 4590 Deum
2648 4553 2767 4590 esse
2800 4554 2917 4591 non
2948 4537 3143 4591 credit.
3176 4537 3336 4601 Quod
3377 4537 3532 4589 enim
3578 4536 3794 4605 impius

2094 4630 2152 4681 et
2176 4626 2412 4695 iniquus
2462 4625 2615 4678 mala
2663 4640 2764 4678 sua
2803 4625 3141 4694 corrigendo
3188 4631 3245 4678 et
3292 4624 3545 4677 divinam
3581 4624 3796 4676 miseri.

2095 4714 2346 4768 cordiam
2392 4713 2754 4783 implorando
2806 4730 3142 4784 recuperare
3182 4730 3240 4767 se
3289 4713 3466 4782 possit
3495 4713 3565 4766 ad
3618 4713 3795 4765 vitam

2093 4807 2336 4857 testatur
2390 4803 2513 4872 ipse
2598 4802 2877 4856 Dominus
2938 4818 3041 4872 per
3116 4801 3478 4871 prophetam,
3554 4799 3792 4853 dicens:

2099 4911 2125 4943 «
2158 4891 2320 4956 Quod
2353 4890 2400 4943 si
2435 4890 2706 4944 averterit
2749 4906 2807 4943 se
2859 4891 3071 4961 impius
3110 4890 3177 4943 ab
3232 4890 3528 4959 impietate
3580 4905 3705 4952 sua,
3737 4894 3793 4942 et

2094 4979 2291 5035 fecerit
2350 4978 2635 5049 judicium
2684 4983 2740 5032 et
2790 4978 3098 5049 justitiam,
3149 4979 3270 5049 ipse
3315 4978 3568 5030 animam
3632 4993 3796 5029 suam

2095 5067 2401 5121 viviﬁcabit
2450 5068 2660 5138 (Ezech.
2718 5083 2872 5133 XVIII,
2927 5066 3041 5136 27.)
3091 5088 3117 5115 ››
3181 5066 3458 5121 Similiter
3512 5069 3568 5118 et
3623 5065 3683 5117 in
3731 5080 3797 5118 eo

2096 5156 2249 5227 quod
2271 5156 2493 5210 addidit
2523 5175 2550 5206 ‹(
2576 5155 2711 5226 quia
2736 5157 2881 5211 Deus
2904 5156 3117 5210 nullius
3130 5155 3310 5209 ruine
3337 5160 3505 5223 atque
3522 5154 3797 5208 interitus

2096 5260 2266 5298 causa
2298 5243 2389 5297 sit.
2426 5262 2454 5295 )›
2487 5244 2687 5298 Nullus
2716 5244 2951 5298 omnino
2981 5242 3237 5297 ﬁdelium
3266 5241 3627 5307 contradicit,
3663 5242 3799 5311 quia

2095 5349 2266 5387 nemo
2298 5334 2475 5386 Deum
2501 5338 2789 5387 auctorem
2814 5334 2996 5387 ruine
3020 5338 3075 5386 et
3097 5332 3434 5403 perditionis
3455 5331 3795 5400 impiorum,

2097 5421 2193 5475 sed
2221 5420 2614 5474 tantummodo
2640 5421 2811 5490 juste
2848 5436 3049 5474 eorum
3078 5419 3483 5485 damnationis,
3523 5423 3581 5471 et
3623 5418 3797 5486 puni-

2096 5508 2269 5562 tionis
2303 5514 2593 5562 auctorem
2624 5509 2823 5562 credit.
2859 5509 2991 5562 Tale
3026 5512 3109 5561 est
3135 5514 3192 5563 et
3236 5508 3375 5563 illud
3411 5507 3567 5578 quod
3602 5506 3663 5560 in
3694 5506 3798 5559 ini-

2097 5597 2176 5651 tio
2205 5596 2397 5651 statim
2429 5596 2689 5666 epistole
2718 5595 2886 5666 ponit
2914 5600 2971 5650 et
2998 5596 3170 5651 dicit:
