3884 6218
60 304 178 355 1037

750 453 1066 493 RABANUS.

118 546 139 572 νε
177 526 267 579 Ita
302 530 368 578 ut
401 527 637 596 quidam
669 542 869 580 eorum
893 526 1231 595 perditionis
1264 543 1379 581 suae
1402 525 1753 580 conditorem

56 630 207 667 suum
236 620 507 669 asseraut
539 620 847 678 auctorem,
880 615 1133 669 dicentes
1163 616 1339 686 quod,
1374 616 1518 669 sicut
1551 614 1608 668 hi
1657 613 1755 684 qui

56 704 413 775 przescientia
458 705 559 758 Dei
607 720 670 758 ac
718 704 1219 775 praedestinatione
1275 705 1572 758 convocati
1625 707 1757 756 sunt

57 794 112 846 ad
138 793 585 863 percipiendam
610 793 851 863 gloriam
883 797 1110 846 aeterna:
1143 794 1291 859 vitae,
1327 794 1403 845 ita
1436 798 1491 846 et
1530 792 1612 845 illi
1657 791 1756 862 qui

59 882 115 934 ad
141 889 436 935 aeternum
487 882 780 935 interitum
833 882 1069 949 vadunt,
1102 882 1607 951 praedestinatione
1655 880 1755 934 Dei

59 975 355 1039 cogantur,
390 985 507 1023 non
539 986 703 1040 posse
743 970 980 1023 evadere
1015 971 1335 1023 interitum.
1370 989 1397 1021 υ

716 1090 1096 1133 RESPONSIO.

116 1162 281 1226 Quod
316 1163 526 1234 utique
560 1181 731 1217 nemo
762 1164 932 1218 dicit:
967 1164 1110 1227 Quia
1140 1179 1337 1218 omnes
1367 1163 1531 1234 impii
1561 1168 1615 1218 et
1644 1164 1753 1218 ini-

59 1252 145 1322 qui
170 1267 282 1321 pro
319 1252 442 1305 suis
472 1252 860 1323 impietatibus
898 1257 953 1305 et
986 1251 1385 1322 iniquitatibus
1427 1254 1580 1322 juste
1625 1268 1754 1323 per-

59 1346 275 1405 euntes,
312 1357 429 1395 non
463 1341 675 1395 habent
708 1345 885 1396 Deum
918 1346 1207 1394 auctorem
1248 1341 1584 1411 perditionis
1616 1359 1753 1409 sum,

59 1429 183 1499 quia
232 1429 354 1499 ipsi
408 1446 511 1483 suo
562 1429 767 1483 merito
825 1430 1144 1499 perierunt,
1202 1429 1302 1483 sed
1359 1430 1754 1485 tantummodo

64 1524 351 1571 auctorem
394 1535 579 1588 paenae
630 1524 684 1571 et
728 1518 1127 1584 damnationis,
1175 1535 1347 1589 quam
1388 1519 1543 1587 juste
1588 1535 1755 1572 exce—

60 1610 287 1674 perunt.
322 1607 406 1659 Ita
457 1609 512 1659 et
561 1605 713 1677 quod
746 1605 844 1671 ait,
876 1606 1007 1659 illos
1046 1622 1190 1676 quos
1246 1612 1407 1677 putat
1454 1607 1755 1661 haereticos

64 1694 260 1747 dicere.

753 1798 1071 1837 RABANUS.

127 1892 153 1917 ει
193 1869 347 1933 Quia
377 1870 460 1923 illi
486 1870 586 1941 qui
618 1870 684 1925 ad
714 1875 993 1925 aeternum
1024 1871 1319 1925 interitum
1352 1870 1583 1938 vadunt,
1615 1888 1759 1942 pra:-

64 1958 445 2013 destinatione
473 1959 573 2013 Dei
602 1963 881 2029 cogantur
911 1975 1030 2013 non
1058 1976 1226 2030 posse
1275 1960 1510 2014 evadere
1553 1960 1757 2014 interi-

67 2054 195 2099 tum.
230 2066 259 2097 ι

722 2151 1094 2192 RESPONSIO.

131 2241 309 2294 Nemo
342 2242 583 2295 omnino
617 2242 752 2295 dicit
782 2242 919 2312 quia
949 2243 1104 2313 quod
1152 2241 1316 2312 impii
1342 2243 1413 2296 ad
1458 2242 1756 2295 interitum

72 2330 293 2396 vadunt,
328 2331 630 2400 proprium
668 2331 924 2401 ipsorum
975 2337 1059 2385 est
1110 2330 1333 2396 vitium,
1383 2347 1493 2384 non
1548 2330 1757 2383 divinae

74 2418 579 2487 predestinationis
621 2419 1045 2489 prazjudicium,
1080 2436 1183 2473 nec
1232 2420 1428 2473 eadem
1460 2419 1560 2473 Dei
1602 2435 1757 2489 prae-

74 2504 445 2558 destinatione
492 2511 778 2576 coguntur
810 2523 925 2560 non
958 2524 1122 2577 posse
1182 2508 1442 2573 evadere,
1500 2509 1601 2561 sed
1657 2524 1757 2561 sua

74 2595 623 2662 perseverantissime
674 2595 978 2667 iniquitate
1050 2613 1221 2666 quam
1277 2597 1598 2667 relinquere
1659 2612 1758 2650 n0-

76 2681 311 2751 luerunt,
345 2683 553 2738 merito
579 2691 869 2755 coguntur
908 2686 1114 2756 perire.
1160 2685 1430 2756 Sequitur
1460 2686 1518 2738 in
1554 2685 1753 2739 eadem

74 2771 318 2839 epistola.

759 2878 1074 2917 RABANUS.

134 2988 157 3013 ‹‹
188 2967 334 3030 Quia
363 2968 523 3021 nullo
555 2968 725 3021 modo
755 2969 850 3021 ille
878 2969 977 3039 qui
1002 2973 1208 3022 cuncta
1238 2969 1386 3023 bona
1426 2968 1657 3033 creavit,
1702 2973 1759 3021 et

76 3056 339 3109 sanabiles
372 3056 508 3109 fecit
551 3056 810 3110 nationes
839 3058 994 3111 orbis
1048 3064 1352 3119 terrarum,
1407 3062 1579 3127 atque
1636 3057 1758 3111 vult
1796 3044 1835 3099 C-

73 3160 255 3197 omnes
290 3145 555 3198 homines
586 3147 769 3199 salvos
792 3146 937 3206 ﬁeri,
972 3152 1028 3200 et
1054 3146 1125 3199 ad
1158 3147 1513 3215 agnitionem
1547 3146 1752 3201 verita-

76 3231 133 3283 tis
164 3233 378 3299 venire,
413 3234 665 3303 aliquem
696 3233 847 3300 cogit
875 3234 1133 3288 interire.
1168 3256 1195 3284 ››

725 3354 1102 3395 RESPONSIO.

137 3446 197 3498 Et
227 3446 338 3499 hoc
368 3445 607 3499 omnino
637 3462 833 3499 verum
859 3450 960 3511 est,
988 3447 1123 3517 quia
1154 3446 1371 3500 nemini
1396 3448 1544 3501 Deus
1570 3446 1758 3517 impo-

78 3534 149 3585 nit
174 3534 572 3587 necessitatem
606 3534 906 3604 pereundi,
940 3535 1085 3588 sicut
1123 3535 1340 3589 nemini
1372 3535 1620 3605 imponit
1666 3551 1761 3589 ne-

80 3622 378 3675 cessitatem
442 3623 590 3675 male
658 3622 894 3692 agendi;
956 3623 1352 3694 unusquisque
1428 3623 1581 3677 enim
1654 3624 1762 3677 sibi

79 3719 259 3765 auctor
286 3718 372 3765 est
406 3711 723 3782 iniquitatis
745 3727 878 3775 suae,
916 3716 1114 3765 auctor
1141 3718 1225 3765 est
1248 3712 1589 3780 perditionis
1618 3729 1758 3779 suae,

82 3800 127 3847 et
152 3798 353 3866 Deum,
392 3814 563 3867 quem
597 3813 712 3849 non
747 3797 916 3849 habet
949 3803 1239 3852 auctorem
1267 3800 1448 3870 culpa:
1488 3816 1626 3867 suae,
1659 3800 1757 3853 ha-

79 3884 158 3939 bet
181 3893 478 3941 auctorem
502 3887 832 3957 justissima:
862 3903 1045 3956 poenze
1079 3904 1214 3942 sum.
1242 3890 1381 3942 Item
1412 3889 1508 3943 ibi.

755 4008 1070 4049 RABANUS.

141 4120 165 4149 ι
203 4100 264 4154 Si
304 4099 484 4167 enim,
517 4099 829 4153 secundum
860 4100 1009 4170 ipsos
1057 4100 1158 4171 qui
1183 4100 1315 4154 talia
1347 4100 1620 4166 sentiunt,
1663 4100 1762 4154 Dei

83 4189 491 4255 praedestinatio
543 4188 787 4242 invitum
834 4188 1128 4243 hominem
1172 4205 1428 4259 peccare,
1476 4189 1761 4259 quomodo

76 4277 210 4343 justo
233 4277 457 4346 judicio
493 4278 639 4329 Deus
679 4278 914 4330 damnat
943 4284 1297 4347 peccantem,
1330 4294 1457 4332 cum
1511 4279 1605 4332 ille
1641 4294 1759 4333 non

82 4365 378 4431 voluntate,
413 4366 508 4419 sed
544 4366 876 4420 necessitate
900 4368 1237 4435 peccaverit.
1280 4388 1301 4415 ι

726 4488 1104 4529 RBSPONSIO.

139 4582 197 4635 Et
226 4583 355 4647 hoc,
385 4580 532 4634 sicut
562 4581 732 4635 etiam
763 4582 879 4648 illa,
910 4599 1037 4652 quae
1065 4598 1235 4652 supra
1266 4583 1414 4636 dicta
1438 4586 1587 4650 sunt,
1617 4582 1761 4637 nihil

85 4669 135 4721 ad
161 4674 508 4740 praesentem
538 4670 785 4739 pertinet
825 4672 1200 4740 quaestionem
1233 4686 1244 4724 :
1282 4673 1456 4725 Nemo
1486 4672 1638 4724 enim
1686 4672 1764 4725 ita

86 4760 241 4812 sentit
268 4765 368 4812 aut
396 4757 537 4811 dicit
566 4758 718 4827 quod
754 4759 851 4812 Dei
884 4759 1313 4828 praedestinatio
1342 4762 1591 4829 aliquem
1618 4760 1761 4813 invi-

82 4849 181 4901 tum
218 4847 392 4900 faciat
439 4862 693 4916 peccare,
730 4852 793 4900 ut
830 4848 950 4916 jam
995 4863 1109 4901 non
1160 4848 1411 4917 propria;
1452 4848 1761 4901 voluntatis

81 4936 459 5003 perversitate,
492 4935 591 4987 sed
633 4935 841 4988 divinae
878 4936 1398 5005 praedestinationis
1428 4938 1762 4991 necessitate

82 5038 293 5091 peccare
324 5023 610 5077 videatur.
643 5024 749 5077 Sed
776 5024 884 5077 hoc
932 5024 1047 5093 agit
1078 5024 1268 5078 divina
1311 5024 1759 5093 praedestinatio,

80 5112 246 5182 utqui
276 5113 472 5165 volens
526 5117 742 5180 peccat,
775 5117 832 5165 et
869 5113 1064 5165 volens
1105 5112 1163 5165 in
1196 5112 1439 5182 peccatis
1487 5112 1602 5165 suis
1631 5128 1761 5182 per-

82 5207 301 5267 severat,
357 5200 563 5254 nolens
609 5200 767 5270 justo
820 5201 1036 5269 judicio
1099 5202 1391 5271 puniatur.
1454 5203 1592 5256 Item
1638 5206 1765 5272 post

82 5288 356 5361 aliquanta
386 5290 669 5360 sequitur,
704 5293 759 5343 et
790 5288 943 5343 dicit.

754 5410 1075 5450 RABANUS.

138 5506 162 5535 α
196 5482 733 5539 Praedestinationis
763 5488 955 5537 autem
982 5483 1145 5550 fides,
1178 5482 1510 5539 ﬁrmissima
1538 5488 1763 5538 sancta-

84 5586 187 5628 rum
220 5572 565 5628 auctoritate
599 5571 1024 5642 Scripturarum
1050 5573 1273 5627 munita
1311 5578 1416 5639 est,
1450 5573 1542 5627 cui
1597 5571 1760 5626 nullo

1277 307 1479 363 LIBER
1523 308 1609 362 DE
1652 308 1901 364 TRIBUS
1942 310 2312 365 EPISTOLIS.

3420 318 3553 371 1058

1789 447 1835 497 Α
1870 440 2037 493 modo
2076 442 2158 495 fas
2190 447 2273 496 est
2303 458 2387 508 ea,
2426 459 2552 512 quae
2588 444 2659 496 ab
2706 444 3033 498 hominibus
3083 447 3231 499 male
3285 452 3554 516 aguntur,

1867 530 2091 584 ascribi.
2128 550 2154 581 ι)

2526 636 2896 677 RESPONSIO.

1939 709 2002 761 Et
2030 708 2139 761 hoc
2170 708 2614 762 nemotidelium
2645 709 2796 763 facit.
2822 711 2998 764 Nemo
3031 712 3182 765 enim
3212 728 3315 782 per
3336 713 3554 783 praede-

1866 795 2191 849 stinationis
2223 796 2433 849 divinae
2471 812 2606 865 erga
2650 799 2922 867 reprobos
2951 800 3248 853 veritatem
3304 802 3551 869 ascribit,

1868 887 1919 935 et
1950 883 2188 954 deputat
2222 884 2335 936 Deo
2366 884 2514 937 male
2545 884 2837 953 agentium
2879 884 3260 955 iniquitatem,
3294 889 3388 941 sed
3435 893 3557 941 tan-

1866 972 2165 1026 tummodo
2230 972 2567 1026 eorumdem
2640 973 3035 1042 reproborum,
3106 979 3162 1029 et
3220 977 3553 1031 eorumdem

1865 1061 2013 1115 male
2043 1060 2336 1131 agentium
2362 1061 2579 1131 justam
2611 1061 3058 1116 damnationem.

2479 1188 2701 1241 CAPUT
2749 1187 2940 1242 XLIII.

1869 1293 2058 1346 Utrum
2105 1297 2329 1361 peccata
2389 1298 2511 1362 post
2591 1293 2919 1361 baptismum
2972 1296 3201 1348 remissa
3263 1298 3313 1348 et
3385 1294 3560 1349 deleta

1934 1364 2157 1417 redeant
2200 1369 2250 1417 et
2301 1367 2637 1433 imputantur
2696 1366 2769 1418 ad
2820 1380 3038 1433 poenam
3088 1368 3138 1419 εἰ
3195 1366 3347 1418 homo
3399 1366 3556 1419 dam-

1935 1456 2116 1505 natur.

1936 1559 2211 1629 Sequitur
2236 1558 2294 1611 in
2330 1559 2530 1613 eadem
2559 1559 2817 1630 epistola.

2555 1680 2873 1719 RABANUS.

1944 1776 1964 1804 ι
2008 1754 2113 1818 Qui
2147 1753 2301 1807 enim
2333 1753 2545 1807 recedit
2583 1770 2615 1806 a
2661 1754 2883 1807 Christo
2918 1757 2974 1807 et
3021 1752 3241 1807 alienus
3290 1771 3322 1807 a
3375 1756 3560 1824 gratia

1868 1843 1995 1897 ﬁnit
2020 1844 2167 1897 hanc
2197 1843 2391 1909 vitam,
2427 1842 2561 1913 quid
2595 1842 2704 1896 nisi
2736 1842 2793 1895 in
2825 1842 3207 1911 perditionem
3235 1842 3420 1896 cadit?
3452 1844 3559 1897 Sed

1868 1948 1982 1986 non
2016 1932 2074 1985 in
2107 1933 2261 2002 quod
2311 1932 2616 1985 remissum
2651 1937 2735 1984 est
2762 1931 2973 1997 reddit,
3027 1947 3130 1984 nec
3184 1933 3241 1984 in
3294 1931 3561 2001 originali

1868 2026 2097 2092 peccato
2144 2020 2544 2086 damnabitur;
2605 2020 2702 2090 qui
2733 2026 2926 2073 tamen
2990 2026 3222 2090 propter
3272 2026 3562 2091 postrema

1867 2111 2108 2165 crimina
2141 2126 2207 2164 ea
2238 2114 2417 2163 morte
2454 2109 2753 2175 afficietur,
2788 2126 2917 2179 quae
2949 2109 2998 2162 ei
3036 2114 3276 2179 propter
3304 2110 3401 2162 illa
3432 2126 3559 2179 quae

1869 2198 2104 2252 remissa
2134 2202 2267 2250 sunt
2286 2196 2620 2249 debebatur.
2655 2215 2682 2245 π

2526 2315 2898 2355 RESPONSIO.

1939 2393 1999 2446 In
2032 2391 2238 2463 quibus
2270 2389 2456 2444 verbis
2498 2389 2647 2460 quod
2682 2389 2894 2443 dictum
2930 2393 3013 2442 est
3046 2389 3113 2442 de
3138 2388 3236 2442 illo
3268 2389 3365 2459 qui
3397 2405 3559 2444 rece-

1869 2482 1951 2536 dit
1980 2498 2009 2535 a
2040 2480 2285 2544 Christo,
2320 2484 2373 2532 et
2407 2478 2649 2549 gratiam
2690 2479 2810 2547 ejus
2856 2480 2913 2531 in
2948 2493 3005 2531 se
3040 2494 3276 2531 vacuam
3322 2478 3453 2531 fecit
3482 2483 3562 2531 at-

1867 2587 1979 2642 que
2018 2570 2095 2622 ita
2148 2568 2277 2622 ﬁnit
2324 2569 2470 2621 hanc
2518 2568 2712 2633 vitam,
2770 2582 3134 2636 nequaquam
3187 2567 3238 2619 ei
3289 2567 3562 2637 imputari

1869 2676 1971 2714 nec
2001 2658 2306 2729 originalia
2336 2674 2440 2711 nec
2471 2657 2715 2711 actualia
2757 2662 3009 2726 peccata,
3040 2673 3166 2727 quae
3210 2657 3293 2710 illi
3335 2674 3465 2711 vere
3501 2658 3561 2710 in

1867 2748 2153 2819 baptismo
2203 2746 2432 2800 fuerant
2484 2746 2740 2810 remissa,
2803 2744 2896 2798 sed
2962 2761 3026 2797 ea
3082 2746 3201 2797 sola
3250 2762 3378 2815 quae
3433 2749 3562 2814 post

1867 2836 2218 2907 baptismum
2252 2833 2494 2903 gratiam
2530 2834 2629 2886 Dei
2673 2832 2985 2886 amittendo
3021 2832 3323 2898 commisit,
3360 2848 3563 2900 magna

1867 2924 2034 2978 nobis
2068 2926 2290 2992 quastio
2332 2922 2572 2986 videtur,
2627 2936 2731 2973 nec
2781 2926 2977 2973 nostro
3036 2937 3161 2974 eam
3214 2937 3403 2987 sensu,
3463 2921 3560 2974 sed

1869 3019 2196 3068 sanctorum
2244 3012 2476 3065 Patrum
2527 3010 2880 3075 auctoritate,
2916 3015 3083 3080 prout
3140 3014 3278 3065 Deus
3319 3010 3556 3076 dederit,

1869 3102 2193 3156 solvendam
2247 3099 2551 3153 credimus.
2605 3100 2745 3152 Nam
2807 3099 3003 3152 beatus
3046 3100 3389 3164 Augustinus
3430 3115 3559 3152 cum

1870 3192 2181 3255 exponeret
2207 3186 2377 3241 verba
2408 3186 2615 3240 Psalmi
2642 3186 2740 3239 ubi
2776 3188 2831 3240 in
2876 3189 3368 3241 maledictionibus
3401 3188 3559 3242 Iudae

1868 3275 2174 3344 proditoris
2208 3275 2359 3329 inter
2404 3280 2610 3329 caetera
2664 3276 2871 3329 dicitur
2903 3279 3126 3346 (Expos.
3180 3278 3327 3331 Psal.
3380 3292 3559 3343 cxvm,

1874 3364 2064 3432 14);α
2108 3365 2168 3417 In
2205 3365 2543 3417 memoriam
2591 3365 2781 3418 redeat
2833 3365 3109 3435 iniquitas
3160 3372 3385 3435 patrum
3442 3366 3563 3436 ejus

1870 3452 1928 3504 in
1962 3458 2263 3522 conspectu
2308 3453 2552 3519 Domini,
2599 3458 2653 3506 et
2700 3460 2995 3523 peccatum
3032 3453 3228 3506 matris
3279 3454 3403 3523 ejus
3450 3469 3564 3506 non

1872 3541 2195 3594 deleatur.»
2226 3542 2307 3594 Ita
2330 3542 2387 3593 in
2411 3540 2599 3611 ipsum
2629 3542 2834 3595 Judam
2867 3541 2972 3594 lioc
2996 3541 3363 3594 maledictum
3390 3542 3566 3595 adim-

1868 3629 2086 3700 pletum
2146 3645 2264 3683 esse
2332 3630 2583 3698 exponit,
2668 3630 2903 3683 dicens:
2976 3628 3051 3700 [Si
3126 3630 3296 3683 Judas
3344 3634 3566 3683 teneret

1870 3718 2007 3772 illud
2041 3718 2108 3771 ad
2147 3718 2301 3788 quod
2334 3723 2563 3771 vocatus
2614 3722 2716 3783 est,
2756 3718 2912 3771 nullo
2944 3718 3116 3770 modo
3166 3718 3236 3771 ad
3289 3734 3420 3771 eum
3474 3718 3562 3771 vel

1872 3825 1973 3860 sua
2030 3806 2338 3877 praeterita,
2409 3806 2493 3859 vel
2543 3811 2849 3875 parentum
2906 3806 3177 3876 iniquitas
3222 3806 3560 3874 pertineret.

1870 3897 2015 3961 Quia
2045 3912 2181 3967 ergo
2215 3912 2327 3948 non
2357 3895 2540 3948 tenuit
2569 3895 2931 3964 adoptionem
2966 3894 3022 3947 in
3053 3894 3267 3947 familia
3312 3894 3433 3960 Dei,
3467 3894 3563 3948 sed

1871 3986 2236 4057 iniquitatem
2269 3985 2473 4037 vetusti
2531 3983 2755 4053 generis
2808 3983 2997 4053 potius
3058 3982 3251 4051 elegit,
3313 4003 3340 4031 ‹‹
3392 3982 3565 4035 rediit

1872 4074 2144 4144 iniquitas
2174 4078 2402 4143 patrum
2431 4072 2553 4141 ejus
2588 4072 2645 4124 in
2685 4076 2989 4141 conspectu
3034 4069 3283 4135 Domini,
3317 4088 3341 4122 ι
3386 4074 3451 4123 ut
3503 4070 3564 4123 in

1871 4180 1939 4216 ea
1968 4163 2139 4216 etiam
2173 4162 2292 4232 ipse
2316 4162 2636 4231 puniretur.
2672 4162 2738 4214 Et
2763 4165 3055 4229 peccatum
3092 4159 3284 4212 matris
3309 4159 3431 4228 ejus
3448 4174 3563 4212 non

1872 4257 1954 4305 est
2014 4250 2073 4303 in
2122 4268 2187 4303 eo
2236 4248 2529 4322 deletum]
2596 4250 2868 4319 Sequitur
2928 4254 3116 4302 autem
3172 4246 3446 4301 continuo
3502 4247 3563 4301 in

1798 4340 1841 4393 D
1873 4340 2117 4394 Psalmo.
2156 4360 2182 4390 ‹‹
2220 4340 2384 4393 Fiant
2431 4344 2624 4394 contra
2670 4339 2974 4392 Dominum
3031 4354 3275 4407 semper,
3311 4357 3337 4387 ››
3372 4337 3427 4391 id
3482 4341 3566 4390 est

1872 4426 2148 4499 iniquitas
2195 4434 2426 4498 patrum
2487 4430 2631 4499 ejus,
2681 4433 2734 4480 et
2785 4433 3079 4497 peccatum
3142 4425 3339 4479 matris
3390 4425 3559 4493 ejus:

1872 4516 2028 4579 Quod
2073 4516 2225 4570 idem
2276 4518 2470 4570 doctor
2511 4517 2587 4570 ita
2636 4518 2871 4587 exponit
2914 4515 3026 4585 (Id.
3070 4514 3207 4568 ibid.
3275 4514 3358 4578 14,
3426 4515 3509 4582 l5)
3548 4528 3560 4565 :

1874 4606 1920 4675 [ε
1959 4606 2120 4659 Fiant
2171 4611 2370 4658 contra
2418 4606 2723 4658 Dominum
2765 4620 3009 4674 semper,
3045 4624 3071 4652 »
3109 4619 3224 4655 non
3272 4606 3335 4655 ut
3380 4616 3412 4653 a
3446 4602 3563 4653 Do—

1874 4693 2032 4746 mino
2065 4693 2521 4758 adverterentur;
2557 4694 2650 4746 sed
2707 4698 2767 4746 ut
2814 4694 3016 4745 merita
3071 4707 3270 4744 eorum
3320 4688 3566 4760 pessima

1872 4796 1987 4833 non
2032 4780 2398 4833 obliviscatur
2429 4780 2487 4831 in
2530 4780 2638 4831 isto
2687 4780 2985 4845 Dominus,
3030 4794 3159 4832 cum
3190 4778 3274 4831 illi
3325 4782 3380 4830 et
3439 4776 3563 4846 ipsa

1872 4868 2183 4934 retribuet;
2242 4874 2440 4920 contra
2490 4866 2797 4919 Dominum
2848 4867 2999 4919 enim
3059 4866 3203 4919 dixit
3248 4888 3267 4913 α
3317 4865 3373 4918 in
3423 4879 3564 4917 con-

1872 4961 2065 5025 spectu
2114 4954 2360 5009 Domini.
2420 4952 2465 5025 n]
2529 4955 2661 5007 Ecce
2712 4953 3069 5022 apertissime
3121 4954 3322 5007 beatus
3371 4952 3567 5007 doctor

1865 5044 2028 5114 juxta
2058 5058 2288 5096 sensum
2319 5042 2638 5111 prophetiae
2671 5056 2799 5110 quae
2831 5041 2891 5093 in
2921 5040 3029 5093 hoc
3072 5040 3293 5109 psalmo
3343 5038 3412 5092 de
3466 5037 3563 5090 illo

1871 5131 2094 5201 perdito
2129 5130 2364 5183 homine
2399 5130 2787 5193 continentur,
2828 5127 3183 5198 apertissime
3216 5127 3383 5180 docet
3412 5124 3567 5194 quod

1873 5234 1975 5271 nec
2006 5234 2106 5270 sua
2133 5232 2237 5270 nec
2268 5222 2570 5285 parentum
2602 5220 2833 5285 peccata
2856 5217 2976 5285 jam
3009 5214 3076 5267 ad
3110 5230 3240 5266 eum
3275 5214 3566 5281 pertinere

1870 5305 2220 5376 potuissent,
2278 5304 2325 5357 si
2374 5305 2433 5357 in
2465 5304 2562 5357 illa
2611 5302 2795 5372 gratia
2834 5308 2890 5355 et
2945 5300 3253 5369 adoptione
3313 5297 3566 5351 ﬁliorum

1872 5392 1995 5459 Dei,
2055 5393 2125 5446 ad
2176 5408 2350 5464 quam
2414 5396 2637 5445 vocatus
2695 5390 2902 5457 fuerat,
2958 5400 3297 5459 permanere
3343 5385 3567 5438 voluis-

1872 5486 1976 5535 set.
2035 5480 2144 5535 Sed
2196 5480 2332 5552 quia
2393 5496 2511 5534 nou
2565 5478 2901 5551 permansit,
2958 5481 3015 5531 et
3064 5475 3133 5530 ad
3192 5472 3563 5542 iniquitatem

1871 5574 2107 5625 vetusta:
2180 5586 2248 5624 ex
2306 5569 2488 5624 Adam
2562 5565 2953 5638 generationis
3028 5561 3405 5635 apostatando
3473 5578 3569 5615 re-
