3884 6218
333 268 464 318 1039
1469 263 1523 316 S.
1571 262 1829 315 REMIGII
1873 262 2350 319 LUGDUNENSIS
2387 262 2705 319 EPISCOPI
3700 272 3825 323 1060

332 397 456 461 diit,
492 396 661 447 etiam
692 398 820 463 post
868 391 1132 461 baptismi
1177 391 1441 460 gratiam,
1492 408 1661 461 quam
1717 393 1776 446 in
1834 410 1890 445 se
1936 393 2011 446 ir-
2052 400 2098 450 Α
2129 410 2254 446 sum
2288 393 2449 463 panis
2476 395 2607 448 vitae
2643 398 2819 463 (Joan.
2856 412 2930 461 v1,
2964 398 3070 466 48).
3106 418 3132 446 ››
3172 420 3199 447 ‹‹
3242 401 3435 452 Patres
3462 399 3665 470 itaque
3741 418 3828 451 ce-

327 485 497 538 ritam
539 483 685 547 fecit,
732 480 901 533 rediit
935 481 1002 532 ad
1060 494 1261 546 eum,=:l
1318 496 1435 532 non
1496 482 1679 532 solum
1730 498 1852 548 sua,
1916 482 2011 535 sed
2128 483 2434 535 mederunt
2463 500 2631 536 uvam
2666 484 3012 549 acerbam,»
3072 486 3171 556 qui
3216 488 3391 556 primi
3451 489 3513 542 in
3562 488 3830 559 paradiso

327 575 497 627 etiam
538 570 811 640 iniquitas
868 573 1097 637 patrum
1152 569 1292 637 ejus,
1353 572 1410 621 et
1462 575 1758 638 peccatum
1821 561 2015 623 matris
2126 569 2485 640 iniquitatem
2520 572 2952 639 commiserunt,
2986 576 3042 628 et
3090 575 3288 628 dentes
3317 577 3577 630 ﬁliorum
3634 576 3831 629 obstu-

326 662 447 731 ejus
480 676 597 714 non
640 665 742 724 est,
793 658 853 710 in
896 674 961 710 eo
1010 657 1278 721 deletum,
1314 663 1376 711 ut
1435 658 1492 710 in
1533 659 1613 710 eis
1668 659 1839 712 etiam
1896 660 2014 729 ipse
2125 665 2397 729 puerunt,
2430 682 2456 707 »
2506 661 2643 730 quia
2675 677 2788 713 non
2817 663 3000 715 solum
3035 664 3271 733 seipsos,
3327 665 3427 718 sed
3486 671 3547 718 et
3594 680 3830 717 omnem

322 750 641 821 puniretur,
669 746 963 817 judicante
1002 745 1100 799 illo
1150 752 1204 798 et
1242 748 1571 811 damnante,
1616 768 1643 795 «
1676 747 1783 811 Qui
1828 764 1854 798 r

2295 750 2461 801 :niem
2515 766 2676 803 suam
2729 751 3016 820 peccando
3068 752 3359 807 lmserunt.
3411 753 3521 807 Sed
3554 754 3656 807 illo
3702 770 3829 823 pec-

321 839 684 908 iniquitatem
718 840 943 903 patrum
998 835 1056 886 in
1088 835 1219 886 ﬁliis
1270 835 1326 886 in
1358 837 1603 887 tertiam.
1641 842 1697 888 et
1752 842 2011 904 quartam
2123 843 2246 890 cato
2280 838 2639 906 originaliter
2668 844 2847 892 tracto
2880 856 3008 893 cum
3042 857 3239 895 omnes
3272 844 3370 913 qui
3417 843 3489 896 ad
3523 844 3704 896 ﬁdem
3740 858 3831 895 ve-

319 927 658 996 progeniem
691 924 888 993 (Emod.
922 940 1105 989 xxxrv,
1145 923 1218 992 7).
1259 942 1285 973 »
1351 924 1502 977 Unde
1553 923 1722 976 etiam
1756 925 2012 978 additum
2123 926 2291 978 niunt
2324 944 2427 995 per
2456 928 2738 980 lavacrum
2775 930 3225 998 regenerationis
3272 931 3678 995 absolvuntur,
3708 932 3827 1001 jam

318 1020 403 1069 est
458 1016 516 1068 in
564 1013 914 1084 prophetia:
965 1034 985 1061 «
1038 1012 1201 1066 Fiant
1248 1018 1442 1065 contra
1478 1013 1784 1065 Dominum
1844 1015 2007 1081 (Psal.
2121 1015 2315 1068 nonin
2350 1015 2447 1068 illa
2495 1017 2731 1086 antiqua
2755 1023 2980 1087 patrum
3014 1018 3339 1088 iniquitate,
3376 1021 3472 1073 sed
3509 1020 3827 1090 unusquis-

319 1119 470 1170 cvm,
514 1103 620 1171 l5),
674 1123 697 1149 ››
762 1102 817 1154 id
872 1104 955 1153 est
1007 1101 1065 1153 in
1119 1105 1426 1170 conspectu
1484 1101 1709 1153 Domini
1764 1118 2007 1171 semper,
2122 1119 2231 1173 que
2290 1119 2488 1157 eorum
2539 1104 2597 1157 in
2645 1121 2746 1158 sua
2799 1104 3102 1176 iniquitate
3152 1108 3451 1161 morietur.
3504 1108 3639 1162 Sive
3692 1125 3827 1175 ergo

317 1193 531 1246 scilicet
579 1195 809 1260 peccata
864 1194 918 1241 et
967 1189 1296 1258 iniquitates
1341 1194 1567 1258 patrum
1609 1190 1730 1257 ejus
1783 1206 1847 1242 ac
1889 1206 2012 1244 ma-
2119 1197 2245 1261 post
2275 1192 2625 1262 baptismum
2674 1194 3070 1263 pecccantibus
3122 1194 3219 1247 illa
3250 1204 3482 1265 peccata
3514 1212 3650 1266 qua:
3681 1204 3829 1265 post-

315 1280 416 1332 tris
447 1296 458 1332 :
497 1284 557 1331 ut
591 1278 791 1330 merita
833 1292 1028 1329 eorum
1089 1276 1337 1344 pessima
1392 1292 1503 1328 non
1555 1276 1921 1330 obliviscatur
1949 1277 2008 1330 in
2118 1280 2353 1333 modum
2385 1282 2798 1335 commiserunt
2824 1282 3185 1352 imputentur
3215 1285 3329 1337 sive
3361 1286 3536 1337 etiam
3572 1285 3676 1337 illa
3699 1301 3827 1354 qua:

314 1370 423 1422 isto
460 1368 752 1431 Dominus,
783 1381 910 1418 cum
946 1365 1028 1416 illi
1054 1370 1109 1417 et
1139 1365 1262 1433 ipsa
1295 1364 1560 1418 restituit.
2120 1373 2250 1421 ante
2314 1368 2662 1436 baptismum
2724 1370 3156 1435 commiserunt,
3210 1378 3449 1441 propter
3496 1378 3824 1443 ἰι-θηεει-ρς-

385 1465 541 1527 Quod
577 1480 713 1533 ergo
744 1463 802 1515 in
856 1462 962 1515 isto
1011 1468 1267 1531 apostata
1309 1468 1363 1515 et
1409 1468 1829 1532 transgressore
1876 1480 2005 1533 ενδ-
2118 1457 2336 1510 sionem
2370 1462 2537 1510 tantae
2570 1459 2770 1527 gratiae
2802 1460 3335 1529 superadjiciantur,
3370 1462 3573 1531 utique
3628 1462 3689 1514 in
3729 1479 3827 1513 sua

312 1550 405 1603 tiae
440 1551 560 1616 Dei,
591 1551 690 1619 qui
720 1550 1069 1602 vocationem
1104 1555 1160 1603 et
1196 1549 1564 1619 adoptionem
1594 1551 1844 1604 ﬁliorum
1908 1552 2005 1604 Dei
2118 1546 2441 1615 iniquitate,
2499 1563 2671 1616 quam
2717 1549 2803 1600 vel
2845 1554 2976 1601 ante
3027 1549 3111 1602 vel
3162 1557 3359 1620 postea
3409 1551 3829 1603 commiserant

312 1639 585 1705 deseruit,
630 1644 684 1691 et
725 1639 908 1707 magis
938 1639 1299 1707 iniquitatem
1341 1643 1572 1692 vetustas
1622 1641 2005 1709 generationis
2048 1685 2087 1737 Β
2118 1635 2463 1688 moriuntur.
2498 1636 2555 1689 Si
2586 1652 2721 1705 ergo
2755 1636 2833 1689 eis
2878 1637 3175 1708 originalis
3215 1645 3400 1692 reatus
3443 1646 3578 1710 post
3634 1641 3829 1709 bapti-

310 1744 482 1797 quam
510 1727 978 1797 justiﬁcationem
1023 1743 1183 1779 novae
1234 1727 1683 1796 regenerationis
1723 1728 1915 1797 elegit,
1953 1734 2007 1781 et
2049 1725 2086 1737 ν
2119 1740 2304 1776 smum
2336 1725 2447 1793 jam
2499 1726 2829 1778 nullatenus
2874 1726 3200 1795 deputatur,
3239 1728 3536 1781 manifeste
3596 1729 3662 1781 in
3724 1746 3828 1781 suo

311 1816 508 1869 divina
563 1815 820 1878 veritate,
883 1820 940 1867 et
992 1814 1141 1867 beati
1193 1816 1373 1868 Patris
1417 1816 1720 1868 manifesta
1783 1817 2004 1885 exposi-
2116 1816 2338 1864 tantum
2373 1817 2600 1881 peccato
2629 1818 2685 1865 et
2711 1814 2767 1865 in
2802 1830 2903 1866 sua
2940 1815 3245 1884 iniquitate
3272 1816 3513 1886 quisque
3548 1818 3825 1883 moritur,

310 1904 469 1958 tione
528 1904 737 1956 factum
793 1903 1213 1971 cognoscimus;
1267 1903 1374 1955 hoc
1431 1903 1600 1955 etiam
1664 1904 1732 1957 de
1785 1905 2005 1958 caeteris
2116 1900 2160 1951 si
2192 1904 2381 1952 autem
2415 1900 2566 1952 inter
2600 1906 2804 1954 caetera
2834 1909 3065 1971 peccata
3095 1903 3267 1956 etiam
3300 1904 3396 1956 ille
3446 1910 3643 1957 reatus
3709 1906 3823 1957 im-

309 1992 566 2061 ejusdem
599 1990 798 2061 gratiae
830 1991 1349 2059 transgressoribus
1381 1991 1505 2043 ﬁeri
1549 1996 1766 2044 certum
1807 1997 2001 2047 tenere
2114 1992 2367 2058 putatur,
2406 1989 2577 2042 etiam
2621 1990 2696 2042 sic
2728 1990 2784 2042 in
2812 2007 2914 2043 suo
2950 1997 3180 2060 peccato
3228 1992 3629 2063 unusquisque
3693 2010 3817 2045 mo-

310 2080 583 2133 debemus
631 2086 690 2131 ut
736 2079 1035 2131 recedente
1082 2079 1152 2130 ab
1202 2078 1314 2130 illis
1348 2096 1493 2131 nova
1550 2080 1755 2149 gratia,
1809 2081 2006 2134 redeat
2112 2075 2276 2140 ritur,
2306 2078 2441 2129 dum
2468 2078 2588 2145 jam
2617 2080 2667 2131 ei
2701 2079 2976 2147 originale
3024 2087 3321 2149 peccatum
3362 2097 3476 2134 non
3526 2082 3661 2134 ideo
3711 2083 3819 2134 im-

309 2170 376 2221 ad
410 2185 507 2220 eos
539 2168 813 2236 iniquitas
846 2167 1101 2236 antiqua,
1134 2184 1248 2219 non
1293 2168 1476 2220 solum
1511 2185 1631 2235 sua,
1681 2169 1775 2222 sed
1831 2171 2002 2223 etiam
2114 2170 2369 2233 putatur,
2415 2168 2549 2235 quia
2588 2168 2726 2219 illud
2786 2184 2851 2220 ex
2891 2168 3111 2238 origine
3162 2170 3355 2227 traxit,
3390 2169 3489 2222 sed
3524 2171 3665 2240 quia
3697 2186 3819 2221 me-

305 2261 590 2325 paterna:
632 2260 823 2308 utrum
882 2260 1071 2307 autem
1128 2261 1183 2307 et
1225 2255 1519 2325 originalis
1564 2258 1777 2326 peccati
1810 2264 2001 2311 reatus
2111 2253 2222 2304 rilO
2256 2255 2502 2322 propria?
2536 2254 2859 2325 iniquitatis
2912 2256 3053 2310 illud
3113 2258 3221 2311 sibi
3272 2258 3480 2311 iterum
3534 2259 3818 2328 imputari

304 2360 408 2414 per
456 2344 724 2414 baptismi
757 2343 998 2413 gratiam
1052 2343 1272 2396 deletus
1306 2344 1374 2395 ad
1417 2360 1549 2397 eum
1610 2345 1793 2399 redire
1834 2346 2000 2416 eique
2111 2343 2341 2395 meruit.

303 2432 581 2501 imputari
633 2432 1042 2501 intelligendus
1093 2432 1166 2483 sit
1197 2431 1255 2483 in
1288 2432 1375 2483 his
1416 2432 1599 2485 verbis
1652 2433 2000 2503 propheticis
2742 2470 2965 2523 CAPUT
2999 2470 3154 2524 XLIV

307 2521 515 2590 quibus
546 2521 754 2574 dicitur
795 2539 810 2572 :
848 2543 867 2568 ιι
904 2519 967 2573 In
1001 2520 1337 2573 memoriam
1374 2522 1565 2575 redeat
1594 2523 1865 2591 iniquitas
1896 2539 1996 2593 pa-
2110 2574 2199 2626 An
2250 2573 2315 2625 ba
2395 2576 2404 2585 ,
2512 2576 2521 2585 ,
2570 2592 2582 2604 τ
2752 2519 2853 2587 tu“
2888 2519 2964 2588 ”,
3511 2582 3520 2591 ,
3559 2583 3593 2600 _.
3658 2583 3667 2592 ο
3782 2584 3790 2593 ,

307 2614 456 2640 “mm
491 2610 610 2640 Ah”
643 2609 694 2640 ςη
735 2614 1039 2640 “unum,”
1079 2608 1298 2640 ηηηηςης
1335 2610 1490 2640 ,DM,
1730 2611 1815 2640 ,ιχ
1882 2633 1899 2640 _
1942 2616 1996 2640 η,
2319 2578 2519 2640 ptzzatz
2553 2575 2769 2640 θεινοὸι
2816 2578 3025 2640 fuerant
3056 2594 3089 2629 a
3138 2592 3317 2631 massa
3360 2580 3695 2640 perditionis
3730 2582 3813 2633 di-

304 2589 459 2662 trum
491 2610 613 2679 ejus
640 2609 697 2662 in
734 2614 1041 2678 conspectu
1078 2608 1301 2662 Domini
1335 2610 1508 2678 (Psal.
1547 2589 1815 2673 mnu—liii.
1881 2589 1913 2659 ι’
1942 2616 2000 2664 ut
2110 2589 2199 2626 An
2250 2589 2519 2659 val-3mm}
2553 2589 2769 2642 reprom
2816 2589 3025 2656 (“Nam
3056 2594 3089 2629 α
3123 2592 3317 2663 ."iassa
3360 2589 3695 2646 perditionis
3730 2589 3812 2633 αἶ’

306 2699 1184 2722 “mnummnum-“Mdu”
1220 2652 1858 2722 ΛιῃωηειΛ-ᾝΑζς-’ρ
1906 2701 1994 2722 ___:
2180 2652 2358 2722 spreta:
2409 2645 2750 2722 A/ﬁrmatur
2789 2647 3045 2722 discretos
3096 2652 3288 2713 fuzsse.
3344 2652 3629 2704 Peccatum
3691 2662 3812 2722 post

306 2715 422 2751 non
437 2699 621 2751 δοίυω
640 2699 869 2751 illorum
886 2702 1185 2767 Parentum
1217 2702 1272 2750 εἴ
1290 2698 1723 2767 Ρτυϐθοίῗυΐυω
1738 2699 1882 2768 ei“,
1900 2701 1999 2770 (Illi
2174 2698 2619 2783 justi/{cntionem
2642 2733 2747 2770 non
2776 2698 3013 2785 amplius
3026 2698 3261 2771 'm'ahéyié

302 2786 488 2840 vicino
515 2792 774 2855 tempore
802 2802 923 2839 esse
955 2790 1286 2855 potuerunt,
1321 2786 1416 2839 sed
1441 2786 1639 2856 {etiam
1676 2788 1998 2857 primorum

308 2880 531 2944 patrum
565 2881 619 2927 et
647 2876 964 2944 primorum
1025 2880 1329 2944 parentum
1387 2876 1485 2944 qui
1524 2876 1697 2944 primi
1738 2876 1796 2928 in
1833 2893 1995 2945 para-

303 2964 425 3017 diso
459 2963 850 3033 deliquerunt,
894 2962 1187 3032 iniquitas,
1222 2968 1286 3015 ut
1316 2963 1529 3016 dictum
1563 2969 1663 3025 est,
1704 2964 1755 3016 ei
1805 2965 1995 3035 impu-
2039 2962 2079 3017 C
2792 2964 3105 3004 RABANUS.

302 3057 489 3115 ieiur;
550 3067 652 3103 nec
693 3051 752 3104 in
810 3051 996 3103 verbis
1056 3051 1233 3103 sancti
1282 3052 1532 3103 doctoris
1588 3053 1737 3143 (³1³1ξὸ
1792 3054 1995 3120 elucet:
2182 3072 2395 3135 «Quod
2429 3072 3104 3143 quiaDeipraascientiam
3136 3089 3235 3126 nec
3256 3073 3425 3127 latuit
3445 3090 3551 3127 nec
3578 3074 3806 3141 fefellit,

300 3155 405 3193 nec
438 3157 470 3193 a
498 3140 661 3192 nobis
694 3145 906 3192 temere
946 3140 1411 3208 praesumendum
1444 3145 1543 3193 est.
1575 3141 1834 3210 Legimus

2271 3159 2415 3212 .ubio
2444 3140 2616 3212 talem
2646 3140 2943 3229 nunquam
2965 3161 3157 3230 elegit,
3185 3178 3481 3231 nunquam
3508 3164 3805 3232 praedesti-

303 3228 431 3281 dem
464 3228 633 3320 ξριιά
677 3228 982 3320 {animiam
1035 3229 1413 3320 Prol-thalami
1454 3250 1479 3275 “
1536 3230 1595 3281 ῙΠ
1640 3229 1837 3282 diebus
1867 3231 1996 3320 illis
2105 3248 2279 3313 navit,
2314 3252 2369 3301 et
2406 3248 2728 3317 periturum
2773 3228 3077 3319 nunquam
3106 3249 3177 3302 ah
3206 3228 3417 3303 aeterna
3473 3228 3806 3320 perditione

301 3332 417 3368 Ποῐι
448 3315 634 3369 dicent
663 3315 831 3409 llum:
863 3320 1051 3409 Pa‘lres
1095 3315 1464 3409 comedereni
1503 3332 1668 3368 “vam
1704 3318 1996 3409 δίξοθτδδῐη
2105 3336 2381 3390 discrevit.
2414 3338 2599 3407 Atque
2645 3338 2716 3390 ob
2748 3338 2857 3391 hoc
2902 3338 3230 3409 quicunque
3262 3341 3400 3393 tales
3455 3345 3609 3406 sunt,
3676 3342 3807 3394 licet

302 3409 358 3456 et
388 3404 584 3456 dentes
610 3402 859 3455 ﬁliorum
889 3401 1467 3472 obstupuerunt:sed
1514 3405 1909 3475 unusquisque
1936 3407 1996 3458 in
2102 3424 2314 3478 fuerint
2380 3401 2583 3493 remi-ti,
2657 3426 2872 3480 fuerint
2918 3401 3255 3496 -ju5tiﬁéati,
3335 3428 3406 3481 ab
3457 3445 3525 3482 eo
3593 3401 3803 3483 ’ωηιξη

301 3491 603 3561 iniquitate
638 3506 739 3544 sua
799 3491 1038 3543 moritur
1064 3494 1183 3559 (λεν.
1232 3507 1379 3555 xxxn,
1415 3494 1502 3558 29,
1536 3494 1654 3562 30).
1700 3514 1727 3541 ››
1764 3494 1825 3547 In

2169 3512 2203 3565 li
2232 3512 2359 3566 illos
2392 3513 2532 3566 tales
2562 3491 2867 3583 przescivit,
2900 3491 3018 3567 non
3049 3521 3179 3567 sunt
3226 3491 3645 3585 praedestinati,
3678 3536 3703 3568 ιο

298 3580 405 3633 bus
434 3580 620 3633 verbis
667 3580 968 3632 manifeste
1026 3580 1167 3633 Novi
1223 3581 1569 3633 Testamenti
1629 3582 1830 3651 gratia,
1894 3599 1993 3652 per

299 3685 471 3739 quam
504 3670 937 3738 regeneratione
970 3668 1239 3737 baptismi
1281 3669 1559 3739 originale
1598 3676 1892 3739 peccatum
1926 3688 1991 3724 ex

297 3759 483 3828 prima
510 3758 962 3827 transgressione
998 3764 1353 3811 contractum
1395 3758 1636 3811 solvitur
1684 3764 1739 3811 et
1775 3760 1994 3841 deletur
2174 3761 2237 3813 In
2270 3759 2479 3830 quibus
2522 3761 2709 3815 verbis
2749 3760 2889 3813 illud
2921 3761 3175 3830 primum
3206 3761 3691 3818 considerandum
3721 3772 3801 3820 est

296 3846 676 3914 praenuntiata
709 3853 811 3913 est,
846 3851 910 3898 ut
941 3846 1063 3915 jam
1109 3847 1502 3916 unusquisque
1560 3846 1657 3899 illa
1698 3862 1994 3915 regenera-
2101 3848 2235 3918 quia
2269 3849 2433 3901 illum
2466 3849 2617 3919 quia
2642 3848 2861 3902 Christo
2889 3850 3103 3903 recedit
3124 3857 3179 3903 et
3206 3851 3277 3904 ab
3308 3850 3430 3918 ejus
3453 3854 3641 3921 gratia
3672 3855 3803 3908 alie-

295 3935 452 3988 tione
509 3939 801 4005 purgatus,
854 3940 908 3986 et
962 3952 993 3987 a
1039 3934 1263 3987 vinculo
1306 3936 1558 4005 antiquae
1606 3935 1991 3989 damnationis
2100 3953 2211 3990 nus
2242 3937 2506 4000 efﬁcitur,
2541 3944 2711 4007 atque
2743 3938 2801 3990 in
2828 3939 2929 3991 tali
2961 3938 3252 4008 impietate
3288 3956 3472 4010 usque
3503 3946 3574 3995 ad
3627 3943 3800 3996 finem

294 4024 607 4090 absolutus,
640 4039 1003 4094 nequaquam
1036 4023 1095 4075 in
1128 4024 1443 4092 primorum
1497 4030 1798 4094 parentum
1856 4041 1991 4094 pec-
2100 4027 2392 4095 perdurat,
2428 4026 2703 4097 quoniam
2734 4042 2866 4080 eum
2902 4028 3047 4080 Deus
3083 4029 3251 4080 talem
3290 4028 3547 4082 futurum
3581 4033 3802 4086 verissi-

293 4117 437 4171 cato,
488 4112 641 4181 quod
696 4113 866 4163 etiam
922 4112 1220 4163 dimissum
1274 4116 1386 4177 est;
1421 4112 1517 4165 sed
1550 4113 1595 4165 si
1654 4114 1898 4182 peccatis
1938 4117 1993 4165 et
2100 4130 2191 4167 me
2219 4115 2523 4183 praescivit,
2554 4115 2803 4168 afﬁrmat
2832 4115 3075 4185 scriptor
3098 4117 3350 4186 epistolae
3395 4134 3701 4189 nunquam
3734 4121 3800 4173 ab

293 4198 629 4251 criminibus
655 4200 913 4251 servierit
943 4200 1000 4251 in
1051 4216 1151 4252 sua
1183 4200 1484 4269 iniquitate
1524 4202 1820 4254 moriatur.
1882 4202 1988 4254 lni-
2029 4252 2069 4276 η
2100 4220 2166 4256 eo
2198 4205 2440 4257 electum
2475 4220 2660 4274 neque
2704 4205 3174 4274 prmdestinatum
3230 4207 3299 4258 ad
3331 4206 3529 4272 vitam,
3574 4213 3631 4259 et
3662 4209 3802 4276 peri-

292 4287 482 4356 quitas
543 4302 791 4356 namque
854 4288 977 4355 ipsa
1060 4293 1144 4340 est
1190 4304 1295 4340 uva
1345 4290 1579 4355 acerba,
1642 4292 1937 4343 immatura
1970 4332 1982 4356 ,
2028 4287 2288 4345 "turum
2349 4308 2646 4361 nunquam
2700 4294 2770 4345 ab
2822 4296 3040 4347 aeterna
3096 4294 3419 4363 perditione
3454 4296 3795 4355 discretum:

292 4390 492 4445 aspera
536 4380 592 4428 et
646 4375 833 4440 noxia,
891 4391 1019 4444 quae
1078 4381 1340 4444 agentem
1376 4377 1537 4445 quasi
1590 4378 1984 4431 comedentem
2093 4380 2192 4447 ita,
2224 4380 2323 4450 qui
2356 4380 2930 4449 praedestinationem
2985 4382 3159 4434 divini
3202 4382 3403 4451 judicii
3450 4383 3518 4436 ad
3574 4384 3797 4453 justum

288 4464 448 4517 nulla
484 4480 614 4517 vera
667 4464 942 4516 suavitate
992 4464 1191 4528 reﬁcit,
1224 4465 1318 4517 sed
1380 4465 1642 4518 virtutem
1703 4473 1759 4520 et
1812 4467 1985 4520 robur
2092 4470 2470 4538 reproborum
2530 4468 2828 4522 interitum
2883 4474 3118 4540 negant,
3166 4472 3285 4539 jam
3329 4472 3483 4540 ipsos
3520 4473 3799 4542 reprobos

289 4555 510 4615 animae,
543 4553 697 4605 velut
726 4553 949 4620 dentes,
988 4552 1064 4605 ita
1097 4552 1355 4605 debilitat
1380 4557 1435 4606 et
1466 4554 1640 4619 lmdit,
1702 4560 1763 4607 ut
1790 4556 1980 4609 cibum
2094 4557 2295 4610 eodem
2322 4558 2479 4625 justo
2531 4557 2627 4610 Dei
2681 4557 2897 4625 judicio
2938 4558 3256 4619 damnatos,
3314 4565 3368 4611 et
3403 4575 3707 4629 nunquam
3766 4577 3798 4613 a

288 4642 415 4695 vita:
474 4642 769 4711 percipere
822 4658 936 4694 non
979 4641 1181 4712 possit,
1239 4642 1306 4694 de
1356 4658 1468 4712 quo
1518 4644 1790 4712 scriptum
1849 4649 1976 4698 est:
2090 4645 2432 4714 perditionis
2463 4660 2647 4697 massa
2691 4646 2960 4699 discretos
3007 4663 3125 4699 esse
3179 4646 3544 4700 conﬁrmant.
3580 4651 3795 4703 Deinde

289 4749 316 4780 ‹‹
358 4732 583 4784 Gustate
633 4737 687 4784 et
746 4730 930 4784 videte
993 4731 1264 4801 quoniam
1320 4730 1506 4783 suavis
1562 4737 1645 4784 est
1708 4731 1983 4784 Dominus
2092 4732 2386 4785 sollicitius
2421 4738 2475 4785 et
2513 4733 2845 4801 diligentius
2876 4738 2957 4787 est
3017 4735 3389 4803 quaerendum
3451 4736 3501 4788 si
3562 4739 3791 4807 refrobi

285 4819 454 4889 (Psal.
484 4836 673 4883 xxxm,
731 4820 805 4887 9),
849 4840 870 4867 ι
904 4820 1003 4889 qui
1053 4821 1225 4874 etiam
1284 4820 1352 4873 de
1410 4820 1594 4890 seipso
1645 4820 1723 4873 ait
1759 4836 1770 4872 :
1808 4820 1983 4890 «Ego
2096 4837 2393 4891 nunquam
2434 4826 2566 4874 sunt
2597 4838 2629 4874 a
2685 4822 3028 4891 perditionis
3069 4828 3125 4875 et
3178 4824 3571 4877 damnationis
3613 4842 3795 4879 massa

1349 4943 1546 4998 ΝΟΤᾹΞ
1590 4944 1913 4999 DUVALLII
1955 4944 2295 4999 DOCTORIS
2335 4944 2722 4999 SOltBONlCI.

353 5066 378 5091 ⁸
417 5057 622 5111 Contra
654 5060 712 5111 D.
748 5059 994 5111 Thomas
1025 5062 1227 5127 quaest.
1262 5060 1328 5111 88
1386 5075 1444 5111 ιιι
1494 5060 1689 5128 partis,
1733 5058 1890 5110 artic.
1928 5061 1975 5121 1,
2090 5059 2212 5111 bor.
2250 5081 2270 5107 ι
2326 5059 2589 5111 Redeunt
2620 5062 2812 5110 tamen
2845 5073 2947 5127 per
2999 5057 3322 5125 subsequens
3376 5066 3663 5126 peccatum
3712 5078 3794 5113 ra-

283 5133 341 5181 et
370 5145 498 5181 cum
551 5146 616 5181 eo
660 5129 865 5197 reliqui
911 5129 1231 5181 scholastici
1263 5130 1322 5180 in
1353 5131 1404 5191 4,
1439 5130 1588 5201 dist.
1622 5132 1709 5190 ‘22,
1747 5136 1975 5199 peccata
2086 5133 2231 5201 tione
2258 5130 2706 5201 ingratitudinis,
2741 5146 2868 5199 quas
2895 5129 3035 5181 illud
3063 5134 3240 5181 multo
3266 5130 3496 5197 gravius
3524 5136 3585 5183 et
3611 5133 3795 5201 culpa-

283 5202 454 5251 semel
490 5200 723 5252 remissa
756 5216 1052 5268 nunquam
1082 5201 1319 5252 redeunt
1353 5200 1550 5252 eadem
1582 5216 1844 5262 ιιυιιιυτο,
1874 5216 1977 5252 nec
2086 5199 2259 5252 bilius
2292 5201 2495 5252 reddit.
2532 5200 2598 5251 Et
2627 5202 2707 5252 ita
2756 5206 3094 5268 exponenda
3143 5209 3273 5251 sunt
3308 5201 3482 5253 verba
3538 5199 3793 5254 Ecclesia:

284 5269 549 5323 similiter
598 5270 845 5339 amplius
898 5270 1261 5342 imputantur
1304 5287 1336 5322 a
1368 5270 1482 5322 Deo
1515 5287 1581 5323 eo
1628 5271 1800 5323 modo
1837 5288 1901 5323 ac
1931 5271 1977 5323 si
2091 5270 2503 5339 Lugdunensis,
2550 5286 2679 5339 quae
2703 5271 2881 5342 etiam
2913 5270 3279 5339 reperiuntur
3307 5274 3456 5341 apud
3495 5273 3793 5342 Hugonem

286 5354 400 5391 non
434 5350 622 5393 essent
652 5342 907 5406 dimissa,
943 5343 1088 5412 quia,
1128 5341 1194 5393 ad
1230 5340 1391 5392 Rom.
1428 5357 1481 5392 χι
1513 5357 1525 5393 :
1563 5362 1587 5387 ‹‹
1630 5343 1763 5394 Sine
1802 5343 1975 5410 preni-
2091 5342 2447 5394 Victorinum
2479 5342 2579 5393 lib.
2616 5357 2653 5392 ιι
2684 5341 2770 5412 de,
2796 5342 3033 5400 Sanctis,
3075 5348 3234 5409 parte
3266 5358 3374 5407 Xiv,
3403 5358 3529 5412 cap.
3566 5340 3789 5407 ultimo,

282 5410 462 5481 tentia
491 5416 622 5462 sunt
640 5412 784 5463 dona
806 5413 923 5463 Dei.
957 5431 974 5456 ι
996 5411 1217 5463 Nahum
1248 5427 1261 5462 1
1289 5427 1301 5463 :
1331 5430 1357 5459 α
1394 5412 1537 5463 Deus
1570 5428 1685 5463 non
1708 5413 1873 5480 punit
1891 5412 1978 5464 bis
2091 5418 2147 5465 et
2173 5414 2419 5481 glossam
2453 5411 2707 5466 Gratiani
2744 5411 2812 5465 de
2843 5413 3207 5479 Paenitentia,
3242 5414 3376 5465 dist.
3428 5410 3487 5480 4,
3552 5430 3788 5468 canone.

285 5476 345 5528 in
376 5478 652 5551 idipsum;
688 5501 714 5527 ››
748 5486 804 5533 et
836 5481 1138 5534 Ezechielis
1166 5497 1296 5533 XVIII
1334 5497 1345 5533 :
1378 5500 1405 5531 ‹‹
1438 5481 1496 5535 Si
1547 5476 1761 5550 impius
1794 5483 1978 5551 egerit
2089 5476 2201 5547 Qui
2216 5482 2438 5537 recedit.

284 5549 703 5614 paenitentiam,
733 5550 992 5603 omnium
1024 5551 1391 5619 iuiquitatum
1425 5552 1548 5620 ejus
1578 5549 1691 5605 non
1723 5549 1977 5607 recurda-

2183 2821 2454 2892 Sequitur
2490 2823 2762 2892 posthaec
2802 2824 2860 2875 in
2897 2824 3096 2878 eadem
3130 2825 3385 2895 epistola.

2762 3653 3127 3693 RESPONSIO.
