3884 6218
64 249 173 298 Μἠῑὶ

1293 249 1499 303 LIBER
1543 250 1630 303 DE
1672 249 1925 305 TRIBUS
1966 249 2318 305 EPISTOLIS

3438 259 3455 309 l
3469 258 3572 310 062

56 385 306 441 discreti.
346 386 670 454 quomodo,
722 385 865 437 sicut
910 384 1001 437 hic
1043 384 1270 447 dicitur,
1306 388 1421 437 tam
1474 384 1637 437 multi
1708 401 1770 437 ex
1812 390 1853 439 Α
1884 385 1944 437 in
2003 391 2161 455 parte
2205 387 2514 441 electorum
2565 404 2792 457 semper
2844 388 3261 458 accipiendam;
3302 391 3357 444 in
3411 397 3571 461 parte

61 480 129 528 eis
160 475 218 526 in
259 474 527 526 Ecclesia
567 491 669 543 per
720 473 961 542 gratiam
1011 472 1281 542 baptismi
1324 480 1456 526 sunt
1504 473 1686 526 renati
1718 478 1775 526 et

56 561 353 627 justiﬁcati
385 562 414 617 ?
462 563 509 614 si
565 564 736 625 enim,
786 568 851 615 ut
900 561 1116 615 dictum
1154 566 1254 627 est,
1296 578 1591 631 nunquam
1641 566 1775 614 sunt

63 669 89 703 a
131 666 325 703 massa
381 650 769 704 damnationis
820 659 872 702 et
922 649 1259 719 perditionis
1309 649 1555 715 discreti,
1622 666 1771 720 quo-

64 739 220 791 modo
287 739 359 791 in
423 739 669 792 Ecclesia
721 754 853 791 vere
915 743 1047 791 sunt
1100 739 1279 791 renati
1328 741 1384 790 et
1421 738 1770 807 justiticati?

64 828 195 891 Quid
228 827 404 881 enim
447 831 581 880 sunt
611 828 811 888 renati,
863 827 972 880 nisi
1024 827 1456 895 regeneratione
1504 827 1772 897 baptismi

64 914 377 968 innovati'?
414 917 480 969 Et
510 916 643 986 quid
677 920 807 968 sunt
844 915 1162 984 justiticati,
1213 914 1320 967 nisi
1368 931 1469 984 per
1516 930 1645 967 eum
1675 914 1773 985 qui

60 1003 332 1073 jnstiﬁcat
367 1004 637 1073 impium,
673 1020 705 1057 a
738 1020 839 1056 sua
873 1003 1164 1073 impietate
1205 1002 1483 1056 mundati.

126 1092 443 1154 Quomodo
496 1107 632 1160 ergo
702 1092 760 1144 in
809 1092 892 1145 eis
940 1091 1251 1161 perﬁcitur,
1294 1091 1428 1143 dum
1483 1091 1541 1143 in
1590 1094 1773 1145 morte

62 1181 264 1234 Christi
307 1181 706 1251 baptizantur,
741 1186 797 1235 et
844 1181 903 1233 in
952 1181 1074 1250 ejus
1121 1180 1401 1250 sanguine
1455 1198 1486 1233 a
1531 1180 1774 1249 peccatis

66 1271 387 1323 abluuntur
418 1286 555 1323 vera
585 1270 876 1323 innovatio
909 1276 965 1322 et
996 1286 1126 1322 vera
1157 1269 1476 1335 inundatio,
1512 1270 1559 1321 si
1590 1269 1773 1322 adhuc

62 1360 111 1409 in
143 1358 553 1411 damnationis
580 1363 637 1411 et
668 1358 1008 1426 perditionis
1039 1373 1224 1410 massa
1265 1357 1535 1423 concreti,
1571 1362 1625 1409 et
1654 1372 1772 1410 non

68 1446 288 1499 discreti
323 1445 714 1499 detinentur?
744 1447 1053 1516 Apostolus
1090 1466 1116 1495 «
1159 1462 1384 1498 ramum
1422 1445 1709 1514 sylvestris
1740 1464 1768 1495 »

66 1540 110 1586 et
142 1535 351 1587 inculti
396 1556 417 1583 ι
459 1535 689 1588 oleastri
721 1533 890 1603 (Rom.
928 1550 1003 1599 xi,
1038 1534 1124 1603 l7)
1155 1556 1182 1582 ››
1217 1534 1374 1604 prius
1424 1534 1492 1586 de
1522 1533 1773 1585 naturali

69 1625 308 1675 oleastro
344 1623 492 1676 dicit
532 1622 805 1687 excisum,
851 1626 904 1675 et
950 1626 1151 1691 postea
1195 1622 1254 1675 in
1302 1622 1511 1674 bonam
1562 1621 1770 1674 olivam

68 1711 373 1776 insertum,
425 1715 599 1781 atque
648 1710 725 1763 ita
782 1710 995 1763 socium
1048 1710 1253 1763 radicis
1302 1715 1358 1762 et
1401 1709 1771 1779 piuguedinis

74 1800 197 1853 oleae
221 1800 529 1867 effectum,
565 1815 735 1870 quem
775 1804 964 1853 tamen
1008 1805 1206 1868 postea
1256 1800 1629 1852 vehementer
1677 1800 1772 1853 ad-

72 1895 253 1942 monet
286 1894 348 1942 et
380 1894 581 1953 terret,
614 1889 843 1943 dicens:
875 1910 895 1936 ‹
932 1889 1069 1942 Vide
1098 1905 1232 1957 ergo
1257 1889 1567 1942 bonitatem
1603 1893 1659 1941 et
1679 1904 1771 1939 se-

73 1980 364 2031 veritatem
407 1978 526 2044 Dei,
555 1977 614 2030 in
661 1994 756 2031 eos
789 1978 1023 2047 quidem
1062 1977 1159 2047 qui
1194 1978 1521 2029 ceciderunt
1561 1977 1770 2029 severi-

75 2072 258 2131 tatem,
291 2067 356 2120 in
398 2072 455 2119 te
488 2070 679 2120 autem
730 2066 1041 2120 bonitatem
1078 2068 1119 2117 si
1157 2065 1540 2135 permanseris
1574 2065 1630 2117 in
1664 2064 1769 2117 bo-

76 2159 273 2215 nitate;
312 2152 585 2222 alioquin
614 2158 670 2206 et
720 2158 782 2206 tu
831 2152 1108 2206 excideris
1140 2153 1309 2222 (Ibid.
1364 2152 1476 2219 22).
1542 2172 1568 2199 »
1609 2151 1772 2215 Quod

80 2242 197 2311 quid
229 2247 319 2294 est
349 2241 512 2295 aliud
546 2241 653 2293 nisi
687 2245 749 2294 ut
790 2241 1010 2294 excisus
1040 2256 1073 2293 a
1103 2241 1252 2294 bona
1283 2241 1430 2293 oliva
1460 2240 1549 2293 cui
1598 2240 1773 2293 inser-

78 2336 155 2382 tus
183 2330 405 2391 fueras,
435 2346 565 2383 cum
598 2330 839 2383 silvestri
868 2336 922 2383 et
955 2331 1073 2383 fero
1106 2335 1275 2399 atque
1298 2346 1492 2382 amaro
1525 2330 1769 2381 oleastro

83 2419 295 2487 ignibus
329 2417 649 2487 deputeris.
683 2418 851 2471 Juxta
884 2433 1055 2487 quam
1101 2417 1535 2472 similitudinem
1571 2416 1772 2469 melius

82 2506 322 2558 fortassis
356 2506 611 2559 creditur
640 2512 696 2559 et
727 2506 936 2560 dicitur
966 2506 1119 2575 quod
1156 2506 1252 2575 qui
1286 2522 1411 2558 vere
1448 2506 1517 2558 ad
1568 2504 1773 2559 Christi

84 2594 236 2647 ﬁdem
269 2596 580 2662 accedunt,
615 2600 670 2648 et
708 2611 837 2647 vere
889 2595 947 2647 in
980 2595 1265 2663 baptismo
1315 2595 1437 2663 ejus
1470 2594 1653 2663 gratia
1682 2610 1768 2646 re—

85 2688 451 2751 generantur,
485 2689 541 2737 et
572 2700 699 2737 vere
745 2684 1033 2753 accipiunt
1076 2684 1491 2753 indulgentiam
1521 2689 1634 2736 tam
1665 2682 1773 2735 ori-

88 2772 352 2839 ginalium
385 2788 563 2842 quam
595 2773 903 2825 actualium
939 2776 1301 2842 peccatorum
1332 2787 1461 2824 vere
1510 2787 1612 2841 per
1652 2772 1773 2824 haec

88 2865 129 2911 et
156 2876 185 2911 a
222 2860 480 2913 naturali
525 2862 767 2913 oleastro
814 2860 1083 2914 credendi
1123 2866 1255 2913 sunt
1301 2860 1488 2925 excisi,
1536 2859 1593 2913 id
1627 2864 1711 2913 est
1741 2875 1773 2912 a

85 2947 421 3015 perditionis
452 2952 509 3000 et
534 2948 916 3001 damnationis
947 2964 1133 3001 massa
1183 2947 1429 3014 discreti,
1477 2953 1532 3000 et
1562 2947 1620 3000 in
1663 2947 1773 3001 bo-

92 3050 205 3087 nam
229 3036 447 3088 olivam
485 3037 706 3101 inserti,
746 3037 800 3090 id
853 3043 939 3090 est
988 3036 1246 3090 Ecclesia:
1297 3036 1689 3105 incorporati;
1720 3041 1776 3089 et

90 3126 261 3175 tamen
318 3125 366 3176 si
416 3125 589 3195 digna
639 3125 923 3178 excisione
973 3124 1383 3186 commiserint,
1429 3125 1598 3177 etiam
1647 3129 1777 3193 post

91 3212 180 3262 ista
211 3214 411 3265 omnia
444 3214 514 3266 ab
546 3214 643 3266 illa
685 3214 833 3267 oliva
857 3214 1211 3280 excidantur,
1248 3219 1302 3266 et
1328 3230 1455 3266 cum
1487 3215 1583 3266 illa
1614 3214 1771 3267 dam-

89 3300 320 3352 nationis
373 3306 430 3353 et
474 3301 813 3370 perditionis
864 3318 1068 3367 massa,
1123 3318 1155 3355 a
1214 3318 1327 3372 qua
1382 3302 1609 3355 fuerant
1660 3302 1776 3355 ori-

94 3387 277 3455 ginalis
301 3394 361 3442 et
393 3391 634 3443 actualis
667 3391 879 3460 peccati
928 3391 1287 3461 indulgentia
1318 3390 1567 3456 discreti,
1620 3391 1778 3444 velut

92 3491 201 3528 cum
249 3479 501 3531 naturali
559 3478 805 3533 oleastro
857 3485 1084 3533 mterna:
1138 3478 1350 3533 ustioni
1405 3480 1769 3547 deputentur.

98 3565 237 3617 L'nde
270 3582 526 3636 namque
557 3567 655 3619 illa
678 3567 1062 3621 damnationis
1094 3572 1148 3620 et
1188 3567 1528 3636 perditionis
1568 3584 1772 3634 massa,

94 3652 514 3721 nisioriginalis
547 3656 760 3725 peccati
810 3660 968 3709 reatu
1022 3662 1078 3709 et
1122 3656 1524 3725 conspersione
1579 3656 1778 3709 etl'ecta

98 3741 207 3794 est?
240 3743 385 3796 Cum
418 3760 554 3813 ergo
588 3744 645 3796 in
688 3745 945 3814 quolibet
974 3746 1218 3798 fideliter
1264 3745 1549 3811 credente,
1594 3750 1645 3797 et
1676 3760 1776 3797 ve—

97 3830 281 3883 raciter
327 3838 534 3885 renato
578 3837 747 3901 atque
800 3832 1045 3902 expiato,
1087 3849 1216 3885 vera
1254 3832 1327 3885 sit
1357 3833 1609 3901 ejusdem
1645 3848 1776 3902 pec—

99 3918 188 3969 cati
212 3920 511 3989 originalis
539 3921 821 3985 remissio,
866 3922 1155 3991 quomodo
1184 3921 1305 3990 ipse
1354 3922 1413 3974 in
1447 3937 1630 3974 massa
1671 3920 1779 3973 ori-

100 4004 284 4073 ginalis
332 4009 554 4079 peccati
600 4015 881 4076 remanet,
929 4009 1029 4079 qui
1078 4010 1215 4063 inde
1256 4009 1511 4079 ejusdem
1562 4010 1777 4079 peccati

99 4096 412 4150 remissione
447 4097 725 4166 probatur
755 4114 874 4150 esse
908 4098 1185 4151 discretus
1208 4100 1237 4151 ‘?
1269 4098 1426 4161 Quod
1480 4103 1668 4151 autem
1719 4099 1777 4151 in

102 4184 263 4236 verbis
293 4191 630 4239 sanctorum
677 4187 909 4239 Patrum
960 4187 1295 4256 frequenter
1341 4186 1570 4255 legitur,
1624 4186 1775 4256 quod

104 4271 239 4335 tales,
270 4272 327 4326 id
355 4278 443 4326 est
489 4274 733 4342 gratiam
776 4274 983 4329 Christi
1016 4275 1073 4327 in
1120 4292 1177 4328 se
1219 4275 1442 4327 irritam
1482 4274 1772 4336 facientes,

104 4360 148 4407 et
174 4358 243 4410 ita
270 4367 585 4428 pereuntes
614 4378 910 4432 nunquam
936 4362 1004 4415 ab
1036 4362 1130 4415 illa
1166 4379 1350 4415 massa
1382 4363 1610 4416 discreti
1641 4363 1770 4429 sint,

104 4445 160 4497 ad
188 4446 276 4499 Dei
308 4449 730 4518 praescientiam
764 4451 1043 4521 pertinet:
1101 4451 1199 4521 qui
1240 4451 1371 4504 licet
1405 4452 1472 4504 ad
1524 4468 1775 4521 praesens

106 4532 151 4584 in
181 4535 418 4590 Ecclesia
451 4554 814 4592 communem
840 4539 922 4592 eis
945 4556 1071 4592 cum
1106 4539 1296 4593 electis
1322 4539 1776 4609 regenerationis

106 4622 319 4687 gratiam
350 4626 590 4692 tribuat,
628 4627 704 4679 ibi
732 4633 922 4681 tamen
954 4644 1050 4681 eos
1089 4628 1610 4697 praedestinatiuuis
1659 4644 1776 4681 sum

105 4706 291 4775 judicio
319 4717 443 4783 jam
479 4715 736 4784 deputat,
770 4716 867 4769 ubi
905 4716 1388 4785 praevaricationis
1422 4734 1537 4770 suae
1570 4720 1774 4771 merito

109 4796 438 4856 damnandos
472 4803 643 4856 videt.

722 4928 949 4982 CAPUT
986 4929 1133 4982 XLV.

491 5031 755 5099 Sequitur
784 5033 849 5085 de
874 5033 1370 5101 prwdestinatione.

168 5150 279 5206 Post
306 5155 428 5209 haec
462 5155 708 5224 scriptor
744 5155 1026 5225 epistolae,
1073 5157 1428 5227 interpositis
1478 5156 1777 5227 perpaucis

114 5239 268 5294 verbis
297 5245 437 5310 suis,
471 5245 643 5298 tacito
674 5246 904 5298 nomine
936 5246 1115 5299 libelli
1145 5247 1619 5317 Hypomnesticon
1653 5245 1779 5299 sub-

112 5323 266 5399 iungit
305 5338 358 5387 et
404 5333 675 5403 adiungit
712 5335 833 5403 ejus
874 5335 1046 5387 verba
1075 5351 1089 5393 :
1123 5339 1180 5389 et
1227 5351 1426 5389 sensus
1469 5336 1623 5388 velut
1664 5350 1777 5387 uno

117 5418 277 5472 tenore
322 5426 376 5475 et
427 5420 633 5474 ordine
690 5422 972 5475 sermonis
1017 5423 1133 5488 sui;
1168 5439 1235 5476 ex
1284 5424 1492 5494 quibus
1535 5422 1777 5492 probare

120 5511 314 5560 conatur
365 5510 626 5564 divinam
676 5510 1236 5580 praedestinationem
1282 5511 1683 5567 tantummodo
1726 5514 1782 5563 et

1818 4273 1860 4325 D
1892 4280 1977 4327 sto
2004 4274 2060 4326 in
2093 4290 2149 4326 se
2183 4275 2455 4343 loquente

1884 490 2014 527 vero
2044 475 2353 544 reprobum
2386 478 2601 529 nullam
2630 476 2864 530 omnino
2898 494 3035 532 esse.
3076 480 3158 532 Ita
3190 479 3392 551 incipit
3423 497 3435 533 :

2560 581 2877 620 RABANl'S.

1957 674 1979 701 ι
2019 652 2178 705 Prius
2209 668 2346 720 ergo
2394 653 2579 722 ipsum
2622 670 2829 706 nomen
2880 655 3398 723 prmdestinationis
3431 656 3571 727 quid

1882 740 2097 794 indicet
2126 756 2514 809 exponamus:
2540 741 2744 793 deinde
2768 758 2887 794 esse
2912 744 3059 812 apud
3088 745 3284 809 Deum,
3320 745 3419 815 qui
3450 746 3570 799 sine

1881 829 2207 899 acceptione
2237 844 2613 897 personarum
2651 834 2753 891 est,
2805 830 3383 899 prmdcstinationem,
3430 833 3575 887 divi-

1884 933 2085 971 narum
2124 918 2546 987 Scripturarum
2580 918 2933 981 auctoritate,
2968 920 3295 987 probemus.
3348 923 3570 975 Praede-

1881 1006 2111 1059 stinatio
2160 1005 2373 1076 quippe
2426 1022 2458 1058 a
2488 1006 2853 1075 prmvidendo
2909 1012 2962 1059 et
3000 1008 3425 1077 praeveniendo,
3480 1009 3571 1062 vel

1881 1094 2321 1164 praeordinando
2350 1094 2608 1147 futurum
2641 1094 2859 1164 aliquid
2892 1095 3114 1148 dicitur.
3156 1097 3222 1149 Et
3250 1096 3377 1150 ideo
3400 1098 3571 1161 Deus,

1882 1183 1973 1237 cui
2003 1182 2360 1253 priescientia
2390 1199 2502 1235 non
2537 1183 2800 1236 accidens
2848 1188 2950 1251 est,
3003 1184 3095 1237 sed
3149 1186 3413 1252 essentia,
3467 1185 3576 1239 fuit

1881 1286 2109 1340 semper
2144 1276 2201 1323 et
2245 1274 2345 1336 est,
2381 1286 2550 1323 omne
2607 1271 2759 1340 quod
2819 1278 3123 1341 antequam
3185 1273 3274 1337 sit,
3325 1273 3572 1342 praescit,

1880 1358 2251 1428 praedestinat
2303 1365 2357 1410 et
2405 1365 2707 1427 propterea
2766 1360 3156 1428 praedestinat,
3216 1362 3350 1430 quia
3407 1361 3575 1431 quale

1881 1448 2136 1500 futurum
2170 1446 2241 1500 sit
2270 1447 2513 1516 praescit.
2560 1449 2622 1500 Et
2652 1446 2780 1500 ideo
2840 1449 3165 1516 Apostolus.
3205 1468 3229 1498 ‹‹
3259 1451 3397 1502 Nam
3431 1466 3575 1518 quos

1884 1536 2184 1605 praescivit,
2250 1554 2277 1586 »
2350 1534 2557 1605 inquit,
2639 1558 2659 1582 ‹
2727 1536 3151 1605 ρι’ᾶιάρδῐίηδνίῐ
3218 1539 3386 1603 (Rom.
3454 1553 3572 1605 vni,

1880 1624 1991 1692 '29),
2052 1624 2147 1677 sed
2209 1639 2326 1676 non
2405 1640 2575 1676 omne
2648 1624 2800 1693 quod
2868 1625 3092 1693 praescit
3178 1625 3568 1694 praedestinat,

1882 1713 2032 1765 mala
2064 1711 2217 1765 enim
2253 1716 2472 1765 tantum
2517 1713 2740 1782 praescit
2770 1716 2826 1765 et
2855 1729 2966 1765 non
2999 1714 3387 1783 przedestinat,
3423 1714 3574 1766 bona

1880 1816 2015 1853 vero
2047 1805 2105 1853 et
2152 1800 2377 1869 prtescit
2430 1805 2487 1852 et
2540 1800 2929 1869 praedestinat.
2963 1801 3123 1864 Quod
3168 1818 3302 1871 ergo
3353 1801 3570 1855 bonum

1880 1888 2243 1958 praescientia
2316 1888 2707 1957 prazdestinat,
2769 1888 2825 1941 id
2900 1895 2983 1942 est
3040 1890 3199 1959 prius
3260 1906 3430 1959 quam
3505 1888 3576 1941 sit

1880 1978 1938 2029 in
1980 1993 2037 2031 se
2094 1977 2443 2046 praeordinat
2479 1994 2490 2029 :
2526 1977 2633 2030 hoc
2684 1994 2814 2031 cum
2867 1994 2932 2030 ex
2985 1977 3109 2047 ipso
3165 1982 3395 2030 auclore
3452 1993 3572 2030 esse

1880 2065 2129 2134 coeperit,
2190 2070 2373 2129 vocat,
2446 2064 2673 2117 ordinat
2731 2071 2785 2117 et
2845 2065 3115 2133 disponit.
3180 2066 3335 2118 Unde
3376 2070 3431 2117 et
3486 2081 3573 2118 se—

1882 2154 2075 2224 quitur
2110 2170 2121 2206 :
2160 2174 2187 2201 ‹‹
2219 2152 2367 2216 Quos
2390 2153 2835 2222 prtedestinavit,
2873 2153 3048 2206 hoset
3072 2154 3315 2219 vocavit;
3344 2158 3399 2206 et
3428 2168 3573 2223 quos

1878 2240 2115 2307 vocavit,
2168 2240 2296 2294 illos
2352 2245 2407 2293 et
2451 2241 2825 2310 justiﬁcavit:
2876 2257 3018 2311 quos
3055 2245 3243 2294 autem
3293 2241 3572 2310 justitica-

1879 2330 1980 2395 vit,
2038 2330 2167 2383 illos
2224 2334 2279 2382 et
2328 2329 2667 2398 gloriticavit
2719 2330 2913 2394 (Ibid,
2976 2331 3083 2398 30).
3122 2352 3147 2378 n
3219 2331 3341 2382 Jam
3395 2329 3573 2399 igitur

1880 2418 2135 2489 apertius
2177 2418 2519 2471 disseramus
2559 2418 2711 2487 quod
2754 2417 3065 2488 loquimur,
3119 2418 3407 2487 quomodo
3457 2417 3572 2471 hu-

1884 2523 2054 2561 mano
2083 2522 2291 2576 genere
2308 2506 2664 2576 praescientia
2691 2522 2791 2558 sua
2816 2506 3387 2576 etpraadestinatione
3404 2508 3569 2570 Deus,

1881 2596 1939 2649 in
1965 2612 2077 2665 quo
2110 2611 2224 2649 non
2257 2601 2342 2648 est
2368 2595 2662 2664 iniquitas,
2713 2599 2924 2648 utatur.
3006 2596 3181 2648 Massa
3229 2596 3418 2665 itaque
3468 2594 3573 2647 hu-

1882 2683 2038 2738 mani
2067 2683 2310 2751 generis,
2351 2699 2479 2752 quaz
2524 2683 2579 2735 in
2636 2683 2812 2735 Adam
2844 2686 2899 2734 et
2930 2683 3052 2735 Evaa
3106 2682 3571 2751 praevaricatione

1882 2772 2221 2825 damnabilis
2252 2772 2621 2841 mortalisque
2654 2772 2798 2825 facta
2820 2776 2922 2835 est,
2948 2788 3059 2824 non
3092 2772 3573 2835 condemnatione

1884 2860 2073 2913 divina
2112 2860 2475 2930 generaliter,
2511 2861 2605 2913 sed
2640 2877 2702 2913 ex
2727 2859 2913 2914 debito
2936 2876 3123 2929 pcena,
3172 2860 3572 2930 cruciatusque

1813 2975 1852 3027 ρ
1884 2947 2159 3017 gehennze
2189 2948 2444 3002 debetur.
2480 2948 2654 3001 Venia
2687 2964 2841 3013 vero,
2876 2965 2992 3001 non
3040 2948 3267 3013 merito,
3321 2948 3418 3002 sed
3472 2949 3574 3001 Dei

1876 3037 2255 3105 justijudicis
2287 3037 2692 3091 misericordiae
2743 3037 3000 3107 largitate
3058 3037 3369 3089 confertur.
3429 3035 3574 3099 Quia

1882 3141 2016 3178 vero
2042 3125 2230 3195 justus
2264 3130 2319 3179 et
2348 3125 2669 3179 misericors
2704 3128 2850 3179 Deus
2880 3126 3263 3195 praesciusque
3294 3132 3376 3178 est
3419 3125 3572 3177 futu-

1883 3230 2080 3267 rorum
2116 3219 2173 3267 et
2203 3231 2267 3267 ex
2298 3215 2403 3267 hac
2434 3214 2747 3267 damnabili
2781 3231 2984 3277 massa,
3037 3230 3151 3267 non
3201 3229 3575 3283 personarum

1885 3302 2231 3372 acceptione,
2276 3303 2370 3356 sed
2407 3302 2628 3371 judicio
2676 3304 2966 3373 aequitatis
2999 3319 3115 3355 suae
3162 3302 3575 3372 irreprehensi-

1884 3391 2008 3449 bili.
2042 3407 2182 3460 quos
2214 3390 2436 3460 praescit
2472 3392 2858 3444 misericordia
2889 3392 3134 3461 gratuita
3166 3396 3471 3461 praeparat,
3519 3391 3577 3444 id

1888 3482 1967 3531 est
1998 3478 2369 3547 praedestinat
2399 3478 2465 3530 ad
2509 3478 2681 3530 vitam
2728 3483 3021 3532 aeternam.
3076 3480 3321 3532 Caeteros
3381 3482 3578 3532 autem

1884 3572 1949 3620 ut
1970 3565 2231 3635 praedixit
2259 3565 2447 3619 debite
2477 3566 2643 3635 punit
2676 3584 2689 3619 :
2726 3582 2869 3636 quos
2896 3567 3023 3619 ideo
3051 3565 3235 3635 punit,
3274 3565 3407 3635 quia
3439 3566 3575 3635 quid

1884 3658 2073 3709 essent
2101 3655 2277 3708 futuri
2314 3654 2629 3724 praescivit;
2687 3660 3021 3707 nontamen
3077 3653 3397 3723 puniendos
3456 3654 3577 3724 ipse

1884 3745 2031 3807 fecit,
2056 3744 2143 3796 vel
2168 3743 2613 3813 prmdestinavit,
2638 3744 2736 3797 sed
2768 3748 2990 3795 tantum
3027 3744 3111 3813 (ut
3155 3742 3291 3809 dixi)
3326 3742 3385 3795 in
3415 3743 3576 3796 dam-

1884 3833 2062 3887 nabili
2094 3848 2276 3885 massa
2326 3831 2621 3902 praescivit.
2657 3831 2815 3895 Quod
2866 3830 2973 3883 sia
3032 3846 3121 3882 me
3155 3830 3362 3899 quaeris
3410 3830 3573 3897 scire,

1885 3938 1985 3975 cur
2014 3921 2125 3974 duo
2160 3921 2267 3973 ista
2298 3920 2625 3974 ditfereuter
2658 3922 2803 3973 Deus
2851 3920 3034 3980 faciat,
3093 3919 3139 3971 si
3197 3934 3578 3988 personarum

1886 4020 2151 4079 acceptor
2175 4026 2292 4062 non
2318 4014 2397 4062 est
2424 4026 2435 4062 :
2480 4008 2614 4079 quia
2646 4008 2989 4077 generaliter
3034 4012 3129 4060 aut
3158 4007 3363 4076 punire
3411 4007 3579 4061 debet

1880 4098 2105 4167 justitia
2166 4104 2266 4151 aut
2328 4097 2718 4151 misericordia
2790 4098 3054 4163 liberare,
3112 4095 3391 4149 contende
3448 4112 3577 4149 cum

1890 4187 2097 4251 Paulo;
2130 4185 2268 4252 imo,
2302 4185 2347 4237 si
2378 4185 2572 4249 audes,
2599 4201 2775 4254 argue
2806 4186 3044 4239 Paulum
3086 4185 3185 4255 qui
3219 4184 3377 4247 dixit,
3413 4184 3580 4239 Chri—

2492 4290 2504 4327 :
2544 4295 2570 4321 ‹‹
2591 4274 2632 4327 Ο
2656 4274 2852 4339 homo,
2880 4279 2939 4326 tu
2970 4273 3097 4343 quis
3131 4289 3189 4326 es
3219 4272 3319 4342 qui
3353 4287 3584 4341 respon-

1888 4363 2022 4416 deas
2056 4364 2210 4415 Deo‘?
2240 4363 2513 4433 Nunquid
2544 4362 2681 4416 dicit
2705 4362 3045 4432 ﬁgmentum
3071 4362 3129 4414 ei
3153 4360 3253 4431 qui
3283 4378 3341 4413 se
3375 4360 3537 4414 ﬁnxit
3567 4377 3577 4413 :

1888 4450 2099 4520 thuid
2159 4466 2247 4503 me
2306 4451 2383 4503 sic
2437 4450 2655 4504 fecisti?
2716 4454 2798 4503 An
2851 4466 2964 4502 non
3016 4449 3185 4501 habet
3243 4452 3581 4516 potestatem

1884 4540 2098 4607 ﬁgulus
2148 4539 2251 4592 luti
2293 4556 2355 4592 ex
2399 4540 2599 4592 eadem
2655 4554 2839 4590 massa
2893 4537 3075 4589 facere
3129 4534 3284 4587 aliud
3345 4535 3580 4605 quidem

1887 4644 1981 4682 vas
2024 4628 2084 4680 in
2131 4628 2436 4692 honorem,
2483 4626 2636 4679 aliud
2675 4641 2805 4677 vero
2843 4624 2899 4676 in
2947 4622 3351 4675 contumeliam
3403 4624 3577 4691 (Rom.

1889 4733 1963 4777 Ix,
1995 4718 2083 4781 20,
2124 4716 2233 4784 '21).
2268 4738 2294 4763 »
2349 4716 2462 4784 Ego
2503 4721 2694 4767 autem
2753 4713 2857 4765 hoc
2886 4712 3010 4764 dico
3044 4710 3197 4779 quod
3249 4710 3385 4777 dixi,
3445 4710 3581 4780 quia

1887 4805 2170 4876 quidquid
2203 4806 2348 4859 Deus
2380 4803 2515 4873 agit,
2551 4800 3012 4865 misericorditer,
3056 4800 3228 4868 justo,
3273 4804 3580 4868 sancteque

1885 4892 2060 4947 facit:
2109 4891 2244 4961 quia
2285 4892 2437 4944 solus
2489 4891 2608 4959 ipse
2655 4887 3008 4958 praesciendo
3058 4886 3161 4939 scit
3218 4886 3371 4956 quod
3408 4886 3579 4939 homo

1886 4981 2191 5034 nesciendo
2224 4979 2420 5032 nescit.
2476 4998 2503 5028 (ι
2535 4976 2669 5041 Quis
2700 4976 2853 5029 enim
2902 4974 3172 5043 cognovit
3204 4990 3433 5027 sensum
3471 4975 3577 5026 Do-

1888 5068 2070 5122 mini?
2101 5074 2200 5121 ant
2229 5068 2357 5137 quis
2388 5066 2747 5119 consiliarius
2780 5064 2903 5133 ejus
2935 5064 3076 5117 fuit?
3118 5066 3230 5116 Aut
3261 5064 3389 5133 quis
3422 5063 3581 5133 prior

1886 5157 2041 5211 dedit
2096 5156 2199 5222 illi,
2262 5160 2317 5207 et
2374 5155 2720 5207 retribuetur
2776 5151 2868 5206 ei?
2901 5172 2926 5201 »
2993 5151 3172 5218 (Rom.
3222 5169 3292 5217 x1,
3330 5153 3414 5217 34,
3463 5152 3576 5220 35.)

1884 5248 1997 5298 Aut
2022 5243 2149 5313 quis
2180 5241 2317 5295 dicit
2349 5240 2399 5293 ei
2435 5258 2446 5293 :
2504 5240 2648 5303 Quid
2681 5238 2899 5291 fecisti?
2950 5239 3071 5293 Non
3115 5243 3301 5307 potest
3350 5242 3578 5291 tantum

1881 5333 2068 5401 justus
2096 5330 2205 5384 dici
2240 5331 2407 5393 Deus,
2441 5335 2538 5383 aut
2574 5329 2759 5381 solum
2793 5328 3132 5391 misericors,
3171 5328 3269 5382 sed
3299 5328 3485 5395 justus
3527 5331 3583 5380 et

1887 5419 2225 5474 misericors.
2291 5418 2379 5472 Sic
2432 5418 2691 5483 dicimus,
2755 5417 2835 5470 sic
2911 5415 3213 5469 credimus.
3270 5416 3581 5485 Propterea

1888 5509 2117 5580 quando
2148 5507 2230 5561 illi
2270 5522 2399 5561 cum
2442 5504 2615 5560 David
2654 5527 2682 5553 ‹‹
2715 5504 3163 5559 misericordiam
3193 5509 3245 5559 et
3295 5503 3580 5573 judicium
