3884 6218
294 296 429 349 1063

1425 292 1477 345 S.
1523 290 1795 345 REMIGII
1828 289 2310 347 LUGDUNENSIS
2342 288 2649 346 EPISCOPI

3662 291 3797 341 {Otii

293 432 586 482 cantamus
617 429 793 499 (Psal.
829 445 875 493 c,
933 427 1001 496 1),
1039 448 1065 476 ››
1116 430 1436 479 metuentes
1490 442 1605 479 non
1662 426 1981 496 interroga-
2024 429 2069 480 A
2093 425 2267 480 vitam
2298 426 2395 497 qui
2430 426 2703 479 divinitus
2729 424 2895 479 electi
2931 428 3063 479 sunt
3092 430 3150 478 et
3181 424 3607 495 praedestinati.
3642 426 3803 480 Sicut

292 534 440 585 mus,
469 534 596 588 quas
622 517 693 569 sit
725 517 981 570 voluntas
1013 515 1134 585 ejus
1174 515 1233 568 in
1253 515 1476 585 judicio
1510 520 1565 569 et
1596 515 1985 570 misericordia

291 605 782 675 conquiescentes.
816 622 843 654 »

948 704 1323 745 RESPONSIO.

362 800 490 853 Haec
537 796 715 868 igitur
782 796 976 850 omnia
1034 797 1186 867 quia,
1249 802 1313 849 ut
1370 795 1639 861 diximus,
1694 812 1804 848 non
1855 802 1985 848 sunt

288 886 458 940 verba
489 888 628 956 ejus,
663 886 759 939 sed
805 885 1100 939 manifeste
1133 902 1197 939 ex
1235 886 1353 955 jam
1403 885 1550 938 dicto
1599 884 1785 937 libello
1828 899 1983 936 sum-

287 981 386 1045 pta
418 980 828 1045 agnoscuntur,
864 974 931 1028 de
975 990 1089 1044 quo
1122 973 1259 1044 quid
1315 972 1478 1026 nobis
1526 972 1807 1031 videatur,
1863 971 1985 1040 jam

289 1080 462 1133 supra
490 1065 624 1117 satis
656 1068 949 1116 ostensum
973 1066 1075 1128 est,
1111 1062 1308 1115 relicta
1340 1061 1398 1114 in
1441 1060 1631 1114 medio
1664 1060 1887 1129 prolixa
1928 1065 1987 1113 et

289 1151 385 1223 pia
416 1151 826 1218 exhortatione,
880 1166 990 1220 qua
1047 1166 1245 1203 omnes
1292 1149 1487 1203 ﬁdeles
1518 1149 1740 1202 omissis
1779 1148 1984 1218 hujus-

290 1240 513 1294 cemodi
544 1241 793 1294 obscuris
816 1246 871 1293 et
901 1239 1253 1292 difﬁcillimis
1284 1239 1698 1309 queestionibus
1740 1238 1808 1292 ad
1841 1239 1984 1292 bene

290 1330 597 1383 vivendum
636 1333 691 1382 et
738 1328 882 1381 bene
930 1327 1219 1395 agendum
1280 1326 1525 1381 ﬁdeliter
1578 1331 1635 1379 et
1682 1326 1987 1380 salubriter

290 1419 637 1482 cohortatur,
683 1434 747 1470 ex
801 1416 1007 1469 divinis
1057 1416 1364 1485 Scripturis
1390 1416 1460 1469 ad
1494 1417 1639 1469 hanc
1689 1432 1810 1469 rem
1855 1432 1984 1486 per-

289 1507 533 1560 tinentes
567 1505 875 1559 sententias
934 1506 1141 1557 multas
1189 1510 1244 1558 et
1292 1504 1689 1574 multipliciter
1733 1520 1981 1557 sumens.

288 1599 644 1648 transeamus
676 1593 743 1647 ad
784 1594 906 1663 ejus
957 1593 1131 1646 verba
1180 1593 1388 1663 quibus
1435 1593 1582 1645 circa
1634 1592 1807 1645 tinem
1858 1592 1984 1662 epi-

290 1683 449 1737 stolae
481 1684 559 1737 ita
590 1682 746 1736 dicit.

909 1769 1134 1823 CAPUT
1184 1769 1360 1823 XLVI.

362 1876 513 1942 Quod
537 1892 703 1945 opera
736 1876 873 1930 bona
896 1880 1131 1945 prosunt
1158 1882 1207 1929 et
1236 1891 1355 1929 vere
1383 1876 1646 1929 hominem
1677 1876 1911 1929 solvant.

981 1997 1295 2037 RABANUS.

362 2111 387 2138 ‹‹
443 2088 738 2153 Quomodo
787 2089 881 2141 isti
929 2089 1219 2158 vaniloqui
1276 2088 1556 2157 garriunt,
1619 2088 1771 2158 quod
1842 2087 1986 2140 nihil

288 2177 470 2249 prosit
497 2177 717 2231 homini
746 2183 899 2231 recta
930 2176 1070 2230 ﬁdes
1102 2182 1157 2230 et
1198 2178 1344 2229 bona
1374 2176 1659 2246 operatio;
1709 2176 1986 2247 quoniam

288 2266 400 2319 nisi
426 2265 869 2335 praedestinatus
893 2266 963 2318 sit
996 2265 1144 2335 quis,
1174 2282 1284 2318 non
1308 2266 1497 2319 veniat
1523 2266 1593 2319 ad
1627 2265 1821 2331 vitam,
1856 2281 1985 2318 cum

289 2354 717 2424 praedestinatio
752 2353 895 2406 nihil
951 2354 1102 2408 aliud
1156 2354 1229 2406 sit
1262 2353 1369 2406 nisi
1418 2353 1545 2405 vitae
1579 2353 1832 2419 donatio,
1873 2370 1985 2406 non

290 2443 633 2512 perditionis
664 2442 954 2495 damnatio
978 2442 1006 2496 ‘I
1031 2442 1186 2495 Unde
1228 2442 1526 2495 manifeste
1557 2441 1849 2511 Scriptura
1897 2442 1983 2495 di-

292 2531 368 2585 cit
399 2547 411 2584 :
452 2551 473 2579 ι
514 2532 661 2584 Deus
689 2536 934 2583 mortem
976 2546 1093 2583 non
1122 2530 1271 2595 fecit,
1311 2547 1413 2583 nec
1458 2531 1683 2584 testatur
1711 2531 1769 2583 in
1800 2531 1987 2600 perdi-

289 2620 445 2674 tione
486 2620 764 2674 vivorum.
827 2620 1048 2674 Creavit
1103 2620 1254 2673 enim
1314 2624 1379 2673 ut
1436 2624 1624 2674 essent
1671 2620 1881 2684 omnia,
1933 2623 1989 2673 et

290 2708 576 2763 sanabiles
612 2708 746 2761 fecit
791 2708 1050 2761 nationes
1092 2708 1247 2761 orbis
1280 2712 1560 2761 terrarum
1593 2708 1739 2777 (Sap.
1796 2724 1833 2773 Ι,
1900 2710 1982 2773 13,

296 2799 404 2867 lli),
438 2819 466 2846 »
501 2802 557 2851 et
588 2814 691 2867 per
735 2797 1074 2867 prophetam
1107 2798 1227 2866 ipse
1280 2798 1553 2851 Dominus
1602 2797 1679 2849 ait
1710 2813 1721 2849 :
1788 2817 1814 2845 ‹‹
1847 2798 1987 2850 Nolo

293 2891 534 2940 mortem
606 2886 939 2957 peccatoris,
1010 2885 1107 2939 sed
1168 2890 1229 2939 ut
1308 2890 1673 2939 convertatur
1729 2890 1785 2938 et
1840 2885 1989 2938 vivat

293 2976 506 3043 (Ezech.
568 2990 760 3041 χχχιιι,
836 2977 941 3041 11).
996 2996 1024 3022 ››
1087 2974 1145 3029 Si
1214 2980 1405 3029 autem
1472 2991 1590 3028 non
1664 2976 1784 3027 vult
1840 2975 1987 3028 Deus

289 3071 537 3117 mortem
570 3063 735 3131 impii
765 3068 821 3116 et
850 3063 1179 3132 peccatoris,
1236 3063 1522 3133 quomodo
1558 3063 1988 3131 prazdestinavit

290 3168 421 3205 eum
440 3152 512 3205 ad
536 3152 816 3204 mortem?
845 3153 983 3205 Cum
1017 3151 1159 3203 nihil
1193 3152 1347 3204 aliud
1378 3153 1501 3221 ejus
1532 3152 1605 3203 sit
1639 3152 1779 3204 velle
1811 3168 1985 3221 quam

289 3241 723 3311 praedestinare,
758 3256 925 3293 causa
964 3241 1118 3293 enim
1161 3240 1420 3293 omnium
1480 3256 1671 3294 rerum
1726 3241 1987 3294 voluntas

292 3334 377 3383 est
419 3329 521 3382 Dei
553 3330 792 3399 ejusque
839 3330 1021 3381 facere
1069 3330 1207 3381 velle
1241 3334 1345 3395 est,
1379 3344 1483 3381 nec
1508 3328 1751 3397 simplex
1782 3334 1987 3383 natura

290 3419 543 3488 aliquam
573 3416 1035 3470 contrarietatem
1070 3417 1127 3469 in
1179 3433 1236 3469 se
1269 3418 1459 3483 habet,
1500 3417 1592 3470 sed
1629 3416 1836 3470 «idem
1870 3419 1986 3471 Do—

290 3507 480 3560 minus
525 3507 787 3559 omnium
818 3506 974 3559 dives
1006 3510 1111 3574 est,
1160 3505 1218 3558 in
1251 3506 1518 3558 omnibus
1572 3506 1671 3576 qui
1721 3505 1987 3560 invocant

288 3596 453 3648 illum
487 3596 658 3664 (Rom.
709 3610 762 3660 x,
803 3594 903 3663 l2).
940 3615 966 3641 »
1019 3594 1215 3662 Itaque
1269 3593 1695 3663 praedestinatio
1729 3594 1788 3647 in
1834 3594 1986 3647 bono

288 3683 519 3753 legitur,
565 3698 677 3735 non
709 3681 769 3734 in
800 3682 968 3735 malo.
1007 3680 1165 3734 Unde
1206 3681 1344 3734 dicit
1379 3682 1717 3751 Apostolus:
1778 3703 1805 3730 ‹‹
1838 3682 1987 3746 Quos

288 3771 592 3842 praescivit,
628 3777 684 3824 et
738 3770 1170 3840 praedestinavit
1222 3770 1551 3824 conformes
1606 3771 1731 3825 ﬁeri
1778 3772 1985 3843 imagi-

290 3860 377 3913 nis
415 3859 539 3913 Filii
582 3860 688 3925 sui,
733 3863 791 3911 ut
825 3859 895 3912 sit
926 3859 1045 3928 ipse
1078 3858 1493 3928 primogenitus
1540 3859 1601 3913 in
1642 3860 1838 3913 multis
1873 3860 1983 3913 fra-

290 3949 491 4002 tribus.
546 3948 697 4010 Quos
754 3951 943 4000 autem
994 3947 1432 4017 praedestinavit,
1494 3948 1599 4002 hos
1647 3954 1701 4001 et
1739 3949 1981 4012 vocavit,

292 4041 348 4090 et
404 4053 546 4107 quos
593 4035 835 4102 vocavit,
888 4035 1015 4088 illos
1068 4039 1124 4088 et
1172 4036 1532 4105 justiﬁcavit;
1598 4052 1738 4107 quos
1793 4048 1985 4091 autem

284 4125 639 4193 justiﬁcavit,
699 4124 825 4177 illos
904 4129 960 4177 et
1046 4125 1387 4194 gloriﬁcavit
1448 4126 1616 4194 (Rom.
1697 4142 1813 4185 vm.
1894 4128 1982 4191 29,

294 4213 402 4282 30).
439 4235 464 4261 ι)
508 4213 652 4265 Nota
698 4212 851 4281 quod
884 4211 1063 4264 dicit:
1102 4234 1121 4257 «
1176 4212 1327 4275 Quos
1384 4213 1828 4283 praedestinavit,
1885 4213 1986 4266 hos

293 4304 349 4353 et
374 4299 625 4365 vocavit;
662 4318 689 4348 »
723 4315 839 4352 non
870 4316 1016 4369 quos
1062 4301 1508 4369 praedestinavit,
1545 4300 1670 4355 illos
1719 4306 1772 4355 et
1818 4302 1984 4354 dam-

292 4389 480 4453 navit;
525 4388 738 4441 amavit
784 4387 938 4441 enim
985 4388 1171 4441 bonus
1200 4389 1377 4442 factor
1432 4396 1749 4443 creaturam
1800 4407 1983 4459 suam,

290 4492 395 4530 nec
426 4477 714 4530 immerito
741 4476 990 4547 aliquam
1016 4477 1267 4530 damnat.
1297 4478 1370 4530 De
1402 4494 1514 4548 quo
1544 4479 1678 4532 alibi
1710 4479 1985 4549 scriptum

292 4571 419 4620 est:
460 4587 480 4614 α
520 4566 804 4621 Misereris
846 4564 1126 4630 omnium,
1178 4564 1432 4632 Domine,
1486 4570 1541 4618 et
1593 4565 1737 4618 nihil
1817 4564 1986 4618 odisti

293 4670 492 4708 eorum
538 4670 665 4725 quin
724 4652 925 4717 fecisti,
981 4652 1347 4706 dissimulans
1401 4656 1628 4722 peccata
1682 4653 1985 4707 hominum

292 4751 525 4815 propter
577 4743 994 4812 paenitentiam,
1047 4747 1103 4795 et
1159 4758 1398 4812 parcens
1451 4743 1550 4811 eis,
1607 4743 1741 4813 quia
1806 4747 1865 4795 tu
1929 4759 1987 4796 es

293 4832 441 4886 Deus
474 4832 878 4885 universorum
908 4831 1063 4899 (Sap.
1096 4846 1169 4898 χι,
1213 4832 1302 4896 24,
1332 4831 1439 4901 25).
1481 4852 1508 4880 ››

950 4952 1327 4991 RESPONSIO.

364 5028 442 5082 De
480 5027 566 5080 his
616 5026 900 5093 omnibus,
945 5026 1079 5095 quia
1112 5026 1292 5078 multa
1342 5026 1462 5095 jam
1517 5026 1778 5096 superius
1838 5025 1989 5081 dicta

292 5121 442 5183 sunt,
478 5132 593 5169 non
617 5121 703 5169 est
732 5115 946 5169 diutius
985 5114 1387 5179 laborandum,
1419 5114 1515 5168 sed
1546 5119 1772 5168 tantum
1806 5131 1989 5185 pauca

294 5221 362 5259 ex
392 5206 473 5258 eis
524 5220 653 5274 quas
701 5202 1166 5256 consideratione
1216 5202 1479 5272 indigent
1530 5202 1777 5257 breviter
1834 5204 1984 5258 desi-

294 5293 542 5364 gnanda.
586 5294 785 5363 Itaque
832 5292 889 5344 in
917 5307 984 5344 eo
1019 5291 1175 5360 quod
1218 5290 1297 5343 ait
1333 5313 1352 5338 α
1395 5291 1736 5360 vaniloquos
1797 5293 1986 5347 dicere

295 5383 446 5451 quod
480 5380 622 5433 nihil
654 5379 836 5450 prosit
862 5379 1089 5432 homini
1124 5385 1276 5432 recta
1309 5380 1449 5433 ﬁdes
1480 5384 1536 5432 et
1574 5381 1726 5433 bona
1782 5396 1985 5451 opera-

296 5469 405 5535 tio;
438 5467 731 5537 quoniam,
763 5467 875 5520 nisi
904 5466 1343 5536 prazdestinatus
1368 5468 1441 5520 sit
1468 5466 1618 5537 quis,
1652 5484 1766 5521 non
1794 5469 1988 5523 veniat

297 5555 368 5608 ad
395 5554 590 5621 vitam,
616 5574 643 5602 ››
674 5569 873 5607 verum
886 5558 968 5606 est
990 5552 1225 5606 omnino
1244 5553 1398 5623 quod
1421 5553 1526 5607 soli
1557 5554 1640 5607 illi
1664 5554 1901 5609 veniunt
1919 5556 1987 5610 ad

2095 520 2288 584 aperte
2331 515 2601 585 praedicat
2664 519 2720 567 et
2784 513 3088 567 conﬁrmat
3145 514 3477 583 Apostolus,
3554 515 3799 568 dicens:

2099 626 2118 651 α
2152 604 2296 667 Quia
2326 620 2469 674 quos
2501 602 2807 673 praescivit,
2842 608 2899 656 et
2931 602 3397 672 praedestinavit;
3432 618 3576 673 quos
3598 606 3798 655 autem

2092 692 2538 762 praedestinavit,
2582 694 2685 746 hos
2716 697 2770 745 et
2819 692 3060 745 vocavit.
3103 692 3169 744 Et
3215 707 3359 762 quos
3410 692 3651 751 vocavit,
3698 692 3803 743 hos

2093 782 2533 850 etjustlﬁcavit;
2567 797 2711 850 quos
2742 785 2936 834 autem
2980 778 3331 850 justiﬁcavit,
3385 779 3520 833 illos
3574 785 3635 832 et
3670 796 3800 832 ma-

2093 869 2399 938 gniticavit.
2444 890 2462 917 ι
2507 868 2573 924 Hi
2621 873 2754 922 sunt
2784 869 2883 939 qui
2930 868 3170 922 omnino
3202 868 3443 937 veniunt
3489 868 3561 922 ad
3595 868 3799 921 vitam.

2095 956 2170 1008 De
2202 955 2409 1025 quibus
2438 954 2557 1024 ipse
2594 954 2869 1008 Dominus
2912 954 3216 1024 promittit,
3254 955 3488 1008 dicens:
3526 976 3554 1001 ‹‹
3592 955 3660 1007 Et
3692 971 3801 1022 ego

2092 1044 2265 1096 vitam
2300 1051 2573 1096 zeternam
2604 1043 2674 1096 do
2707 1043 2806 1110 eis,
2838 1048 2895 1096 et
2923 1058 3043 1095 non
3094 1042 3367 1111 peribunt
3396 1042 3457 1095 in
3507 1046 3798 1096 aeternum

2094 1132 2267 1203 (Joan.
2304 1148 2357 1198 x,
2388 1132 2500 1199 28).
2534 1153 2560 1179 »
2596 1132 2772 1184 Recta
2815 1134 3006 1184 autem
3038 1130 3183 1184 ﬁdes
3230 1134 3284 1184 et
3331 1130 3481 1183 bona
3534 1131 3803 1200 operatio

2093 1222 2257 1287 absit,
2292 1224 2353 1275 ut
2384 1221 2686 1291 quisquam
2716 1219 2976 1274 ﬁdelium
3002 1220 3170 1285 dicat,
3190 1220 3325 1291 quia
3347 1220 3487 1273 nihil
3524 1220 3760 1290 prosint
3789 1238 3799 1272 :

2091 1326 2224 1365 vere
2257 1310 2467 1363 etenim
2497 1313 2738 1379 prosunt
2767 1315 2824 1363 et
2850 1324 2976 1362 vere
3007 1309 3301 1363 hominem
3326 1310 3551 1362 salvant
3576 1310 3627 1362 si
3656 1309 3801 1362 illud

2094 1399 2174 1453 eis
2207 1398 2554 1468 adjungatur
2584 1398 2735 1468 quod
2768 1397 3047 1451 Dominus
3086 1397 3258 1451 dicit:
3295 1420 3321 1446 «
3368 1397 3475 1461 Qui
3518 1413 3803 1467 perseve-

2096 1487 2307 1540 raverit
2333 1503 2512 1556 usque
2542 1485 2601 1539 in
2648 1485 2845 1551 ﬁnem,
2880 1485 2973 1539 hic
3019 1486 3207 1539 salvus
3246 1486 3354 1539 erit
3384 1486 3609 1555 (Matth.
3647 1503 3800 1549 xxrv,

2099 1578 2206 1645 13).
2242 1597 2261 1622 »
2298 1575 2539 1630 Securus
2584 1574 2777 1645 itaque
2828 1574 3011 1628 ﬁdelis
3062 1575 3251 1640 homo,
3307 1579 3364 1629 et
3398 1580 3552 1628 recte
3601 1575 3801 1628 credat

2097 1673 2151 1718 et
2178 1663 2327 1719 bene
2381 1668 2667 1734 Operetur,
2710 1662 2845 1733 quia
2877 1663 2923 1715 si
2957 1662 3013 1716 in
3043 1662 3133 1715 his
3168 1662 3412 1715 ﬁdeliter
3456 1679 3802 1732 persevera-

2094 1750 2257 1815 verit,
2293 1750 2415 1803 sine
2447 1749 2620 1802 dubio
2653 1750 2841 1802 salvus
2869 1749 2994 1813 erit,
3039 1753 3096 1803 et
3121 1750 3192 1803 ad
3232 1750 3545 1803 electorum
3596 1766 3803 1804 nume-

2094 1855 2223 1892 rum
2266 1838 2594 1909 pertinebit.
2643 1838 2800 1902 Quod
2832 1854 2961 1891 vero
3008 1838 3099 1891 hic
3150 1838 3397 1908 positum
3446 1844 3551 1903 est,
3592 1863 3621 1886 ι(
3655 1840 3803 1903 Quia

2095 1926 2522 1997 praedestinatio
2555 1925 2699 1979 nihil
2733 1927 2885 1980 aliud
2920 1927 2994 1979 sit
3039 1926 3149 1979 nisi
3202 1927 3328 1980 vita”:
3364 1927 3625 1992 donatio,
3681 1944 3799 1980 non

2096 2015 2439 2087 perditionis
2470 2015 2783 2068 damnatio.
2822 2036 2848 2064 »
2880 2015 3113 2069 Videtur
3143 2016 3307 2069 nobis
3340 2033 3456 2069 non
3489 2018 3571 2069 ita
3602 2033 3634 2069 a
3663 2033 3802 2069 san-

2094 2110 2183 2158 cto
2219 2103 2531 2173 Augustino
2566 2104 2779 2157 dictum
2812 2106 2892 2157 vel
2927 2104 3263 2169 deﬁnitum;
3302 2106 3399 2175 qui
3431 2106 3798 2175 distinguens

2096 2192 2245 2245 inter
2273 2192 2841 2262 prmdestinationem
2884 2198 2941 2246 et
2970 2194 3235 2262 gratiam,
3271 2193 3348 2246 ita
3377 2193 3473 2261 ait,
3511 2193 3600 2263 (de
3643 2196 3799 2247 Pra-

2096 2282 2231 2335 dest.
2265 2286 2460 2346 sanct.,
2496 2298 2620 2351 cap.
2660 2282 2782 2350 1Ο);
2819 2279 3278 2351 [Ρτεξιάθδῐίηδῐὶο
3306 2286 3391 2335 est
3425 2286 3628 2352 gratiae
3662 2299 3799 2351 pra:-

2096 2370 2356 2440 paratio;
2393 2370 2573 2439 gratia
2616 2386 2747 2423 vero
2789 2376 2873 2423 est
2917 2371 3037 2439 jam
3084 2370 3206 2437 ipsa
3254 2369 3525 2441 donatio]
3572 2371 3638 2424 Et
3671 2377 3797 2440 post

2096 2474 2271 2527 pauca
2324 2474 2448 2527 quae
2501 2458 2863 2528 interposuit,
2916 2459 3173 2512 eamdem
3223 2458 3796 2528 praedestinationem

2097 2546 2351 2599 divinam
2401 2546 2703 2616 dupliciter
2749 2546 3138 2616 accipiendam
3190 2563 3332 2613 esse,
3382 2546 3441 2599 id
3490 2552 3576 2599 est
3623 2550 3682 2599 et
3741 2547 3797 2598 in

2095 2635 2247 2688 bono
2275 2636 2458 2701 electi,
2494 2634 2591 2704 qui
2638 2636 2812 2705 gratis
2855 2635 3245 2705 prazdestinati
3290 2639 3424 2688 sunt
3470 2635 3539 2687 ad
3576 2635 3789 2699 vitam;

2097 2726 2152 2777 et
2183 2722 2243 2776 in
2296 2725 2445 2776 malo
2494 2724 2724 2793 reprobi
2776 2724 2875 2794 qui
2920 2724 3075 2793 juste
3123 2723 3515 2794 prmdestinati
3568 2728 3705 2776 sunt
3727 2724 3794 2776 ad

2094 2828 2347 2882 poenam,
2382 2812 2459 2865 ita
2490 2812 2625 2866 dicit
2668 2812 2873 2881 (Ibid.)
2912 2828 2924 2865 :
2978 2812 3431 2881 [Praedestinatio
3468 2812 3653 2882 igitur
3700 2813 3793 2866 Dei

2097 2916 2225 2970 qua:
2247 2901 2302 2953 in
2337 2902 2487 2954 bono
2522 2906 2623 2968 est,
2658 2901 2859 2970 gratias
2886 2904 2988 2967 est,
3024 2906 3085 2954 ut
3116 2901 3230 2955 dixi
3260 2902 3654 2971 praeparatio]

2027 3003 2066 3058 α
2168 2990 2311 3042 Item
2344 2988 2500 3059 quod
2530 2988 2804 3059 proponit
2833 2993 2888 3042 et
2920 2989 3094 3042 dicit:
3129 3012 3157 3039 «
3187 2990 3244 3044 Si
3286 2996 3477 3043 autem
3529 3007 3648 3043 non
3680 2990 3794 3043 vult

2098 3079 2244 3131 Deus
2280 3082 2522 3131 mortem
2554 3077 2719 3146 impii
2768 3081 2825 3130 et
2870 3077 3201 3146 peccatoris,
3249 3077 3541 3147 quomodo
3570 3078 3793 3148 praede-

2096 3166 2270 3219 stinat
2296 3182 2428 3219 eum
2462 3166 2530 3219 ad
2563 3171 2826 3220 mortem.
2860 3187 2887 3216 »
2931 3168 3219 3230 Quantum
3268 3167 3553 3236 pusillitas
3599 3173 3791 3220 nostra

2094 3254 2301 3325 potuit,
2332 3256 2451 3325 jam
2485 3256 2751 3324 superius
2777 3260 2860 3309 est
2892 3260 3196 3309 tractatum
3224 3272 3235 3321 ;
3273 3261 3324 3309 et
3354 3272 3506 3309 nunc
3545 3256 3789 3309 breviter

2096 3344 2373 3398 dicimus:
2434 3346 2569 3414 quia
2620 3345 2761 3399 illud
2806 3360 2921 3397 non
2977 3346 3097 3397 vult
3128 3366 3155 3393 «
3201 3345 3455 3398 bonitate
3513 3345 3787 3399 Condito-

2094 3433 2193 3500 ris,
2219 3454 2245 3480 »
2303 3433 2450 3486 istud
2496 3438 2688 3487 autem
2740 3433 2872 3487 facit
2903 3454 2929 3481 ‹‹
2974 3430 3189 3503 judicis
3229 3434 3524 3503 aequitate,
3562 3454 3589 3483 io
3646 3439 3707 3487 ut
3737 3438 3787 3487 et

2097 3522 2312 3575 salvare
2336 3521 2471 3574 velit
2502 3521 2653 3591 quod
2685 3522 2915 3588 creavit,
2950 3527 3005 3576 et
3030 3527 3223 3576 tamen
3263 3528 3541 3576 creaturas
3588 3524 3785 3576 vitium

2095 3625 2213 3663 non
2245 3610 2533 3680 relinquat
2580 3611 2955 3680 impunitum.
3004 3611 3163 3674 Quod
3213 3628 3347 3665 vero
3394 3612 3692 3682 subjungit
3734 3614 3785 3665 et

2096 3699 2269 3753 dicit:
2308 3718 2334 3749 «
2369 3700 2565 3770 Itaque
2598 3699 3029 3770 praedestinatio
3060 3700 3119 3753 in
3142 3701 3290 3755 bono
3320 3701 3550 3770 legitur,
3584 3718 3699 3754 non
3730 3700 3785 3753 in

2096 3788 2283 3853 malo;
2322 3810 2342 3835 ι
2376 3788 2526 3841 unde
2559 3788 2695 3842 dicit
2747 3791 3089 3859 Apostolus:
3126 3791 3338 3853 «.Quos
3390 3791 3694 3859 praescivit,
3734 3795 3785 3842 et

2094 3877 2524 3947 praedestinavit
2568 3878 2889 3931 conformes
2956 3878 3081 3931 ﬁeri
3127 3877 3396 3948 imaginis
3448 3878 3574 3931 Filii
3622 3878 3724 3932 sui.
3762 3896 3782 3929 ι

2096 3965 2427 4020 Consideret
2460 3966 2765 4036 diligenter
2801 3967 2964 4034 (sicut
3011 3967 3131 4037 jam
3179 3984 3351 4037 supra
3399 3968 3787 4038 multipliciter

2095 4053 2259 4107 nobis
2282 4054 2562 4108 offensum
2588 4056 2711 4123 est),
2745 4055 2882 4125 quia
2905 4055 2963 4109 in
2994 4055 3199 4109 divinis
3222 4056 3529 4126 Scripturis
3566 4073 3676 4109 non
3709 4059 3783 4109 est

2096 4143 2444 4213 exigendum
2477 4150 2540 4197 ut
2566 4144 2893 4215 ubicunque
2944 4161 3033 4198 res
3084 4145 3611 4215 praedestinationis
3662 4146 3785 4198 dici-

2095 4235 2205 4296 tur,
2243 4232 2417 4285 etiam
2455 4233 2644 4302 ipsum
2681 4249 2893 4287 nomen
2924 4233 3443 4303 praedestinalionis
3475 4234 3702 4303 proprie
3732 4237 3782 4284 et

2027 4318 2067 4371 D
2099 4336 2360 4390 expresse
2421 4322 2670 4391 positum
2726 4323 2988 4391 legatur;
3029 4322 3124 4375 sed
3172 4322 3500 4393 ubicunque
3552 4338 3641 4375 res
3671 4323 3782 4392 ipsa

2096 4408 2409 4461 certissime
2441 4410 2621 4478 posita
2651 4408 2959 4476 invenitur,
2989 4410 3331 4479 regulariter
3352 4410 3777 4474 observandum,

2098 4498 2247 4566 quod
2300 4497 2469 4549 etiam
2521 4496 2689 4550 tacito
2738 4498 3257 4567 praedestinationis
3306 4501 3540 4552 nomine
3591 4499 3779 4553 rectis-

2096 4585 2237 4637 sime
2280 4585 2703 4654 przedestinatio
2742 4586 3115 4655 intelligatur.
3153 4588 3294 4640 Nam
3329 4588 3374 4639 si
3418 4588 3609 4657 ipsum
3642 4603 3777 4657 pra:-

2098 4674 2496 4727 destinationis
2528 4691 2740 4727 nomen
2771 4677 3003 4745 proprie
3052 4677 3303 4745 positum
3344 4676 3646 4743 exigimus,
3688 4692 3779 4729 nec

2096 4763 2156 4816 in
2187 4762 2299 4816 illis
2328 4763 2671 4816 testimoniis
2720 4764 3092 4833 propheticis,
3121 4782 3183 4818 ex
3233 4764 3440 4835 quibus
3489 4766 3779 4835 Apostolus

2097 4852 2664 4921 praedestinationem
2712 4851 2962 4905 divinam
3020 4858 3076 4905 et
3117 4868 3251 4922 erga
3303 4854 3516 4907 electos
3561 4860 3615 4907 et
3660 4868 3778 4921 erga

2100 4940 2377 5008 reprobos
2426 4940 2727 5009 approbat,
2781 4941 2934 4994 istud
2984 4956 3194 4994 nomen
3245 4941 3535 4994 ullatenus
3575 4942 3777 4995 inveni-

2099 5044 2263 5095 mus;
2299 5034 2355 5081 et
2399 5034 2590 5082 tamen
2648 5029 2805 5099 quod
2850 5030 3167 5082 clarissima
3210 5046 3404 5083 rerum
3458 5031 3777 5085 certitudine

2097 5117 2396 5187 approbat,
2432 5117 2681 5171 ﬁdeliter
2711 5118 2942 5171 credere
2975 5134 3091 5171 non
3131 5118 3481 5173 dubitamus.

2710 5207 2934 5260 CAPUT
2971 5207 3177 5259 XLVII.

2521 5295 2732 5363 Septem
2772 5295 2990 5348 Rabam’
3029 5296 3367 5363 objectiones.

2169 5382 2443 5453 Sequitur
2472 5388 2602 5452 post
2629 5382 2752 5436 haec
2782 5383 2978 5435 omnia
3002 5382 3063 5435 in
3093 5383 3207 5437 ﬁne
3238 5384 3530 5454 epistolae:

2787 5485 3105 5526 RABANUS.

2177 5580 2199 5608 ι
2236 5558 2534 5629 Multiplici
2566 5575 2701 5630 ergo
2733 5566 2899 5615 reatu
2930 5560 3037 5615 iste
3067 5560 3504 5630 constringitur,
3538 5560 3639 5632 qui
3667 5574 3775 5631 pra-
