3884 6218
50 411 165 460 Νείὶὸ

1258 412 1462 465 LIBER
1506 413 1594 466 DE
1636 414 1884 469 TllIBUS
1925 414 2298 468 EPISTOLIS.

3410 419 3543 468 lOtiti

46 540 438 592 tintinationis
467 542 681 593 bonum
732 540 789 593 in
839 557 1074 610 pravum
1126 559 1354 594 sensum
1407 550 1739 596 convertens
1779 552 1821 601 Α
1858 560 1959 597 nec
1985 544 2192 597 frustra
2225 550 2277 597 et
2309 546 2429 597 sine
2460 563 2627 598 causa
2666 545 2759 598 ille
2789 562 2932 615 opus
2974 561 3139 598 suum
3173 545 3425 600 decernit
3454 547 3543 599 in-

46 628 297 680 nefandis
327 632 690 683 sermonibus
714 631 1113 699 blaspliemare
1142 632 1457 700 praesumit.

106 737 131 765 α
179 719 396 780 Primo,
447 720 599 789 quod
646 720 978 772 Creatorum
1034 736 1221 784 suum,
1265 720 1364 789 qui
1397 726 1481 772 est
1520 737 1743 774 summe

48 806 241 871 bonus,
298 808 633 860 malivolum
685 824 852 861 ausus
887 812 971 860 est
1019 807 1224 873 dicere,
1282 824 1347 861 eo
1397 809 1549 878 quod
1602 826 1743 879 opus

49 909 202 946 suam
236 894 455 947 frustra
488 900 542 947 et
572 895 692 947 sine
723 911 893 947 causa
919 896 1183 948 decernat
1217 896 1471 949 interire.

107 1006 131 1029 υ
167 982 461 1050 Secundo,
498 986 649 1054 quod
684 984 866 1054 ipsam
898 984 1194 1037 veritatem
1238 984 1491 1038 fallacem
1540 985 1744 1038 nititur

51 1088 319 1139 asserere,
367 1090 496 1143 quas
529 1090 630 1143 per
671 1072 989 1143 Scripturas
1035 1090 1219 1125 sacras
1270 1080 1418 1127 recte
1454 1074 1741 1127 credenti—

50 1161 141 1213 bus
175 1165 231 1214 et
260 1161 411 1214 bene
445 1161 815 1230 operantibus
857 1167 1087 1229 aeternae
1136 1162 1263 1214 vita:
1300 1162 1545 1231 spondet
1594 1178 1739 1231 pra:-

52 1250 152 1302 mia
180 1267 193 1313 ;
221 1255 280 1302 et
304 1251 669 1320 peccantibus
711 1256 882 1320 atque
917 1267 1029 1304 non
1079 1250 1487 1321 pmnitentibus
1542 1250 1742 1303 mortis

51 1338 306 1407 praedicit
337 1354 553 1406 poenas.

112 1448 139 1473 ί(
172 1426 386 1489 Tertio,
452 1426 603 1496 quod
648 1426 866 1495 justum
924 1427 1179 1496 judicem
1226 1427 1325 1494 qui
1370 1428 1427 1479 in
1472 1426 1741 1495 aequitate

50 1514 400 1581 judieatnrus
431 1519 515 1565 est
544 1515 697 1566 vivos
730 1530 793 1567 ac
832 1519 1088 1566 mortuos
1135 1515 1403 1583 praedicat
1438 1514 1734 1582 injustum,

54 1603 274 1671 quando
310 1602 456 1655 bene
509 1604 807 1672 agentibus
859 1604 1095 1672 praemia
1142 1609 1198 1655 et
1243 1605 1388 1656 male
1440 1603 1741 1672 agentibus

54 1697 331 1743 tormenta
358 1707 488 1744 eum
522 1708 637 1744 non
670 1692 907 1745 reddere
938 1693 1206 1745 affirmat.

116 1800 142 1824 «ι
178 1777 421 1842 Quarto,
454 1780 606 1848 quod
646 1780 1085 1848 Redemptorem
1131 1780 1328 1832 mundi
1367 1780 1575 1831 frustra
1605 1794 1739 1830 san-

58 1867 280 1935 guinem
314 1883 483 1920 suum
524 1868 732 1921 fudisse
770 1885 885 1921 non
932 1868 1097 1921 timet
1131 1885 1232 1937 per
1268 1883 1521 1920 errorem
1573 1883 1739 1919 suum

58 1956 283 2024 tingere,
354 1956 587 2025 quando
635 1956 695 2008 in
743 1973 800 2009 se
856 1957 1219 2010 credentibus
1274 1961 1330 2007 et
1377 1956 1739 2025 sperantibus

60 2049 283 2113 propter
348 2044 870 2114 praedestinationis
928 2045 1322 2098 necessitatem
1391 2060 1505 2097 non
1568 2043 1739 2113 possit

60 2132 374 2184 subvenire.

122 2242 148 2269 ς
183 2220 419 2285 Quinto,
449 2220 601 2291 quod
636 2220 853 2274 invidet
879 2220 1047 2274 bonis
1070 2220 1289 2291 angelis
1312 2236 1508 2274 eorum
1545 2235 1742 2273 nume-

64 2326 197 2375 rum,
234 2325 408 2379 quem
445 2309 705 2362 diabolus
736 2325 837 2379 per
866 2309 1191 2379 superbiam
1216 2326 1487 2362 corruens
1512 2308 1739 2374 minuit,

64 2398 398 2451 Salvatorem
456 2404 713 2451 nostrum
793 2414 893 2469 per
963 2399 1263 2451 hominum
1352 2398 1740 2451 conditionem

64 2488 384 2557 adimplere.

128 2598 151 2623 ι(
184 2576 373 2643 Sexto,
411 2575 565 2644 quod
617 2574 799 2645 magis
851 2574 1001 2628 favet
1049 2591 1149 2628 sua
1199 2574 1469 2645 opinione
1515 2574 1742 2628 diabolo

67 2681 223 2735 quam
259 2666 399 2729 Deo,
435 2680 564 2717 cum
593 2664 661 2717 ad
693 2665 813 2733 ejus
844 2663 1180 2733 perditionis
1212 2670 1423 2716 sortem
1452 2663 1621 2716 tradit
1650 2679 1745 2715 eos

70 2754 358 2822 pertinere,
416 2770 559 2823 quos
609 2752 801 2806 divina
850 2753 1033 2822 gratia
1085 2751 1332 2805 decrevit
1386 2752 1453 2805 ad
1503 2752 1742 2804 salutem

68 2850 324 2896 aeternam
358 2841 705 2913 pertingere.

132 2954 155 2979 ιι
191 2931 461 3000 Septimo,
512 2930 662 3000 quod
697 2929 871 2982 totius
923 2929 1160 2982 humani
1214 2928 1438 2997 generis
1478 2928 1744 2981 inimicus

71 3021 127 3072 sit
160 3020 512 3085 manifestus,
545 3034 671 3071 cum
710 3019 849 3071 illud
890 3018 1028 3071 dicit
1078 3034 1182 3087 per
1225 3016 1431 3070 Christi
1488 3017 1659 3069 fidem
1692 3020 1744 3069 et

72 3109 319 3178 baptismi
353 3111 773 3161 sacramentum
814 3124 843 3160 a
876 3106 1047 3177 primi
1095 3107 1349 3177 parentis
1400 3106 1579 3176 lapsu,
1614 3122 1743 3175 pro-

69 3197 428 3266 priorumque
471 3196 750 3250 scelerum
783 3202 965 3261 reatu,
1009 3211 1113 3248 nec
1142 3211 1259 3248 non
1292 3204 1342 3249 et
1392 3196 1460 3249 ab
1493 3195 1745 3249 hostium

73 3290 331 3352 potestate
362 3301 479 3337 non
507 3301 672 3355 posse
706 3283 848 3348 erui,
906 3284 1003 3338 sed
1038 3284 1351 3353 obligatum
1404 3284 1574 3336 noxia
1623 3283 1747 3353 opi-

72 3371 178 3423 ficis
208 3371 291 3424 sui
332 3370 839 3441 praedestinatione
871 3369 928 3422 in
960 3374 1239 3423 tartarum
1264 3370 1540 3440 demergi.
1576 3389 1603 3415 »

717 3472 1081 3513 RBSPONSIO.

132 3548 351 3617 Septem
404 3548 491 3601 his
540 3546 727 3601 verbis
790 3547 1139 3616 objectiones
1203 3546 1316 3599 sive
1388 3546 1749 3600 definitiones

74 3636 236 3703 ponit,
271 3636 484 3706 quibus
516 3651 655 3700 non,
688 3639 752 3687 ut
791 3634 911 3704 ipse
960 3635 1113 3701 dicit,
1172 3634 1637 3704 blasphemantes
1689 3634 1747 3686 in

78 3724 253 3789 Deum,
296 3724 394 3778 sed
440 3724 690 3778 fideliter
742 3724 1038 3778 credentes
1082 3725 1215 3789 Deo,
1266 3729 1321 3776 et
1374 3723 1650 3777 veraciter
1689 3722 1749 3775 in

76 3811 365 3864 electorum
414 3811 752 3865 liberatione
815 3814 869 3864 et
915 3811 1298 3880 reproborum
1382 3811 1749 3865 damnatione

76 3899 505 3954 misericordiam
554 3900 676 3969 ejus
727 3904 782 3953 et
839 3899 1120 3969 judicium
1193 3900 1530 3953 confitentes
1579 3906 1749 3970 atque

76 3986 370 4053 laudantes,
412 3989 673 4041 falsitatis
719 3994 776 4042 et
825 3989 1032 4041 erroris
1075 3994 1295 4059 arguat.
1346 3991 1407 4041 Et
1436 3993 1626 4042 tamen
1663 3988 1749 4040 ni-

76 4074 227 4129 hilex
258 4078 347 4130 his
387 4094 515 4147 quae
575 4078 632 4129 in
677 4077 813 4147 ipsis
872 4082 1091 4147 septem
1148 4077 1577 4130 definitionibus
1635 4077 1751 4130 suis

79 4164 248 4233 objicit
276 4182 495 4230 verum,
532 4171 631 4218 aut
658 4166 996 4218 rationabile
1040 4166 1189 4219 valet
1216 4166 1533 4219 ostendere.

133 4253 215 4307 Ad
243 4257 479 4323 primum
501 4255 864 4321 objectionem.
898 4283 967 4292 —
1016 4255 1193 4307 Nemo
1238 4254 1389 4307 enim
1426 4255 1750 4309 Creatorem

84 4356 225 4394 suum
270 4358 495 4395 summe
524 4342 739 4397 bonum
791 4342 1121 4395 malivolum
1176 4342 1333 4409 dicit,
1384 4343 1538 4412 quod
1583 4342 1747 4408 absit,

85 4430 220 4497 quasi
255 4431 419 4483 mala:
454 4430 762 4484 voluntatis
787 4430 859 4483 sit
889 4446 1024 4500 erga
1050 4436 1369 4483 creaturam
1399 4447 1582 4493 suam,
1618 4430 1752 4501 quia

86 4534 287 4588 semper
315 4519 439 4589 ejus
468 4519 729 4572 voluntas
759 4518 907 4571 bona
940 4524 1023 4572 est
1052 4519 1247 4584 bonis;
1283 4535 1411 4589 qua:
1444 4524 1500 4572 et
1529 4519 1574 4571 si
1604 4520 1755 4572 mala

87 4606 285 4660 videtur
309 4608 496 4672 malis,
530 4623 757 4677 semper
805 4612 999 4661 tamen
1028 4607 1181 4677 justa
1216 4613 1320 4673 est,
1352 4612 1408 4661 et
1444 4607 1572 4661 ideo
1606 4609 1755 4661 mala

90 4709 186 4747 esse
217 4712 329 4749 non
376 4700 597 4765 potest;
635 4696 783 4749 unde
832 4700 887 4749 et
935 4696 1227 4765 Scriptura
1277 4696 1346 4749 ad
1398 4712 1529 4749 eum
1579 4696 1751 4750 dicit:

92 4802 111 4830 α
139 4785 267 4838 Cum
300 4790 493 4839 sancto
535 4790 759 4838 sanctus
807 4785 938 4852 eris,
971 4789 1025 4837 et
1070 4801 1199 4837 cum
1252 4785 1552 4839 innocente
1599 4785 1758 4839 inno-

93 4886 201 4924 cens
240 4874 367 4927 eris.
418 4874 485 4926 Et
524 4888 653 4925 cum
702 4872 881 4925 electo
930 4873 1143 4925 electus
1192 4873 1323 4934 eris,
1376 4877 1595 4925 etcum
1630 4888 1755 4941 per-

93 4975 233 5013 verso
257 4960 605 5031 perverteris
637 4961 813 5030 (Psal.
863 4977 995 5027 xvu,
1045 4963 1130 5024 26,
1177 4964 1289 5027 27).
1337 4981 1363 5007 ››
1426 4961 1503 5013 De
1548 4961 1759 5030 quibus

95 5048 255 5100 verbis
276 5048 475 5102 beatus
497 5048 852 5117 Augustinus
875 5052 1124 5100 tractans
1147 5047 1226 5117 (in
1238 5049 1379 5116 psal.
1408 5049 1569 5117 xvu.)
1594 5064 1606 5100 :
1642 5048 1759 5112 Est,

98 5134 284 5205 inquit,
333 5137 557 5189 occulta
621 5135 1003 5205 profunditas,
1077 5152 1190 5206 qua
1248 5136 1585 5205 intelligetis
1632 5152 1761 5189 cum

100 5228 263 5277 sancto
294 5230 543 5288 sanctus,
579 5224 715 5294 quia
741 5229 802 5278 tu
851 5224 1198 5277 sanctificas:
1235 5229 1447 5277 etcum
1501 5224 1620 5277 viro
1675 5224 1762 5277 in-

101 5318 312 5366 nocente
363 5313 663 5379 innocens,
722 5312 857 5383 quia
902 5312 1044 5365 nulli
1096 5328 1285 5381 noces,
1335 5313 1430 5366 sed
1477 5313 1764 5365 criniculis

103 5406 434 5467 peccatorum
464 5417 700 5454 suorum
732 5401 1127 5471 unusquisque
1156 5401 1590 5471 constringitur,
1611 5406 1667 5455 et
1693 5401 1763 5455 ab

105 5500 157 5539 eo
185 5505 344 5558 quem
378 5488 541 5557 eligis
564 5486 812 5556 eligeris,
843 5492 898 5540 et
926 5502 1055 5539 cum
1088 5502 1351 5556 perverso
1385 5487 1594 5540 videris
1635 5502 1764 5556 per-

104 5590 305 5643 versos;
340 5576 621 5647 quoniam
656 5575 887 5628 dicunt:
924 5596 950 5622 «
985 5575 1107 5627 Non
1137 5578 1220 5626 est
1250 5581 1401 5629 recta
1432 5575 1520 5627 via
1569 5574 1767 5627 Domi-

106 5662 172 5731 ni,
196 5669 247 5718 et
272 5664 531 5736 ipsorum
560 5663 649 5716 via
677 5679 792 5718 non
826 5668 911 5717 est
943 5667 1096 5717 recta
1146 5663 1362 5731 (Ezech.
1401 5678 1554 5721 xvni,
1584 5662 1706 5731 25);
1742 5679 1764 5701 υ

430 5756 710 5820 PATROL.
764 5753 966 5819 CXXI.

1854 632 2046 697 terire,
2086 634 2179 686 sed
2225 650 2368 703 quos
2412 634 2704 686 verissime
2744 635 3025 703 przescivit
3076 634 3286 703 impios
3335 641 3390 688 et
3441 636 3545 688 ini-

1851 738 1995 791 quos
2032 722 2270 787 futuros,
2305 721 2446 773 etin
2498 737 2599 773 sua
2646 721 2934 790 impietate
2979 728 3033 773 et
3066 722 3366 793 iniquitate
3407 739 3541 793 per-

1855 826 2153 862 mansuros
2202 810 2372 880 justis
2423 814 2477 863 et
2538 810 2868 863 rectissimis
2932 810 3111 863 causis
3176 812 3422 865 decrevit
3488 818 3543 867 et

1852 898 2069 965 statuit,
2125 904 2179 951 et
2231 898 2651 967 praedestinavit
2699 898 3002 967 perituros.
3057 898 3212 952 Sicut
3260 899 3379 969 ipse
3424 901 3537 955 ait:

1853 1008 1879 1034 ‹‹
1924 987 2033 1050 Qui
2081 986 2395 1056 peccaverit
2450 986 2612 1052 mihi,
2663 985 2863 1039 delebo
2917 1002 3046 1039 eum
3099 987 3165 1039 de
3213 987 3361 1041 libro
3416 1005 3542 1043 meo

1852 1076 2062 1144 (Exod.
2093 1092 2265 1141 xxxu,
2303 1078 2407 1142 33).
2450 1096 2468 1121 ι

1920 1164 2015 1216 Ad
2044 1164 2350 1216 secundam.
2392 1194 2457 1202 —
2504 1164 2613 1215 Nec
2645 1162 2745 1233 qui
2794 1162 3358 1233 prmdestinationem
3393 1165 3544 1218 divi-

1850 1268 1983 1304 nam
2030 1252 2087 1304 in
2119 1258 2425 1322 utramque
2457 1256 2701 1320 partem,
2736 1250 2793 1304 id
2826 1258 2910 1303 est
2950 1256 3003 1303 et
3029 1254 3343 1304 electorum
3372 1258 3426 1305 et
3458 1270 3544 1306 re-

1849 1339 2184 1408 proborum,
2229 1340 2471 1393 fideliter
2516 1339 2693 1392 credit
2724 1344 2779 1392 et
2818 1338 3141 1405 confitetur,
3190 1341 3371 1410 ipsam
3407 1342 3547 1394 veri-

1850 1433 2023 1481 tatem
2058 1429 2315 1481 fallacem
2356 1429 2561 1481 nititur
2608 1428 2945 1481 ostendere:
2992 1430 3088 1481 sed
3122 1429 3359 1482 omnino
3386 1445 3543 1483 vera-

1852 1532 1972 1569 cem
2003 1522 2057 1569 et
2103 1517 2333 1569 fidelem
2380 1518 2439 1567 in
2487 1516 2751 1569 omnibus
2799 1516 2984 1569 verbis
3024 1517 3163 1582 suis,
3196 1523 3254 1570 et
3292 1523 3542 1570 sanctam

1850 1605 1911 1657 in
1940 1606 2201 1657 omnibus
2235 1606 2505 1675 operibus
2538 1604 2651 1657 suis
2680 1625 2693 1671 ;
2727 1606 2858 1674 quia
2892 1606 3104 1669 electis,
3134 1605 3277 1657 sicut
3317 1607 3542 1675 praede—

1851 1693 2102 1758 stinavit,
2146 1700 2373 1747 aeterna:
2399 1693 2527 1746 vitae
2560 1694 2793 1762 praemia
2822 1693 3064 1762 spondet
3094 1698 3149 1745 et
3178 1693 3382 1746 reddit.
3421 1695 3483 1747 Et
3512 1709 3541 1747 e

1851 1781 2139 1833 contrario
2192 1780 2450 1849 reprobis
2511 1780 2899 1850 peccantibus,
2959 1796 3061 1833 nec
3108 1780 3537 1849 paenitentibus,

1852 1872 1997 1923 sient
2027 1869 2475 1940 praedestinavit,
2518 1871 2672 1939 justo
2709 1885 2811 1921 suo
2839 1869 3055 1938 judicio
3107 1874 3346 1922 aeternas
3378 1871 3541 1923 retri-

1850 1959 1973 2010 buit
2000 1975 2218 2028 poenas.

1922 2047 2014 2099 Ad
2068 2050 2301 2100 tertiam.
2355 2077 2421 2085 —
2467 2047 2577 2099 Nec
2617 2047 2837 2115 justum
2884 2046 3135 2115 judicem
3187 2046 3295 2099 ista
3339 2047 3544 2101 divina:

1850 2134 2369 2204 praedestinationis
2436 2135 2640 2187 veritas
2702 2135 2855 2187 velut
2903 2134 3178 2203 injustum
3231 2135 3537 2204 praedicat:

1854 2224 1989 2293 quia
2032 2224 2342 2276 secundum
2396 2240 2521 2276 eam
2572 2228 2628 2275 et
2692 2222 2836 2275 bene
2885 2223 3209 2292 agentibus,
3261 2229 3432 2292 atque
3480 2223 3541 2276 in

1852 2314 2004 2366 bono
2035 2312 2531 2381 perseverantibus
2582 2311 2815 2381 praemia
2865 2312 3275 2376 restituuntur;
3310 2316 3365 2364 et
3397 2312 3541 2365 male

1853 2401 2152 2471 agentibus
2200 2404 2370 2469 atque
2427 2400 2482 2452 in
2534 2398 2684 2452 malo
2729 2400 3198 2469 permanentibus
3228 2401 3379 2470 juste
3418 2405 3540 2454 tor-

1858 2495 2045 2543 menta
2078 2488 2418 2540 inferuntur.

1926 2577 2017 2631 Ad
2047 2581 2319 2644 quartam.
2362 2606 2430 2613 ——
2471 2576 2579 2628 Nec
2624 2575 3067 2645 Redemptorem
3120 2576 3322 2629 mundi
3352 2576 3544 2647 aliqua

1853 2664 2378 2736 praedestinationis
2440 2680 2556 2716 sua:
2620 2666 2922 2716 necessitas
2988 2665 3299 2733 compellit,
3351 2671 3412 2718 ut
3441 2681 3546 2734 per

1855 2755 2166 2824 gloriosum
2200 2752 2497 2822 sanguinis
2522 2752 2607 2804 sui
2646 2753 2892 2822 pretium
2920 2752 2977 2805 in
3010 2768 3067 2805 se
3097 2752 3457 2806 credentibus
3489 2758 3546 2806 et

1856 2841 2213 2913 sperantibus
2260 2840 2562 2893 subvenire
2615 2857 2727 2893 non
2755 2841 2968 2909 possit:
3007 2840 3141 2910 quia
3171 2846 3223 2894 et
3276 2841 3545 2894 omnibus

1856 2927 2047 2981 electis
2076 2927 2192 2978 suis
2222 2927 2318 2979 illo
2351 2927 2533 2996 pretio
2566 2927 2623 2979 in
2656 2933 2932 2980 aeternum
2980 2929 3262 2981 subvenit.
3299 2929 3361 2981 Et
3391 2929 3544 2998 quod

1856 3017 2116 3085 reprobis
2138 3031 2251 3068 non
2280 3016 2559 3082 subvenit,
2584 3016 2689 3086 ipsi
2714 3032 2815 3086 per
2852 3015 3229 3085 impietatem,
3262 3019 3319 3070 et
3340 3016 3546 3087 iniqui-

1789 3110 1827 3164 C
1855 3110 2029 3158 tatem
2063 3120 2222 3156 suam
2272 3104 2523 3172 pretium
2557 3106 2679 3173 ejus
2731 3106 3051 3174 repellunt:
3082 3122 3223 3175 quos
3255 3110 3310 3159 et
3358 3106 3403 3158 si
3435 3122 3545 3176 po—

1857 3199 1965 3246 test
1997 3194 2088 3245 ille
2120 3194 2355 3257 salvere,
2391 3193 2509 3245 vult
2540 3197 2731 3245 tamen
2762 3194 2984 3262 aliquos
3016 3194 3086 3247 ad
3129 3195 3547 3249 ostendendum

1855 3286 2132 3335 terrorem
2168 3280 2485 3334 severitatis
2514 3297 2651 3346 suae,
2685 3282 2839 3350 justa
2866 3282 3085 3335 ultione
3118 3283 3411 3337 damnare.

1927 3370 2018 3424 Ad
2048 3373 2314 3439 quintam.
2351 3400 2411 3409 —
2448 3371 2559 3423 Nec
2589 3370 2805 3423 invidet
2834 3371 3036 3424 eadem
3083 3371 3288 3424 divinae
3328 3373 3547 3442 praede-

1857 3459 2179 3513 stinationis
2210 3460 2475 3511 severitas
2509 3458 2671 3511 bonis
2717 3458 2955 3526 angelis,
2989 3475 3059 3511 ne
3091 3468 3327 3529 propter
3354 3461 3547 3515 multi«

1856 3547 2114 3601 tudinem
2138 3547 2515 3616 reproborum
2549 3546 2806 3615 quotidie
2834 3547 3201 3615 pereuntium
3224 3565 3340 3601 non
3368 3548 3549 3618 possit

1857 3635 2177 3705 adimpleri,
2235 3639 2291 3687 et
2338 3634 2646 3686 instaurari
2708 3649 2907 3686 eorum
2956 3649 3252 3700 numerus,
3305 3638 3405 3705 qui
3445 3652 3550 3706 per

1857 3726 2087 3778 ruinam
2135 3722 2347 3776 diaboli
2380 3728 2435 3774 et
2474 3722 2812 3788 angelorum
2860 3723 2981 3791 ejus
3030 3729 3113 3775 est
3166 3723 3547 3778 imminutus:

1859 3812 1994 3883 quia
2023 3809 2334 3864 certissime
2378 3810 2532 3861 novit
2571 3808 2711 3861 fides
2761 3809 3015 3862 fidelium
3048 3815 3233 3864 tantos
3262 3812 3398 3866 illuc
3428 3814 3549 3866 ele-

1858 3904 1974 3953 ctos
2006 3915 2070 3951 ex
2102 3898 2354 3951 humano
2396 3913 2606 3966 genere
2638 3912 2965 3949 asseusuros
2997 3902 3241 3967 quantos
3272 3898 3388 3951 illic
3414 3916 3549 3953 con-

1860 3992 1970 4041 stat
2014 3987 2221 4040 electos
2264 3986 2494 4055 angelos
2545 3984 2917 4038 remansisse:
2968 3990 3209 4040 testante
3257 3987 3551 4058 Scriptura

1860 4093 1988 4146 quae
2021 4076 2194 4129 dicit:
2232 4096 2259 4124 «
2293 4074 2498 4129 Statuit
2541 4074 2816 4127 terminos
2857 4074 3114 4143 gentium
3152 4076 3315 4145 juxta
3347 4092 3550 4130 nume-

1862 4182 1987 4220 rum
2022 4166 2355 4233 angelorum
2393 4164 2488 4217 Dei
2519 4166 2703 4231 (Deut.
2739 4179 2907 4228 XXXII,
2940 4164 3015 4232 8).
3048 4183 3074 4215 »

1932 4254 2020 4308 Ad
2050 4260 2278 4307 sextam.
2310 4284 2377 4291 —-
2413 4253 2525 4306 Nec
2562 4253 2743 4322 magis
2778 4252 2924 4306 favet
2956 4254 3077 4307 haec
3125 4256 3553 4325 praedestinatio

1862 4342 2089 4396 diabolo
2125 4356 2297 4411 quam
2332 4343 2465 4407 Deo,
2518 4341 2650 4411 quia
2685 4348 2739 4394 et
2788 4342 3077 4395 diabolum
3109 4344 3369 4413 quotidie
3396 4361 3554 4399 com-

1864 4432 2026 4501 pellit
2059 4430 2341 4495 amittere,
2377 4446 2520 4499 quos
2554 4430 2744 4483 divina
2794 4431 2975 4498 gratia
3025 4432 3223 4485 eadem
3260 4434 3555 4502 przedesti-

1864 4515 2097 4570 natione
2130 4515 2376 4569 decrevit
2404 4515 2473 4567 ad
2519 4516 2758 4567 salutem
2796 4519 3066 4567 aeternam
3113 4518 3455 4586 pertingere.
3493 4520 3557 4573 Et

1867 4604 2101 4657 omnino
2134 4604 2360 4656 nullum
2386 4619 2449 4655 ex
2487 4602 2678 4655 electis
2703 4603 2801 4655 Dei
2823 4602 2892 4655 ad
2915 4603 3092 4671 ipsius
3111 4604 3321 4657 diaboli
3344 4610 3554 4659 sortem

1866 4708 2030 4763 posse
2062 4693 2347 4762 pertinere
2380 4692 2695 4744 confirmat.

1937 4781 2031 4835 Ad
2060 4783 2364 4849 septimam.
2398 4808 2459 4818 —
2491 4780 2600 4833 Nec
2626 4778 2917 4847 compellit
2939 4778 3190 4848 aliquem
3217 4779 3389 4849 hujus
3408 4798 3548 4852 pra:-

1868 4869 2266 4923 destinationis
2298 4868 2457 4933 ﬁdes,
2491 4867 2654 4937 quasi
2699 4883 2799 4936 per
2845 4866 3017 4919 ﬁdem
3049 4867 3251 4921 Christi
3286 4875 3340 4924 et
3367 4888 3557 4925 sacra-

1870 4961 2131 5011 mentum
2160 4956 2429 5026 baptismi
2468 4972 2500 5008 a
2534 4956 2705 5024 primi
2741 4956 2993 5024 parentis
3042 4956 3225 5025 lapsu,
3271 4965 3325 5011 et
3357 4976 3389 5012 a
3428 4975 3555 5013 suo-

1870 5062 1999 5101 rum
2068 5046 2347 5099 scelerum
2412 5047 2593 5109 reatu,
2645 5044 2760 5096 sive
2818 5043 3065 5097 hostium
3114 5051 3395 5114 potestate
3442 5065 3558 5102 non

1873 5150 2036 5205 posse
2086 5134 2247 5185 erui:
2282 5132 2377 5184 sed
2426 5132 2719 5185 verissime
2758 5137 2989 5201 praestat
3034 5134 3300 5187 omnibus
3344 5137 3559 5206 electis,

1875 5244 1902 5270 ‹‹
1948 5223 2016 5275 Ut
2040 5222 2153 5273 sint
2193 5224 2423 5290 agentes
2475 5236 2701 5289 semper
2730 5219 2941 5290 gratias
2976 5222 3108 5284 Deo,
3164 5229 3220 5275 et
3258 5225 3429 5290 Patri,
3462 5227 3561 5296 qui

1874 5310 2079 5380 dignos
2111 5324 2207 5361 eos
2238 5308 2370 5361 fecit
2400 5308 2458 5361 in
2510 5314 2729 5379 partem
2777 5310 2945 5362 sortis
2992 5316 3318 5366 sanctorum
3358 5313 3417 5367 in
3472 5317 3560 5369 lu-

1876 5401 2050 5453 mine.
2085 5428 2150 5435 ——
2183 5396 2291 5461 Qui
2337 5397 2551 5467 eripuit
2595 5399 2720 5451 illos
2756 5398 2823 5451 de
2858 5404 3131 5467 potestate
3171 5401 3563 5473 tenebrarum,

1878 5492 1932 5541 et
1962 5485 2251 5539 transtulit
2278 5485 2338 5537 in
2394 5502 2635 5554 regnum
2674 5486 2796 5538 Filii
2835 5487 3156 5540 dilectionis
3205 5506 3321 5544 suae
3354 5492 3483 5560 (Col.
3528 5511 3563 5559 ι,

1884 5579 1967 5640 l2,
1996 5576 2081 5643 l3)
2114 5590 2127 5626 :
2163 5592 2189 5623 ι)
2228 5574 2340 5626 Nec
2378 5575 2638 5643 reprobis
2678 5574 2846 5627 noxia
2887 5580 2969 5628 est
3001 5577 3221 5645 opificis
3252 5580 3361 5647 sui,
3398 5580 3451 5633 id
3484 5588 3569 5635 est

1882 5661 1980 5715 Dei
2014 5659 2461 5731 praedestinatio,
2524 5677 2648 5732 qua:
2696 5672 3153 5731 perseverantem
3206 5671 3261 5719 et
3309 5667 3566 5721 indoma-

3178 5761 3261 5818 34
