3884 6218
294 292 429 343 1063

1425 285 1477 338 S.
1523 284 1793 339 REMIGII
1828 283 2309 341 LUGDUNENSIS
2340 282 2649 338 EPISCOPI

3666 281 3829 331 106}

292 426 587 477 cantamus
617 422 794 493 (Psal.
829 439 875 485 c,
934 422 1002 491 1),
1040 442 1065 470 »
1116 424 1436 474 metuentes
1491 435 1605 472 non
1662 419 1981 489 interroga-
2024 422 2070 473 Α
2092 419 2266 472 vitam
2298 419 2395 489 qui
2430 418 2703 472 divinitus
2729 417 2896 471 electi
2931 420 3063 471 sunt
3093 422 3150 470 et
3182 416 3611 486 praedestinati.
3646 416 3835 471 Sicut

292 528 441 579 mus,
469 528 595 582 quae
621 511 694 564 sit
724 512 982 564 voluntas
1013 509 1134 580 ejus
1174 509 1234 563 in
1254 508 1476 579 judicio
1510 514 1565 562 et
1596 508 1985 563 misericordia

291 599 783 669 conquiescentes.
817 617 843 647 »

948 698 1322 739 RESPONSIO.

362 795 491 848 Haac
538 791 715 863 igitur
783 790 976 845 omnia
1034 791 1187 861 quia,
1250 796 1313 843 ut
1370 789 1639 855 diximus,
1693 805 1805 842 non
1856 795 1985 841 sunt

288 881 459 935 verba
489 882 628 951 ejus,
664 880 759 934 sed
806 879 1101 933 manifeste
1133 896 1198 933 ex
1236 880 1354 949 jam
1403 879 1550 932 dicto
1599 877 1785 931 libello
1828 892 1983 929 sum-

288 975 387 1040 pta
419 974 829 1040 agnoscuntur,
864 968 932 1022 de
976 984 1090 1038 quo
1122 967 1259 1038 quid
1315 966 1478 1020 nobis
1526 965 1807 1025 videatur,
1863 964 1985 1033 jam

290 1074 463 1128 supra
490 1059 625 1111 satis
657 1062 949 1110 ostensum
974 1060 1076 1121 est,
1112 1056 1309 1109 relicta
1341 1056 1398 1107 in
1441 1053 1631 1108 medio
1664 1053 1887 1123 prolixa
1928 1059 1987 1106 et

290 1145 386 1217 pia
418 1146 827 1211 exhortatione,
881 1161 992 1215 qua
1047 1160 1246 1197 omnes
1292 1143 1487 1197 ﬁdeles
1518 1142 1740 1196 omissis
1780 1142 1984 1212 hujus-

292 1235 515 1289 cemodi
546 1235 795 1288 obscuris
817 1240 872 1287 et
902 1233 1254 1287 difﬁcillimis
1286 1232 1699 1303 quaestionibus
1741 1232 1807 1285 ad
1842 1232 1984 1285 bene

291 1324 597 1377 vivendum
638 1328 692 1376 et
739 1322 882 1376 bene
931 1321 1219 1389 agendum
1282 1320 1525 1374 ﬁdeliter
1578 1325 1635 1373 et
1682 1320 1987 1373 salubriter

292 1414 639 1477 cohortatur,
685 1428 749 1464 ex
803 1410 1008 1463 divinis
1058 1409 1364 1479 Scripturis
1391 1409 1460 1463 ad
1494 1410 1640 1462 hanc
1689 1425 1811 1462 rem
1856 1425 1984 1479 per-

291 1502 535 1555 tinentes
568 1499 876 1553 sententias
934 1500 1141 1551 multas
1189 1503 1245 1551 et
1292 1498 1690 1567 multipliciter
1733 1514 1981 1550 sumens.

290 1593 646 1643 transeamus
677 1588 746 1641 ad
785 1588 908 1657 ejus
957 1587 1132 1640 verba
1180 1586 1389 1657 quibus
1437 1586 1583 1639 circa
1634 1586 1808 1638 tinem
1860 1585 1985 1655 epi-

291 1678 450 1731 stola:
482 1678 561 1731 ita
591 1676 748 1730 dicit.

910 1763 1135 1817 CAPUT
1184 1763 1361 1817 XLVI.

364 1871 515 1936 Quod
539 1886 705 1940 Opera
738 1871 875 1924 bona
898 1874 1131 1939 prosunt
1160 1876 1208 1923 et
1236 1885 1356 1923 vere
1384 1870 1648 1923 hominem
1678 1870 1913 1923 salvant.

983 1992 1296 2031 RABANUS.

364 2105 390 2132 ‹‹
445 2082 740 2147 Quomodo
789 2082 882 2135 isti
931 2082 1220 2153 vaniloqui
1278 2082 1557 2151 garriunt,
1620 2081 1772 2151 quod
1843 2080 1989 2134 nihil

289 2172 472 2244 prosit
499 2171 719 2225 homini
749 2177 901 2224 recta
931 2171 1071 2224 ﬁdes
1104 2176 1159 2223 et
1198 2171 1346 2223 bona
1376 2170 1660 2240 operatio;
1711 2170 1987 2240 quoniam

291 2260 402 2313 nisi
429 2260 871 2329 praedestinatus
894 2259 965 2311 sit
997 2259 1145 2328 quis,
1175 2276 1286 2312 non
1310 2260 1498 2312 veniat
1525 2259 1593 2313 ad
1628 2259 1823 2325 vitam,
1857 2274 1987 2311 cum

290 2348 719 2418 praedestinatio
754 2347 897 2400 nihil
953 2348 1104 2402 aliud
1158 2347 1231 2400 sit
1263 2347 1369 2400 nisi
1420 2347 1547 2399 vita)
1580 2347 1833 2411 donatio,
1874 2362 1987 2399 non

293 2437 635 2507 perditionis
666 2435 956 2489 damnatio
980 2436 1007 2489 ἦ)
1033 2436 1187 2489 Unde
1230 2436 1528 2488 manifeste
1559 2435 1851 2504 Scriptura
1898 2435 1985 2488 di-

294 2526 370 2579 cit
400 2541 413 2578 :
453 2545 475 2574 ι
515 2526 663 2579 Deus
692 2530 937 2577 mortem
979 2539 1095 2577 non
1125 2524 1273 2591 fecit,
1314 2540 1413 2577 nec
1460 2525 1685 2577 laetatur
1714 2524 1769 2576 in
1802 2524 1989 2593 perdi-

292 2614 447 2668 tione
487 2614 766 2668 vivorum.
829 2614 1050 2667 Creavit
1105 2613 1257 2666 enim
1315 2618 1380 2667 ut
1438 2617 1625 2667 essent
1673 2613 1883 2676 omnia,
1934 2616 1990 2666 et

293 2703 578 2757 sanabiles
614 2702 749 2755 fecit
793 2702 1051 2755 nationes
1094 2702 1249 2756 orbis
1282 2705 1562 2754 terrarum
1595 2701 1741 2770 (Sap.
1798 2717 1834 2767 I,
1900 2703 1984 2766 13,

298 2794 406 2861 14),
441 2812 468 2841 ››
503 2796 559 2845 et
589 2808 693 2862 per
738 2791 1076 2862 prophetam
1110 2791 1229 2860 ipse
1280 2792 1555 2845 Dominus
1604 2790 1681 2843 ait
1712 2807 1723 2842 :
1790 2810 1816 2838 «
1850 2790 1989 2843 Nolo

295 2886 537 2935 mortem
608 2880 941 2951 peccatoris,
1012 2880 1109 2933 sed
1169 2883 1231 2932 ut
1310 2883 1675 2932 convertatur
1731 2884 1788 2932 et
1842 2878 1991 2931 vivat

295 2970 509 3038 (Ezech.
571 2985 762 3037 xxxm,
839 2970 943 3036 11).
999 2990 1026 3017 »
1089 2968 1145 3023 Si
1216 2974 1407 3022 autem
1474 2985 1593 3022 non
1666 2969 1786 3021 vult
1841 2969 1989 3021 Deus

291 3066 540 3112 mortem
573 3058 738 3126 impii
767 3063 823 3110 et
852 3057 1181 3126 peccatoris,
1238 3057 1524 3127 quomodo
1562 3056 1989 3125 praedestinavit

293 3163 423 3201 eum
442 3146 514 3200 ad
537 3146 818 3199 mortem?
847 3148 985 3199 Cum
1019 3145 1162 3197 nihil
1195 3145 1349 3198 aliud
1381 3146 1504 3214 ejus
1534 3145 1608 3197 sit
1642 3146 1781 3197 velle
1814 3161 1987 3215 quam

292 3236 726 3305 praedestinare,
760 3250 927 3287 causa
967 3234 1120 3287 enim
1163 3235 1423 3287 omnium
1484 3250 1673 3287 rerum
1729 3235 1989 3288 voluntas

294 3329 380 3378 est
422 3323 524 3377 Dei
556 3324 795 3393 ejusque
841 3324 1023 3375 facere
1071 3324 1210 3375 velle
1244 3328 1347 3387 est,
1381 3337 1485 3375 nec
1511 3322 1754 3391 simplex
1785 3327 1990 3377 natura

293 3414 546 3483 aliquam
576 3410 1039 3465 contrarietatem
1072 3411 1130 3463 in
1182 3427 1238 3463 se
1272 3411 1462 3476 habet,
1502 3411 1595 3464 sed
1632 3411 1838 3464 «idem
1873 3413 1989 3465 Do-

292 3502 482 3555 minus
528 3500 789 3554 omnium
821 3500 977 3553 dives
1009 3505 1114 3567 est,
1162 3500 1221 3552 in
1254 3499 1521 3553 omnibus
1574 3500 1673 3569 qui
1723 3499 1990 3554 invocant

292 3591 456 3644 illum
490 3591 661 3659 (Rom.
711 3605 765 3655 x,
805 3588 905 3657 l2).
942 3609 969 3636 ››
1022 3588 1217 3656 Itaque
1272 3586 1698 3657 praedestinatio
1731 3588 1791 3640 in
1838 3588 1989 3641 bono

291 3679 522 3748 legitur,
567 3693 678 3730 non
712 3675 772 3728 in
802 3676 971 3729 malo.
1010 3674 1167 3728 Unde
1209 3674 1347 3727 dicit
1382 3675 1721 3745 Apostolus:
1781 3697 1806 3723 «
1841 3675 1989 3739 Quos

290 3766 595 3837 praescivit,
630 3772 687 3818 et
741 3764 1173 3835 praedestinavit
1226 3764 1554 3818 conformes
1611 3764 1735 3818 ﬁeri
1781 3765 1987 3836 imagi-

292 3855 380 3908 nis
417 3854 542 3908 Filii
585 3855 691 3919 sui,
735 3857 794 3906 ut
828 3854 898 3907 sit
927 3853 1048 3923 ipse
1080 3852 1497 3923 primogenitus
1544 3853 1605 3906 in
1644 3853 1841 3907 multis
1876 3854 1986 3907 fra-

293 3944 494 3997 tribus.
549 3943 699 4005 Quos
757 3946 945 3995 autem
997 3942 1435 4012 praedestinavit,
1498 3942 1602 3995 hos
1650 3948 1703 3996 et
1742 3943 1983 4005 vocavit,

295 4036 351 4085 et
407 4048 548 4101 quos
598 4030 838 4097 vocavit,
891 4031 1018 4083 illos
1071 4034 1127 4083 et
1175 4030 1536 4100 justiﬁcavit;
1601 4046 1741 4101 quos
1796 4042 1987 4084 autem

286 4120 643 4189 justiﬁcavit,
702 4120 828 4172 illos
907 4124 964 4172 et
1048 4120 1391 4189 gloriﬁcavit
1451 4120 1619 4189 (Rom.
1700 4136 1816 4179 vni,
1897 4122 1985 4184 29,

296 4207 405 4277 30).
442 4230 467 4255 ι»
512 4209 655 4261 Nota
702 4207 855 4277 quod
888 4206 1065 4260 dicit:
1105 4229 1123 4253 α
1179 4207 1329 4271 Quos
1386 4207 1831 4277 prmdestinavit,
1888 4206 1989 4260 hos

296 4299 352 4348 et
378 4294 628 4361 vocavit;
666 4314 693 4343 ι»
725 4310 842 4347 non
874 4310 1020 4364 quos
1065 4296 1511 4364 praedestinavit,
1548 4294 1673 4349 illos
1722 4300 1775 4349 et
1821 4295 1987 4348 dam—

294 4383 485 4448 navit;
529 4384 741 4437 amavit
787 4383 941 4436 enim
988 4383 1174 4436 bonus
1203 4384 1380 4437 factor
1435 4390 1752 4437 creaturam
1803 4400 1985 4451 suam,

293 4487 399 4525 nec
430 4472 717 4525 immerito
744 4472 993 4541 aliquam
1019 4471 1270 4524 damnat.
1300 4472 1372 4524 De
1404 4489 1516 4542 quo
1547 4473 1681 4526 alibi
1713 4473 1988 4543 scriptum

296 4566 423 4615 est:
464 4582 485 4608 u
524 4561 807 4615 Misereris
849 4560 1129 4621 omnium,
1181 4559 1434 4626 Domine,
1489 4564 1543 4612 et
1596 4559 1741 4612 nihil
1819 4558 1990 4612 odisti

297 4665 496 4702 eorum
542 4664 669 4719 quae
727 4647 928 4711 fecisti,
984 4647 1350 4700 dissimulans
1404 4650 1630 4717 peccata
1686 4647 1989 4700 hominum

296 4745 529 4809 propter
580 4737 997 4807 pmnitentiam,
1050 4742 1105 4789 et
1162 4752 1400 4806 parcens
1454 4737 1552 4805 eis,
1609 4736 1744 4808 quia
1809 4741 1867 4789 tu
1933 4753 1991 4790 es

296 4827 446 4880 Deus
478 4826 882 4880 universorum
911 4826 1066 4894 (Sap.
1100 4840 1173 4892 x1,
1216 4826 1305 4891 24,
1336 4826 1442 4897 25).
1484 4846 1510 4874 ›)

953 4946 1329 4986 RESPONSIO.

367 5023 447 5077 De
483 5022 571 5075 his
621 5021 904 5088 omnibus,
948 5021 1083 5091 quia
1116 5021 1295 5073 multa
1345 5020 1465 5089 jam
1519 5020 1782 5091 superius
1841 5020 1992 5074 dicta

296 5117 446 5178 sunt,
482 5126 598 5163 non
621 5116 707 5164 est
736 5110 950 5163 diutius
990 5109 1390 5173 laborandum,
1423 5108 1519 5161 sed
1549 5113 1775 5162 tantum
1810 5125 1992 5179 pauca

297 5217 365 5255 ex
396 5201 477 5253 eis
528 5214 658 5268 quae
705 5197 1169 5251 consideratione
1219 5197 1482 5266 indigent
1533 5197 1781 5251 brevrter
1838 5198 1988 5252 desi-

297 5288 546 5360 gnanda.
590 5288 789 5357 Itaque
836 5286 894 5338 in
922 5301 988 5339 eo
1023 5285 1177 5355 quod
1221 5285 1300 5338 ait
1336 5308 1355 5332 α
1398 5286 1739 5355 vaniloquos
1801 5287 1990 5341 dicere

298 5378 449 5448 quod
484 5375 625 5428 nihil
657 5374 841 5445 prosit
867 5373 1093 5426 homini
1128 5379 1280 5426 recta
1313 5374 1453 5427 ﬁdes
1484 5378 1539 5426 et
1578 5374 1729 5427 bona
1785 5391 1989 5445 opera-

298 5465 408 5530 tio;
443 5462 736 5533 quoniam,
766 5462 879 5515 nisi
908 5461 1347 5531 prmdestinatus
1372 5462 1445 5514 sit
1471 5461 1622 5531 quis,
1655 5477 1770 5515 non
1798 5462 1993 5516 veniat

299 5551 369 5605 ad
398 5549 594 5614 vitam,
620 5570 647 5597 »
677 5563 877 5602 verum
890 5552 972 5600 est
994 5546 1230 5600 omnino
1248 5547 1402 5617 quod
1424 5547 1530 5601 soli
1561 5547 1644 5600 illi
1668 5548 1904 5602 veniunt
1923 5550 1991 5603 ad

2096 513 2288 577 aperte
2331 508 2601 577 praedicat
2665 510 2720 560 et
2783 505 3088 560 conﬁrmat
3145 506 3477 575 Apostolus,
3557 506 3827 559 dicens:

2099 618 2119 644 α
2151 596 2297 660 Quia
2326 612 2469 666 quos
2501 595 2807 665 praescivit,
2843 600 2899 649 et
2932 594 3396 665 przedestinavit;
3432 610 3581 664 quos
3603 597 3827 646 autem

2092 684 2538 755 praedestinavit,
2581 686 2686 739 hos
2716 688 2770 737 et
2819 684 3060 737 vocavit.
3104 684 3169 736 Et
3215 699 3359 754 quos
3410 682 3656 742 vocavit,
3708 682 3831 733 hos

2094 779 2147 827 et
2169 774 2533 843 justlﬁcavit;
2567 789 2712 843 quos
2743 778 2937 826 autem
2980 770 3331 842 justiﬁcavit,
3384 771 3521 825 illos
3580 777 3641 823 et
3676 786 3828 822 ma-

2093 862 2399 931 gniﬁcavit.
2444 884 2463 909 ι
2506 861 2571 916 Ili
2621 866 2755 914 sunt
2784 861 2883 931 qui
2931 860 3170 914 omnino
3203 860 3443 929 veniunt
3488 859 3566 913 ad
3601 860 3826 911 vitam.

2095 949 2170 1002 De
2203 948 2409 1018 quibus
2438 946 2557 1017 ipse
2595 947 2870 1000 Dominus
2912 946 3217 1017 promittit,
3255 946 3487 1000 dicens:
3529 967 3559 993 ι(
3597 946 3665 999 Et
3700 960 3828 1013 ego

2093 1037 2266 1089 vitam
2301 1044 2574 1088 aeternam
2605 1035 2674 1089 do
2707 1036 2806 1102 eis,
2838 1040 2895 1088 et
2924 1050 3043 1087 non
3095 1034 3367 1103 peribunt
3396 1034 3457 1087 in
3507 1038 3825 1087 aeternum

2095 1125 2268 1196 (Joan.
2303 1141 2357 1191 x,
2389 1125 2500 1192 28).
2534 1145 2561 1171 ››
2598 1125 2773 1177 Recta
2816 1127 3007 1176 autem
3040 1122 3183 1176 ﬁdes
3230 1126 3284 1175 et
3331 1122 3482 1175 bona
3534 1121 3828 1191 operatio

2094 1215 2257 1281 absit,
2292 1218 2354 1268 ut
2384 1213 2688 1284 quisquam
2715 1212 2976 1266 ﬁdelium
3003 1212 3171 1278 dicat,
3190 1211 3325 1283 quia
3347 1212 3487 1266 nihil
3524 1211 3777 1282 prosint
3812 1229 3824 1263 :

2092 1320 2225 1357 vere
2257 1304 2469 1356 etenim
2497 1306 2739 1372 prosunt
2768 1307 2825 1355 et
2851 1316 2978 1355 vere
3008 1301 3301 1355 hominem
3327 1302 3552 1354 salvant
3580 1302 3630 1353 si
3660 1300 3826 1353 illud

2095 1392 2175 1446 eis
2207 1391 2554 1462 adjungatur
2584 1390 2736 1461 quod
2770 1389 3048 1444 Dominus
3087 1389 3258 1443 dicit:
3295 1412 3322 1438 «
3368 1389 3474 1453 Qui
3519 1405 3828 1459 perseve-

2096 1481 2309 1534 raverit
2335 1496 2512 1549 usque
2544 1478 2602 1532 in
2649 1478 2846 1544 ﬁnem,
2882 1478 2973 1531 hic
3020 1478 3207 1532 salvus
3247 1478 3354 1531 erit
3385 1479 3612 1547 (Matth.
3651 1494 3821 1541 xxrv,

2100 1571 2207 1637 13).
2243 1590 2261 1615 ι
2299 1568 2540 1623 Securus
2584 1568 2777 1637 itaque
2828 1566 3011 1620 ﬁdelis
3063 1568 3252 1633 homo,
3308 1573 3364 1621 et
3399 1571 3554 1620 recte
3604 1567 3823 1620 credat

2097 1666 2152 1711 et
2179 1657 2328 1711 bene
2381 1661 2667 1726 operetur,
2711 1654 2846 1725 quia
2879 1655 2924 1708 si
2959 1656 3015 1708 in
3045 1654 3134 1707 his
3169 1655 3413 1708 ﬁdeliter
3456 1670 3823 1724 persevera-

2096 1743 2259 1809 verit,
2294 1744 2416 1796 sine
2449 1742 2621 1795 dubio
2654 1743 2842 1795 salvus
2870 1741 2996 1805 erit,
3040 1746 3097 1795 et
3122 1742 3194 1795 ad
3233 1741 3545 1795 electorum
3598 1758 3823 1795 nume-

2095 1848 2223 1886 rum
2267 1831 2595 1902 pertinebit.
2644 1831 2801 1894 Quod
2834 1847 2962 1884 vero
3009 1830 3101 1884 hic
3152 1831 3398 1901 positum
3447 1836 3552 1897 est,
3594 1856 3621 1879 ‹‹
3659 1832 3822 1895 Quia

2096 1919 2523 1990 praadestinatio
2556 1919 2700 1972 nihil
2734 1919 2887 1973 aliud
2921 1919 2996 1972 sit
3041 1919 3149 1972 nisi
3203 1919 3329 1973 vitae
3365 1919 3628 1984 donatio,
3688 1936 3817 1972 non

2098 2008 2441 2079 perditionis
2472 2008 2785 2061 damnatio.
2823 2028 2849 2057 »
2881 2008 3114 2061 Videtur
3144 2008 3308 2061 nobis
3342 2025 3459 2061 non
3490 2010 3573 2061 ita
3604 2025 3637 2061 a
3666 2025 3821 2060 san-

2096 2103 2185 2150 cto
2220 2096 2533 2167 Augustino
2567 2097 2781 2149 dictum
2813 2098 2894 2150 vel
2928 2096 3264 2161 deﬁnitum;
3302 2097 3400 2167 qui
3432 2098 3817 2166 distinguens

2098 2185 2247 2239 inter
2276 2185 2842 2255 praedestinationem
2886 2190 2943 2239 et
2972 2186 3235 2255 gratiam,
3271 2186 3350 2238 ita
3379 2184 3476 2251 ait,
3512 2186 3601 2254 (de
3645 2188 3815 2239 Pra—

2098 2275 2233 2328 dest.
2266 2279 2462 2339 sane—13.,
2497 2290 2621 2344 cap.
2661 2274 2783 2343 10):
2820 2272 3279 2343 [Praedestinatio
3308 2278 3392 2327 est
3427 2276 3629 2344 gratiae
3665 2290 3814 2343 prae-

2096 2362 2357 2433 paratio;
2394 2363 2575 2432 gratia
2616 2379 2748 2415 vero
2791 2369 2875 2415 est
2918 2364 3038 2433 jam
3084 2362 3208 2429 ipsa
3255 2361 3526 2433 donatio.|
3573 2363 3639 2415 Et
3677 2367 3812 2432 post

2097 2467 2273 2520 pauca
2326 2467 2450 2521 qum
2502 2451 2865 2520 interposuit,
2918 2451 3175 2505 eamdem
3225 2450 3809 2521 praedestinationem

2099 2538 2353 2592 divinam
2404 2539 2704 2608 dupliciter
2751 2539 3139 2609 accipiendam
3191 2556 3334 2605 esse,
3385 2539 3441 2592 id
3491 2544 3579 2592 est
3626 2543 3687 2592 et
3750 2539 3809 2590 in

2097 2628 2249 2681 bono
2277 2628 2460 2694 electi,
2496 2628 2593 2697 qui
2640 2628 2813 2697 gratis
2857 2627 3247 2697 praadestinati
3292 2631 3426 2680 sunt
3472 2627 3540 2680 ad
3579 2628 3801 2685 vitam;

2099 2720 2155 2770 et
2185 2715 2245 2769 in
2298 2718 2447 2769 malo
2496 2717 2725 2786 reprobi
2778 2716 2877 2787 qui
2922 2717 3077 2786 juste
3125 2715 3515 2786 praedestinati
3570 2721 3710 2768 sunt
3736 2716 3804 2768 ad

2097 2820 2350 2875 poenam,
2383 2805 2462 2858 ita
2493 2805 2627 2859 dicit
2670 2805 2875 2874 (Ibid.)
2914 2820 2925 2858 :
2979 2804 3433 2874 [Prmdestinatio
3470 2803 3656 2874 igitur
3706 2805 3803 2857 Dei

2100 2909 2227 2963 quae
2250 2894 2306 2946 in
2341 2894 2489 2947 bouo
2524 2899 2625 2960 est,
2660 2894 2861 2963 gratiae
2888 2896 2990 2959 est,
3026 2898 3087 2947 ut
3118 2894 3232 2948 dixi
3260 2894 3657 2963 praeparatio.)

2029 2996 2068 3051 ρ
2171 2982 2312 3035 Item
2346 2981 2501 3051 quod
2532 2980 2806 3052 proponit
2835 2987 2890 3034 et
2922 2982 3095 3035 dicit:
3131 3004 3159 3032 ‹‹
3189 2982 3245 3036 Si
3287 2988 3479 3035 autem
3530 2999 3651 3035 non
3684 2982 3805 3035 vult

2100 3072 2246 3124 Deus
2281 3076 2525 3124 mortem
2556 3070 2722 3139 impii
2770 3075 2827 3123 et
2872 3070 3203 3139 peccatoris,
3251 3070 3543 3140 quomodo
3572 3071 3802 3140 prinde-

2098 3159 2273 3212 stinat
2298 3175 2431 3212 eum
2465 3159 2533 3212 ad
2566 3164 2828 3213 mortem.
2862 3181 2889 3208 ››
2933 3159 3222 3223 Quantum
3270 3159 3554 3228 pusillitas
3600 3167 3799 3212 nostra

2097 3247 2303 3318 potuit,
2334 3249 2453 3318 jam
2488 3249 2753 3317 superius
2779 3253 2862 3301 est
2894 3252 3199 3301 tractatum
3226 3264 3237 3312 ;
3275 3253 3327 3302 et
3356 3264 3509 3301 nunc
3548 3248 3797 3301 breviter

2098 3336 2377 3392 dicimus:
2437 3338 2573 3407 quia
2622 3337 2763 3391 illud
2808 3353 2923 3390 non
2980 3338 3100 3389 vult
3130 3359 3158 3385 ‹‹
3203 3337 3457 3390 bonitate
3516 3337 3795 3391 Condito—

2098 3427 2196 3493 ris,
2222 3448 2248 3474 »
2305 3426 2454 3479 istud
2499 3430 2690 3480 autem
2742 3426 2874 3479 facit
2906 3447 2931 3473 ‹‹
2977 3423 3191 3495 judicis
3232 3426 3526 3496 mquitate,
3565 3446 3592 3475 ››
3649 3431 3711 3479 ut
3743 3432 3793 3479 et

2100 3515 2315 3568 salvare
2339 3514 2474 3568 velit
2504 3515 2656 3585 quod
2688 3515 2918 3581 creavit,
2953 3520 3007 3568 et
3033 3519 3225 3568 tamen
3266 3520 3543 3568 creaturae
3590 3515 3793 3568 vitium

2098 3619 2216 3656 non
2248 3603 2537 3673 relinquat
2581 3603 2958 3673 impunitum.
3007 3603 3166 3667 Quod
3216 3620 3349 3657 vero
3396 3604 3696 3673 subjungit
3740 3606 3791 3657 et

2099 3692 2271 3745 dicit:
2311 3710 2337 3742 «
2371 3694 2568 3763 Itaque
2601 3692 3032 3763 prmdestinatio
3063 3692 3122 3745 in
3144 3693 3293 3746 bono
3321 3693 3553 3762 legitur,
3587 3710 3703 3746 non
3735 3692 3792 3745 in

2099 3782 2287 3845 malo;
2324 3803 2344 3826 ι»
2378 3782 2529 3834 unde
2561 3781 2698 3834 dicit
2749 3783 3091 3851 Apostolus:
3129 3782 3339 3845 «Quos
3392 3782 3699 3851 praescivit,
3739 3787 3792 3834 et

2098 3869 2527 3939 praedestinavit
2571 3871 2891 3923 conformes
2958 3870 3083 3923 ﬁeri
3130 3870 3400 3940 imaginis
3450 3871 3578 3924 Filii
3626 3870 3729 3924 sui.
3767 3887 3788 3921 ι

2098 3958 2431 4013 Consideret
2463 3958 2767 4029 diligenter
2804 3959 2967 4027 (sicut
3014 3960 3135 4030 jam
3182 3977 3353 4030 supra
3401 3960 3793 4030 multipliciter

2098 4047 2261 4101 nobis
2285 4046 2565 4101 offensum
2591 4048 2715 4115 est),
2749 4048 2885 4118 quia
2909 4048 2965 4101 in
2997 4048 3202 4102 divinis
3224 4048 3533 4118 Scripturis
3569 4065 3681 4102 non
3713 4052 3789 4101 est

2099 4136 2448 4207 exigendum
2480 4143 2543 4190 ut
2568 4136 2896 4207 ubicunque
2946 4154 3036 4191 res
3087 4137 3615 4207 praedestinationis
3665 4138 3790 4191 dici—

2097 4228 2208 4289 tur,
2245 4225 2419 4279 etiam
2457 4226 2647 4295 ipsum
2684 4242 2896 4279 nomen
2926 4225 3446 4295 przedestinalionis
3479 4226 3707 4296 proprie
3737 4230 3786 4276 et

2029 4312 2070 4365 D
2102 4329 2363 4383 eXpresse
2423 4315 2673 4384 positum
2729 4315 2991 4384 legatur;
3032 4314 3129 4367 sed
3175 4314 3505 4385 ubicunque
3556 4330 3645 4367 res
3674 4315 3787 4384 ipsa

2099 4401 2412 4454 certissime
2444 4402 2624 4471 posita
2654 4401 2962 4468 invenitur,
2993 4401 3335 4471 regulariter
3355 4402 3781 4465 observandum,

2101 4490 2251 4559 quod
2303 4490 2473 4543 etiam
2525 4490 2693 4543 tacito
2740 4490 3260 4559 praedestinationis
3309 4493 3545 4544 nomine
3595 4491 3783 4544 rectis—

2100 4578 2241 4631 sime
2282 4578 2706 4647 praedestinatio
2746 4579 3117 4648 intelligatur.
3156 4580 3297 4632 Nam
3332 4581 3377 4631 si
3422 4579 3614 4648 ipsum
3646 4595 3781 4650 pra:-

2101 4667 2499 4720 destinationis
2531 4684 2741 4721 nomen
2774 4669 3007 4738 proprie
3055 4669 3306 4737 positum
3347 4668 3651 4734 exigimus,
3692 4684 3783 4720 nec

2101 4756 2160 4809 in
2190 4756 2302 4809 illis
2332 4756 2674 4809 testimoniis
2725 4756 3096 4826 propheticis,
3125 4774 3186 4810 ex
3236 4757 3443 4827 quibus
3493 4759 3782 4827 Apostolus

2100 4844 2667 4915 praedestinationem
2715 4844 2965 4897 divinam
3023 4850 3079 4898 et
3120 4860 3255 4914 erga
3306 4846 3519 4899 electos
3566 4852 3619 4899 et
3663 4859 3781 4913 erga

2104 4933 2381 5001 reprobos
2430 4933 2730 5003 approbat,
2784 4934 2937 4987 istud
2988 4950 3199 4986 nomen
3250 4933 3539 4987 ullatenus
3580 4933 3779 4987 inveni-

2103 5037 2267 5088 mus;
2303 5028 2358 5075 et
2402 5027 2593 5075 tamen
2652 5022 2809 5092 quod
2853 5023 3170 5076 clarissima
3213 5039 3406 5075 rerum
3461 5024 3779 5077 certitudine

2100 5110 2399 5181 approbat,
2435 5110 2684 5165 ﬁdeliter
2714 5111 2945 5164 credere
2978 5127 3095 5163 non
3135 5111 3484 5164 dubitamus.

2713 5200 2937 5253 CAPUT
2976 5199 3180 5253 XLVII.

2524 5289 2736 5356 Septem
2776 5288 2993 5341 Rabum’
3032 5288 3370 5355 objectiones.

2173 5375 2446 5446 Sequitur
2476 5381 2605 5445 post
2633 5375 2755 5429 base
2786 5376 2981 5429 omnia
3005 5375 3066 5428 in
3095 5375 3211 5430 ﬁne
3242 5376 3533 5447 epistolas:

2790 5479 3109 5519 RABANU$

2181 5572 2203 5602 ι
2240 5551 2539 5622 Multiplici
2569 5568 2705 5623 ergo
2738 5560 2903 5608 reatu
2934 5554 3040 5608 iste
3070 5552 3507 5623 constringitur,
3541 5552 3638 5624 qui
3667 5566 3776 5623 prae-
