3884 6218
60 409 172 458 1M5

1265 411 1469 465 LIBER
1514 412 1599 465 DE
1642 413 1890 468 TlilBUS
1932 413 2304 467 EPISTOLIS.

3416 418 3549 467 lOtit‘p

56 538 444 590 destinationis
473 540 687 592 bonum
740 539 795 592 in
844 556 1081 609 pravum
1132 557 1361 593 sensum
1413 548 1746 595 convertens
1786 552 1827 600 A
1863 559 1965 596 nec
1992 543 2198 595 frustra
2230 548 2283 595 et
2316 544 2436 596 sine
2466 561 2633 597 causa
2672 544 2765 597 ille
2795 560 2938 614 Opus
2979 560 3145 597 suum
3179 544 3431 599 decernit
3460 546 3549 599 in-

54 627 303 679 nefandis
334 630 697 681 sermonibus
719 629 1119 697 blasphemare
1148 631 1463 699 praesumit.

115 734 138 764 ‹‹
182 717 402 779 Primo,
453 719 604 787 quod
651 718 984 771 Creatorum
1040 735 1227 783 suum,
1271 718 1371 788 qui
1403 725 1487 771 est
1526 736 1749 773 summe

57 804 245 869 bonus,
303 806 639 859 malivolum
691 823 857 859 ausus
893 813 977 858 est
1025 806 1230 871 dicere,
1288 824 1354 860 eo
1404 808 1554 877 quod
1608 824 1749 878 opus

57 908 204 944 suum
239 893 460 945 frustra
494 898 548 946 et
578 894 698 946 sine
729 910 899 946 causa
925 895 1189 947 decernat
1222 895 1477 947 interire.

115 1004 137 1027 ‹‹
170 981 466 1048 Secundo,
504 984 655 1053 quod
689 982 871 1052 ipsam
903 982 1200 1036 veritatem
1244 983 1497 1037 fallacem
1546 984 1750 1037 nititur

58 1086 324 1137 asserere,
372 1088 501 1141 quae
534 1088 636 1141 per
676 1071 994 1141 Scripturas
1040 1088 1224 1124 sacras
1274 1079 1425 1126 recte
1460 1072 1747 1126 credenti—

57 1160 147 1211 bus
177 1164 235 1211 et
263 1159 417 1212 bene
450 1160 821 1229 operantibus
863 1165 1093 1213 aeternas
1142 1161 1269 1213 vita:
1305 1160 1550 1230 spondet
1600 1177 1744 1229 prae-

60 1248 155 1300 mia
184 1265 197 1311 ;
225 1253 285 1300 et
308 1250 676 1317 peccantibus
717 1255 889 1319 atque
923 1265 1034 1302 non
1084 1248 1492 1320 paenitentibus
1548 1248 1748 1302 mortis

58 1336 311 1405 praedicit
342 1352 558 1404 pmnas.

119 1448 143 1471 ιι
175 1424 392 1487 Tertio,
457 1425 609 1494 quod
654 1424 872 1493 justum
930 1425 1185 1495 judicem
1232 1426 1330 1493 qui
1375 1426 1433 1478 in
1478 1425 1746 1495 aequitate

56 1512 406 1580 judicaturus
437 1517 521 1564 est
551 1512 703 1564 vivos
736 1528 799 1565 ac
838 1518 1093 1565 mortuos
1140 1513 1409 1582 praedicat
1444 1513 1740 1581 iniustum.

60 1601 279 1669 quando
315 1600 462 1654 bene
515 1602 813 1670 agentibus
864 1603 1102 1671 prtemia
1148 1608 1204 1654 et
1248 1604 1395 1655 male
1445 1602 1747 1670 agentibus

59 1694 337 1742 tormenta
364 1706 493 1743 eum
527 1706 644 1742 non
677 1691 913 1744 reddere
944 1691 1211 1743 affirmat.

122 1798 145 1821 α
181 1776 425 1840 Quarto,
460 1779 611 1846 quod
652 1778 1091 1846 Redemptorem
1137 1779 1333 1830 mundi
1374 1779 1580 1830 frustra
1610 1792 1744 1829 san—

64 1865 285 1933 guinem
321 1881 488 1918 suum
530 1867 737 1919 fudisse
775 1883 891 1919 non
938 1866 1102 1919 timet
1137 1884 1238 1935 per
1273 1882 1527 1919 errorem
1579 1882 1745 1917 suum

64 1954 288 2022 tingere,
359 1954 593 2023 quando
641 1954 699 2007 in
748 1972 805 2008 se
862 1955 1224 2008 credentibus
1280 1959 1336 2006 et
1383 1955 1744 2023 sperantibus

64 2049 289 2111 propter
354 2043 876 2112 praedestinationis
934 2043 1328 2097 necessitatem
1397 2059 1511 2095 non
1572 2041 1744 2111 possit

66 2130 379 2183 subvenire.

126 2240 151 2267 ς
186 2218 424 2283 Quinto,
454 2219 608 2289 quod
641 2218 858 2273 invidet
885 2220 1052 2273 bonis
1076 2220 1294 2289 angelis
1317 2235 1514 2273 eorum
1551 2233 1749 2272 nume-

69 2324 201 2373 rum,
238 2323 414 2377 quem
450 2308 711 2361 diabolus
742 2324 842 2377 per
872 2308 1197 2377 superbiam
1222 2324 1493 2361 corruens
1518 2306 1745 2373 minuit,

68 2396 403 2450 Salvatorem
462 2403 718 2449 nostrum
798 2413 899 2467 per
969 2396 1268 2450 hominum
1357 2396 1745 2449 conditionem

68 2486 389 2555 adimplere.

132 2574 379 2641 «Sexto,
416 2573 571 2642 quod
623 2573 805 2643 magis
857 2573 1006 2627 favet
1054 2590 1154 2626 sua
1204 2573 1474 2643 opinione
1520 2572 1747 2626 diabolo

71 2678 227 2733 quam
263 2664 404 2728 Deo,
440 2678 569 2715 cum
599 2662 667 2716 ad
698 2663 819 2731 ejus
850 2662 1186 2731 perditionis
1217 2668 1427 2714 sortem
1458 2662 1627 2714 tradit
1655 2677 1750 2713 cos

74 2752 364 2819 pertinere,
420 2768 565 2821 quos
616 2751 807 2804 divina
855 2751 1039 2821 gratia
1091 2750 1338 2803 decrevit
1391 2751 1458 2803 ad
1508 2750 1747 2802 salutem

72 2847 329 2893 aeternam
364 2840 711 2911 pertingere.

136 2952 159 2976 ει
194 2929 467 2998 Septimo,
518 2928 668 2998 quod
702 2928 877 2981 totius
929 2927 1166 2981 humani
1219 2926 1443 2996 generis
1482 2926 1749 2979 inimicus

74 3019 131 3069 sit
164 3018 517 3083 manifestus,
552 3032 677 3069 cum
717 3017 855 3069 illud
896 3016 1033 3069 dicit
1083 3033 1187 3085 per
1231 3015 1437 3068 Christi
1493 3015 1664 3068 fidem
1698 3019 1749 3068 et

74 3107 323 3175 baptismi
358 3110 778 3159 sacramentum
820 3122 849 3158 a
881 3104 1052 3175 primi
1100 3106 1354 3175 parentis
1405 3105 1584 3173 lapsu,
1618 3120 1748 3174 pro-

72 3195 433 3264 priorumque
477 3195 757 3248 scelerum
790 3200 971 3260 reatu,
1014 3210 1118 3247 nec
1147 3209 1264 3246 non
1297 3202 1349 3248 et
1398 3194 1466 3246 ab
1497 3193 1749 3247 hostium

74 3288 335 3349 potestate
368 3299 485 3335 non
512 3299 678 3353 posse
711 3282 854 3346 erui,
913 3282 1009 3336 sed
1043 3281 1357 3351 obligatum
1410 3282 1580 3334 noxia
1628 3280 1752 3351 opi-

74 3368 183 3421 ficis
212 3370 296 3422 sui
337 3368 845 3439 praedestinatione
877 3367 934 3420 in
967 3372 1245 3421 tartarum
1270 3368 1545 3437 demergi.
1581 3386 1607 3414 »

722 3470 1087 3510 RBSPONSIO.

136 3545 355 3615 Septem
409 3545 496 3598 his
547 3544 733 3599 verbis
796 3545 1145 3614 objectiones
1208 3544 1321 3597 sive
1394 3544 1754 3597 definitiones

76 3634 241 3701 ponit,
276 3634 489 3704 quibus
522 3649 661 3697 non,
694 3637 759 3686 ut
797 3632 917 3702 ipse
966 3632 1119 3699 dicit,
1178 3632 1642 3702 blasphemantes
1692 3631 1752 3684 in

80 3722 259 3787 Deum,
301 3723 400 3776 sed
446 3721 696 3776 fideliter
748 3722 1043 3776 credentes
1088 3723 1221 3787 Deo,
1271 3727 1326 3774 et
1378 3721 1655 3775 veraciter
1694 3720 1753 3773 in

77 3808 369 3863 electorum
419 3808 757 3862 liberatione
821 3813 876 3862 et
921 3809 1303 3878 reproborum
1388 3809 1755 3863 damnatione

76 3897 511 3951 misericordiam
560 3898 682 3967 ejus
733 3902 789 3950 et
845 3897 1127 3967 judicium
1198 3899 1535 3951 confitentes
1584 3904 1754 3967 atque

76 3984 375 4051 laudantes,
418 3987 679 4039 falsitatis
726 3992 782 4039 et
831 3987 1037 4039 erroris
1080 3992 1301 4055 arguat.
1350 3988 1413 4039 Et
1441 3991 1631 4040 tamen
1668 3986 1753 4038 ni-

77 4072 230 4127 hilex
262 4075 352 4128 his
392 4091 521 4144 quae
582 4076 638 4127 in
683 4075 819 4145 ipsis
878 4080 1097 4144 septem
1154 4074 1582 4128 definitionibus
1640 4075 1757 4128 suis

78 4161 253 4231 objicit
278 4179 501 4227 verum,
538 4169 637 4215 aut
665 4164 1002 4216 rationabile
1046 4164 1195 4216 valet
1222 4164 1537 4216 ostendere.

138 4251 221 4304 Ad
248 4255 485 4321 primam
507 4252 870 4319 objectionem.
904 4282 972 4291 —
1023 4252 1199 4305 Nemo
1243 4252 1395 4304 enim
1431 4252 1755 4306 Creatorem

82 4354 229 4392 suum
274 4355 501 4393 summe
530 4340 745 4396 bonum
797 4340 1127 4392 malivolum
1182 4340 1339 4406 dicit,
1389 4340 1543 4409 quod
1588 4339 1753 4405 absit,

1789 1823 1825 1874 Β

1860 631 2051 696 terire,
2092 633 2185 685 sed
2231 650 2375 702 quos
2419 633 2710 685 verissime
2749 634 3031 702 prmscivit
3083 634 3292 702 impios
3341 639 3396 687 et
3447 635 3551 687 ini-

1857 737 2002 789 quos
2038 720 2275 785 futuros,
2311 725 2365 773 et
2397 720 2453 773 in
2503 736 2604 771 sua
2652 720 2940 789 impietate
2985 726 3039 773 et
3073 721 3373 791 iniquitate
3413 738 3546 791 per-

1862 824 2159 861 mansuros
2208 809 2378 879 justis
2428 813 2483 862 et
2544 809 2873 861 rectissimis
2937 809 3116 862 causis
3182 810 3429 864 decrevit
3494 816 3549 865 et

1858 897 2075 964 statuit,
2131 902 2185 949 et
2236 897 2657 966 prmdestinavit
2705 897 3009 966 perituros.
3063 897 3217 950 Sicut
3267 898 3385 968 ipse
3431 900 3544 953 ait:

1859 1008 1884 1033 ‹‹
1930 985 2040 1049 Qui
2086 985 2402 1055 peccaverit
2455 984 2618 1050 mihi,
2669 984 2869 1038 delebo
2922 1001 3053 1038 eum
3105 986 3171 1038 de
3220 986 3367 1040 libro
3422 1004 3548 1042 meo

1858 1074 2068 1143 (Exod.
2098 1090 2271 1139 xxxu,
2309 1076 2413 1141 33).
2455 1096 2475 1121 ι

1927 1162 2022 1215 Ad
2050 1162 2356 1215 secundam.
2398 1193 2465 1200 —
2510 1163 2619 1214 Nec
2651 1162 2751 1232 qui
2800 1161 3365 1231 prtedestinationem
3398 1164 3550 1217 divi-

1856 1266 1989 1303 nam
2034 1250 2092 1303 in
2126 1256 2430 1321 utramque
2464 1255 2707 1319 partem,
2742 1249 2799 1303 id
2832 1256 2916 1302 est
2956 1255 3009 1301 et
3035 1252 3347 1303 electorum
3378 1256 3432 1304 et
3464 1268 3550 1304 re-

1856 1338 2189 1407 proborum,
2234 1338 2478 1391 fideliter
2522 1338 2699 1390 credit
2730 1342 2785 1390 et
2824 1336 3147 1405 conﬁtetur,
3193 1340 3377 1409 ipsam
3414 1341 3553 1393 veri-

1856 1432 2029 1480 tatem
2064 1427 2321 1480 fallacem
2362 1427 2567 1479 nititur
2614 1427 2951 1479 ostendere:
2998 1428 3094 1480 sed
3128 1428 3364 1481 omnino
3393 1444 3549 1481 vera-

1857 1531 1977 1567 cem
2009 1521 2063 1567 et
2110 1516 2339 1567 fidelem
2386 1516 2444 1566 in
2492 1515 2756 1568 omnibus
2805 1515 2990 1567 verbis
3030 1515 3168 1580 suis,
3203 1521 3260 1568 et
3298 1522 3548 1569 sanctam

1856 1604 1917 1656 in
1946 1604 2207 1656 omnibus
2241 1604 2511 1673 operibus
2543 1603 2657 1655 suis
2685 1624 2699 1669 ;
2732 1604 2863 1673 quia
2898 1604 3110 1666 electis,
3141 1604 3283 1656 sicut
3322 1605 3549 1674 prde-

1857 1692 2108 1758 stinavit,
2151 1698 2379 1745 mternae
2404 1692 2533 1745 vitae
2566 1692 2798 1761 praemia
2827 1692 3070 1761 spondet
3100 1698 3155 1743 ct
3185 1692 3389 1745 reddit.
3428 1694 3489 1745 Et
3518 1708 3547 1745 e

1857 1780 2145 1832 contrario
2198 1779 2455 1848 reprobis
2518 1779 2904 1849 peccantibus,
2965 1794 3067 1831 nec
3114 1779 3544 1848 paenitentibus,

1859 1871 2003 1922 sicut
2032 1868 2481 1939 praedestinavit,
2524 1869 2677 1937 justo
2714 1884 2816 1920 suo
2845 1867 3061 1937 judicio
3113 1873 3351 1921 aeternas
3385 1869 3547 1921 retri-

1856 1957 1979 2009 buit
2005 1974 2223 2026 ptBnas.

1928 2046 2019 2099 Ad
2074 2048 2306 2099 tertiam.
2360 2076 2426 2084 —
2471 2045 2583 2097 Nec
2623 2045 2842 2114 justum
2890 2045 3141 2113 judicem
3193 2044 3299 2097 ista
3345 2045 3549 2099 divinae

1855 2132 2375 2202 praedestinationis
2441 2133 2646 2185 veritas
2708 2133 2861 2185 velut
2909 2133 3184 2201 injustum
3237 2134 3543 2202 praedicat:

1860 2223 1994 2291 quia
2037 2222 2347 2274 secundum
2401 2237 2526 2274 eam
2577 2226 2634 2273 et
2696 2220 2842 2273 bene
2890 2222 3214 2290 agentibus,
3266 2227 3438 2291 atque
3486 2221 3547 2274 in

1858 2312 2009 2365 bono
2043 2310 2537 2379 perseverantibus
2588 2309 2821 2379 praemia
2869 2310 3281 2373 restituuntur;
3315 2314 3370 2362 et
3402 2311 3547 2363 male

1859 2399 2158 2469 agentibus
2205 2402 2375 2467 atque
2434 2398 2488 2450 in
2541 2397 2689 2449 malo
2735 2398 3204 2466 permanentibus
3234 2399 3384 2468 juste
3424 2403 3546 2453 tor—

1863 2492 2051 2541 menta
2082 2486 2423 2539 inferuntur.

1932 2575 2023 2629 Ad
2052 2579 2325 2642 quartam.
2368 2604 2435 2611 ——
2475 2574 2585 2626 Nec
2630 2573 3073 2643 Redemptorem
3126 2574 3327 2627 mundi
3358 2574 3550 2645 aliqua

1858 2662 2384 2734 prmdestinalionis
2446 2678 2561 2714 suae
2626 2664 2927 2714 necessitas
2993 2663 3304 2731 compellit,
3356 2669 3418 2716 ut
3448 2678 3551 2732 per

1860 2753 2171 2822 gloriosum
2206 2750 2503 2820 sanguinis
2527 2751 2613 2803 sui
2652 2751 2898 2820 pretium
2925 2750 2982 2802 iu
3015 2767 3072 2803 se
3103 2750 3462 2803 credentibus
3494 2756 3551 2803 et

1861 2839 2218 2911 sperantibus
2265 2839 2567 2891 subvenire
2621 2855 2733 2891 non
2761 2838 2974 2907 possit:
3012 2838 3147 2908 quia
3177 2844 3227 2892 et
3281 2839 3550 2892 omnibus

1861 2926 2052 2978 electis
2082 2925 2197 2977 suis
2229 2925 2323 2976 illo
2358 2925 2539 2993 pretio
2571 2924 2629 2977 in
2662 2931 2938 2978 aeternum
2986 2926 3267 2979 subvenit.
3304 2927 3367 2979 Et
3396 2927 3549 2996 quod

1862 3014 2121 3083 reprobis
2144 3029 2256 3066 non
2285 3014 2565 3081 subvenit,
2590 3014 2695 3083 ipsi
2720 3030 2821 3084 per
2858 3013 3235 3083 impietatem,
3268 3016 3324 3068 et
3346 3014 3551 3084 iniqui-

1793 3108 1832 3161 C.
1862 3108 2035 3156 tatem
2068 3118 2227 3155 suam
2277 3102 2529 3170 pretium
2562 3104 2685 3171 ejus
2737 3104 3057 3172 repellunt:
3087 3120 3229 3173 quos
3261 3108 3316 3156 et
3364 3104 3409 3156 si
3440 3120 3551 3174 po-

1862 3196 1970 3245 test
2002 3192 2094 3244 ille
2125 3192 2360 3255 salvare,
2396 3191 2515 3243 vult
2546 3196 2737 3243 tamen
2768 3192 2990 3261 aliquos
3022 3192 3091 3245 ad
3135 3193 3552 3247 ostendendum

1860 3283 2137 3333 terrorem
2173 3278 2490 3332 severitatis
2519 3296 2657 3345 suae,
2690 3281 2845 3348 justa
2872 3280 3089 3333 ultione
3124 3281 3417 3335 damnare.

1932 3368 2024 3422 Ad
2053 3370 2319 3437 quintam.
2356 3398 2416 3407 —
2453 3369 2564 3421 Nec
2594 3368 2810 3420 invidet
2840 3369 3041 3421 eadem
3088 3369 3294 3422 divinae
3333 3371 3553 3441 praede-

1862 3457 2183 3510 stinationis
2215 3457 2480 3509 severitas
2515 3456 2676 3509 bonis
2722 3456 2961 3523 angelis,
2994 3473 3064 3509 ne
3096 3467 3333 3527 propter
3360 3460 3553 3512 multi-

1860 3545 2119 3599 tudinem
2142 3545 2521 3614 reproborum
2554 3545 2811 3613 quotidie
2841 3545 3208 3613 pereuntium
3230 3562 3345 3599 non
3374 3547 3555 3616 possit

1862 3633 2182 3703 adimpleri,
2240 3637 2296 3685 et
2344 3632 2651 3684 instaurari
2713 3647 2912 3684 eorum
2962 3647 3257 3698 numerus,
3311 3636 3411 3703 qui
3451 3650 3556 3704 per

1863 3724 2092 3776 ruinam
2141 3721 2353 3774 diaboli
2385 3726 2439 3772 et
2480 3720 2819 3786 angelorum
2866 3721 2987 3789 ejus
3036 3726 3119 3774 est
3171 3721 3553 3777 imminutus:

1864 3810 1999 3881 quia
2028 3808 2339 3862 certissime
2384 3808 2539 3859 novit
2577 3807 2717 3859 fides
2766 3807 3020 3860 fidelium
3054 3813 3239 3862 tantos
3266 3810 3403 3863 illuc
3434 3812 3555 3864 ele-

1863 3902 1980 3952 ctos
2011 3913 2075 3949 ex
2107 3897 2359 3949 humano
2401 3910 2611 3964 genere
2644 3910 2970 3947 assensuros
3002 3901 3245 3965 quantos
3278 3896 3393 3949 illic
3420 3914 3555 3951 con-

1865 3990 1975 4039 stat
2019 3986 2226 4038 electos
2269 3984 2499 4053 angelos
2548 3983 2923 4036 remansisse:
2974 3989 3215 4038 testante
3262 3986 3556 4056 Scriptura

1866 4091 1994 4144 qua:
2027 4074 2199 4127 dicit:
2238 4094 2263 4122 ‹‹
2298 4072 2504 4127 Statuit
2546 4072 2821 4125 terminos
2863 4073 3119 4141 gentium
3157 4074 3321 4142 juxta
3352 4091 3555 4128 nume-

1867 4179 1993 4218 rum
2027 4164 2360 4231 angelorum
2398 4162 2493 4215 Dei
2525 4163 2709 4230 (Deut.
2744 4177 2913 4227 xxxu,
2946 4162 3021 4231 8).
3054 4182 3080 4212 »

1937 4252 2025 4306 Ad
2054 4258 2283 4305 semtam.
2315 4282 2382 4288 —
2418 4251 2529 4303 Nec
2566 4251 2749 4320 magis
2784 4250 2929 4305 favet
2962 4252 3083 4305 huic
3131 4253 3557 4323 przedestinatio

1867 4340 2094 4393 diabolo
2130 4354 2300 4408 quam
2338 4340 2469 4405 Deo,
2522 4339 2655 4409 quia
2689 4346 2744 4392 ct
2792 4339 3083 4393 diabolum
3115 4342 3373 4410 quotidie
3401 4358 3559 4396 com-

84 4428 224 4495 quasi
259 4429 425 4481 male:
460 4428 767 4481 voluntatis
793 4427 865 4480 sit
895 4444 1029 4497 erga
1056 4433 1373 4481 creaturam
1405 4444 1587 4491 suam,
1623 4428 1757 4498 quia
1799 4417 1839 4469 Ῑ)
1868 4428 2031 4498 pellit
2064 4428 2345 4491 amittere,
2382 4444 2525 4497 quos
2558 4427 2748 4481 divina
2798 4429 2981 4495 gratia
3030 4430 3228 4482 eadem
3265 4431 3560 4500 praedesti-

86 4530 291 4585 semper
320 4516 445 4586 ejus
475 4517 735 4569 voluntas
764 4516 913 4569 bona
946 4522 1029 4569 est
1058 4516 1253 4581 bonis;
1288 4533 1417 4587 qum
1449 4521 1505 4570 et
1534 4517 1579 4569 si
1609 4517 1760 4569 mala

86 4604 290 4657 videtur
314 4606 502 4670 malis,
535 4620 763 4675 semper
810 4610 1005 4658 tamen
1033 4604 1187 4674 justa
1222 4610 1326 4671 est,
1357 4610 1414 4658 et
1449 4605 1577 4658 ideo
1611 4606 1761 4658 mala

90 4706 190 4745 esse
220 4709 334 4746 non
382 4698 603 4763 potest;
641 4694 790 4745 unde
839 4698 893 4746 et
942 4693 1233 4763 Scriptura
1284 4694 1351 4746 ad
1403 4709 1533 4747 eum
1585 4693 1756 4747 dicit:

93 4800 113 4829 α
140 4782 272 4835 Cum
304 4787 499 4835 sancto
541 4788 765 4835 sanctus
812 4782 945 4849 eris,
977 4786 1031 4835 et
1077 4798 1205 4835 cum
1258 4783 1558 4836 innocente
1605 4782 1763 4836 inno-

94 4884 204 4921 cens
244 4871 373 4924 eris.
424 4871 491 4923 Et
529 4885 659 4922 cum
708 4870 887 4923 electo
936 4870 1149 4923 electus
1198 4870 1328 4931 eris,
1382 4874 1601 4922 etcum
1635 4885 1761 4939 per-

93 4972 235 5011 verso
261 4957 611 5029 perverteris
642 4958 819 5027 (Psal.
869 4974 1002 5024 xvu,
1050 4960 1136 5021 26,
1183 4961 1294 5023 27).
1342 4978 1369 5005 ››
1431 4958 1508 5011 De
1554 4958 1764 5027 quibus

96 5045 257 5098 verbis
278 5046 481 5099 beatus
502 5045 859 5114 Augustinus
881 5050 1130 5097 tractans
1154 5044 1385 5114 (inpsal.
1413 5046 1575 5113 xvu.)
1600 5061 1611 5097 :
1647 5045 1764 5109 Est,

97 5132 287 5203 inquit,
338 5134 561 5187 occulta
626 5132 1009 5202 profunditas,
1084 5149 1196 5202 qua
1252 5132 1590 5202 intelligetis
1637 5149 1766 5186 cum

99 5227 266 5275 sancto
296 5227 549 5286 sanctus,
585 5222 721 5291 quia
746 5226 808 5275 tu
856 5220 1204 5273 sanctificas:
1241 5225 1296 5273 et
1324 5236 1452 5273 cum
1507 5220 1625 5273 viro
1680 5222 1767 5273 in-

101 5316 314 5365 nocente
367 5311 669 5375 innocens,
728 5309 864 5380 quia
907 5309 1050 5361 nulli
1102 5324 1291 5376 noces,
1341 5310 1436 5362 sed
1483 5310 1769 5362 criniculis

102 5404 439 5466 peccatorum
469 5414 705 5451 suorum
738 5398 1133 5468 unusquisque
1163 5398 1595 5467 constringitur,
1617 5402 1672 5451 et
1698 5398 1767 5451 ab

104 5500 157 5537 eo
185 5503 347 5556 quem
382 5486 547 5553 eligis
569 5484 818 5553 eligeris,
849 5489 904 5537 et
932 5499 1061 5536 cum
1094 5499 1357 5552 perverso
1391 5483 1599 5537 videris
1640 5498 1769 5552 per-

103 5589 307 5641 versos;
343 5573 627 5645 quoniam
661 5572 893 5625 dicunt:
930 5592 956 5619 «
991 5571 1113 5623 Non
1144 5575 1226 5623 est
1256 5577 1407 5625 recta
1438 5570 1525 5623 via
1574 5570 1771 5623 Domi-

107 5661 172 5728 ni,
197 5667 247 5716 et
272 5663 535 5734 ipsorum
564 5660 654 5713 via
682 5676 799 5714 non
832 5664 917 5713 est
950 5662 1102 5713 recta
1152 5659 1368 5727 (Ezech.
1408 5674 1559 5717 xvm,
1589 5658 1712 5727 25);
1748 5675 1769 5697 ι»

434 5752 716 5815 PATROL.
770 5749 972 5813 CXXI.

1870 4513 2102 4567 natione
2135 4512 2381 4567 decrevit
2409 4512 2478 4565 ad
2523 4513 2762 4565 salutem
2800 4517 3073 4565 aeternam
3117 4516 3461 4585 pertingere.
3500 4519 3563 4571 Et.

1872 4601 2107 4654 omnino
2140 4601 2365 4653 nullum
2391 4616 2455 4653 ex
2492 4600 2683 4652 electis
2706 4600 2805 4652 Dei
2828 4600 2897 4653 ad
2920 4600 3097 4669 ipsius
3117 4602 3328 4657 diaboli
3352 4610 3561 4658 sortem

1871 4705 2036 4760 posse
2067 4690 2353 4759 pertinere
2384 4689 2699 4741 confirmat.

1944 4779 2036 4832 Ad
2065 4780 2369 4846 septimam.
2402 4806 2463 4815 --
2496 4777 2605 4829 Nec
2631 4776 2923 4845 compellit
2945 4776 3196 4845 aliquem
3223 4778 3395 4848 hujus
3416 4797 3555 4851 prm-

1874 4865 2271 4919 destinationis
2303 4865 2463 4930 fides,
2496 4864 2659 4933 quasi
2704 4880 2803 4933 per
2851 4864 3022 4917 fidem
3054 4866 3257 4919 Christi
3292 4875 3346 4921 et
3373 4886 3563 4924 sacra-

1875 4959 2137 5008 mentum
2164 4953 2433 5023 baptismi
2473 4969 2506 5004 a
2539 4953 2711 5021 primi
2745 4954 2999 5021 parentis
3048 4953 3231 5023 lapsu,
3276 4963 3330 5009 et
3363 4974 3394 5010 a
3434 4974 3562 5011 suo-

1875 5059 2005 5097 rum
2073 5043 2353 5095 scelerum
2418 5045 2598 5105 reatu,
2650 5041 2765 5093 sive
2824 5041 3072 5094 hostium
3120 5048 3400 5111 potestate
3447 5063 3565 5100 non

1878 5147 2042 5201 posse
2091 5130 2251 5182 erui:
2288 5128 2381 5181 sed
2431 5129 2724 5182 verissime
2764 5134 2995 5198 praestat
3039 5131 3305 5185 omnibus
3349 5135 3565 5203 electis,

1880 5241 1909 5267 ‹‹
1953 5220 2021 5271 Ut
2046 5218 2158 5269 sint
2198 5222 2429 5287 agentes
2480 5233 2707 5287 semper
2736 5217 2948 5287 gratias
2980 5219 3113 5281 Deo,
3169 5225 3225 5271 et
3264 5221 3434 5287 Patri,
3468 5225 3567 5293 qui

1880 5307 2085 5376 dignos
2116 5321 2212 5358 eos
2243 5304 2376 5357 fecit
2406 5305 2463 5357 in
2516 5312 2735 5376 partem
2783 5308 2952 5359 sortis
2998 5313 3322 5363 sanctorum
3363 5310 3422 5364 in
3476 5314 3566 5366 lu-

1880 5396 2055 5449 mine.
2090 5425 2157 5431 —
2188 5393 2296 5457 Qui
2342 5394 2557 5464 eripuit
2598 5395 2725 5449 illos
2763 5395 2829 5449 de
2864 5401 3137 5465 potestate
3177 5398 3569 5471 tenebrarum,

1883 5488 1937 5537 et
1966 5481 2257 5536 transtulit
2284 5482 2343 5533 iu
2400 5498 2641 5551 regnum
2681 5484 2802 5536 Filii
2842 5484 3161 5537 dilectionis
3211 5502 3326 5541 sum
3359 5489 3489 5558 (Col.
3533 5509 3569 5557 ι,

1889 5575 1972 5637 12,
2001 5573 2086 5640 l3)
2120 5586 2133 5623 :
2168 5589 2195 5619 ι)
2235 5570 2345 5622 Nec
2383 5572 2645 5640 reprobis
2684 5572 2852 5625 noxia
2893 5577 2976 5625 est
3007 5574 3227 5642 opificis
3257 5577 3366 5644 sui,
3404 5577 3456 5631 id
3490 5585 3575 5633 est

1886 5657 1986 5711 Dei
2019 5656 2467 5727 prtedcstinatio,
2530 5675 2655 5729 qua:
2703 5668 3160 5730 perseverantem
3211 5668 3266 5717 et
3315 5664 3571 5718 indoma-
