3884 6218
359 342 490 395 1067

1480 337 1533 392 S.
1579 338 1859 393 REMIGII
1902 335 2381 392 LUGDUNENSIS
2423 334 2733 392 EPISCOPI

3732 340 3849 390 loss

352 478 527 531 bilem
571 475 934 545 iniquitatem
987 475 1245 544 ipsorum
1288 473 1601 544 justissime
1653 474 1834 544 punit,
1879 474 2040 543 cujus
2079 479 2125 529 A
2226 474 2532 527 Conclusio.
2581 502 2647 512 —-
2697 472 2834 535 Quae
2904 487 3034 526 cum
3082 472 3160 527 ita
3203 474 3333 541 sint,
3386 472 3659 544 deposita
3704 474 3849 525 omni

355 582 510 619 more
542 570 595 621 et
644 564 976 634 gravissimo
1026 580 1196 615 onere
1247 562 1503 632 oppressi
1542 564 1954 631 demerguntur
1988 562 2046 614 in

350 660 651 721 tartarum,
686 652 1091 705 descendentes
1122 652 1179 705 in
1214 652 1566 721 profundum
1600 651 1764 721 quasi
1797 650 1958 721 lapis,
1994 654 2049 703 et

350 741 631 795 submersi
688 741 852 811 quasi
907 740 1203 810 plumbum
1253 740 1312 792 in
1365 741 1528 809 aquis
1582 739 2040 792 vehementibus.

351 827 515 889 Quod
564 828 733 881 etiam
784 828 927 881 liber
966 826 1335 898 Apocalypsis
1366 828 1433 880 de
1458 832 1575 881 tota
1606 828 1831 880 civitate
1867 827 2033 896 hujus

350 917 563 980 seaculi,
595 916 649 969 id
684 922 765 969 est
793 916 1053 969 universa
1084 915 1451 969 multitudine
1489 916 1887 968 damnatorum
1918 921 2038 969 ter-

350 1005 591 1057 ribiliter
617 1010 870 1057 extremo
896 1004 1114 1073 judicio
1150 1006 1401 1057 futurum
1427 1004 1710 1073 significat
1737 1008 1793 1055 et
1823 1003 2041 1056 denun-

350 1093 473 1159 tiat,
504 1093 697 1146 dicens
724 1110 735 1145 :
773 1114 800 1140 ‹‹
834 1094 896 1145 Et
919 1093 1147 1145 sustulit
1170 1109 1317 1145 unus
1339 1094 1577 1161 angelus
1600 1093 1758 1145 fortis
1790 1092 2041 1161 lapidem

351 1182 516 1250 quasi
551 1181 825 1234 molarem
859 1197 1153 1250 magnum,
1181 1186 1237 1233 et
1281 1181 1434 1234 misit
1482 1181 1539 1233 in
1592 1197 1767 1247 mare,
1804 1181 2035 1235 dicens:

353 1272 467 1324 Hoc
513 1270 732 1340 impetu
768 1269 1026 1322 mittetur
1062 1271 1311 1338 Babylon
1354 1285 1561 1339 magna
1595 1269 1692 1322 illa
1736 1270 1954 1335 civitas,
1987 1277 2043 1324 et

350 1360 500 1413 ultra
521 1360 641 1429 jam
662 1375 772 1411 non
805 1357 1133 1411 invenietur
1154 1359 1345 1429 (Apoc.
1377 1375 1531 1425 xviii,
1564 1357 1685 1427 2.)»

2160 561 2542 614 contentionis
2590 560 2971 625 animositate,
3020 562 3275 630 deposita
3334 563 3664 615 novitatum
3715 578 3853 631 prae-

2160 650 2510 719 sumptione,
2539 666 2915 719 agnoscamus
2942 649 3185 702 fideliter
3228 650 3485 704 divinam
3539 651 3849 713 veritatem,

2158 753 2466 808 sequamur
2544 738 2880 791 obedienter
2942 742 3239 807 paternam
3300 738 3733 802 auctoritatem,
3784 754 3851 790 ca-

2158 843 2390 880 veamus
2424 825 2724 897 vigilanter
2767 826 2975 878 erroris
3016 831 3071 879 et
3110 828 3393 881 mendacii
3428 827 3849 881 fallacissimam

2160 916 2505 981 vanitatem;
2536 919 2823 968 servantes
2875 916 2988 967 Deo
3040 916 3347 970 auxiliante
3388 916 3573 970 semel
3612 937 3639 963 ‹‹
3688 915 3851 985 depo-

2157 1006 2327 1059 situm
2358 1026 2384 1054 ››
2423 1006 2590 1059 nobis
2623 1020 2765 1057 verae
2812 1004 2947 1058 fidei
2998 1005 3336 1058 inviolatum
3386 1007 3775 1064 thesaurum;
3805 1012 3851 1056 et

2158 1114 2183 1145 «
2217 1095 2499 1165 fugientes
2550 1093 2817 1164 profanas
2862 1109 3061 1146 vocum
3113 1095 3388 1146 novitates
3421 1099 3600 1164 atque
3635 1093 3851 1163 opposi-

2154 1183 2339 1236 tiones
2370 1182 2496 1236 falsi
2544 1182 2790 1235 nominis
2834 1182 3106 1249 scientias,
3137 1198 3307 1252 quam
3341 1182 3581 1252 quidam
3617 1183 3850 1251 promit-

2152 1277 2338 1326 tentes
2369 1272 2517 1325 circa
2566 1271 2739 1326 tidem
2797 1271 3134 1324 exciderunt
3189 1274 3346 1339 (Tim.
3404 1288 3479 1335 vr,
3540 1272 3636 1336 20,
3684 1274 3846 1335 ‘21).»

1322 1663 1989 1787 SANCTI
2103 1662 2856 1786 REMIGII

1680 1882 2161 1938 LUGDUNENSIS
2202 1882 2518 1938 EPISCOPI

909 2047 1123 2119 SUB
1210 2046 1679 2118 NOMINE
1759 2045 2352 2118 ECCLESI/E
2442 2044 3287 2117 LUGDUNENSIS

1176 2239 1729 2352 ABSOLUTIO
1793 2239 2324 2351 GUJUSDAM
2385 2239 3030 2365 QUESTIONIS

564 2469 647 2510 DE
689 2467 1013 2510 GENERALI
1060 2466 1187 2507 PER
1229 2466 1408 2507 ADAM
1454 2463 1892 2506 DAMNA’I‘IONE
1935 2463 2213 2505 OMNIUM
2260 2464 2339 2503 ET
2384 2462 2677 2505 SPECIALI
2725 2463 2851 2504 PER
2894 2461 3244 2505 CHRISTUM
3290 2464 3373 2504 EX
3418 2464 3639 2505 EADEM

1684 2543 2055 2586 EREPTIONE
2097 2543 2499 2587 ELECTORUM
2556 2576 2584 2593 ,

416 2798 607 2865 Nuper
632 2794 871 2865 quaestio
901 2792 1096 2847 habita
1129 2797 1214 2845 est
1243 2792 1532 2862 quomodo
1565 2796 1713 2844 recte
1756 2794 1812 2844 et
1850 2791 2032 2844 fideli-
2075 2794 2114 2847 Β
2147 2791 2277 2844 dam
2313 2790 2625 2845 bonitatem
2668 2790 2803 2844 Dei?
2849 2791 3007 2854 Quod
3059 2795 3249 2845 tamen
3300 2797 3615 2863 utrumque
3646 2794 3833 2857 simul,

343 2888 432 2936 ter
459 2884 637 2954 possit
672 2882 913 2951 intelligi
939 2902 952 2935 :
997 2882 1136 2934 Tota
1165 2881 1403 2934 humani
1438 2880 1663 2949 generis
1694 2895 1879 2931 massa
1909 2896 2035 2933 me-

346 2973 455 3027 rito
508 2973 710 3042 primae
772 2970 1239 3041 transgressionis
1295 2969 1363 3021 ad
1413 2974 1688 3021 {eternum
1740 2968 2035 3021 interitum

346 3061 661 3114 damnata?
698 3076 826 3113 cum
855 3059 1054 3127 procul
1086 3058 1262 3111 dubio
1286 3058 1542 3110 omnium
1576 3057 1887 3110 electorum
1919 3072 2036 3109 nu-

346 3165 538 3202 merus
569 3165 635 3201 ex
663 3148 784 3218 ipsa
814 3152 961 3200 esset
996 3146 1367 3199 assumendus
1415 3145 1608 3199 divina
1663 3144 2035 3214 praedestina—

346 3238 518 3301 tione,
574 3254 637 3290 ac
690 3235 1044 3305 praescientia
1103 3235 1451 3287 asternaliter
1516 3233 1921 3302 praecognitus,
1983 3238 2037 3284 et

348 3325 765 3395 praeordinatus
812 3324 880 3377 ad
931 3323 1102 3376 vitam
1154 3328 1464 3375 aeternam:
1507 3322 1552 3374 si
1585 3322 1737 3374 enim
1770 3320 1874 3373 iste
1905 3321 2034 3373 bea-

347 3420 558 3479 torum,
586 3419 641 3465 et
673 3416 999 3465 sanctorum
1052 3426 1325 3464 numerus
1356 3410 1413 3462 in
1449 3410 1541 3463 illa
1573 3414 1695 3462 erat
1736 3409 1804 3462 ad
1838 3409 2035 3462 interi-

348 3506 467 3556 tum
502 3501 695 3555 divino
720 3500 940 3570 judicio
968 3500 1400 3559 condemnatus,
1426 3499 1713 3568 quomodo
1749 3497 1855 3550 erit
1886 3498 2039 3551 velut

347 3607 375 3641 e
403 3589 685 3642 contrario
726 3588 934 3642 divinae
986 3586 1390 3640 misericordiae
1433 3586 1707 3640 beneﬁcio
1761 3586 1830 3639 ad
1863 3586 2037 3639 vitam

344 3677 823 3747 praedestinatus?
856 3678 923 3730 Et
955 3682 1262 3746 utrumque
1305 3675 1505 3744 utique
1546 3675 1914 3740 wternaliter,
1960 3678 2037 3727 at-

347 3783 457 3836 que
489 3765 866 3819 immobiliter
917 3766 975 3818 in
1025 3765 1147 3834 ejus
1206 3769 1417 3817 aeterno
1472 3768 1527 3816 et
1578 3763 2037 3816 iucommutabili

347 3852 604 3918 consilio,
629 3854 726 3923 qui
744 3854 905 3922 juxta
923 3852 1263 3922 prophetam
1290 3870 1302 3905 :
1326 3852 1517 3905 «Fecit
1544 3868 1673 3922 quin
1699 3853 1891 3905 futura
1905 3855 2039 3905 sunt

348 3943 473 4009 (Isa.
507 3958 614 4006 xu,
650 3944 732 4007 tl,
768 3958 869 3995 sec.
906 3943 1089 4010 LXX).
1129 3964 1155 3989 ››
1210 3942 1403 4011 Neque
1451 3940 1605 3993 enim
1634 3940 1795 4009 juxta
1836 3939 2039 3993 catho-I

345 4029 469 4082 licae
498 4030 752 4083 veritatis
784 4030 1042 4099 regulam
1072 4031 1258 4084 dicere
1288 4045 1592 4098 possumus
1632 4045 1801 4083 omne
1831 4028 2034 4081 huma-

2150 2880 2226 2933 ita
2274 2895 2500 2950 semper
2540 2880 2599 2932 in
2642 2885 2857 2933 aeterno
2904 2881 3000 2933 Dei
3052 2881 3287 2934 consilio
3324 2881 3513 2935 fuerat
3550 2882 3831 2952 praedesti-

2151 2975 2385 3022 natum:
2416 2972 2476 3020 ut
2506 2967 2585 3020 sic
2624 2983 2805 3021 unum
2856 2969 3258 3021 decerneretur
3297 2970 3502 3038 judicii
3548 2970 3833 3040 mquitate,

2148 3061 2203 3108 et
2229 3060 2508 3125 quantum
2543 3055 2612 3108 ad
2645 3056 2796 3109 illius
2835 3073 3033 3109 massae
3079 3057 3361 3110 damnatae
3395 3058 3661 3111 meritum
3712 3075 3832 3127 pcr-

2148 3145 2289 3198 tinet
2318 3144 2600 3197 immobili
2632 3146 2928 3197 severitate
2964 3162 2975 3198 :
3013 3151 3295 3215 quatenus
3334 3151 3391 3199 et
3432 3148 3674 3200 alterum
3712 3149 3832 3215 glo-

2147 3232 2454 3285 riosissime
2526 3232 2864 3302 impleretur
2929 3234 3108 3286 divini
3169 3234 3391 3287 arbitrii
3437 3238 3738 3304 potestate,
3785 3242 3831 3287 et

2148 3321 2669 3375 misericordissimi
2701 3322 3016 3375 Conditoris
3043 3322 3293 3392 gratuita
3324 3322 3599 3376 bonitate.

2218 3410 2576 3479 Quapropter
2616 3410 2777 3480 juxta
2829 3411 3199 3479 pusillitatem
3252 3427 3449 3464 sensus
3497 3412 3675 3465 nostri
3723 3412 3834 3464 ubi-

2147 3515 2373 3569 cunque
2414 3499 2681 3568 legimus,
2736 3498 2851 3553 sive
2904 3499 2962 3551 in
3009 3498 3215 3561 divinis
3255 3500 3584 3569 Scripturis,
3636 3501 3747 3553 sive
3780 3502 3827 3553 in

2147 3587 2511 3658 dogmatibus
2533 3590 2765 3641 Patrum
2816 3592 2995 3641 totam
3037 3587 3276 3641 humani
3323 3589 3551 3658 generis
3594 3605 3825 3641 massam

2147 3676 2206 3729 in
2232 3676 2440 3745 primo,
2474 3680 2529 3730 et
2563 3692 2665 3746 per
2713 3677 2965 3746 primum
3010 3676 3309 3731 hominem
3350 3681 3677 3747 peccantem
3716 3693 3826 3729 esse

2148 3764 2497 3831 damnatam,
2533 3765 2675 3817 nihil
2726 3765 2879 3819 aliud
2934 3765 3374 3835 intelligendum
3425 3766 3689 3831 occurrit,
3726 3764 3829 3817 nisi

2146 3869 2271 3906 eam
2314 3853 2466 3922 justo
2500 3853 2599 3906 Dei
2646 3853 2882 3922 judicio,
2937 3854 3140 3907 merito
3201 3855 3375 3923 primi
3422 3854 3578 3907 illius
3626 3853 3829 3923 peccati

2146 3946 2378 3995 aeternae
2409 3941 2764 3995 damnationi
2823 3942 3131 3996 traditam:
3172 3943 3246 3995 De
3304 3959 3416 4013 qua
3475 3942 3829 3995 damnatione

2149 4045 2245 4098 per
2276 4046 2456 4083 unum
2489 4030 2785 4084 hominem
2818 4029 2874 4082 in
2909 4030 3191 4083 mundum
3237 4031 3496 4101 ingressa
3544 4030 3826 4084 manifeste

348 4134 485 4170 num
527 4134 708 4186 genus
752 4118 903 4171 illius
951 4118 1437 4187 praevaricationis
1482 4118 1683 4171 merito
1726 4118 1795 4171 ad
1828 4117 2037 4170 interi-
2077 4091 2116 4145 C
2149 4117 2284 4171 dicit
2308 4120 2643 4188 Apostolus:
2680 4141 2706 4166 ‹‹
2739 4118 2875 4171 Nam
2915 4118 3195 4187 judicium
3228 4136 3294 4172 ex
3328 4136 3444 4172 uno
3476 4120 3537 4172 in
3568 4118 3825 4172 condem-

346 4211 469 4258 tum
490 4204 666 4259 fuisse
709 4206 1063 4269 damnatum,
1100 4207 1195 4260 sed
1248 4223 1611 4277 nequaquam
1663 4207 1732 4260 ad
1766 4207 2033 4260 eumdem

349 4294 643 4346 interitum
704 4295 1223 4363 praedestinatum:
1284 4311 1411 4348 cum
1464 4295 1875 4365 omnipotentis
1936 4296 2035 4348 Dei

341 4383 498 4451 justo
531 4388 588 4435 et
613 4381 1056 4450 ceternojudicio
1094 4383 1236 4435 nihil
1268 4383 1518 4452 potuerit
1547 4383 1891 4436 zeternaliter
1914 4398 2035 4436 esse

345 4469 700 4537 damnatum,
733 4471 883 4541 quod
911 4487 1027 4523 non
1068 4470 1146 4524 ita
1178 4470 1526 4540 praescitum,
1578 4476 1633 4524 et
1681 4471 2034 4541 praefinitum

345 4558 418 4611 sit
446 4558 618 4612 fuisse
668 4559 1081 4613 damnandum.
1136 4558 1342 4611 Omnia
1386 4574 1634 4627 namque
1689 4575 1864 4628 opera
1910 4576 2030 4626 sua,

345 4653 617 4719 tanquam
647 4666 777 4703 vere
818 4650 974 4719 justa
1003 4654 1061 4703 et
1114 4653 1266 4702 recta
1306 4654 1361 4701 et
1401 4648 1687 4717 praescivit
1719 4648 1931 4714 futura,
1981 4656 2037 4703 et

342 4737 768 4806 praedestinavit
838 4738 961 4791 sine
1021 4737 1195 4791 dubio
1264 4736 1541 4790 facienda.
1602 4737 2036 4791 Praedestinavit

342 4826 535 4896 itaque
579 4831 635 4879 et
682 4827 829 4880 hanc
876 4826 1115 4879 humani
1146 4826 1372 4896 generis
1421 4825 1637 4894 justam
1693 4840 1755 4877 ac
1785 4825 2033 4879 debitam

344 4913 791 4980 damnationem,
849 4913 937 4966 cui
997 4918 1051 4966 et
1109 4913 1455 4982 generaliter
1515 4928 1579 4966 ex
1628 4912 1781 4965 illius
1813 4913 2033 4982 justitia

342 5016 541 5053 omnes
571 5005 758 5053 essent
787 4999 1014 5053 obnoxii
1042 5016 1053 5051 :
1090 5005 1144 5051 et
1182 5016 1247 5052 ex
1280 5016 1391 5071 qua
1423 4998 1743 5068 specialiter
1774 5016 1839 5052 ex
1880 5000 2034 5053 illius

343 5088 732 5141 misericordia
782 5088 1262 5153 discernerentur,
1306 5092 1363 5140 et
1424 5090 1781 5141 salvareutur
1845 5088 2026 5152 electi,

342 5182 608 5229 manente
640 5176 853 5229 scilicet
885 5177 1218 5229 inconvulsa
1243 5176 1626 5229 damnationis
1654 5176 2032 5245 praedestina-

338 5266 494 5319 tione
520 5266 578 5317 in
623 5265 914 5334 reprobis;
968 5269 1022 5318 et
1071 5268 1337 5317 manente
1385 5264 1646 5317 similiter
1701 5265 2032 5319 inconvulsa

2146 4206 2439 4259 nationem
2494 4205 2663 4276 (Rom.
2716 4222 2768 4269 v,
2824 4205 2924 4273 16).
2975 4225 3002 4256 ››
3056 4206 3191 4269 Qum
3245 4206 3463 4276 utique,
3518 4206 3662 4259 sicut
3711 4206 3823 4273 jam

2147 4295 2361 4348 dictum
2405 4298 2507 4358 est,
2552 4309 2665 4346 non
2707 4297 2895 4363 potest
2945 4298 3091 4347 recte
3149 4294 3395 4363 intelligi
3443 4294 3554 4347 nisi
3602 4299 3821 4347 aeterna.

2146 4383 2201 4437 Si
2233 4399 2366 4453 ergo
2417 4387 2567 4435 recte
2614 4381 2975 4451 intelligitur,
3018 4388 3136 4436 tota
3164 4381 3287 4452 ipsa
3332 4383 3572 4436 humani
3612 4380 3824 4452 generis

2145 4488 2330 4525 massa
2363 4472 2653 4535 damnata,
2697 4475 2924 4523 aeterna!
2966 4470 3276 4540 perditioni
3313 4471 3546 4538 tradita,
3588 4470 3720 4540 quid
3751 4475 3826 4520 est

2144 4561 2253 4614 hoc
2284 4560 2459 4627 aliud,
2495 4559 2603 4612 nisi
2656 4559 2843 4612 eidem
2891 4563 3120 4612 eterna:
3170 4559 3485 4630 perditioni
3537 4559 3821 4621 destinata,

2145 4649 2262 4703 sive
2294 4648 2717 4718 prmdestinata,
2751 4653 2814 4700 ut
2845 4652 3121 4717 quantum
3167 4649 3419 4717 pertinet
3462 4648 3531 4701 ad
3569 4648 3821 4701 meritum

2144 4738 2325 4806 culpa:
2374 4752 2511 4802 suas,
2558 4736 2711 4789 illius
2762 4735 3019 4789 videlicet
3064 4735 3266 4805 prima:
3326 4734 3820 4804 praevaricationis,

2144 4830 2289 4878 esset
2314 4825 2464 4895 juste
2491 4825 2747 4889 omnino,
2778 4828 2832 4877 et
2872 4828 3010 4890 tota,
3046 4830 3098 4877 et
3144 4824 3316 4877 simul
3348 4828 3564 4878 mterna
3610 4829 3818 4877 senten-

2143 4913 2222 4967 tia
2247 4914 2645 4967 condemnata.
2680 4913 2968 4977 Quantum
3003 4928 3134 4966 vero
3160 4913 3365 4966 attinet
3412 4913 3481 4966 ad
3522 4913 3818 4967 bonitatem

2143 5006 2199 5055 et
2225 5002 2676 5055 misericordiam
2717 5001 3041 5056 Conditoris
3080 5000 3199 5071 (qui
3231 5000 3340 5054 sibi
3385 5017 3490 5054 nec
3531 5001 3817 5055 necessita-

2142 5095 2257 5144 tem
2292 5091 2582 5160 imposuit,
2634 5107 2738 5143 nec
2786 5094 3128 5160 potestatem
3169 5089 3423 5155 abstulit)
3471 5094 3535 5142 ut
3582 5089 3649 5142 de
3679 5103 3817 5141 crea-

2141 5185 2263 5232 tura
2296 5196 2416 5243 sua,
2443 5181 2597 5249 justa
2631 5180 2895 5247 exigente
2927 5178 3226 5231 severitate
3268 5177 3604 5247 judicando,
3645 5179 3815 5246 posset

2140 5266 2274 5319 inde
2331 5269 2545 5320 salvare
2608 5272 2886 5336 quantum
2945 5266 3027 5318 illi
3057 5267 3308 5335 placeret
3362 5282 3462 5335 per
3520 5264 3813 5318 indebitam

339 5353 648 5421 ereptionis
680 5353 1180 5422 prmdestinatione
1203 5352 1262 5405 in
1292 5353 1520 5417 electis;
1554 5354 1692 5406 dum
1714 5354 2030 5422 justissimo
2072 5387 2113 5439 Β
2141 5356 2404 5425 gratiam,
2438 5356 2591 5426 quod
2620 5356 2770 5425 juste
2803 5360 2858 5408 et
2904 5354 3253 5407 azternaliter
3280 5354 3467 5407 fuerat
3497 5353 3812 5407 damnatum

339 5444 393 5491 et
424 5440 749 5493 admirabili
796 5442 995 5495 ordine
1043 5441 1251 5494 divinas
1306 5441 1593 5511 aequitatis
1625 5447 1681 5495 et
1716 5442 2031 5496 misericor-

339 5527 469 5591 dias,
541 5534 597 5581 et
648 5530 786 5582 illud
842 5529 1095 5600 oportuit
1148 5530 1307 5599 prius
1356 5530 1480 5582 fieri
1514 5530 1580 5583 ad
1619 5530 2027 5584 ostendendam

338 5615 693 5668 severitatem
730 5616 846 5680 Dei,
890 5622 946 5669 et
992 5617 1141 5670 istud
1192 5617 1559 5685 postmodum
1608 5617 1675 5670 ad
1726 5618 2026 5671 ostenden-

2138 5460 2242 5513 per
2271 5445 2517 5514 culpam,
2554 5449 2823 5497 manente
2863 5443 3077 5497 scilicet
3111 5443 3502 5496 damnationis
3532 5440 3810 5495 sententia.

2139 5534 2197 5585 in
2247 5532 2453 5603 quibus
2502 5536 2803 5603 permanet
2850 5535 2905 5584 et
2950 5536 3161 5597 reatus,
3195 5536 3251 5584 et
3300 5531 3490 5584 soluta
3531 5531 3590 5584 in
3626 5530 3728 5592 his,
3760 5528 3812 5580 in

2142 5618 2348 5688 quibus
2379 5619 2532 5673 idem
2571 5628 2759 5673 reatus
2793 5635 2896 5690 per
2943 5619 3150 5675 Christi
3194 5619 3539 5689 sanguinem
3581 5616 3811 5705 est/solu-
