3884 6218
109 261 119 309 l
132 256 238 310 C669

1145 260 1230 313 DE
1270 260 1633 317 GENERALI
1680 262 1810 316 PER
1851 262 2041 316 ADAM.
2085 261 2569 319 ῡΛΜΝΑΤΙΟΝΕ.

3479 271 3616 322 1070

105 399 235 445 tus:
276 399 454 466 atque
481 395 559 448 ita
590 395 1016 466 pradestinatio
1043 396 1299 448 omnium
1333 397 1644 450 electorum
1691 397 1809 462 Dei,
1853 400 1896 454 Ο
1929 399 2230 469 Evangelio
2265 416 2277 453 :
2323 418 2350 450 (ι
2399 401 2539 454 Cum
2589 399 2766 467 fortis,
2815 401 3023 472 inquit,
3069 408 3323 457 armatus
3372 405 3616 458 custodit

105 483 178 534 ita
211 483 346 551 ejus
384 490 602 537 aterna
636 483 1003 553 dispositione
1032 489 1180 537 esset
1212 486 1613 554 praordinata,
1655 491 1718 538 ut
1748 503 1810 539 ex

105 575 262 624 sorte
299 578 535 627 aeterna
580 572 967 627 damnationis
1013 577 1462 627 transterrentur
1504 575 1560 626 in
1600 580 1812 628 sortem

105 663 343 714 aterna
372 661 575 714 salutis
605 665 662 714 et
706 661 1057 714 liberationis
1091 678 1102 715 :
1141 666 1201 714 ut
1245 667 1298 714 et
1330 662 1407 715 ibi
1438 662 1612 715 fuerit
1641 663 1811 717 etiam

107 764 239 816 pars
305 750 410 802 ista
466 766 596 804 vere
645 749 937 803 communi
979 751 1260 803 sententia
1310 751 1708 816 condemnata,
1758 756 1813 805 et

108 837 194 889 his
249 854 382 890 vere
431 838 551 892 sola
601 837 696 891 Dei
742 839 926 908 gratia
987 839 1256 906 liberata;
1324 845 1596 909 tantoque
1653 841 1814 896 ﬁeret

109 926 336 994 gratior
394 934 452 980 et
508 927 762 981 devotior
818 926 1104 987 liberanti,
1171 934 1386 997 quanto
1446 946 1503 982 se
1558 930 1814 999 agnoscit

109 1015 305 1067 verius
336 1031 466 1069 vere
494 1015 801 1068 obnoxiam
833 1015 1002 1068 fuisse
1034 1021 1259 1069 aeterna
1293 1017 1666 1071 damnationi.

182 1105 347 1158 Hanc
405 1119 654 1173 namque
715 1104 1029 1156 electorum
1083 1104 1516 1158 translationem
1576 1122 1606 1158 a
1663 1111 1812 1160 sorte

111 1191 273 1245 illius
315 1191 703 1245 damnationis
745 1192 801 1245 in
834 1196 1042 1245 sortem
1095 1192 1449 1247 liberationis
1489 1193 1814 1246 sublimiter

112 1285 164 1332 et
195 1279 586 1333 attentissime
612 1280 978 1334 commendat
1007 1282 1317 1350 Apostolus
1347 1281 1612 1336 ﬁdelibus
1643 1298 1814 1352 agno-

111 1367 407 1431 scendam,
442 1372 498 1420 et
525 1384 653 1421 cum
702 1367 862 1421 omni
916 1368 1232 1438 gratiarum
1278 1370 1500 1423 actione
1550 1372 1810 1423 recolen-

111 1457 267 1522 dam,
303 1457 382 1509 ita
413 1455 605 1509 dicens
640 1474 652 1510 :
689 1477 716 1503 «
767 1457 984 1510 Gratias
1016 1464 1248 1527 agentes
1283 1459 1396 1511 Deo
1430 1463 1482 1511 et
1534 1458 1680 1512 Patri
1713 1459 1813 1528 qui

112 1544 321 1613 dignos
343 1560 446 1597 nos
478 1544 612 1598 fecit
640 1545 697 1598 in
731 1548 892 1614 parte
924 1546 1089 1598 sortis
1117 1552 1441 1599 sanctorum
1481 1546 1539 1599 in
1569 1545 1808 1599 lumine.

111 1631 222 1695 Qui
245 1631 456 1702 eripuit
490 1649 594 1685 nos
621 1633 689 1685 de
722 1637 1000 1702 potestate
1022 1634 1412 1700 tenebrarum,
1451 1639 1504 1686 et
1526 1635 1812 1688 transtulit

114 1721 171 1772 in
207 1736 454 1790 regnum
489 1721 614 1774 Filii
643 1721 967 1774 dilectionis
999 1738 1115 1775 suae
1149 1724 1282 1792 (Col.
1317 1741 1355 1787 Ι,
1406 1726 1487 1789 l2,
1521 1723 1611 1788 13)
1645 1739 1657 1777 :
1695 1745 1721 1770 »
1756 1727 1812 1776 et

113 1808 262 1862 hanc
312 1809 459 1862 iram
509 1813 738 1862 aterna
787 1810 1053 1863 vindicta
1115 1828 1176 1863 ac
1223 1811 1631 1876 damnationis,
1684 1829 1812 1882 qua

114 1897 276 1950 omni
303 1897 388 1950 illi
423 1913 621 1950 massa
654 1898 952 1967 aqualiter
981 1898 1318 1966 debebatur,
1343 1899 1538 1953 ﬁdeles
1567 1917 1671 1970 per
1707 1903 1811 1953 Do-

117 1986 261 2038 mini
305 1985 515 2040 Christi
561 1986 883 2056 passionem
927 1992 984 2040 et
1032 1992 1273 2041 mortem
1321 1989 1584 2042 evasisse.
1633 1989 1813 2052 Quam

119 2074 321 2144 utique
369 2089 486 2126 non
551 2075 823 2127 veraciter
874 2075 1114 2127 evasisse
1179 2076 1524 2142 dicerentur,
1589 2076 1694 2130 nisi
1762 2076 1815 2130 ei

121 2163 294 2216 etiam
352 2163 629 2217 veraciter
655 2163 890 2217 obnoxii
950 2164 1315 2231 exstitissent,
1375 2165 1454 2218 ita
1498 2167 1817 2235 gratulatur

123 2256 290 2320 atque
336 2252 704 2304 commendat
759 2251 997 2305 dicens:
1056 2273 1081 2301 «
1117 2252 1173 2306 Si
1217 2253 1390 2318 enim,
1427 2270 1554 2306 cum
1596 2253 1816 2308 inimici

122 2355 394 2403 essemus,
449 2339 802 2392 reconciliati
843 2355 1041 2394 sumus
1093 2341 1206 2394 Deo
1251 2357 1353 2410 per
1393 2346 1636 2395 mortem
1691 2343 1816 2396 Filii

123 2426 264 2495 ejus,
326 2429 508 2481 multo
568 2428 750 2497 magis
797 2444 951 2482 nunc
1009 2430 1356 2483 reconciliati
1417 2431 1476 2483 in
1537 2432 1816 2500 sanguine

123 2515 300 2585 ipsius
340 2517 486 2569 salvi
518 2516 731 2570 erimus
763 2517 833 2570 ab
871 2516 955 2570 ira
989 2533 1090 2587 per
1121 2517 1306 2588 ipsum
1342 2519 1514 2589 (Rom.
1550 2535 1603 2586 ν,
1649 2521 1754 2590 10).
1786 2541 1813 2570 ››

124 2605 185 2656 Et.
215 2604 419 2657 iterum
449 2621 462 2658 :
505 2627 526 2653 ι
565 2606 847 2669 Quoniam
882 2623 993 2659 non
1025 2607 1212 2676 posuit
1243 2624 1345 2660 nos
1379 2609 1524 2660 Deus
1558 2608 1617 2661 in
1648 2609 1811 2677 iram,

122 2692 224 2745 sed
254 2692 312 2746 in
350 2693 787 2764 acquisitionem
832 2694 1030 2748 salutis
1075 2712 1178 2765 per
1212 2696 1519 2749 Dominum
1555 2701 1815 2751 nostrum

119 2781 329 2846 Jesun),
364 2782 466 2851 qui
508 2785 768 2835 mortuus
796 2789 877 2835 est
904 2799 1007 2852 pro
1040 2783 1224 2849 nobis,
1249 2790 1311 2837 ut
1344 2784 1458 2836 sive
1491 2784 1812 2854 vigilemus,

124 2870 236 2922 sive
276 2870 650 2936 dormiamus,
700 2871 870 2924 simul
915 2889 1041 2925 cum
1089 2872 1186 2926 illo
1230 2872 1483 2926 vivamus
1529 2874 1575 2943 (1
1629 2875 1812 2928 Thess.

1924 487 2130 540 atrium
2164 503 2352 552 suum,
2400 488 2461 541 in
2516 505 2651 558 pace
2685 493 2815 542 sunt
2867 506 2931 542 ea
2991 507 3118 560 qua
3181 491 3468 561 possidet;
3527 493 3613 546 sin

1923 580 2113 629 autem
2150 575 2464 629 fortioritlo
2497 578 2900 646 superveniens
2928 578 3129 633 vicerit
3163 596 3317 645 eum,
3355 582 3614 636 universa

1923 678 2080 715 arma
2130 664 2272 732 ejus,
2321 663 2379 716 in
2431 665 2638 734 quibus
2684 665 3022 732 conﬁdebat,
3071 668 3272 734 aufert,
3326 673 3380 722 et
3428 668 3612 739 spolia

1922 752 2044 820 ejus
2090 751 2383 805 distribuit
2430 755 2579 818 (Luc.
2633 770 2705 819 xu,
2748 757 2839 818 2t,
2890 756 3001 822 22).
3057 777 3084 802 »
3133 757 3196 808 Et
3248 756 3362 809 alio
3430 757 3555 810 loco
3595 772 3605 810 :

1927 861 1945 885 α
1986 841 2144 893 Nunc
2185 840 2470 910 judicium
2520 847 2604 894 est
2660 843 2880 908 mundi,
2935 859 3086 896 nunc
3130 843 3393 914 princeps
3441 846 3614 914 hujus

1921 927 2122 981 mundi
2174 929 2433 997 ejicietur
2487 929 2658 983 foras.
2699 931 2761 982 Et
2809 945 2915 999 ego
2973 930 3018 984 si
3068 932 3340 985 exaltatus
3371 932 3529 986 fuero
3582 951 3615 986 a

1923 1021 2094 1081 terra,
2130 1017 2325 1070 omnia
2355 1017 2576 1070 traham
2608 1018 2672 1071 ad
2708 1034 2798 1071 me
2820 1018 2997 1088 (Joan.
3034 1037 3128 1083 vn,
3161 1023 3248 1086 3t,
3283 1021 3392 1091 32).
3430 1043 3456 1069 ››

1996 1105 2149 1158 Unde
2179 1110 2456 1175 quantum
2492 1107 2604 1159 Deo
2647 1106 2960 1160 auxiliante
2994 1107 3384 1178 intelligimus,
3420 1110 3614 1163 nulla-

1921 1196 2086 1245 tenus
2123 1198 2350 1263 oportct
2398 1195 2546 1247 hanc
2585 1195 2892 1248 novitatem
2949 1195 3245 1248 divisionis
3296 1196 3509 1265 induci,
3558 1203 3619 1251 ut

1923 1279 2020 1332 illa
2051 1280 2225 1334 totius
2257 1281 2498 1334 humani
2546 1282 2772 1352 generis
2825 1299 3012 1336 massa
3053 1284 3220 1352 (sicut
3264 1300 3462 1338 omnes
3515 1285 3618 1338 do-

1923 1372 2105 1420 ctores
2136 1368 2399 1421 Ecclesia
2435 1369 2712 1436 sentiunt,
2759 1375 2933 1424 totam
2968 1371 3138 1440 primi
3186 1377 3242 1424 et
3286 1389 3390 1442 per
3442 1373 3615 1442 primi

1921 1454 2170 1508 hominis
2202 1459 2743 1527 transgresstionem
2776 1459 3058 1528 punitam)
3092 1476 3243 1513 nunc
3276 1478 3304 1512 a
3349 1462 3511 1514 nobis
3551 1478 3616 1515 ex

1922 1547 2083 1612 parte
2110 1543 2332 1597 dicatur
2361 1545 2630 1598 damnata
2661 1552 2718 1599 et
2748 1563 2811 1599 ex
2846 1552 3000 1616 parte
3035 1564 3150 1600 non
3192 1549 3460 1601 damnata
3503 1565 3516 1601 :
3549 1565 3611 1602 ex

1925 1636 2082 1700 parte
2113 1637 2326 1686 aterno
2358 1633 2615 1686 interitui
2650 1635 2951 1700 destinata,
2983 1641 3036 1688 et
3067 1652 3130 1688 ex
3171 1641 3331 1705 parte
3365 1653 3479 1690 non
3511 1638 3615 1691 de-

1923 1719 2148 1773 stinata.
2185 1723 2298 1774 Hoc
2329 1739 2574 1792 namque
2607 1723 2772 1776 modo
2808 1723 2868 1776 in
2895 1725 3088 1777 electis
3128 1724 3286 1778 illam
3331 1727 3616 1795 quodam-

1925 1809 2095 1862 modo
2127 1809 2394 1879 levigare,
2429 1815 2602 1881 atque
2653 1816 2960 1865 extenuare
2990 1812 3235 1882 primam
3289 1819 3344 1866 et
3387 1829 3618 1884 genera-

1924 1897 2036 1949 lem
2071 1897 2524 1967 damnationem,
2559 1899 2703 1952 nihil
2728 1904 2811 1953 est
2841 1900 2998 1954 aliud
3027 1916 3199 1971 quam
3221 1901 3427 1955 divina
3451 1902 3616 1956 boni-

1925 1985 2057 2037 tatis
2087 1990 2142 2039 et
2175 1985 2578 2041 misericordia
2611 2003 2744 2058 erga
2788 2005 2882 2041 eos
2927 1989 3386 2058 magnitudinem
3431 1991 3618 2043 mino-

1924 2090 2050 2128 rare
2109 2081 2164 2128 et
2237 2080 2650 2144 coaugustare:
2712 2092 2814 2130 nec
2861 2077 3176 2147 quidquam
3251 2079 3618 2147 omnipotens

1924 2168 2123 2216 contra
2176 2163 2738 2232 pradestinationem
2794 2180 2977 2231 suam,
3049 2181 3162 2234 qua
3217 2171 3396 2219 totam
3457 2166 3616 2219 illam

1923 2266 2110 2304 massa
2145 2251 2300 2320 justa
2341 2251 2705 2304 damnatione
2749 2252 2937 2322 perire
2970 2254 3190 2320 statuit,
3234 2254 3441 2307 electos
3486 2270 3618 2308 suos

1926 2340 2055 2393 inde
2107 2339 2376 2392 salvando
2417 2339 2594 2393 fecit:
2647 2340 2783 2410 quia
2831 2341 2910 2394 sic
2958 2341 3099 2395 illud
3158 2343 3357 2396 statuit
3410 2343 3616 2397 merito

1924 2427 2129 2497 culpa,
2166 2433 2221 2480 et
2250 2427 2836 2496 severitatejustitia,
2874 2435 2936 2482 ut
2980 2435 3033 2482 et
3066 2430 3173 2483 hoc
3222 2430 3328 2484 sibi
3378 2432 3619 2486 serviret

1924 2517 2180 2570 bonitate
2231 2516 2666 2582 misericordia;
2705 2523 2757 2570 et
2805 2540 2824 2565 ι
2870 2517 3126 2584 haberet,
3164 2519 3330 2588 juxta
3373 2522 3617 2590 Aposto-

1927 2606 2044 2657 lum
2077 2610 2418 2674 potestatem
2448 2605 2659 2674 ﬁgulus
2694 2606 2792 2658 luti
2847 2622 2911 2659 ex
2943 2606 3141 2660 eadem
3170 2623 3354 2660 massa
3385 2626 3413 2660 υ
3448 2607 3618 2660 simul

1926 2700 1981 2747 et
2007 2698 2126 2746 tota
2151 2693 2422 2747 damnata
2452 2716 2470 2740 α
2511 2693 2694 2747 facere
2725 2694 2879 2748 aliud
2913 2711 3007 2748 vas
3039 2695 3095 2748 in
3138 2696 3419 2750 honorem
3459 2718 3480 2745 ι
3514 2713 3620 2766 per

1928 2781 2375 2834 misericordiam
2408 2797 2590 2846 suam,
2627 2804 2654 2830 «
2687 2787 2744 2836 et
2766 2783 2921 2837 aliud
2949 2782 3003 2836 in
3029 2784 3435 2837 contumeliam
3463 2808 3485 2832 ι
3515 2801 3618 2854 per

1919 2869 2201 2938 justitiam
2236 2884 2397 2922 suam
2433 2870 2612 2934 (Rom.
2657 2870 2762 2940 1x);
2814 2875 2985 2940 atque
3034 2871 3110 2924 ita
3159 2871 3382 2937 ﬁerent,
3416 2877 3479 2926 ut
3529 2873 3614 2927 di-

124 2973 172 3022 v,
228 2960 278 3025 9,
321 2960 418 3025 l0).
454 2979 480 3007 »
539 2959 603 3012 Et
648 2958 758 3012 alio
787 2960 950 3013 loco:
993 2981 1019 3008 «
1054 2960 1122 3013 Et
1174 2960 1463 3030 quomodo
1522 2960 1813 3027 conversi,
1856 2966 1897 3020 (ἲ.
1931 2963 2084 3010 ctum
2135 2961 2238 3024 est,
2289 2978 2316 3003 «
2363 2957 2442 3009 Ex
2475 2973 2587 3010 una
2638 2962 2809 3026 atque
2858 2958 3054 3012 eadem
3101 2975 3283 3012 massa
3331 2961 3439 3013 alia
3484 2977 3617 3014 vasa

126 3046 257 3098 estis
286 3062 318 3098 a
349 3046 672 3100 simulacris
705 3048 914 3101 servire
948 3049 1062 3102 Deo
1096 3049 1220 3102 vivo
1255 3052 1310 3102 et
1339 3064 1487 3114 vero,
1533 3055 1590 3103 et
1616 3066 1812 3119 exspe-

125 3139 272 3186 ctare
318 3134 527 3188 Filium
578 3135 700 3205 ejus
748 3135 816 3189 de
866 3135 1018 3190 caelis
1065 3137 1278 3202 Iesum,
1329 3138 1428 3207 qui
1459 3137 1672 3207 eripuit
1714 3154 1816 3191 nos

127 3222 196 3277 ab
223 3222 308 3276 ira
335 3229 580 3277 ventura
607 3223 662 3292 (I
712 3224 893 3279 Thess.
918 3241 954 3290 ι,
980 3227 1028 3290 9,
1086 3226 1148 3277 l0
1185 3246 1232 3278 ››.
1288 3225 1406 3278 Hoc
1447 3226 1618 3280 etiam
1660 3227 1812 3280 Psal-

127 3311 293 3364 mista
340 3328 440 3382 per
486 3315 791 3367 adventum
825 3313 1053 3367 Domini
1083 3313 1385 3368 Salvatoris
1437 3314 1716 3383 futurum,
1759 3315 1814 3369 id

128 3404 207 3453 est
238 3401 541 3471 antiquam
591 3401 746 3455 illam
795 3402 939 3456 iram
974 3402 1076 3456 Dei
1135 3403 1468 3457 omnimodo
1513 3403 1572 3456 in
1624 3404 1816 3457 electis

128 3488 503 3560 mitigandam
559 3495 732 3561 atque
781 3491 1167 3558 avertendam,
1219 3491 1381 3562 quasi
1425 3493 1545 3561 jam
1603 3493 1814 3546 factum

127 3577 272 3630 canit
303 3582 360 3631 et
391 3579 635 3632 exsultat
664 3578 856 3633 dicens
883 3596 895 3632 :
930 3601 950 3628 ‹
979 3579 1269 3634 Remisisti
1303 3580 1668 3651 iniquitatem
1695 3581 1815 3650 ple-

126 3664 209 3718 bis
258 3670 394 3731 tua,
433 3667 713 3737 operuisti
763 3667 956 3722 omnia
994 3672 1222 3738 peccata
1258 3685 1489 3735 eorum;
1542 3668 1816 3739 mitigasti

129 3770 350 3808 omnem
377 3755 525 3809 iram
559 3760 736 3824 tuam,
770 3757 1020 3810 avertisti
1052 3757 1122 3811 ab
1151 3758 1235 3810 ira
1270 3758 1681 3828 indignationis
1704 3765 1814 3811 tua

129 3841 289 3910 (Psal.
345 3859 564 3911 Lxxxw,
626 3847 677 3911 3,
738 3845 808 3910 4).
843 3866 870 3893 ››
932 3845 987 3899 Si
1036 3846 1188 3898 enim
1242 3862 1371 3899 vere
1428 3862 1540 3899 non
1581 3846 1818 3900 fuerunt

127 3946 321 3984 omnes
362 3931 548 3999 electi,
594 3936 648 3984 et
678 3932 1066 4002 pradestinati
1109 3933 1176 3986 ad
1209 3934 1384 3987 vitam
1434 3935 1493 3986 in
1543 3951 1654 3987 una
1687 3951 1813 3988 cum

130 4018 346 4071 caeteris
380 4034 568 4072 massa
593 4019 976 4074 damnationis
1004 4026 1059 4074 et
1086 4022 1448 4091 perditionis,
1499 4023 1651 4076 unde
1682 4038 1818 4093 ergo

129 4112 254 4160 sunt
285 4108 454 4161 electi
493 4113 551 4160 et
598 4107 847 4172 discreti,
885 4109 1034 4163 unde
1085 4110 1389 4180 redempti,
1426 4111 1574 4164 unde
1620 4111 1817 4164 salvati

131 4200 181 4247 et
209 4195 482 4249 liberati?
523 4197 632 4250 Cur
680 4197 803 4266 ipsa
846 4197 1058 4250 Veritas
1107 4199 1175 4253 de
1230 4199 1311 4251 eis
1359 4198 1495 4252 dicit
1531 4215 1542 4252 :
1598 4219 1625 4246 «
1657 4199 1819 4252 Venit

1927 3045 2046 3112 ira,
2071 3050 2126 3099 et
2150 3045 2262 3098 alia
2289 3061 2422 3098 vasa
2453 3045 2900 3100 misericordia:
2933 3047 3026 3100 illa
3066 3048 3314 3118 perfecta
3363 3050 3422 3103 in
3468 3050 3614 3104 inte-

1925 3135 2120 3201 ritum,
2157 3138 2263 3187 ista
2295 3134 2354 3187 in
2386 3134 2628 3204 gloriam
2655 3141 2977 3206 praparata
3002 3136 3186 3206 (ibid.)
3221 3157 3248 3186 »
3299 3143 3364 3190 ut
3406 3138 3465 3192 in
3495 3138 3617 3208 ejus

1925 3223 2192 3277 laudibus
2225 3223 2397 3292 digne
2438 3209 2493 3277 et
2536 3225 2811 3278 veraciter
2858 3225 3183 3280 diceretur:
3227 3247 3248 3274 ι
3297 3225 3617 3281 Misericor-

1925 3310 2079 3364 diam
2111 3317 2168 3364 et
2191 3310 2473 3380 judicium
2499 3313 2739 3365 cantabo
2769 3312 2891 3378 tibi,
2928 3313 3167 3367 Domine
3199 3314 3364 3383 (Psal.
3394 3332 3442 3379 c,
3480 3316 3614 3380 1):»

1925 3404 1980 3452 et
2028 3421 2055 3446 «
2101 3399 2381 3452 universa
2432 3400 2537 3453 via
2582 3401 2809 3454 Domini
2859 3401 3252 3456 misericordia
3301 3408 3358 3456 et
3406 3404 3614 3458 veritas

1924 3488 2089 3557 (Psal.
2142 3501 2290 3554 xxxv,
2328 3489 2432 3556 10).
2463 3508 2488 3535 ››
2526 3487 2708 3551 Quam
2767 3504 2889 3541 rem
2931 3489 3370 3559 diligentissime
3403 3496 3459 3545 et
3484 3492 3614 3547 bre-

1922 3577 2064 3629 viter
2099 3575 2209 3628 alio
2239 3575 2363 3628 loco
2408 3576 2713 3645 Apostolus
2753 3578 3119 3631 commendat
3159 3578 3393 3633 dicens:
3429 3601 3454 3630 (ι
3481 3581 3612 3634 Era-

1924 3681 2049 3718 mus
2080 3668 2284 3717 natura
2313 3663 2417 3716 ﬁlii
2447 3665 2566 3730 ira,
2620 3665 2764 3718 sicut
2793 3665 2984 3719 cateri
3020 3682 3033 3718 :
3077 3667 3225 3720 Deus
3265 3671 3479 3735 autem,
3509 3669 3610 3739 qui

1924 3753 2077 3806 dives
2109 3760 2194 3806 est
2224 3751 2283 3805 in
2315 3751 2704 3805 misericordia
2735 3757 2968 3823 propter
3007 3753 3246 3808 nimiam
3274 3755 3611 3810 charitatem

1925 3857 2105 3901 suam,
2150 3857 2260 3910 qua
2289 3840 2482 3895 dilexit
2527 3856 2650 3903 nos,
2685 3845 2740 3893 et
2773 3857 2900 3894 cum
2931 3858 3182 3896 essemus
3224 3844 3434 3897 mortui
3473 3860 3612 3914 pec-

1925 3929 2084 3998 catis,
2115 3927 2528 3982 conviviﬁcavit
2573 3945 2676 3982 nos
2708 3929 2928 3983 Christo
2977 3930 3139 4000 (Eph.
3173 3949 3230 3998 u,
3275 3935 3325 3999 3,
3358 3932 3410 3999 4,
3443 3935 3515 4000 5).
3582 3951 3610 3982 ι)

1927 4019 2088 4072 Certe
2113 4018 2215 4071 hoc
2242 4033 2305 4070 ex
2350 4033 2593 4087 persona
2643 4035 2744 4069 sua
2775 4023 2831 4071 et
2876 4024 3212 4073 caterorum
3245 4019 3498 4074 ﬁdelium
3529 4025 3614 4074 at-

1927 4123 2037 4177 que
2083 4107 2392 4160 electorum
2423 4107 2698 4177 loquitur,
2750 4111 2804 4160 et
2837 4112 3026 4160 tamen
3075 4113 3131 4162 et
3175 4125 3233 4163 se
3283 4113 3339 4163 et
3382 4115 3616 4163 cateros

1930 4195 2066 4248 vitio
2099 4195 2383 4248 damnata
2414 4210 2476 4247 ex
2517 4193 2692 4247 Adam
2727 4195 3114 4263 generationis
3155 4201 3394 4251 testatur
3423 4197 3616 4264 fuisse,

132 4283 278 4336 enim
315 4284 491 4337 Filius
514 4285 765 4338 hominis
793 4301 1070 4356 quarere,
1096 4291 1150 4339 et
1189 4288 1404 4340 salvum
1448 4287 1632 4340 facere
1664 4287 1819 4357 quod
1860 4271 1902 4324 Ῑ)
1932 4287 2237 4352 antequam
2267 4298 2369 4352 per
2413 4281 2620 4337 Christi
2669 4281 2913 4352 gratiam
2955 4283 3355 4352 liberarentur,
3387 4291 3620 4340 natura-

133 4372 377 4439 perierat
407 4373 557 4442 (Luc.
594 4389 702 4440 xxx,
741 4374 846 4443 l0).
877 4395 896 4422 ι
943 4374 1080 4428 Cum
1122 4374 1240 4444 ipse
1290 4376 1594 4445 Apostolus
1639 4375 1821 4428 maui-

133 4459 430 4513 lestissime
461 4460 567 4514 hoc
612 4462 784 4516 etiam
817 4462 875 4516 in
907 4463 1139 4516 Actibus
1191 4465 1583 4532 apostolorum
1633 4480 1822 4517 coram

131 4563 280 4618 rege,
317 4553 374 4602 et
400 4549 762 4619 principibus
795 4550 972 4604 libere
999 4551 1200 4606 Christi
1237 4552 1574 4622 mysterium
1612 4553 1820 4622 pradi-

133 4653 260 4690 cans
297 4641 602 4692 attestetur
649 4644 707 4692 et
746 4639 1010 4703 declaret,
1042 4640 1297 4694 referens
1347 4640 1593 4711 qualiter
1633 4641 1740 4694 sibi
1794 4657 1826 4694 a

135 4724 375 4778 Domino
398 4725 616 4780 dictum
648 4727 720 4780 sit
749 4727 808 4781 in
828 4728 1018 4798 prima
1049 4729 1242 4783 statim
1274 4729 1568 4782 vocatione
1600 4734 1657 4782 et
1698 4745 1829 4782 con-

137 4813 391 4868 versione
425 4831 546 4868 sua.
597 4815 688 4868 Ait
722 4832 970 4887 namque
1020 4816 1097 4870 ita
1128 4817 1235 4870 sibi
1266 4817 1484 4872 calitus
1524 4817 1593 4871 ab
1625 4833 1691 4870 eo
1741 4817 1828 4871 di-

135 4907 282 4955 ctum
319 4918 333 4956 :
370 4923 395 4949 ι(
423 4903 506 4956 Ad
553 4903 659 4957 hoc
690 4904 842 4957 enim
876 4904 1116 4975 apparui
1157 4903 1283 4970 tibi,
1319 4909 1381 4957 ut
1409 4903 1751 4958 constituam
1775 4908 1830 4956 te

140 4990 485 5054 ministrum,
517 4997 573 5044 et
601 4996 803 5045 testem
838 5008 1038 5045 eorum
1060 5008 1184 5062 qua
1205 4992 1416 5058 vidisti,
1451 4997 1504 5044 et
1533 4992 1594 5044 in
1623 4991 1831 5061 quibus

142 5079 424 5149 apparebo
483 5079 589 5133 tibi
624 5097 635 5133 :
665 5079 915 5150 eripiens
939 5084 992 5133 te
1023 5081 1089 5133 de
1113 5081 1326 5150 populo
1355 5084 1410 5133 et
1449 5081 1737 5150 gentibus,
1772 5079 1831 5132 in

144 5168 344 5237 quibus
379 5184 537 5221 nunc
571 5183 676 5238 ego
709 5168 873 5222 mitto
906 5173 977 5235 te,
1015 5168 1238 5239 aperire
1272 5169 1463 5222 oculos
1504 5183 1724 5234 eorum,
1773 5171 1836 5221 ut

145 5261 550 5310 convertantur
588 5273 620 5309 a
659 5256 909 5310 tenebris
961 5257 1027 5311 ad
1080 5257 1288 5322 lucem,
1341 5262 1396 5310 et
1443 5257 1511 5310 de
1555 5260 1834 5326 potestate

147 5343 354 5398 Satana
387 5344 457 5398 ad
495 5345 696 5411 Deum,
724 5349 784 5399 ut
808 5344 1094 5415 accipiant
1123 5344 1521 5399 remissionem
1571 5347 1833 5414 peccato-

146 5447 282 5500 rum,
317 5437 376 5487 et
418 5437 631 5486 sortem
662 5432 812 5487 inter
848 5436 1097 5501 sanctos,
1145 5448 1248 5502 per
1295 5431 1469 5486 ﬁdem
1509 5447 1632 5502 quae
1665 5434 1748 5485 est
1777 5429 1838 5483 in

147 5535 226 5574 me
279 5522 428 5587 (Act.
492 5535 640 5588 xxvi,
704 5523 787 5587 16,
838 5525 918 5575 l7.
976 5521 1081 5590 18).
1138 5542 1164 5569 »
1196 5521 1261 5573 Et
1308 5520 1576 5574 dominus
1607 5519 1726 5590 ipsc
1779 5518 1836 5571 in

1929 4370 2061 4424 liter
2101 4369 2248 4423 ﬁlios
2279 4370 2399 4424 ira.
2443 4370 2604 4434 Quod
2654 4371 2792 4441 quid
2840 4382 2926 4425 est
2973 4372 3150 4440 aliud,
3203 4390 3377 4444 quam
3436 4397 3455 4422 ι
3490 4390 3623 4427 vasa

1930 4458 2052 4524 ira,
2086 4479 2114 4509 »
2147 4473 2277 4512 vasa
2327 4460 2610 4524 vindicta,
2659 4476 2790 4514 vasa
2824 4460 3207 4514 damnationis
3253 4462 3523 4516 aterna?
3554 4463 3622 4518 Et

1932 4547 2039 4599 hoc
2066 4562 2183 4600 non
2217 4546 2402 4614 aliter,
2441 4548 2534 4601 sed
2572 4569 2598 4595 ‹‹
2631 4548 2776 4601 sicut
2831 4553 2885 4601 et
2931 4548 3142 4614 cateri,
3182 4571 3202 4597 ι
3241 4549 3364 4619 pari
3408 4551 3624 4604 scilicet

1931 4639 2114 4701 reatu,
2163 4634 2287 4705 pari
2328 4636 2672 4702 conditione,
2722 4636 2845 4706 pari
2897 4637 3197 4690 sententia
3233 4638 3620 4706 damnatione,

1935 4739 2064 4794 qua
2094 4724 2290 4793 procul
2321 4724 2494 4777 dubio
2527 4723 2608 4777 eis
2633 4739 2762 4776 cum
2785 4725 3004 4777 cateris
3022 4725 3289 4779 omnibus
3319 4731 3437 4780 erat
3467 4743 3621 4780 com-

1936 4810 2146 4865 munis.
2192 4812 2263 4864 Ex
2313 4827 2426 4880 qua
2485 4827 2542 4863 se
2601 4817 2656 4863 et
2719 4811 2845 4864 illos
2895 4817 3089 4882 aperte
3147 4813 3309 4866 docet
3358 4813 3626 4868 liberatos

1939 4919 1965 4950 ‹‹
2008 4915 2109 4970 per
2140 4899 2364 4952 divitias
2399 4898 2806 4952 misericordia
2858 4901 2952 4953 Dei
2992 4905 3049 4954 et
3083 4899 3322 4956 nimiam
3381 4903 3625 4956 charita-

1936 4991 2051 5042 tem
2083 4987 2204 5056 ejus
2234 5007 2260 5036 »
2299 5003 2410 5057 qua
2445 4987 2616 5041 etiam
2650 4987 2856 5041 talibus
2889 4989 3174 5055 subvenit,
3211 4995 3269 5044 et
3299 4991 3441 5044 tales
3492 4991 3629 5045 dili-

1939 5092 2072 5147 gere
2105 5075 2370 5144 dignatus
2421 5079 2521 5139 est,
2562 5081 2623 5128 ut
2677 5080 2937 5129 mortuos
2985 5084 3218 5147 peccato
3273 5096 3384 5133 non
3442 5079 3628 5134 solum

1940 5164 2268 5229 viviﬁcaret,
2299 5163 2397 5217 sed
2429 5163 2604 5217 etiam
2626 5179 2754 5218 eam
2774 5165 3194 5220 conviviﬁcaret
3224 5167 3467 5232 Christo,
3500 5184 3630 5222 cum

1941 5252 2062 5322 ipso
2103 5267 2198 5304 eos
2242 5267 2274 5303 a
2326 5251 2569 5305 mortuis
2626 5252 3068 5320 ressuscitando,
3128 5260 3182 5310 et
3230 5256 3300 5310 ad
3341 5256 3634 5311 dexteram

1942 5355 2103 5394 suam
2133 5340 2194 5392 in
2216 5339 2541 5394 ccelestibus
2571 5340 2994 5396 constituendo.

2015 5429 2126 5482 Hoc
2161 5427 2334 5482 etiam
2367 5427 2478 5482 alio
2515 5429 2636 5482 loco
2678 5429 3023 5497 sublimiter,
3057 5435 3112 5485 et
3142 5431 3314 5485 nimis
3343 5434 3639 5503 granditer

1945 5517 2310 5571 commendat
2341 5516 2534 5570 dicens
2565 5517 2634 5571 de
2681 5517 2804 5588 ipso
2839 5519 3077 5572 Domino
3120 5525 3175 5574 et
3206 5520 3494 5575 Salvatore
3541 5539 3641 5576 no-
