3884 6218
304 317 429 367 1071

1430 312 1481 365 S.
1528 311 1799 366 BEMICII
1840 310 2311 366 LUCDUNENSIS
2354 311 2657 366 EPISCOPI

3684 320 3805 370 l072

298 452 444 511 stro;
467 463 491 497 α
521 444 719 498 Delens
738 444 891 511 quod
914 444 1215 495 adversum
1241 459 1344 495 nos
1380 448 1502 496 erat
1536 443 1985 512 chirographum
2024 450 2067 497 Λ
2100 442 2222 510 ejus
2254 447 2309 494 et
2336 442 2479 494 iram
2515 459 2627 512 qua
2676 443 2974 497 adversum
3014 460 3112 497 vos
3146 446 3421 499 excitatus
3466 446 3673 500 delere
3720 463 3808 498 vos

296 535 524 601 decreti,
560 534 709 604 quod
746 538 867 586 erat
907 532 1255 585 contrarium
1308 533 1492 597 nobis,
1539 541 1595 586 et
1626 534 1815 602 ipsum
1859 532 1989 585 tulit

295 624 363 676 de
410 623 596 675 medio
644 622 905 690 aflligens
950 621 1092 673 illud
1131 621 1284 673 cruci
1322 638 1332 673 :
1380 622 1703 691 exspolians
1735 638 1792 673 se
1820 636 1986 673 carne

294 711 647 781 principatus
676 715 729 764 et
758 715 1065 779 potestates
1099 710 1351 763 traduxit
1382 711 1592 779 palam,
1628 710 1986 787 triumphans

293 800 422 853 illos
471 800 530 852 in
591 800 897 868 semetipso
950 800 1075 866 (Col.
1130 814 1188 863 ιι,
1252 800 1334 864 li,
1381 800 1490 865 15).
1545 820 1571 845 ››
1611 800 1778 851 Juxta
1833 798 1985 850 hunc

292 904 541 958 namque
580 888 967 941 venerabilem
996 892 1051 940 et
1092 886 1415 940 mirabilem
1464 887 1723 957 Apostoli
1754 902 1984 940 sensum

290 978 411 1047 ipse
459 978 733 1030 Dominus
783 981 837 1029 et
895 977 1168 1039 Salvator,
1229 976 1450 1046 antiqui
1494 976 1727 1041 decreti,
1783 975 1838 1028 id
1903 979 1986 1028 est

291 1066 542 1136 antiquae
575 1066 961 1120 damnationis
989 1071 1041 1117 et
1065 1065 1482 1135 praetinitionis,
1506 1082 1616 1134 qua
1651 1065 1707 1117 in
1742 1070 1983 1117 mortem

289 1159 560 1208 mternam
586 1154 810 1220 merito,
836 1170 900 1206 ac
923 1154 1078 1223 juste
1109 1153 1631 1223 prwcipitabamur,
1669 1154 1984 1222 chyrogra-

289 1242 490 1311 phum,
525 1243 674 1313 quod
708 1243 914 1295 nostris
945 1242 1215 1311 operibus
1252 1247 1524 1311 tanquam
1564 1241 1811 1311 propriis
1863 1257 1983 1294 ma-

288 1330 459 1384 nibus
480 1348 608 1384 cum
636 1331 860 1384 diabolo
883 1331 1221 1394 feceramus,
1254 1350 1280 1378 «
1310 1330 1526 1383 venditi
1546 1331 1651 1383 sub
1677 1335 1927 1399 peccato,
1953 1351 1980 1377 η

289 1424 347 1471 et
378 1420 499 1488 ejus
551 1436 652 1473 nos
679 1418 934 1471 servituti
974 1420 1259 1472 tradentes
1300 1435 1403 1472 suo
1443 1420 1723 1489 sanguine
1754 1419 1980 1472 delevit.

286 1508 431 1571 Quia
464 1530 484 1555 ι
522 1508 639 1577 ipse
680 1512 763 1561 est
792 1524 973 1577 agnus
1024 1508 1123 1560 Dei
1166 1507 1265 1577 qui
1313 1506 1460 1561 tollit
1501 1515 1732 1577 peccata
1784 1507 1982 1560 mundi

289 1598 465 1665 (Joan.
503 1613 538 1661 ι,
572 1598 704 1665 29);
738 1617 764 1643 ››
799 1600 1080 1666 quatenus
1121 1612 1221 1666 per
1254 1597 1363 1649 tale
1384 1612 1447 1649 ac
1478 1600 1701 1649 tantum
1736 1597 1983 1666 pretium

288 1686 474 1738 soluto
506 1700 569 1737 ac
616 1684 801 1738 deleto
848 1684 1245 1754 chyrographo
1292 1684 1532 1755 peccati,
1581 1686 1895 1738 solveretur
1927 1690 1981 1738 et

2099 530 2275 582 voluit
2302 534 2481 599 (Deut.
2518 546 2588 595 ix,
2635 533 2742 599 l9).
2784 552 2803 577 ι
2842 532 2903 584 Et
2937 539 3062 601 post
3091 532 3282 603 aliqua
3319 552 3451 588 cum
3511 535 3811 605 supplica-

2095 618 2266 671 tionis
2296 635 2432 683 suaz,
2463 634 2633 688 quam
2682 636 2785 689 pro
2832 621 2985 672 illius
3045 620 3379 675 ollensionis
3434 623 3809 692 indulgentia

2096 706 2245 775 apud
2287 708 2465 760 Deum
2498 708 2722 761 fuderat
2750 710 3134 762 humilitatem
3170 716 3224 763 et
3255 711 3597 764 instantiam
3654 726 3810 763 com-

2096 795 2443 862 mendasset,
2482 796 2777 866 subjunxit
2816 802 2985 867 atque
3028 799 3109 851 ait
3143 815 3155 851 :
3205 818 3232 849 ‹‹
3268 801 3329 852 Et
3376 799 3682 853 exaudivit
3726 816 3810 852 me

2094 885 2372 939 Dominus
2403 885 2574 939 etiam
2599 886 2703 939 hac
2730 886 2869 952 vice,
2896 893 3021 939 ette
3040 888 3279 956 perdere
3304 889 3489 942 noluit
3524 889 3748 959 (ibid).
3787 910 3809 938 β

2094 974 2231 1026 Ecce
2264 975 2543 1043 populum
2576 980 2974 1028 contumacem
3020 981 3076 1029 et
3125 976 3395 1030 rebellem
3426 978 3810 1047 omnipotens

2096 1061 2243 1113 Deus
2279 1061 2436 1130 justa
2491 1061 2887 1130 indignatione
2951 1068 3273 1116 commotus
3320 1064 3509 1117 delere
3573 1064 3806 1117 voluit:

2093 1148 2244 1217 quod
2277 1148 2477 1219 utique
2510 1165 2643 1202 eum
2681 1149 2927 1202 voluisse
2960 1166 3095 1218 non,
3126 1152 3275 1221 quod
3309 1152 3477 1212 absit,
3516 1152 3810 1205 fallaciter

2093 1238 2192 1289 sed
2258 1238 2534 1290 veraciter
2595 1238 2888 1307 Scriptura
2941 1239 3123 1293 dicit:
3179 1240 3241 1293 Et
3292 1245 3485 1293 tamen
3541 1242 3808 1310 idipsum

2092 1330 2287 1394 postea
2322 1326 2503 1379 ﬁdelis
2532 1326 2734 1380 famuli
2766 1343 2933 1396 prece
2958 1333 3015 1381 et
3056 1328 3469 1398 supplicatione
3509 1330 3806 1399 placatus,

2092 1414 2272 1467 libera
2296 1415 2572 1481 bonitate,
2606 1421 2661 1470 et
2693 1416 3085 1471 misericordia
3108 1433 3210 1470 sua
3241 1419 3445 1472 noluit.
3487 1422 3623 1473 Non
3653 1419 3807 1489 quod

2093 1503 2151 1555 in
2184 1504 2305 1573 ejus
2330 1507 2623 1559 voluntate
2658 1506 2772 1559 ulla
2802 1507 2875 1559 sit
2906 1506 3211 1574 mobilitas,
3265 1529 3291 1555 ι(
3327 1509 3477 1578 apud
3531 1525 3744 1579 quem,
3778 1528 3803 1556 θ

2088 1592 2248 1660 juxta
2280 1594 2676 1662 apostolum,«
2711 1611 2823 1648 non
2851 1601 2936 1648 est
2987 1597 3413 1663 transmutatio,
3466 1613 3577 1650 nec
3630 1598 3804 1650 vicis-

2093 1680 2356 1733 situdiuis
2406 1681 2769 1735 obumbratio
2814 1684 2946 1753 (Jac.
2988 1700 3025 1749 i,
3076 1685 3214 1751 17);)
3267 1707 3293 1733 ››
3328 1686 3421 1738 sed
3452 1687 3595 1756 quia
3625 1687 3708 1739 ita
3749 1685 3806 1737 il-

282 1773 571 1826 vinculum
606 1773 837 1839 decreti,
873 1747 1227 1843 quodvnobis
1256 1747 1334 1826 ita
1366 1778 1487 1827 erat
1518 1747 1892 1839 contrarium,
1926 1779 1978 1827 et
2021 1747 2059 1799 Β
2093 1768 2195 1822 lud
2228 1770 2381 1836 justa
2430 1770 2731 1824 severitate
2779 1747 3148 1835 decreverat;
3176 1747 3244 1826 ut
3296 1773 3349 1827 id
3403 1747 3608 1843 postea
3660 1775 3804 1826 mira

286 1862 362 1914 ita
404 1878 502 1914 nos
551 1862 761 1915 fecerat
812 1861 1109 1928 obnoxios,
1156 1868 1211 1914 et
1264 1862 1521 1915 subditos
1582 1862 1863 1929 servituti,
1922 1868 1984 1916 ut

284 1967 451 2003 nemo
474 1956 733 2003 nostrum
766 1956 935 2020 caput
968 1956 1158 2020 posset
1190 1951 1429 2019 erigere.
1482 1952 1547 2004 Et
1599 1952 1790 2021 ipsum
1851 1952 1983 2005 tulit

288 2039 354 2092 de
388 2038 600 2104 medio,
654 2055 722 2092 ne
763 2043 908 2091 esset
933 2038 1053 2108 jam
1102 2039 1480 2105 obstaculum,
1542 2044 1597 2093 et
1651 2039 1980 2093 interclusio

284 2127 435 2179 inter
467 2143 566 2180 nos
599 2132 655 2179 et
684 2128 897 2195 Deum;
925 2128 1089 2196 juxta
1110 2128 1259 2197 quod
1291 2128 1571 2197 propheta
1600 2127 1734 2180 dicit
1763 2144 1773 2179 :
1818 2148 1844 2174 «
1874 2128 1979 2181 Sed

282 2215 613 2284 iniquitates
642 2220 845 2267 vestras
886 2214 1201 2268 diviserunt
1239 2215 1387 2268 inter
1432 2232 1527 2268 vos
1568 2220 1623 2268 et
1674 2217 1849 2269 Deum
1887 2233 1979 2269 ve-

284 2308 464 2356 strum
493 2306 624 2371 (Isa.
659 2320 764 2369 Lix,
799 2302 876 2371 2),
903 2324 928 2350 ››
962 2304 1057 2355 sed
1102 2308 1323 2373 pateret
1361 2304 1581 2356 homini
1612 2304 1756 2357 liber
1798 2304 1980 2357 aditus

285 2398 340 2445 et
384 2408 676 2461 regressus
724 2392 793 2445 ad
828 2392 1193 2446 Conditorem
1248 2409 1433 2446 suum.
1493 2412 1511 2440 ι
1548 2393 1799 2461 Aftigens
1840 2394 1977 2446 illud

285 2481 457 2548 cruci,
496 2503 515 2527 υ
562 2481 698 2534 dum
732 2481 985 2549 ejusdem
1027 2481 1242 2550 peccati
1276 2481 1478 2547 nostri,
1522 2498 1649 2552 qua:
1682 2481 1845 2535 nobis
1875 2482 1979 2535 de-

283 2569 549 2637 bebatur,
588 2585 818 2639 poenam
871 2590 899 2617 ‹(
928 2569 987 2622 in
1031 2585 1218 2635 carne,
1258 2590 1284 2616 »
1342 2586 1516 2639 quam
1575 2570 1820 2639 suscepit
1875 2586 1979 2639 pro

285 2659 468 2724 nobis,
504 2675 570 2711 ex
603 2659 771 2712 nobis
803 2658 923 2728 ipse
958 2659 1249 2723 sustinuit,
1281 2663 1581 2712 attestante
1629 2659 1798 2712 etiam
1844 2675 1975 2727 pro-

283 2747 475 2817 pheta,
513 2748 610 2817 qui
634 2747 749 2801 ait:
781 2766 807 2798 «
842 2749 981 2801 Vere
1011 2748 1320 2816 languores
1348 2753 1571 2800 nostros
1589 2747 1707 2817 ipse
1740 2748 1893 2812 tulit,
1923 2753 1980 2801 et

288 2836 515 2889 dolores
575 2840 801 2888 nostros
854 2835 973 2905 ipse
1017 2836 1265 2906 portavit
1319 2837 1450 2903 (Isa.
1525 2853 1637 2903 Lm,
1694 2836 1768 2907 4).
1828 2859 1849 2884 ι
1910 2869 1975 2875 -

286 2948 310 2972 ‹‹
348 2924 681 2993 Exspolians
730 2940 789 2976 se
821 2939 1012 2989 carne,
1052 2924 1107 2977 id
1145 2928 1229 2977 est
1259 2924 1661 2977 indumentum
1703 2925 1975 2994 corporis,

285 3013 515 3083 quando
546 3012 744 3077 voluit,
772 3028 872 3064 sua
918 3016 1139 3082 sponte,
1185 3028 1284 3063 sua
1334 3016 1613 3080 potestate
1662 3012 1973 3081 deponens.

288 3124 313 3148 ‹‹
349 3101 489 3155 Cum
532 3100 685 3153 enim
735 3100 1043 3169 accepisset
1083 3105 1325 3165 acetum,
1362 3121 1387 3147 ››
1437 3100 1583 3154 sicut
1618 3100 1697 3153 ait
1737 3117 1977 3172 evange-

284 3190 431 3253 lista,
462 3212 487 3237 ‹‹
521 3189 698 3242 dixit:
736 3189 1208 3241 Consummatum
1242 3193 1343 3253 est,
1379 3194 1435 3241 et
1475 3188 1747 3242 inclinato
1796 3190 1978 3261 capite

286 3277 524 3330 tradidit
568 3276 834 3346 spiritum
895 3276 1219 3344 (Joan.x1x,
1274 3277 1385 3343 30),
1423 3295 1447 3327 ι
1497 3278 1594 3346 qui
1625 3278 1797 3331 etiam
1848 3283 1978 3332 ante

285 3366 502 3419 dixerat
535 3390 544 3419 :
580 3367 925 3419 Potestatem
972 3364 1152 3417 habeo
1197 3364 1449 3433 ponendi
1483 3365 1733 3419 animam
1771 3382 1976 3433 meam,

285 3459 340 3507 et
390 3458 733 3523 potestatem
788 3453 970 3506 habeo
1021 3453 1229 3505 iterum
1284 3453 1549 3506 sumendi
1600 3470 1766 3507 eam:
1810 3472 1978 3509 nemo

283 3544 432 3597 tollit
461 3559 585 3597 eam
617 3558 649 3595 a
681 3559 792 3609 me,
829 3543 923 3596 sed
955 3558 1059 3613 ego
1092 3558 1242 3612 pono
1277 3558 1400 3595 eam
1434 3560 1464 3595 a
1497 3542 1715 3612 meipso
1767 3548 1829 3596 ut
1874 3544 1977 3597 ite-

284 3650 412 3687 rum
448 3649 668 3686 sumam
702 3648 826 3685 eam
860 3631 1045 3701 (Joan.
1070 3649 1122 3697 Χ,
1152 3632 1256 3700 t7).
1290 3653 1315 3679 ››
1348 3660 1419 3671 -
1455 3650 1480 3682 ((
1525 3631 1880 3701 Principatus
1925 3639 1980 3686 et

284 3726 595 3789 potestates
642 3720 897 3774 traduxit
946 3721 1155 3790 palam.
1218 3720 1570 3790 Principatus
1614 3721 1875 3775 videlicet
1923 3726 1974 3774 et
2022 3776 2025 3779 .

286 3815 590 3877 potestates
621 3810 930 3879 spirituum
967 3810 1353 3878 malignorum
1396 3809 1608 3862 diaboli
1638 3814 1691 3861 et
1739 3810 1977 3879 angelo-

287 3914 414 3950 rum
445 3899 586 3967 ejus,
613 3899 711 3968 qui
746 3903 876 3950 antc
906 3898 963 3950 in
994 3914 1203 3967 genere
1228 3899 1481 3951 humano
1516 3914 1548 3950 a
1575 3914 1631 3950 se
1660 3898 1895 3967 decepto
1924 3903 1980 3951 et

284 3986 565 4055 captivato
597 3986 751 4038 velut
802 3986 982 4038 lihere
1040 3986 1511 4050 dominabantur,
1566 3986 1977 4052 delionestavit,

285 4075 632 4127 contumelia
682 4079 737 4126 et
791 4074 1110 4142 ignominia
1153 4074 1464 4137 denotavit,
1498 4080 1667 4145 atque
1718 4075 1975 4129 omnium

286 4162 665 4225 credentium,
696 4167 751 4213 et
780 4162 1225 4231 intelligentium
1250 4164 1430 4216 oculis
1455 4164 1822 4217 manifestum
1857 4181 1977 4217 esse

284 4250 436 4302 fecit.
480 4272 506 4297 ‹‹
536 4248 921 4318 Triumphans
974 4249 1100 4301 illos
1148 4251 1206 4302 in
1262 4250 1640 4320 semetipso,»
1684 4252 1819 4305 dum
1871 4269 1976 4305 suo

284 4337 535 4407 pretioso
575 4337 853 4405 sanguine
903 4342 1131 4406 peccata
1177 4339 1375 4391 mundi
1408 4340 1636 4393 delevit.
1676 4342 1857 4411 Atque
1898 4341 1974 4394 ita

284 4442 480 4479 causas
517 4426 598 4479 eis
644 4426 891 4496 antiqua)
944 4425 1328 4479 damnationis
1378 4432 1433 4480 et
1474 4428 1830 4497 principatus
1877 4430 1973 4482 ab-

282 4515 456 4577 stulit,
493 4520 548 4567 et
580 4529 684 4584 per
713 4514 977 4583 simplam
1015 4519 1257 4566 mortem
1292 4514 1475 4567 carnis
1517 4532 1654 4580 sure,
1691 4516 1974 4585 duplicem

283 4609 525 4657 mortem
550 4605 811 4657 omnium
843 4604 1154 4656 electorum
1204 4619 1438 4656 suorum
1490 4604 1781 4665 destruxit,
1826 4605 1974 4657 libe-

281 4709 411 4745 rans
443 4708 536 4746 eos
563 4698 618 4746 et
656 4710 685 4745 a
719 4698 898 4745 morte
930 4692 1136 4745 animae
1167 4708 1270 4762 per
1299 4692 1721 4762 indulgentiam
1773 4710 1969 4762 pecca-

281 4786 489 4847 torum,
544 4787 599 4834 et
650 4798 683 4833 a
739 4786 918 4834 morte
974 4782 1228 4851 corporis
1278 4796 1381 4850 per
1441 4782 1874 4835 resurrectionis
1920 4786 1977 4835 et

281 4870 731 4923 immortalitatis
762 4875 1067 4939 tropzeum.

351 4958 406 5012 Si
438 4962 626 5011 autem
652 4963 706 5010 et
748 4957 855 5011 hoc
890 4959 1148 5027 erigitur,
1197 4962 1260 5011 ut
1291 4958 1358 5011 de
1397 4958 1705 5027 Scripturis
1740 4959 1974 5028 aliquod

277 5046 673 5099 testimonium
701 5046 1079 5115 proferamus,
1105 5046 1201 5098 ubi
1225 5046 1410 5099 simile
1433 5046 1649 5116 aliquid
1681 5048 1739 5099 in
1768 5047 1973 5100 divinis

279 5134 544 5205 operibus
567 5139 787 5204 gestum
822 5134 1051 5203 legitur,
1088 5134 1304 5187 scilicet
1346 5139 1405 5187 ut
1449 5136 1600 5205 quod
1639 5135 1841 5204 judicii
1886 5136 1974 5188 sui

280 5224 550 5293 aequitate
582 5228 635 5275 et
665 5225 964 5276 severitate
989 5223 1258 5287 decrevit,
1283 5222 1552 5276 bonitatis
1574 5229 1628 5277 et
1652 5224 1972 5277 misericor-

277 5312 383 5363 dia:
414 5327 529 5363 sua:
563 5316 839 5379 potestate
864 5310 1188 5375 indulserit,
1225 5316 1393 5380 atque
1426 5312 1482 5364 in
1506 5312 1719 5365 bonum
1744 5329 1974 5366 conver-

276 5400 427 5460 terit,
460 5399 597 5450 illud
633 5399 688 5451 in
730 5399 996 5468 prmsenti
1044 5400 1292 5452 occurrit
1321 5401 1473 5469 quod
1522 5402 1722 5453 beatus
1759 5401 1973 5471 Moyses

274 5485 508 5553 populo,
543 5484 631 5536 cui
658 5486 908 5555 regendo
934 5490 991 5539 et
1012 5486 1344 5539 deducendo
1366 5493 1633 5556 praeerat,
1670 5488 1738 5541 de
1769 5490 1972 5543 eodem

274 5572 667 5641 omnipotente
697 5574 810 5626 Deo
842 5573 1013 5626 dicit:
1054 5597 1073 5621 ‹
1104 5575 1289 5628 Timui
1320 5576 1473 5627 enim
1509 5576 1965 5645 indignationem

2094 1857 2305 1927 pietate
2340 1863 2396 1911 et
2434 1859 2587 1928 justa
2644 1860 3063 1915 interveniente
3106 1878 3273 1914 causa
3316 1863 3618 1915 relaxarat.
3674 1862 3804 1915 Tale

2094 1950 2177 1998 est
2210 1946 2352 2000 illud
2383 1948 2533 2017 quod
2568 1952 2622 2001 et
2653 1948 2707 2001 in
2740 1949 2939 2002 eodem
2974 1950 3278 2019 Scripturaa
3322 1951 3444 2003 loco
3475 1951 3543 2004 de
3606 1954 3799 2004 Aaron

2092 2034 2402 2099 sacerdote,
2436 2036 2534 2106 qui
2557 2037 2853 2107 sacrilegio
2880 2038 3099 2107 populi,
3126 2039 3183 2090 in
3216 2039 3376 2091 vituli
3412 2039 3799 2093 fabricatione

2092 2129 2148 2176 et
2196 2122 2526 2177 celebritate
2565 2124 2696 2177 licet
2739 2124 2951 2178 invitus
3006 2131 3269 2194 cesserat,
3301 2127 3557 2180 dicitur:
3630 2146 3658 2176 α
3698 2128 3797 2181 Ad-

2092 2228 2285 2265 versus
2316 2217 2502 2266 Aaron
2542 2230 2773 2284 quoque
2804 2215 3175 2267 vehementer
3210 2215 3387 2267 iratus
3418 2216 3605 2268 voluit
3659 2232 3790 2269 eum

2090 2305 2404 2354 conterere.
2465 2303 2527 2355 Et
2583 2318 2685 2371 pro
2756 2302 2852 2355 illo
2908 2303 3173 2356 similiter
3244 2304 3586 2374 deprecatus
3669 2322 3793 2357 sum

2089 2388 2261 2457 (Deut.
2299 2405 2370 2454 1x,
2397 2390 2504 2459 20).
2544 2411 2570 2437 ››
2602 2390 2756 2443 Sicut
2787 2407 2924 2460 ergo
2956 2390 3014 2443 in
3056 2390 3145 2443 his
3189 2391 3545 2444 evidentibus
3594 2393 3788 2451 rebus,

2088 2485 2145 2530 et
2177 2477 2329 2531 aliud
2366 2478 2590 2547 justitia
2625 2479 2891 2545 decrevit,
2932 2484 3001 2543 et
3031 2479 3184 2533 aliud
3214 2479 3466 2532 bonitate
3498 2481 3662 2547 fecit,
3692 2498 3790 2534 nec

2089 2565 2197 2618 sibi
2220 2567 2409 2634 justus
2442 2572 2497 2620 et
2522 2567 2840 2621 misericors
2862 2569 3077 2638 aliquid
3113 2570 3463 2622 contrarium
3495 2570 3633 2639 egit,
3654 2570 3789 2622 dum

2089 2658 2144 2707 et
2180 2654 2258 2707 ibi
2302 2656 2607 2724 justitiam,
2647 2661 2703 2709 et
2745 2656 2838 2709 hic
2886 2657 3337 2710 misericordiam
3384 2659 3787 2711 conservavit:

2092 2742 2170 2795 ita
2242 2745 2495 2813 profecto
2554 2749 2609 2797 et
2667 2744 2725 2797 in
2780 2745 2875 2797 illa
2930 2745 3309 2798 destinatione
3363 2746 3537 2799 totius
3588 2762 3787 2798 massze

2088 2831 2370 2885 damnate
2406 2834 2474 2886 ad
2505 2833 2821 2893 interitum,
2856 2835 3004 2903 quod
3032 2834 3183 2903 justa
3217 2835 3519 2886 severitate
3550 2850 3790 2903 genera-

2089 2921 2220 2973 liter
2246 2922 2443 2974 statuit
2472 2921 2795 2991 specialiter
2823 2922 2957 2975 inde
2994 2938 3136 2991 quos
3168 2923 3346 2975 voluit
3374 2923 3647 2992 eligendo
3684 2922 3786 2974 mi-

2018 3034 2057 3087 C
2091 3010 2271 3063 serico
2282 3010 2824 3079 rditertemperavit.
2849 3011 2971 3063 Non
2993 3010 3331 3081 cujusquam
3345 3012 3783 3081 supplicatione,

2090 3098 2189 3151 sed
2228 3097 2378 3167 quod
2412 3103 2495 3150 est
2541 3096 2911 3150 ineffabiliter
2941 3098 3158 3166 gratius
3207 3103 3261 3149 et
3301 3098 3783 3168 magniﬁcentius,

2089 3188 2210 3240 solo
2244 3186 2516 3239 bonitatis
2547 3202 2663 3239 sum
2690 3185 3022 3255 dignatione
3053 3190 3108 3238 et
3159 3186 3525 3239 miseratione
3561 3192 3780 3239 utrum-

2088 3292 2199 3346 que
2246 3281 2436 3328 tamen
2496 3275 2665 3327 simul
2714 3274 2772 3327 in
2826 3280 3041 3328 aeterno
3103 3275 3201 3327 Dei
3261 3274 3497 3328 consilio
3558 3292 3783 3344 semper

2087 3365 2260 3417 fuisse
2312 3363 2456 3416 nulli
2510 3363 2766 3417 ﬁdelium
2811 3363 3075 3417 dubitare
3131 3364 3279 3417 licet.
3335 3364 3476 3427 Quia
3520 3365 3780 3434 quamvis

2080 3454 2243 3523 juxta
2276 3453 2533 3505 ordinem
2572 3468 2762 3505 rerum
2801 3453 3205 3523 temporalium
3240 3454 3525 3523 praecedat
3576 3453 3638 3506 in
3687 3470 3775 3523 ge-

2087 3558 2222 3595 nere
2249 3542 2499 3595 liumano
2519 3542 2675 3611 justa
2708 3542 2801 3595 illa
2839 3542 3146 3603 damnatio,
3183 3548 3237 3595 et
3277 3542 3663 3612 subsequatur
3689 3543 3780 3594 illa

2088 3630 2407 3684 misericors
2459 3631 2662 3684 exinde
2709 3631 2993 3696 liberatie,
3053 3631 3202 3700 apud
3262 3635 3538 3684 aeternam
3589 3636 3777 3683 tamen

2088 3725 2261 3790 atque
2284 3719 2816 3773 incommutabilem
2848 3720 3168 3785 veritatem,
3205 3720 3301 3773 ubi
3341 3719 3481 3772 nihil
3512 3725 3595 3772 est
3629 3726 3774 3779 ante,

2085 3808 2227 3862 nihil
2294 3814 2512 3877 postea,
2587 3809 2681 3862 sed
2745 3809 2938 3862 omnia
3008 3813 3064 3861 et
3120 3808 3422 3878 mqualiter
3475 3813 3531 3860 et
3588 3809 3775 3873 simul,

2086 3900 2202 3950 tam
2230 3898 2611 3967 prmcedentia
2656 3898 2869 3951 scilicet
2900 3915 3071 3967 quam
3111 3897 3539 3968 subsequentia,
3588 3898 3647 3949 in
3692 3914 3775 3949 re-

2086 3986 2192 4039 bus
2233 3986 2606 4040 mutabilibus
2652 4004 2768 4039 uno
2800 3994 3113 4040 cernuntur
3144 3986 3377 4049 intuitu,
3429 4002 3547 4039 uno
3590 3987 3773 4054 dispo-

2085 4079 2305 4127 nuntur
2334 4080 2508 4141 nutu;
2554 4080 2862 4147 utrumque
2914 4076 2999 4146 (ut
3040 4076 3253 4129 dictum
3303 4078 3411 4143 est)
3465 4081 3521 4128 et
3567 4075 3772 4144 sempi-

2084 4168 2248 4215 terna
2261 4164 2620 4233 priescientia
2641 4164 3080 4233 priecognitum,
3102 4168 3156 4216 et
3179 4164 3533 4232 sempiterna
3546 4161 3774 4232 disposi-

2084 4251 2239 4303 tione
2270 4257 2492 4305 constat
2521 4268 2640 4305 esse
2670 4252 2968 4322 prtetixum
2997 4268 3060 4305 ac
3095 4252 3469 4321 pra-ﬁnitum.

2016 4357 2057 4409 Β
2162 4339 2237 4391 De
2260 4339 2363 4392 hac
2392 4339 2709 4408 justissima
2740 4347 2794 4393 et
2826 4341 3080 4410 generali
3112 4340 3282 4393 totius
3323 4340 3568 4393 humani
3609 4356 3772 4409 gene-

2086 4426 2162 4479 ris
2190 4443 2294 4497 per
2327 4428 2509 4482 Adam
2545 4428 2935 4495 damnatione,
2982 4434 3039 4482 et
3082 4446 3184 4500 per
3233 4428 3468 4482 unicum
3502 4430 3772 4483 mediato-

2085 4529 2206 4566 rem
2249 4530 2311 4567 ac
2347 4516 2837 4570 reconciliatorem
2886 4517 2984 4569 Dei
3030 4524 3085 4570 et
3130 4516 3433 4570 hominum
3468 4518 3772 4571 Dominum

2086 4609 2345 4656 nostrum
2362 4605 2551 4657 Jesum
2570 4605 2855 4658 Christum
2869 4606 3404 4659 misericordissima
3417 4616 3474 4659 et
3488 4606 3770 4676 benignis-

2086 4691 2231 4744 sima
2260 4692 2553 4746 ahlutione
2586 4694 2755 4763 plena
2785 4698 2869 4746 est
2916 4694 3205 4764 Scriptura
3237 4701 3450 4761 sancta,
3493 4696 3639 4748 sicut
3663 4696 3771 4765 jam

2086 4795 2257 4848 supra
2290 4780 2536 4835 breviter
2567 4786 2855 4835 ostensum
2891 4786 3003 4849 est;
3054 4783 3203 4854 pleni
3244 4788 3374 4835 sunt
3426 4784 3607 4837 etiam
3654 4783 3772 4837 libri

2086 4868 2383 4921 beatorum
2418 4870 2673 4931 Patrum,
2720 4886 2783 4923 ex
2816 4887 3061 4939 quorum
3105 4872 3270 4924 dictis
3316 4872 3386 4924 ad
3445 4872 3771 4926 :ediﬁcatio-

2084 4973 2217 5011 nem
2241 4963 2296 5010 et
2316 4958 2809 5012 conﬁrmationem
2841 4960 3153 5029 legentium
3185 4960 3275 5013 hic
3306 4962 3500 5030 aliqua
3536 4962 3771 5031 subjun-

2086 5061 2218 5113 gere
2254 5050 2309 5098 et
2338 5051 2563 5115 gratum
2587 5052 2640 5100 et
2674 5048 3054 5100 necessarium
3086 5047 3321 5101 omnino
3355 5049 3649 5103 duximus.

2161 5136 2360 5187 Beatus
2422 5136 2612 5206 itaque
2646 5136 2891 5190 Hilarius
2926 5153 3216 5206 exponens
3252 5138 3424 5191 verba
3502 5140 3765 5209 Apostoli,

2086 5240 2213 5295 quae
2245 5224 2505 5294 superius
2528 5224 2847 5293 posuimus,
2876 5225 2928 5278 id
2981 5230 3082 5288 est,
3118 5226 3215 5279 ubi
3268 5227 3335 5279 de
3368 5227 3620 5281 Domino
3653 5228 3726 5281 ait
3758 5242 3767 5277 :

2087 5332 2113 5363 «
2150 5313 2353 5366 Delens
2384 5313 2536 5383 quod
2570 5314 2871 5367 adversum
2903 5330 3007 5368 nos
3039 5320 3160 5367 erat
3193 5314 3644 5386 chirographum
3684 5318 3768 5370 de-

2084 5401 2221 5455 creti
2254 5402 2385 5470 (Col.
2424 5419 2485 5467 ιι,
2518 5403 2620 5471 lt),
2660 5424 2681 5449 ι
2714 5407 2769 5455 et
2799 5407 3003 5456 czetera
3035 5403 3101 5457 de
3128 5403 3233 5456 hac
3264 5419 3323 5457 re
3370 5405 3449 5457 ita
3482 5406 3766 5475 loquitur:

2086 5489 2354 5561 [Carnem
2393 5490 2545 5543 enim
2596 5492 2813 5561 peccati
2866 5492 3099 5561 recepit,
3148 5498 3213 5546 ut
3268 5493 3328 5545 in
3388 5494 3768 5565 assumptione

2081 5578 2266 5632 carnis
2292 5583 2504 5631 nostrae
2537 5579 2778 5634 deliccta
2797 5579 3058 5646 donaret,
3085 5581 3222 5634 dum
3254 5581 3378 5649 ejus
3406 5582 3471 5636 fit
3491 5584 3767 5652 particeps
