3884 6218
102 344 211 395 ίΗῖ3

1118 339 1203 391 DE
1245 339 1597 393 GENERALI
1645 340 1776 393 PER
1820 341 2009 393 ADAM
2058 338 2527 393 DAMNATIONE.

3444 337 3581 388 1074

97 468 467 540 assumptione
492 486 609 522 non
641 469 899 534 crimine,
924 469 1117 522 delens
1142 485 1241 539 per
1272 474 1515 522 mortem
1540 476 1768 523 seuten-
1808 474 1851 523 Α
1885 470 2195 523 resurrexit
2226 486 2258 521 a
2304 469 2563 537 mortuis,
2610 470 2732 539 jam
2779 486 2892 522 non
2935 468 3213 521 morietur
3269 469 3443 537 (Rom.
3504 486 3575 535 vi,

97 561 209 613 tiam
239 560 465 624 mortis,
501 564 564 611 ut
599 576 744 612 nova
786 560 843 611 in
885 575 943 611 se
974 559 1153 611 nostri
1205 559 1432 626 generis
1484 559 1773 613 creatione

97 648 543 702 constitutionem
576 647 785 701 decreti
837 648 1144 700 anterioris
1188 647 1463 712 aboleret,
1515 649 1667 700 cruci
1713 664 1771 701 se

100 736 415 806 permittens
447 735 571 804 ﬁgi,
606 741 665 788 ut
711 736 1013 788 maledicto
1048 736 1229 787 crucis
1262 735 1559 787 obliterata
1593 740 1769 788 terre-

100 842 165 877 na:
209 823 599 877 damnationis
648 823 946 875 maledicta
996 823 1307 891 contigeret
1352 824 1582 888 omnia;
1616 828 1672 876 et
1701 824 1772 877 ad

98 912 342 967 ultimum
394 912 457 964 in
502 911 737 965 homine
778 928 997 981 passus,
1051 915 1110 963 ut
1162 918 1469 980 potestates
1519 913 1772 966 dehone-

97 1007 265 1063 staret,
319 1000 464 1053 dum
524 1002 669 1054 Deus
711 1001 1023 1053 secundum
1070 1000 1390 1069 Scripturas
1438 1001 1769 1069 moriturus,

97 1098 141 1143 et
169 1089 221 1141 in
249 1088 338 1141 his
389 1088 669 1142 vincentis
719 1088 776 1141 in
832 1106 889 1141 se
938 1089 1145 1142 tiducia
1196 1090 1596 1159 triumpharet,
1633 1090 1772 1143 dum

100 1177 424 1230 immortalis
448 1178 590 1246 ipse,
615 1194 801 1246 neque
830 1182 1014 1230 morte
1042 1178 1355 1231 vincendos
1388 1195 1489 1248 pro
1514 1179 1773 1231 morien-

98 1268 217 1319 tium
247 1267 573 1319 aeternitate
609 1265 971 1337 moreretur.]

150 1390 279 1441 Item
311 1405 450 1441 cum
482 1396 791 1458 exponeret
824 1390 993 1442 verba
1025 1388 1229 1458 psalmi
1256 1389 1465 1459 quibus
1488 1391 1557 1443 ad
1592 1391 1769 1443 Deum

96 1477 307 1530 dicitur:
346 1500 365 1524 ι
424 1477 566 1540 Quia
603 1478 755 1546 apud
796 1483 849 1530 te
898 1478 1225 1547 propitiatio
1257 1484 1345 1531 est
1378 1479 1543 1547 (Psal.
1581 1494 1765 1545 cxxrx,

94 1566 166 1622 il:
202 1588 221 1611 ι
256 1567 378 1635 ξΕει
412 1566 590 1629 enim,
624 1566 831 1636 inquit,
867 1566 1197 1635 unigenitus
1250 1567 1347 1619 Dei
1392 1567 1583 1632 Filius,
1621 1568 1768 1619 Deus

97 1653 337 1717 Verbum,
375 1653 694 1723 redemptio
725 1658 938 1719 nostra,
971 1654 1026 1706 in
1059 1653 1220 1722 cujus
1252 1654 1531 1723 sanguine
1560 1670 1768 1707 recou-

94 1742 243 1794 ciliati
276 1743 394 1794 Deo
424 1758 657 1806 sumus;
690 1742 779 1795 hic
816 1747 903 1794 est
932 1742 1031 1811 qui
1086 1742 1237 1795 venit
1288 1743 1485 1795 tollere
1537 1748 1767 1811 peccata

96 1829 291 1895 mundi,
342 1830 446 1899 qui
492 1830 645 1882 cruci
686 1846 801 1883 sum
844 1830 1287 1899 chirographum
1323 1831 1462 1900 legis
1496 1832 1763 1901 attigeris,

94 1920 283 1971 editum
316 1918 713 1972 damnationis
742 1920 947 1971 veteris
979 1919 1227 1985 delevit.]

147 2043 241 2095 ἃᾶ
274 2048 330 2095 et
367 2044 569 2096 beatus
608 2043 959 2109 Ambrosius,
1008 2044 1066 2096 in
1100 2043 1457 2113 expositione
1503 2044 1764 2115 Epistolas

93 2132 144 2184 ad
172 2133 462 2201 Ephesios,
507 2132 575 2186 de
614 2133 815 2186 eadem
862 2148 921 2185 re
970 2132 1048 2184 sic
1087 2132 1260 2185 dicit:
1308 2132 1521 2204 [Simus
1570 2133 1764 2205 itaque

94 2236 173 2272 nos
202 2221 485 2289 possessio
532 2220 649 2286 Dei,
704 2224 761 2273 et
807 2220 900 2273 ille
952 2220 1116 2273 nobis
1158 2222 1346 2289 portio
1379 2221 1437 2273 in
1485 2237 1599 2291 quo
1636 2228 1767 2276 sunt

93 2308 273 2360 divitia:
309 2308 515 2375 gloriae
550 2308 897 2361 haereditatis
944 2308 1084 2378 ejus.
1120 2308 1255 2372 Quis
1287 2310 1440 2363 enim
1472 2311 1625 2363 dives
1656 2311 1765 2364 nisi

92 2396 217 2448 solus
247 2398 405 2451 dives
436 2397 534 2467 qui
563 2397 755 2449 omnia
787 2396 1045 2449 creavit?
1076 2398 1175 2451 sed
1219 2398 1398 2452 multo
1453 2400 1633 2469 magis
1678 2398 1766 2453 di-

96 2501 168 2537 ves
196 2485 585 2539 misericordia
617 2485 714 2555 qui
746 2502 945 2538 omnes
992 2485 1267 2551 redemit;
1304 2492 1359 2539 et
1412 2503 1512 2539 nos
1562 2504 1765 2540 secun-

95 2573 206 2625 dum
252 2573 445 2627 carnis
496 2578 761 2626 naturam
808 2572 908 2625 irae
971 2573 1141 2637 ﬁlios,
1200 2579 1257 2627 et
1300 2575 1765 2628 condemnationi

96 2662 347 2715 obnoxios
377 2661 639 2725 mutavit,
681 2661 843 2731 quasi
888 2665 1083 2713 auctor
1122 2667 1186 2715 ut
1230 2662 1408 2715 simus
1456 2662 1556 2715 ﬁlii
1610 2664 1763 2733 pacis

94 2756 134 2801 et
160 2752 464 2804 charitatis.
498 2750 633 2814 Quis
678 2751 831 2804 enim
864 2756 1087 2803 mutare
1122 2756 1382 2805 naturam
1415 2757 1619 2822 potest,
1655 2752 1765 2805 nisi

96 2839 173 2909 qui
193 2840 399 2892 creavit
431 2844 698 2893 naturam
721 2839 747 2893 ?
796 2839 987 2908 itaque
1036 2840 1327 2893 suscitavit
1378 2848 1672 2894 mortuos:
1709 2846 1764 2895 et

94 2928 375 2981 vniﬁcatos
425 2929 484 2981 in
532 2927 753 2983 Christo
802 2927 995 2981 sedere
1047 2927 1177 2981 fecit
1234 2928 1293 2982 in
1341 2930 1659 2983 coelestibus
1704 2929 1762 2981 in

92 3018 193 3086 ipso
224 3018 466 3071 Domino
500 3017 676 3086 Jesu.]

146 3123 338 3176 Beatus
365 3139 599 3193 quoque
630 3123 926 3190 Pacianus,
964 3123 1109 3176 sicut
1158 3124 1227 3176 de
1277 3139 1342 3177 eo
1399 3123 1459 3176 in
1509 3123 1660 3177 libro
1688 3124 1758 3179 de

91 3211 207 3264 Viris
254 3212 593 3279 illustribus,
648 3212 845 3265 beatus
893 3217 1135 3265 testatur
1192 3212 1589 3281 Hieronymus,
1640 3217 1759 3266 tam

92 3301 183 3353 vita
203 3317 374 3370 quam
402 3317 671 3354 sermone
711 3303 897 3354 clarus
934 3302 1009 3353 ita
1054 3306 1248 3371 aperte
1288 3300 1537 3371 idipsum
1571 3302 1755 3354 incul-

90 3395 175 3453 cat,
218 3389 451 3443 dicens:
507 3388 737 3461 [Omnes
792 3390 1103 3459 aliquando
1151 3395 1351 3459 gentes
1401 3389 1758 3459 principibus

90 3477 453 3541 tenebrarum,
487 3483 545 3531 et
591 3477 965 3547 potestatibus
1006 3477 1260 3537 traditas,
1305 3493 1457 3530 nunc
1486 3494 1589 3547 per
1626 3479 1756 3531 Jesu

88 3565 268 3618 Christi
303 3566 537 3619 Domini
560 3566 741 3618 nostri
764 3565 1061 3619 victoriam
1088 3566 1369 3619 liberatas.
1396 3566 1496 3620 Ille
1534 3572 1636 3634 est,
1660 3566 1757 3620 ille

90 3656 167 3721 qui
195 3654 455 3720 redemit,
492 3654 766 3707 «donans
798 3654 963 3708 nobis
1009 3654 1206 3708 omnia
1252 3660 1497 3724 peccata,
1540 3676 1560 3703 ι
1614 3655 1759 3710 sicut

88 3744 362 3809 Apostolus
395 3743 554 3805 dicit,
592 3764 611 3790 ι
646 3749 703 3795 et
733 3742 930 3796 delens
962 3745 1113 3813 quod
1160 3743 1465 3796 adversum
1505 3760 1606 3796 nos
1638 3748 1759 3797 erat

89 3831 512 3902 chirographum
544 3831 994 3885 inobauditionis
1022 3851 1036 3896 ;
1061 3830 1197 3901 quia
1219 3837 1277 3885 et
1297 3832 1488 3901 ipsum
1521 3832 1654 3885 tulit
1688 3832 1756 3886 de

90 3919 250 3972 medio
272 3920 517 3989 afﬁgens
540 3920 677 3973 illud
705 3920 858 3973 cruci
890 3939 905 3986 ;
927 3936 1141 3973 exuens
1165 3936 1222 3972 se
1235 3935 1488 3987 carnem,
1507 3919 1760 3973 traduxit

91 4012 365 4073 potestates
399 4008 580 4061 libere
626 4008 990 4077 triumphans
1035 4024 1127 4059 eas
1175 4007 1234 4061 in
1285 4008 1591 4078 semetipso
1625 4009 1753 4075 (Col.

92 4110 136 4157 u,
169 4098 241 4156 l3,
278 4097 355 4158 14,
392 4097 496 4164 15).
538 4117 565 4143 ››
610 4096 784 4149 Solvit
825 4094 1180 4164 compeditos
1226 4100 1281 4148 et
1311 4095 1533 4148 vincula
1563 4100 1757 4149 nostra

92 4182 332 4253 disrupit,
406 4183 552 4237 sicut
624 4183 801 4236 David
867 4183 1177 4237 dixeratzu
1248 4184 1522 4237 Dominus
1587 4183 1757 4253 erigit

91 4270 253 4338 elisos,
305 4272 588 4325 Dominus
620 4272 785 4326 solvit
828 4272 1201 4341 compeditos,
1237 4272 1513 4325 Dominus
1545 4273 1755 4327 illumi-

1887 559 1962 627 9),
2002 578 2026 607 »
2061 558 2351 627 amplius]

1960 693 2164 744 Beatus
2196 691 2367 743 etiam
2408 692 2515 743 [.eo
2568 690 2862 759 granditer
2920 691 3025 742 hoc
3082 694 3137 742 et
3187 690 3580 760 multipliciter

1884 780 2318 841 commendans,
2354 777 2430 830 sic
2465 777 2633 830 dicit:
2688 775 2993 846 [Exaltatus
3034 778 3193 830 Jesus
3236 777 3489 831 Christus
3520 778 3577 829 in

1884 868 2038 937 ligno
2072 868 2295 919 retorsit
2343 871 2588 919 mortem
2638 864 2696 917 in
2745 864 2944 917 mortis
2997 870 3324 925 auctorem;
3358 870 3411 917 et
3449 880 3578 916 om-

1884 973 1982 1009 nes
2015 957 2369 1026 principatus
2427 956 2807 1023 adversasque
2859 954 3096 1005 virtutes
3156 969 3261 1023 per
3308 952 3575 1022 objectio-

1881 1060 2011 1097 nem
2046 1043 2349 1113 palpabilis
2379 1041 2565 1095 carnis
2596 1040 2762 1092 elisit.
2807 1042 3145 1092 Evacuatum
3191 1044 3275 1092 est
3307 1040 3573 1109 generale

1880 1132 2020 1186 illud
2050 1132 2398 1186 venditionis
2435 1135 2660 1193 nostrae,
2697 1134 2751 1181 et
2783 1128 2989 1181 lethale
3024 1128 3487 1197 chirographum,
3520 1133 3577 1179 et

1881 1226 2108 1291 pactum
2141 1219 2484 1289 captivitatis
2514 1218 2572 1271 in
2604 1219 2700 1287 jus
2736 1217 2935 1269 transit
2974 1216 3388 1285 Redemptoris.
3426 1215 3574 1267 Clavi

1880 1310 1963 1362 illi
1997 1310 2095 1379 qui
2138 1326 2339 1362 manus
2384 1307 2613 1361 Domini
2654 1307 2946 1375 pedesque
2994 1305 3417 1358 transfoderant
3447 1320 3572 1373 per-

1882 1399 2068 1467 petuis
2123 1398 2411 1450 diabolum
2478 1395 2649 1448 ﬁxere
2708 1394 3064 1457 vulneribus,
3130 1400 3186 1447 et
3241 1398 3572 1446 sanctorum

1877 1503 2046 1554 pmna
2076 1486 2465 1539 membrorum
2509 1484 2869 1537 inimicarum
2917 1482 3024 1535 fuit
3054 1482 3373 1535 interfectio
3406 1486 3569 1551 pote-

1879 1581 2108 1628 statum.
2160 1575 2246 1628 Sic
2300 1590 2461 1626 suam
2507 1573 2728 1626 Christo
2760 1574 3192 1624 consummante
3244 1569 3564 1635 victoriam,

1881 1669 1941 1715 ut
1972 1664 2028 1715 in
2060 1664 2183 1733 ipso
2218 1668 2432 1715 etcum
2476 1663 2600 1730 ipso
2654 1678 2851 1715 omnes
2886 1662 2982 1731 qui
3034 1663 3094 1714 in
3145 1677 3275 1713 eum
3328 1659 3570 1711 credunt

1807 1747 1845 1799 Β
1877 1749 2349 1821 triumpharent]
2390 1752 2451 1804 Et
2480 1751 2725 1803 iterum:
2766 1750 3009 1821 l'l‘enuit,
3062 1749 3271 1819 inquit,
3323 1747 3569 1817 disposi-

1877 1848 1994 1895 tam
2027 1840 2408 1894 mansuetudo
2459 1839 2818 1908 patientiam,
2873 1844 2929 1891 et
2978 1837 3224 1891 cohibita
3280 1835 3566 1890 famulan-

1876 1931 2019 1983 tium
2054 1930 2159 1983 sibi
2203 1928 2593 1998 angelicarum
2640 1928 2850 1980 virtute
2898 1926 3212 1996 legionum,
3257 1924 3447 1977 hausit
3477 1939 3567 1975 ca-

1876 2020 2039 2072 licem
2065 2017 2276 2071 doloris
2308 2022 2364 2070 et
2413 2018 2614 2069 mortis
2664 2021 2966 2085 totumque
3022 2014 3364 2084 supplicium
3415 2018 3571 2065 tran-

1874 2107 2037 2161 stulit
2094 2106 2153 2159 in
2200 2106 2589 2175 triumphum:
2646 2105 2775 2157 victi
2832 2108 2963 2157 sunt
3021 2119 3260 2163 errores,
3324 2101 3570 2153 subactte

1876 2200 2011 2250 sunt
2036 2199 2369 2265 potestates,
2415 2194 2632 2262 accepit
2686 2208 2892 2247 novum
2942 2192 3195 2245 mundus
3245 2188 3565 2251 exordium,

1875 2290 1936 2338 ut
1968 2285 2233 2338 damnata
2265 2282 2559 2351 generatio
2592 2298 2703 2334 non
2751 2282 2973 2335 obesset
3022 2280 3230 2349 quibus
3281 2276 3567 2329 salvandis

1878 2373 2237 2442 regeneratio
2269 2370 2640 2443 subveniret.]
2689 2372 2825 2423 Item
2871 2370 2982 2422 alio
3034 2370 3192 2421 loco:
3230 2366 3562 2439 [Continuih

1875 2462 2083 2533 inquit,
2118 2478 2175 2514 se
2212 2460 2279 2514 ab
2311 2460 2502 2529 impiis
2535 2465 2804 2530 potestas,
2850 2464 2906 2511 et
2942 2464 3003 2509 ut
3030 2455 3404 2526 dispositione
3436 2460 3565 2507 ute-

1874 2556 2032 2605 retur
2063 2552 2299 2615 occulta,
2348 2550 2429 2601 uti
2470 2548 2655 2601 noluit
2685 2548 2894 2600 virtute
2927 2545 3245 2599 manifesta.
3295 2544 3434 2597 Nam
3467 2542 3566 2612 qui

1873 2644 2115 2693 mortem
2141 2644 2195 2692 et
2226 2638 2423 2691 mortis
2458 2642 2749 2690 auctorem
2778 2652 2879 2688 sua
2908 2639 3137 2688 venerat
3169 2634 3429 2703 passione
3455 2632 3563 2701 {de-

1874 2734 2114 2795 struere,
2156 2727 2441 2797 quomodo
2487 2732 2809 2796 peccatores
2858 2725 3041 2777 salvos
3090 2724 3319 2790 faceret,
3354 2722 3401 2774 si
3434 2736 3562 2790 per-

1872 2816 2227 2871 secutoribus
2266 2819 2615 2885 repugnaret
2636 2812 2689 2885 ?]

1946 2952 2086 3004 Nam
2119 2950 2288 3002 etiam
2326 2948 2373 3000 si
2414 2947 2782 3001 descenderet
2824 2946 3077 2999 Christus
3125 2944 3195 2998 de
3242 2960 3428 3011 cruce,
3465 2962 3563 2999 vos

1802 3042 1840 3096 C
1870 3044 2065 3092 tamen
2105 3037 2398 3091 hmreretis
2432 3036 2489 3089 in
2530 3035 2788 3089 crimine.
2832 3034 3036 3104 Spreta
3076 3050 3212 3104 ergo
3244 3038 3375 3088 sunt
3404 3050 3562 3089 vanae

1870 3126 2258 3181 insultationis
2321 3125 2648 3195 opprobria,
2729 3129 2785 3177 et
2831 3122 3285 3177 misericordiam
3335 3123 3562 3176 Domini

1868 3217 2093 3287 perdita
2124 3222 2180 3269 et
2236 3216 2487 3284 collapsa
2544 3218 2904 3283 reparantem
2947 3212 3120 3265 nullae
3178 3211 3560 3277 contumelias,

1868 3305 2027 3359 nulla
2057 3305 2308 3358 convicio
2342 3321 2370 3357 a
2412 3303 2689 3373 propositi
2722 3302 2808 3355 sui
2839 3302 2928 3355 via
2978 3304 3364 3355 removerunt.
3412 3302 3563 3355 Oile-

1868 3393 2100 3447 rebatur
2130 3393 2283 3447 enim
2340 3392 2580 3446 Domino
2611 3407 2716 3461 pro
2760 3391 2941 3443 salute
2988 3389 3192 3443 mundi
3224 3388 3413 3441 hostia
3444 3389 3559 3441 sin-

1867 3482 2101 3552 gularis,
2146 3488 2201 3534 et
2252 3480 2458 3534 occisio
2500 3479 2648 3549 Agni
2700 3494 2804 3548 per
2859 3483 2943 3531 tot
2992 3477 3198 3529 saecula
3254 3476 3561 3544 prmdicata

1868 3569 2265 3640 promissionis
2304 3567 2453 3621 ﬁlios
2493 3568 2551 3620 in
2604 3568 2924 3620 libertatem
2964 3564 3101 3618 ﬁdei
3142 3564 3556 3630 transferebat;

1866 3658 2317 3711 conﬁrmabatur
2383 3672 2612 3726 quoque
2679 3656 3105 3708 Testamentum
3183 3654 3423 3719 Novum,
3504 3659 3562 3705 et

1867 3747 2075 3802 Christi
2106 3746 2385 3815 sanguine
2428 3744 2628 3797 aeterni
2668 3743 2790 3811 regi
2828 3742 3222 3795 scribebantur
3261 3741 3555 3807 hmredes;

1866 3834 2298 3905 ingrediebatur
2346 3849 2604 3886 summus
2654 3831 2907 3901 pontifex
2953 3830 3156 3883 Sancta
3205 3834 3553 3894 sanctorum,

1868 3929 1925 3977 et
1953 3923 2305 3977 exorandum
2338 3923 2512 3976 Deum
2565 3920 2964 3973 immaculatus
3012 3917 3274 3970 sacerdos
3317 3932 3420 3986 per
3460 3934 3557 3970 ve-

1868 4013 1987 4066 lum
2019 4028 2133 4065 suae
2164 4010 2350 4064 carnis
2387 4009 2655 4063 intrabat.
2699 4008 2849 4061 Alibi
2881 4022 3113 4077 quoque
3144 4006 3212 4059 de
3246 4005 3333 4059 his
3365 4004 3555 4058 omni-

1867 4102 1972 4155 bus
1996 4100 2244 4154 breviter
2273 4104 2330 4153 et
2359 4100 2666 4169 diligenter
2694 4096 2995 4161 deﬁniens,
3032 4096 3111 4149 ita
3140 4094 3275 4148 dicit
3300 4111 3311 4147 :
3346 4092 3559 4165 [Sciens

1868 4188 2128 4243 diabolus
2160 4188 2312 4257 quod
2344 4187 2657 4240 humanam
2698 4191 2962 4239 naturam
3005 4183 3291 4238 infecisset
3318 4198 3556 4247 veneno,

1868 4292 2235 4346 nequaquam
2302 4276 2546 4329 credidit
2620 4274 2930 4328 Dominum
3004 4272 3291 4326 tlhristum
3357 4270 3560 4341 primae

91 4364 167 4410 nat
192 4375 364 4413 czecos
395 4360 567 4430 (Psal.
610 4376 759 4426 cxcv,
794 4360 869 4429 8).
922 4382 950 4408 »
1006 4361 1073 4413 Et
1118 4360 1328 4413 iterum
1358 4377 1370 4413 :
1408 4380 1434 4411 ‹‹
1482 4360 1757 4430 Dirupisti
1797 4354 1839 4406 Ι)
1865 4365 2338 4435 transgressionis
2368 4368 2670 4428 exsortem,
2700 4378 2869 4433 quem
2904 4366 2979 4414 tot
3014 4360 3371 4415 documentis
3411 4360 3560 4413 didi—

92 4446 283 4501 vincula
333 4466 480 4510 mea,
532 4449 634 4503 tibi
672 4449 1000 4502 sacriﬁcabo
1053 4450 1299 4503 hostiam
1349 4450 1531 4503 laudis
1582 4451 1755 4519 (Psul.

90 4548 185 4599 ειν,
234 4538 316 4599 t6,
374 4536 481 4605 l7).
539 4557 565 4583 ››
615 4534 799 4591 Soluti
848 4536 1041 4605 itaque
1080 4536 1149 4589 de
1200 4536 1461 4602 vinculis,
1515 4536 1611 4589 ubi
1658 4552 1761 4605 per

90 4620 327 4691 baptismi
361 4629 789 4677 sacramentum
826 4624 897 4677 ad
932 4624 1158 4693 signum
1206 4624 1436 4677 Domini
1485 4624 1761 4678 conveni-

94 4724 216 4777 mus,
245 4713 474 4767 diabolo
523 4717 580 4766 et
618 4713 888 4767 omnibus
920 4714 1139 4778 angelis
1169 4712 1291 4781 ejus
1342 4712 1760 4779 renuntiamus,

91 4799 269 4866 quibus
295 4808 429 4855 ante
463 4801 825 4868 servivimus,
875 4817 947 4854 ne
972 4803 1094 4870 jam
1125 4800 1237 4852 illis
1284 4802 1517 4854 ulterius
1550 4802 1760 4855 servia-

91 4901 195 4939 mus
242 4890 526 4959 sanguine
582 4889 791 4943 Christi
841 4893 895 4942 et
956 4888 1191 4943 nomine
1238 4889 1480 4942 liberati.
1520 4890 1681 4953 Quod
1715 4890 1761 4943 si

93 4976 198 5042 quis
222 4979 457 5046 posthac
518 4978 606 5030 sui
667 4978 879 5031 oblitus
930 4982 984 5031 et
1046 4978 1460 5047 redemptionis
1502 4979 1760 5047 ignarus,

94 5077 259 5118 rursus
292 5067 358 5120 ad
410 5066 750 5136 angelorum
804 5065 1156 5134 servitutem,
1191 5088 1212 5115 ι
1247 5067 1316 5119 Et
1365 5066 1594 5120 inﬁrma
1640 5066 1758 5131 illa,

94 5158 137 5201 et
161 5168 328 5222 egena
387 5153 594 5208 mundi
642 5154 927 5207 elementa
980 5154 1273 5208 transierit
1319 5154 1466 5223 (Gal.
1506 5170 1585 5220 1v,
1620 5157 1698 5223 9),
1737 5176 1757 5203 ι

95 5240 309 5311 antiquis
342 5243 457 5297 illis
514 5242 884 5312 compedibus
944 5247 999 5295 et
1060 5243 1296 5309 catenis,
1330 5243 1389 5296 id
1419 5248 1505 5296 est
1546 5244 1764 5312 peccati

96 5327 303 5383 vinculis
345 5331 695 5401 alligabitur,
751 5351 778 5380 (ι
832 5336 889 5385 et
931 5331 1073 5384 ﬁent
1120 5331 1432 5384 novissima
1482 5332 1604 5399 ejus
1663 5332 1760 5385 de—

97 5416 277 5471 teriora
315 5418 603 5489 prioribus
634 5420 706 5483 (II
735 5420 876 5471 Patr.
914 5435 972 5479 ιι,
1003 5420 1111 5486 20),
1151 5440 1171 5465 ι
1208 5420 1342 5488 quia
1399 5425 1454 5472 et
1504 5419 1764 5472 diabolus

98 5518 205 5558 eum
232 5509 384 5576 quasi
418 5523 525 5577 per
555 5506 752 5576 fugam
792 5507 1001 5560 victum
1050 5508 1446 5560 vehementius
1494 5508 1760 5577 illigabit,

98 5599 139 5643 et
165 5594 403 5650 Christus
434 5612 541 5667 pro
593 5611 661 5650 eo
702 5597 821 5666 jam
852 5596 968 5666 pati
999 5613 1115 5650 non
1148 5598 1375 5666 poterit.
1412 5598 1553 5661 Quia
1589 5618 1617 5648 ιι
1666 5597 1765 5667 qui

1868 4455 1945 4509 cit
1989 4471 2110 4508 esse
2160 4455 2478 4508 mortalem.
2531 4454 2783 4507 Perstitit
2832 4468 2967 4521 ergo
3017 4450 3315 4520 improbus
3368 4449 3559 4518 praedo

1869 4550 1925 4598 et
1951 4560 2155 4597 avarus
2198 4548 2423 4597 exactor
2457 4543 2516 4596 in
2567 4558 2696 4595 eum
2749 4541 2846 4610 qui
2898 4540 3043 4592 nihil
3092 4539 3271 4608 ipsius
3320 4537 3563 4589 habebat

1867 4633 2195 4703 insurgere;
2232 4638 2289 4685 et
2321 4633 2456 4686 dum
2492 4631 2702 4683 vitiatae
2734 4628 2972 4695 originis
3020 4626 3419 4696 praejudicium
3456 4640 3561 4694 ge-

1872 4722 2061 4775 nerale
2092 4720 2477 4791 persequitur,
2511 4716 2955 4787 chirographum
2988 4732 3101 4785 quo
3143 4714 3433 4767 nitebatur
3464 4730 3554 4767 ex-

1869 4811 2040 4875 cedit,
2082 4809 2155 4864 ab
2215 4810 2312 4862 illo
2367 4807 2685 4877 iniquitatis
2741 4805 2971 4873 exigens
3013 4819 3258 4873 pcenam,
3323 4803 3383 4854 in
3444 4818 3559 4870 quo

1868 4899 2088 4952 nullam
2148 4896 2361 4967 reperit
2418 4897 2666 4964 culpam.
2729 4892 2978 4947 Solvitur
3034 4892 3229 4960 itaque
3280 4890 3559 4958 pactionis

1872 4987 2125 5056 antiquae
2161 4985 2490 5038 malesuada
2518 4981 2885 5051 conscriptio,
2917 4986 2974 5033 et
3007 5002 3028 5029 ι
3063 4996 3166 5049 per
3218 4978 3558 5048 injustitiam

1871 5075 1997 5145 plus
2028 5074 2278 5142 petendi,
2312 5094 2338 5120 ››
2367 5071 2538 5125 totius
2561 5070 2737 5124 debiti
2768 5084 2992 5122 summa
3041 5072 3329 5121 vacuatur.
3385 5066 3563 5119 Fortis

1870 5163 1966 5216 ille
2001 5162 2247 5215 nectitur
2276 5159 2517 5213 vinculis
2548 5159 2665 5212 suis
2701 5165 2755 5211 et
2804 5173 2974 5210 omne
3019 5160 3409 5210 commentum
3441 5170 3560 5207 ma-

1872 5250 2016 5319 ligni
2084 5250 2139 5301 in
2200 5253 2373 5317 caput
2419 5247 2600 5317 ipsius
2658 5250 3043 5315 retorquetur.
3104 5244 3301 5312 Ligato
3358 5242 3562 5296 mundi

1870 5332 2131 5404 principe
2157 5332 2501 5401 captivitatis
2544 5348 2673 5384 vasa
2723 5330 3045 5399 rapiuntur.
3096 5327 3265 5382 Redit
3292 5328 3351 5379 in
3381 5326 3563 5379 hono-

1871 5436 1992 5475 rem
2049 5436 2219 5473 suum
2271 5420 2340 5472 ab
2400 5419 2651 5489 antiquis
2719 5418 2997 5487 contagiis
3055 5418 3299 5486 purgata
3344 5420 3563 5468 natura.

1874 5508 2020 5562 Mors
2055 5512 2237 5561 morte
2269 5507 2604 5572 destruitur,
2630 5505 2894 5558 nativitas
2916 5503 3211 5558 nativitate
3243 5509 3563 5572 reparatur,

1874 5596 2149 5667 quoniam
2178 5596 2349 5650 simul
2400 5601 2457 5649 et
2520 5593 2838 5664 redemptio
2890 5594 3073 5647 aufert
3121 5591 3480 5656 servitutem,
3513 5596 3567 5643 et
