3884 6218
314 346 448 396 10ἷὸ

1409 346 1464 399 S.
1509 344 1776 399 liEMlGll
1822 341 2298 397 LUCDUNENSIS
2339 342 2654 397 El’lSCOl’l

3684 349 3831 398 μιῖῆ

304 479 663 549 regeneratio
696 483 877 533 mutat
909 478 1212 549 originem,
1264 484 1319 532 et
1367 478 1508 532 fides
1544 478 1819 549 justiﬁcat
1849 493 1981 548 pec-
2022 477 2067 529 A
2098 476 2503 535 misericordia)
2537 478 2785 547 pertinet
2823 478 2896 532 ad
2956 478 3267 533 indebitam
3297 480 3571 550 gratiam.
3618 482 3835 535 Osten—

310 566 605 638 catorem.)

380 656 490 709 Sed
539 660 594 708 et
649 655 847 710 beatus
908 655 1245 709 Coelestinus
1306 655 1565 708 eamdem
1625 670 1744 709 rem
1799 655 2001 709 eodem

308 759 477 796 sensu
509 748 565 795 et
597 743 810 796 eisdem
845 759 989 812 pene
1018 743 1201 796 verbis
1231 743 1557 813 plenissime
1590 746 1644 796 et
1671 743 2003 797 brevissime

310 832 662 901 exsequitur,
696 830 927 885 dicens:
964 830 1139 903 [Illud
1192 831 1365 884 etiam
1420 832 1572 901 quod
1619 832 1768 885 circa
1816 831 2005 900 bapti—

313 920 522 973 zandos
549 920 606 973 in
640 920 906 973 universo
939 920 1155 973 mundo
1188 926 1378 972 sancta
1413 920 1651 973 Ecclesia
1700 920 2005 973 uniformi-

310 1013 396 1060 ter
455 1008 590 1076 agit,
665 1024 781 1061 non
844 1008 1026 1060 otioso
1077 1007 1536 1077 contemplamur
1592 1008 1821 1074 intuitu,
1875 1025 2002 1062 cum

312 1097 427 1150 sive
459 1096 703 1165 parvuli,
739 1095 854 1150 sive
880 1097 1115 1165 juvenes
1158 1096 1228 1149 ad
1274 1096 1725 1166 regenerationis
1772 1097 2006 1150 veniunt

314 1189 755 1249 sacramentum,
791 1200 902 1237 non
932 1184 1093 1253 prius
1139 1183 1353 1236 fontem
1403 1184 1533 1237 vita:
1578 1183 1793 1237 adeunt
1832 1202 2004 1254 quam

314 1272 645 1327 exorcismis
674 1277 729 1325 et
759 1271 1253 1325 exsufﬂationibus
1301 1272 1638 1324 clericorum
1672 1272 1904 1341 spiritus
1938 1277 2005 1331 ab

314 1361 395 1415 eis
436 1361 767 1414 immundus
826 1360 1123 1429 abigatur;
1186 1368 1318 1414 tunc
1368 1376 1499 1413 vere
1541 1365 1812 1431 appareat
1862 1378 2005 1431 quo-

313 1450 482 1503 modo
513 1471 539 1497 ‹‹
576 1449 843 1518 Princeps
874 1448 1073 1501 mundi
1104 1448 1274 1516 hujus
1316 1448 1581 1501 mittatur
1629 1450 1780 1503 foras
1829 1451 2003 1518 (Joan.

311 1554 407 1605 xu,
439 1541 548 1605 31),
589 1560 607 1585 ι
646 1542 700 1590 et
729 1537 1019 1607 quomodo
1048 1558 1073 1583 ι(
1108 1536 1266 1607 prius
1295 1536 1562 1606 alligetur
1595 1537 1753 1589 fortis
1785 1539 2002 1604 (Matth.

311 1642 408 1693 x11,
439 1626 546 1695 20),
582 1646 609 1675 »
644 1631 701 1679 et
725 1625 995 1695 deinceps
1026 1642 1154 1678 vasa
1182 1626 1303 1695 ejus
1336 1625 1681 1694 diripiantur
1703 1625 1759 1678 in
1792 1642 2007 1695 posses-

313 1714 534 1767 sionem
569 1714 845 1768 translata
876 1712 1124 1781 victoris,
1176 1735 1202 1761 ‹‹
1246 1714 1344 1784 qui
1396 1714 1675 1783 captivam
1724 1714 1878 1767 ducit
1910 1731 2005 1766 ca-

316 1802 665 1872 ptivitatem,
729 1806 785 1855 et
841 1802 936 1854 dat
994 1802 1139 1855 dona
1204 1802 1535 1855 hominibus
1588 1803 1757 1869 (Psal.
1841 1819 2005 1871 van,

321 1892 422 1961 ω).
459 1891 514 1962 ››]

381 1981 507 2034 Jam
538 1996 669 2033 vero
710 1979 910 2033 beatus
959 1978 1313 2047 Augustinus
1374 1982 1533 2032 tanto
1590 1978 1722 2031 hinc
1778 1979 2010 2033 uberius

315 2072 371 2122 et
417 2067 797 2137 multiplicius
844 2072 926 2120 est
974 2067 1218 2131 locutus,
1268 2071 1482 2136 quanto
1530 2070 1585 2120 et
1632 2068 1817 2136 major
1866 2067 1918 2120 ei
1948 2084 2011 2120 ac

314 2156 711 2210 vehementior
767 2155 1138 2210 incumbebat
1198 2154 1503 2208 necessitas
1561 2160 1760 2208 contra
1815 2154 2011 2209 insur-

312 2249 512 2314 gentes
547 2248 681 2296 tunc
723 2244 1019 2297 haereticos
1053 2244 1412 2315 Pelagianos,
1450 2246 1588 2298 tanti
1619 2246 1791 2315 hujus
1827 2263 2013 2299 sacra-

316 2332 514 2397 menti,
549 2332 604 2385 id
648 2336 731 2385 est
777 2332 1163 2385 damnationis
1222 2333 1490 2386 humanae
1544 2350 1645 2403 per
1692 2335 1871 2387 Adam
1922 2334 2009 2386 in-

315 2437 543 2491 gressae,
579 2424 634 2473 et
656 2420 1015 2475 liberationis
1046 2438 1111 2474 ac
1142 2421 1552 2492 redemptionis
1582 2439 1684 2493 per
1708 2423 2011 2477 Dominnm

316 2509 509 2561 Jcsum
541 2508 826 2562 Christum
860 2509 1095 2562 indultae
1136 2509 1367 2578 penitus
1402 2509 1653 2578 ignaros,
1690 2510 1873 2579 ipsius
1911 2512 2012 2563 hu-

318 2613 502 2650 manae
545 2597 929 2650 damnationis
957 2614 1176 2667 causas,
1221 2602 1276 2651 et
1324 2598 1422 2651 Dei
1464 2599 1709 2668 gratiam
1751 2616 1863 2670 qua
1895 2600 2013 2652 sola

318 2703 419 2755 per
445 2685 732 2741 Christum
788 2686 1095 2739 Dominum
1144 2686 1478 2754 liberamur,
1516 2691 1571 2740 et
1617 2688 1822 2741 divinis
1854 2689 2011 2741 testi-

319 2774 527 2827 moniis
561 2780 617 2828 et
662 2774 992 2827 certissimis
1040 2775 1356 2828 rationibus
1415 2776 1721 2830 asserendi.
1758 2777 1821 2829 In
1868 2792 2012 2846 qua-

318 2863 447 2915 dam
482 2862 674 2933 itaque
705 2862 946 2933 epistola
976 2863 1044 2916 ad
1072 2862 1341 2933 Optatum
1372 2863 1705 2934 episcopum
1734 2865 1811 2917 ita
1836 2864 2015 2935 loqui-

316 2956 409 3004 tur
436 2951 615 3021 (epist.
648 2952 803 3021 157):
835 2952 999 3021 [Cum
1050 2968 1250 3005 omnes
1299 2952 1461 3021 justi,
1495 2953 1601 3006 hoc
1662 2959 1745 3007 est
1788 2970 2012 3008 veraces

2115 563 2354 633 ditergo
2393 567 2539 619 Deus
2568 588 2592 613 ‹‹
2629 566 2772 619 iram
2808 582 2992 634 suam,
3022 586 3048 616 ι)
3085 584 3199 621 non
3231 569 3434 638 utique
3469 570 3659 622 animi
3691 586 3833 640 per-

2114 651 2521 717 turbationem,
2557 653 2702 707 sicut
2731 658 2813 708 est
2839 671 2967 725 quae
3013 656 3160 708 circa
3192 656 3460 710 homines
3512 675 3834 727 nuncupa-

2113 744 2224 803 tur,
2260 742 2354 793 sed
2383 742 2593 810 justam
2629 742 2914 814 ﬁxamque
2946 744 3278 798 vindictam.
3320 746 3483 809 Quod
3536 747 3609 800 de
3643 748 3833 815 stirpe

2114 827 2521 882 inobedieutia:
2571 830 2800 882 diu-itur
2851 847 3105 901 prepago
3157 834 3393 901 peccati,
3465 839 3645 904 atque
3684 851 3835 903 sup-

2113 916 2283 985 plicii.
2321 939 2345 965 ι(
2379 919 2445 971 Et
2478 918 2651 971 homo
2681 928 2848 971 nutus
2878 943 2886 964 ο
2914 936 2939 971 x
2988 920 3249 983 muliere,
3286 942 3312 969 ››
3370 922 3518 975 sicut
3569 923 3633 975 in
3676 923 3833 975 libro

2111 1005 2214 1057 Job
2295 1006 2570 1076 scriptum
2627 1010 2732 1074 est,
2801 1028 2821 1055 α
2881 1008 3068 1061 brevis
3139 1014 3223 1062 est
3285 1010 3431 1076 vitae,
3494 1016 3555 1063 et
3616 1011 3835 1081 plenus

2114 1092 2425 1148 iracundim
2457 1096 2586 1161 (Job
2624 1112 2732 1158 x1v,
2782 1099 2831 1161 1,
2878 1096 2951 1165 2),
3003 1117 3028 1147 »
3082 1097 3203 1166 ejus
3251 1098 3404 1151 enim
3458 1098 3544 1152 rei
3597 1116 3701 1151 vas
3750 1106 3831 1151 est

2117 1198 2228 1251 qua
2250 1184 2453 1251 plenus
2482 1189 2581 1237 est.
2618 1184 2775 1236 Unde
2811 1205 2837 1232 «
2870 1184 2970 1237 ira:
3004 1201 3134 1238 vasa
3164 1207 3190 1233 ››
3232 1185 3524 1239 dicuntur.
3566 1209 3587 1234 ε
3631 1188 3838 1242 Osten-

2116 1270 2195 1323 dit
2232 1276 2286 1324 et
2318 1272 2631 1341 potentiam
2659 1288 2840 1339 suam,
2864 1295 2889 1319 υ
2913 1290 3026 1343 qua
3054 1274 3196 1327 bene
3224 1276 3402 1328 utitur
3424 1276 3606 1328 etiam
3635 1276 3833 1343 malis,

2117 1360 2299 1413 multa
2332 1360 2388 1413 in
2422 1360 2535 1413 illis
2570 1360 2851 1413 naturalia
2883 1367 2940 1413 et
2984 1362 3321 1431 temporalia
3354 1362 3505 1414 bona
3544 1363 3833 1432 largiens,

2117 1464 2435 1519 eorumque
2469 1448 2741 1501 malitiam
2780 1449 2846 1501 ad
2900 1450 3240 1503 exercendos
3287 1455 3343 1503 et
3382 1452 3838 1521 comparatione

2116 1536 2511 1590 admonendos
2563 1537 2743 1591 bonos
2792 1538 3243 1601 accommodans,
3282 1544 3343 1592 ut
3387 1538 3447 1593 in
3480 1540 3564 1592 eis
3602 1540 3837 1593 discant

2120 1642 2286 1694 agere
2318 1627 2526 1695 gratias
2558 1627 2691 1691 Deo,
2728 1627 2879 1695 quod
2913 1627 2982 1679 ab
3014 1627 3094 1679 eis
3128 1644 3240 1679 non
3265 1627 3381 1680 suis
3405 1628 3661 1693 meritis,
3698 1645 3834 1698 quas

2116 1716 2177 1768 in
2205 1714 2404 1768 eadem
2427 1731 2610 1768 massa
2642 1715 2800 1784 paria
2833 1714 3084 1778 fuerunt,
3121 1716 3218 1768 sed
3260 1715 3411 1768 illius
3445 1716 3833 1769 miseratione

2120 1803 2349 1857 discreti
2380 1809 2533 1857 sunt.
2571 1803 2732 1867 Quod
2766 1803 3011 1856 maxime
3046 1807 3283 1873 apparet
3316 1804 3374 1856 in
3419 1804 3708 1874 parvulis,
3764 1804 3834 1857 de

2121 1891 2328 1963 quibus
2352 1907 2477 1944 cum
2502 1907 2606 1960 per
2625 1890 2831 1945 Christi
2854 1891 3097 1961 gratiam
3121 1898 3518 1958 renascuntur,
3559 1898 3621 1945 et
3655 1892 3833 1945 istam

2119 1980 2291 2032 vitam
2326 1979 2384 2031 in
2415 1979 2511 2031 illa
2546 1985 2739 2033 tenera
2788 1984 2952 2032 aetate
2998 1978 3284 2045 ﬁnientes,
3338 1980 3397 2032 in
3451 1986 3743 2034 aeternam
3778 1986 3833 2034 et

2120 2068 2344 2121 beatam
2378 2072 2695 2131 transeunt,
2725 2067 2833 2120 dici
2865 2083 2979 2120 non
3008 2073 3196 2137 potest
3219 2068 3369 2137 quod
3407 2069 3587 2121 libero
3623 2070 3832 2122 discer-

2120 2159 2337 2208 nuntur
2363 2155 2600 2208 arbitrio
2630 2155 2698 2208 ab
2732 2155 2854 2207 aliis
2884 2155 3217 2220 infantibus,
3252 2156 3349 2227 qui
3384 2157 3504 2208 sine
3540 2158 3649 2209 hac
3691 2175 3831 2226 gra-

2122 2244 2200 2297 tia
2220 2243 2278 2295 in
2312 2244 2491 2313 ipsius
2522 2259 2721 2295 massm
2755 2243 3125 2296 damnatione
3159 2245 3509 2297 moriuntur.
3537 2244 3598 2297 Si
3626 2252 3825 2299 autem

2121 2332 2178 2386 hi
2214 2332 2320 2385 soli
2352 2338 2683 2386 crearentur
2732 2349 2797 2386 ex
2845 2332 3044 2398 Adam,
3079 2335 3178 2403 qui
3219 2340 3408 2387 essent
3439 2351 3539 2403 per
3572 2335 3824 2403 gratiam

2122 2421 2440 2486 recreandi,
2466 2426 2521 2474 et
2551 2425 2759 2491 praeter
2788 2420 2931 2487 illos,
2978 2422 3075 2492 qui
3119 2422 3174 2475 in
3216 2422 3314 2475 Dei
3344 2422 3494 2475 ﬁlios
3544 2423 3829 2493 adoptan-

2120 2514 2235 2575 tur,
2284 2508 2425 2561 nulli
2473 2509 2569 2561 alii
2613 2508 2871 2562 homines
2922 2514 3313 2575 nascerentur,
3362 2512 3563 2564 lateret
3612 2512 3826 2565 beneﬁ-

2121 2596 2298 2665 cium,
2333 2598 2485 2667 quod
2509 2596 2816 2651 donaretur
2844 2598 3117 2667 indignis.
3151 2599 3293 2662 Quia
3327 2599 3501 2652 nullis
3526 2616 3596 2653 ex
3622 2602 3822 2655 eadem

2122 2685 2434 2739 damnabili
2462 2684 2636 2755 stirpe
2659 2686 3017 2739 venientibus
3039 2686 3293 2740 debitum
3313 2688 3671 2757 supplicium
3695 2690 3821 2741 1‘ch-

2123 2773 2372 2837 deretur,
2412 2790 2538 2827 cum
2581 2791 2763 2827 veroa
2816 2775 3004 2845 attulit
3038 2776 3094 2828 in
3143 2776 3325 2828 multa
3375 2777 3663 2845 patientia
3694 2794 3823 2828 vasa

2122 2862 2244 2928 irae,
2285 2878 2412 2932 quae
2460 2862 2707 2931 perfecta
2751 2869 2883 2916 sunt
2929 2863 2987 2915 in
3026 2863 3369 2933 perstione,
3409 2885 3429 2911 ι
3483 2881 3601 2916 non
3636 2864 3817 2917 solum

2123 2951 2369 3004 ostendit
2424 2950 2567 3004 iram
2639 2956 2693 3004 et
2759 2950 3172 3004 demonstravit
3254 2952 3571 3020 potentiam
3658 2970 3819 3005 suam

320 3039 421 3093 Dei
480 3041 746 3101 cultores,
809 3040 924 3093 sive
985 3045 1115 3093 ante
1171 3040 1652 3109 incarnationem,
1716 3041 1831 3095 sive
1885 3047 2013 3113 post
2053 3068 2092 3121 ρ
2125 3039 2478 3093 redliibendo
2546 3039 2850 3092 vindictam
2899 3045 2957 3093 et
3010 3039 3155 3093 bene
3208 3040 3421 3093 utendo
3480 3041 3670 3107 malis,
3724 3042 3816 3093 sed

320 3128 775 3181 incarnationem
808 3127 1017 3181 Christi
1052 3144 1155 3181 nec
1203 3128 1465 3194 vixerint,
1514 3145 1617 3182 nec
1656 3129 1868 3197 vivant,
1902 3131 2011 3184 nisi

327 3233 391 3268 ex
419 3216 528 3269 ﬁde
550 3215 959 3269 incarnationis
987 3216 1216 3282 Christi,
1271 3216 1331 3269 in
1366 3234 1477 3287 quo
1508 3223 1591 3271 est
1638 3219 1837 3294 gratias
1893 3221 2010 3290 ple-

326 3304 549 3370 nitudo,
612 3303 863 3374 profecto
945 3305 1096 3375 quod
1150 3305 1427 3376 scriptum
1483 3311 1591 3359 est:
1629 3328 1656 3355 «
1714 3308 1837 3361 Non
1893 3326 2014 3363 esse

327 3391 477 3446 aliud
512 3408 720 3446 nomen
782 3393 885 3447 sub
937 3394 1077 3447 cmlo
1111 3393 1169 3446 in
1228 3410 1339 3465 quo
1396 3400 1621 3465 oportet
1679 3397 1861 3450 salvos
1891 3398 2016 3451 ﬁeri

326 3498 427 3533 nos
460 3482 600 3547 (Act.
636 3497 705 3546 1v,
744 3484 840 3544 l2),
884 3502 909 3528 ››
947 3498 1013 3535 ex
1046 3482 1140 3534 illo
1179 3486 1435 3552 tempore
1486 3485 1633 3537 valet
1679 3485 1745 3538 ad
1791 3485 2013 3539 salvan-

327 3570 462 3623 dum
495 3586 675 3640 genus
705 3571 1042 3635 humanum,
1078 3588 1142 3625 ex
1178 3587 1290 3641 quo
1316 3571 1376 3625 in
1406 3572 1587 3626 Adam
1622 3573 1883 3628 vitiatum
1933 3580 2018 3629 est

325 3675 506 3728 genus
534 3662 851 3713 humanum
883 3677 894 3713 :
934 3682 951 3707 α
989 3660 1142 3713 Sicut
1161 3661 1313 3713 enim
1353 3660 1411 3714 in
1454 3662 1633 3715 Adam
1658 3679 1856 3717 omnes
1894 3681 2016 3718 mo-

326 3748 571 3808 riuntur,
602 3748 680 3800 ita
710 3751 766 3800 et
788 3747 846 3800 in
867 3747 1088 3803 Christo
1122 3764 1321 3802 omnes
1349 3749 1693 3804 viviticabun
1723 3768 1789 3804 ur
1809 3754 1865 3823 (Ι
1895 3753 2014 3807 Cor.

322 3853 411 3901 xv,
462 3836 573 3908 22).
627 3858 652 3885 ››
690 3837 831 3901 Quia
889 3837 1028 3891 sicut
1083 3837 1139 3890 in
1197 3855 1374 3907 regno
1428 3838 1627 3891 mortis
1678 3856 1845 3893 nemo
1896 3840 2017 3893 sine

324 3925 527 3989 Adam,
561 3926 637 3979 ita
680 3926 738 3979 in
773 3942 947 3995 regno
990 3926 1116 3979 vitae
1178 3944 1344 3981 nemo
1403 3927 1524 3980 sine
1571 3928 1813 3981 Christo.
1865 3929 2020 3982 Sicut

323 4030 426 4083 per
454 4016 633 4068 Adam
666 4031 864 4067 omnes
916 4020 1254 4084 peccatores,
1311 4014 1389 4067 ita
1425 4031 1527 4085 per
1571 4016 1854 4069 Christum
1890 4034 2017 4070 om-

325 4119 423 4155 nes
447 4103 585 4172 justi
614 4104 896 4156 homines.
929 4103 1084 4157 Sicut
1132 4121 1232 4173 per
1282 4105 1463 4158 Adam
1511 4120 1711 4159 omnes
1751 4106 2020 4160 mortales

323 4189 383 4242 in
416 4206 583 4259 poena
614 4190 746 4243 facti
781 4195 912 4243 sunt
962 4190 1064 4244 tilii
1107 4192 1321 4259 szeculi,
1367 4192 1444 4245 ita
1477 4198 1532 4245 et
1574 4208 1677 4261 per
1732 4192 2015 4247 Christum

327 4292 526 4329 omnes
554 4277 905 4330 immortales
933 4277 993 4330 in
1026 4279 1208 4347 gratia
1237 4279 1381 4332 ﬁunt
1408 4280 1510 4332 ﬁlii
1534 4281 1653 4333 Dei.
1683 4281 1795 4335 Cur
1826 4288 2017 4336 autem

2123 3130 2292 3183 etiam
2329 3149 2355 3179 «
2392 3133 2553 3182 notas
2602 3128 2733 3182 fecit
2779 3128 3002 3182 divitias
3060 3129 3257 3199 gloria}
3308 3146 3427 3183 sua:
3458 3130 3513 3181 in
3548 3146 3684 3183 vasa
3717 3130 3817 3183 mi-

2123 3218 2461 3272 sericordiae.
2495 3219 2631 3271 «Ita
2662 3218 2814 3271 enim
2850 3218 2985 3288 quid
3027 3218 3132 3272 sibi
3166 3222 3469 3288 praestetur
3499 3218 3669 3272 discit
3700 3236 3816 3288 gra-

2123 3307 2194 3360 tis
2220 3306 2586 3376 justiﬁcatus,
2634 3307 2770 3360 dum
2814 3323 2927 3359 non
2960 3323 3063 3360 suo
3100 3308 3323 3372 merito,
3358 3307 3453 3359 sed
3502 3308 3686 3377 gloria
3712 3310 3814 3359 lar-

2126 3395 2356 3465 gissime
2391 3395 2489 3448 Dei
2521 3394 2926 3449 misericordiae
2959 3395 3301 3449 discernitur
3331 3412 3358 3448 a
3380 3396 3659 3449 damnato
3691 3412 3814 3448 cum

2125 3499 2239 3552 quo
2283 3481 2482 3535 eadem
2509 3480 2733 3551 justitia
2782 3481 2966 3535 fuerat
3013 3486 3067 3534 et
3106 3482 3231 3551 ipse
3272 3482 3655 3535 damnandus.
3685 3485 3814 3536 Tam

2127 3570 2336 3622 multos
2366 3573 2557 3621 autem
2607 3568 2879 3621 creandos
2937 3568 3091 3621 nasci
3140 3567 3317 3622 voluit
3358 3585 3500 3639 quos
3548 3570 3616 3621 ad
3662 3586 3814 3620 suam

2128 3657 2371 3727 gratiam
2407 3672 2523 3709 non
2571 3656 2861 3726 pertinere
2896 3656 3200 3726 praescivit,
3234 3660 3299 3709 ut
3331 3657 3703 3710 multitudine
3731 3656 3813 3709 in-

2126 3745 2497 3815 comparabili
2554 3745 2749 3815 plures
2806 3744 2940 3809 sint,
2998 3760 3171 3814 quam
3228 3761 3372 3815 quos
3416 3745 3475 3797 in
3526 3746 3611 3798 sui
3663 3744 3814 3815 regni

2127 3836 2369 3905 gloriam
2417 3834 2566 3888 ﬁlios
2634 3833 3031 3903 promissionis
3086 3833 3495 3903 prtedestinare
3556 3834 3814 3903 dignatus

2129 3930 2248 3977 est:
2278 3929 2342 3977 ut
2390 3923 2562 3977 etiam
2611 3923 2733 3993 ipsa
2769 3922 3108 3992 rejectorum
3141 3922 3512 3976 multitudine
3559 3923 3813 3975 ostende-

2128 4018 2303 4080 retur,
2341 4028 2513 4082 quam
2546 4011 2759 4064 nullius
2783 4010 3060 4063 momenti
3093 4010 3165 4063 sit
3196 4010 3348 4080 apud
3382 4012 3563 4064 Deum
3597 4011 3809 4080 justum

2129 4101 2481 4172 quantalibet
2512 4100 2888 4153 numerositas
2914 4098 3226 4168 justissime
3258 4099 3683 4152 damnatorum.
3717 4104 3808 4152 At-

2130 4206 2240 4260 que
2274 4193 2333 4242 ut
2371 4188 2503 4241 hinc
2534 4204 2763 4258 quoque
2803 4188 3149 4257 intelligant,
3184 4188 3281 4256 qui
3313 4204 3377 4240 ex
3429 4187 3555 4257 ipsa
3585 4188 3808 4241 damna-

2129 4278 2283 4332 tione
2335 4277 2716 4343 redimuntur,
2792 4277 2895 4329 hoc
2947 4276 3120 4329 fuisse
3183 4276 3442 4329 debitum
3485 4293 3686 4329 massae
3736 4276 3809 4328 illi

325 4370 659 4435 quaerantur
688 4365 860 4418 etiam
893 4366 971 4418 illi
1004 4382 1145 4436 quos
1192 4368 1420 4421 Creator
1448 4369 1626 4422 voluit
1658 4370 1727 4423 ad
1777 4370 2015 4423 damna-
2058 4371 2099 4424 D
2128 4368 2427 4433 universa),
2464 4366 2617 4437 quod
2648 4374 2761 4420 tam
2796 4382 3015 4435 magna;
3044 4366 3191 4435 parti
3222 4366 3344 4435 ejus
3373 4366 3665 4419 redditum
3698 4381 3809 4417 cer-

326 4455 563 4514 tionem,
598 4470 713 4507 non
745 4454 813 4508 ad
846 4455 1087 4525 gratiam
1126 4456 1431 4525 pertinere,
1471 4457 1670 4510 beatus
1716 4459 2017 4527 Apostolus

325 4548 484 4597 tanto
532 4542 905 4596 succinctiore
952 4542 1246 4610 brevitate,
1294 4548 1511 4613 quanto
1562 4546 1777 4614 majore
1824 4550 2017 4599 aucto-

326 4631 489 4684 ritate
533 4634 980 4684 commemorat:
1018 4650 1044 4681 «
1098 4632 1299 4692 Deum,
1345 4630 1501 4684 enim
1541 4631 1697 4698 dicit,
1736 4633 2017 4687 volentem

327 4719 625 4773 ostendere
682 4718 827 4772 iram
883 4724 939 4771 et
1015 4719 1411 4772 demonstrare
1478 4719 1797 4788 potentiam
1857 4737 2017 4775 suam

325 4808 580 4862 attulisse
611 4809 793 4861 multa
830 4809 886 4861 in
918 4808 1195 4878 patientia
1236 4824 1369 4861 vasa
1414 4807 1535 4874 irae,
1591 4824 1716 4878 quae
1770 4810 2020 4879 perfecta

325 4901 457 4950 sunt
490 4897 548 4950 in
599 4898 1023 4968 perditionem;
1087 4903 1141 4950 et
1203 4901 1264 4950 ut
1317 4902 1477 4951 notas
1539 4897 1745 4951 faceret
1794 4897 2020 4952 divitias

325 4986 522 5055 glorias
572 5002 688 5040 sure
738 4986 798 5039 in
851 5002 982 5039 vasa
1040 4986 1473 5054 misericordiae,
1534 5003 1705 5057 quem
1754 4988 2019 5057 superius

323 5075 542 5128 dixerat
576 5097 601 5124 «
635 5080 910 5145 tanquam
942 5075 1185 5145 ﬁgulum
1218 5076 1322 5129 luti
1355 5092 1419 5128 ex
1466 5075 1665 5129 eadem
1714 5091 1900 5129 massa
1938 5074 2018 5128 fa-

324 5181 449 5218 cere
481 5165 635 5218 aliud
670 5181 763 5217 vas
796 5165 854 5218 in
884 5164 1190 5233 honorem,
1224 5165 1374 5218 aliud
1397 5181 1491 5218 vas
1521 5166 1581 5218 in
1612 5165 2016 5219 contumeliam

324 5255 506 5321 (Rom.
554 5269 629 5320 1x,
681 5256 770 5319 22,
824 5255 912 5319 23,
980 5257 1089 5319 2t).
1143 5276 1168 5302 ››
1237 5253 1431 5308 Merito
1483 5259 1675 5307 autem
1735 5254 2020 5308 videretur

326 5342 599 5412 injustam
647 5342 799 5412 quod
848 5341 994 5396 ﬁunt
1040 5359 1171 5395 vasa
1234 5343 1333 5396 ira:
1386 5342 1456 5397 ad
1518 5343 1925 5412 perditionem,
1973 5343 2019 5396 si

326 5446 439 5483 non
481 5436 627 5484 esset
671 5432 796 5500 ipsa
845 5431 1107 5484 universa
1160 5448 1225 5484 ex
1282 5432 1463 5485 Adam
1492 5447 1679 5484 massa
1725 5431 2013 5485 damnata.

326 5518 480 5581 Quod
512 5534 647 5587 ergo
681 5519 825 5571 ﬁunt
856 5518 987 5571 inde
1018 5518 1303 5572 nascendo
1335 5536 1465 5571 vasa
1508 5520 1631 5587 irae,
1670 5519 1918 5589 pertinet
1947 5518 2018 5570 ad

326 5605 576 5659 debitam
612 5618 881 5675 poenam;
912 5606 1064 5675 quod
1097 5609 1287 5659 autem
1321 5606 1469 5659 liunt
1509 5606 1855 5659 renascendo
1888 5621 2020 5659 vasa

2127 4461 2350 4521 herent,
2377 4471 2489 4508 non
2514 4454 2693 4508 solum
2725 4454 2782 4506 in
2814 4454 2915 4520 eis,
2951 4455 3051 4524 qui
3082 4454 3350 4524 originali
3385 4460 3619 4524 peccato
3643 4454 3808 4506 multa

2129 4544 2368 4609 addunt,
2414 4544 2577 4597 malae
2632 4542 2939 4596 voluntatis
2990 4542 3247 4609 arbitrio,
3301 4559 3500 4595 verum
3546 4544 3715 4597 etiam
3758 4543 3805 4593 in

2127 4637 2243 4685 tam
2280 4631 2474 4685 multis
2504 4631 2773 4701 parvulis,
2807 4630 2905 4700 qui
2946 4630 3345 4683 tantummodo
3391 4630 3620 4683 vinculo
3648 4631 3805 4698 origi-

2128 4720 2273 4773 nalis
2302 4720 2516 4789 peccati
2544 4718 2797 4771 obstricti
2839 4717 2961 4770 sine
3007 4716 3189 4787 gratia
3243 4716 3576 4769 mediatoris
3620 4733 3683 4769 ex
3716 4717 3806 4769 hac

2128 4810 2251 4861 luce
2286 4808 2607 4878 rapiuntur.
2646 4806 2782 4859 Tota
2813 4806 3028 4876 quippe
3078 4805 3184 4857 ista
3231 4820 3417 4857 massa
3447 4804 3621 4872 justze
3661 4804 3803 4858 dam-

2130 4896 2383 4949 nationis
2423 4895 2702 4965 reciperet
2752 4894 3031 4961 debitum,
3086 4893 3191 4945 nisi
3232 4909 3294 4945 ex
3342 4909 3407 4944 ea
3450 4894 3663 4946 faceret
3707 4908 3802 4945 non

2129 4986 2311 5038 solum
2340 4985 2549 5055 justus,
2583 4984 2677 5037 sed
2712 4983 2883 5037 etiam
2919 4982 3238 5036 misericors
3263 5003 3289 5031 ‹‹
3323 4982 3538 5051 ﬁgulus
3563 4983 3671 5035 alia
3694 4996 3802 5032 vasa

2129 5075 2188 5128 in
2212 5075 2511 5140 honorem,
2534 5096 2558 5121 n
2578 5073 2893 5127 secundum
2915 5071 3180 5141 gratiam,
3203 5087 3316 5124 non
3337 5071 3650 5124 secundum
3674 5070 3803 5124 debi-

2134 5168 2275 5229 tum,
2308 5163 2444 5216 dum
2467 5168 2522 5215 et
2549 5160 2800 5231 parvulis
2833 5160 3112 5224 subvenit,
3152 5175 3398 5229 quorum
3432 5160 3593 5212 nulla
3625 5159 3801 5212 merita

2129 5250 2239 5303 dici
2270 5254 2532 5320 possunt,
2581 5255 2635 5303 et
2672 5250 2916 5319 majores
2955 5248 3253 5318 praevenit,
3290 5252 3349 5299 ut
3388 5248 3600 5300 habere
3634 5248 3799 5316 alique

2130 5340 2334 5393 merita
2364 5338 2625 5409 possint.)

2202 5429 2363 5494 Item,
2391 5426 2452 5479 in
2499 5426 2663 5481 libris
2712 5424 2782 5478 de
2826 5424 3060 5479 Civitate
3114 5423 3234 5489 Dei,
3275 5423 3473 5477 volens
3526 5422 3799 5476 ostendere

2131 5519 2410 5586 quantum
2461 5514 2619 5567 nefas
2663 5514 2720 5566 in
2758 5513 2855 5565 illa
2901 5512 3087 5583 prima
3145 5511 3615 5582 praevaricatione
3674 5525 3798 5563 coni-

2132 5604 2371 5658 missum
2404 5604 2499 5667 sit,
2532 5608 2586 5655 et
2615 5602 2862 5673 qualiter
2894 5601 3018 5670 ejus
3049 5600 3253 5654 merito
3284 5600 3441 5653 credi
3476 5600 3680 5654 debeat
3706 5601 3799 5651 tota
