3884 6218
136 278 248 329 tu}?

1168 278 1256 332 DE
1299 277 1648 334 GENEBALI
1691 280 1823 333 PER
1864 282 2054 335 ADAM
2101 282 2577 337 DAMNATIONE.

3513 290 3644 340 ltl78

128 407 357 461 humani
411 410 637 478 generis
683 423 868 461 massa
913 408 1203 473 damnata,
1253 407 1329 460 ita
1364 408 1499 461 dicit
1528 425 1539 461 :
1573 408 1819 477 [Quanto
1858 414 1904 463 A
1938 431 1963 457 ‹‹
1995 425 2061 462 ex
2095 410 2290 467 eadem
2318 426 2503 463 massa
2532 411 2663 465 fecit
2691 412 2844 465 aliud
2882 428 2974 464 vas
2998 413 3074 478 .in
3123 414 3420 479 honorem,
3474 416 3626 469 aliud

130 497 265 549 enim
316 497 509 566 magis
539 498 711 551 homo
762 496 1057 550 fruebatur
1092 498 1225 561 Deo,
1272 502 1431 549 tanto
1464 499 1681 567 majore
1714 497 1821 550 im-

129 588 328 653 pietate
379 586 691 656 dereliquit
741 586 952 651 Deum;
983 590 1039 637 et
1082 586 1261 638 factus
1302 592 1384 638 est
1431 587 1580 638 malo
1616 586 1822 654 dignus

129 678 355 739 :eterno,
392 675 496 743 qui
522 675 627 727 hoc
658 674 717 726 in
741 690 798 726 se
831 674 1075 744 peremit
1096 673 1332 732 bonum.
1368 673 1522 743 quod
1546 689 1665 726 esse
1698 690 1837 742 pos-.

128 770 195 815 set
220 770 531 817 aeternum.
560 763 703 817 Hinc
725 769 809 816 est
831 763 1094 815 universa
1117 762 1342 831 generis
1364 762 1601 814 humani
1639 778 1823 815 massa

129 852 392 905 damnata
427 868 439 904 :
480 852 754 922 quoniam
782 852 880 920 qui
913 852 1017 904 hoc
1060 850 1280 920 primus
1312 850 1541 904 admisit
1572 866 1700 903 cum
1734 867 1817 914 ea,

127 957 240 1010 quae
275 942 341 993 in
378 942 476 994 illo
510 942 698 995 fuerat
745 941 1015 1003 radicata,
1051 955 1152 992 sua
1199 941 1374 1009 stirpe
1406 942 1643 1009 punitus
1690 944 1771 993 est
1806 954 1817 993 :

125 1036 178 1083 ut
202 1030 403 1082 nullus
438 1030 506 1083 ab
539 1031 644 1083 hoc
670 1030 823 1099 justo
852 1028 1164 1099 debitoque
1201 1030 1481 1098 supplicio
1514 1029 1623 1081 nisi
1651 1030 1819 1082 mise-

126 1118 369 1171 ricordia
413 1126 471 1171 et
520 1118 776 1171 indebita
822 1118 1006 1187 gratia
1054 1117 1341 1181 liberetur,
1392 1124 1564 1187 atque
1608 1118 1685 1170 ita
1732 1118 1819 1170 di-

126 1208 433 1275 spertiatur
486 1224 668 1278 genus
718 1207 1059 1271 humanum,
1117 1211 1177 1259 ut
1233 1206 1289 1259 in
1337 1208 1680 1276 quibusdam
1731 1207 1822 1259 de-

125 1302 479 1349 monstretur
524 1297 664 1367 quid
698 1297 883 1349 valeat
927 1296 1245 1348 misericors
1280 1296 1459 1363 gratia
1503 1294 1561 1347 in
1600 1294 1820 1348 cmteris

123 1384 251 1453 quid
280 1385 444 1453 justa
494 1385 757 1438 vindicta.
796 1386 990 1452 Neque
1039 1384 1192 1436 enim
1227 1390 1533 1452 utrumque
1580 1383 1819 1435 demon-

124 1478 369 1526 staretur
420 1472 481 1525 in
524 1473 813 1526 omnibus.
861 1472 1003 1537 Quia
1050 1473 1095 1524 si
1128 1487 1324 1525 omnes
1355 1477 1719 1524 remanerent
1761 1471 1820 1523 in

124 1562 299 1631 ptenis
328 1563 502 1632 justze
548 1560 950 1625 damnationis,
985 1561 1042 1615 in
1078 1562 1233 1614 nullo
1267 1566 1567 1631 appareret
1597 1560 1817 1612 miseri-

123 1667 239 1702 cors
275 1650 485 1719 gratia.
529 1651 762 1715 Rursus,
797 1649 839 1702 si
871 1665 1069 1703 omnes
1117 1650 1563 1703 transferrentur
1597 1664 1629 1700 a
1662 1652 1817 1700 tene-

124 1739 230 1791 bris
261 1738 327 1791 in
370 1739 579 1803 lucem,
614 1738 672 1791 in
702 1738 859 1791 nullo
900 1744 1202 1808 appareret
1232 1737 1437 1791 veritas
1468 1736 1724 1802 ultionis,
1759 1737 1814 1789 in

125 1843 226 1897 qua
261 1834 577 1896 propterea
604 1828 785 1880 multo
814 1827 1007 1896 plures
1037 1843 1207 1897 quam
1242 1826 1299 1879 in
1332 1826 1429 1879 illa
1463 1832 1613 1889 sunt,
1649 1832 1711 1877 ut
1740 1825 1819 1878 sic

128 1915 462 1968 ostendatur
494 1910 630 1984 quid
663 1915 930 1968 omnibus
971 1915 1293 1969 deberetur.
1329 1914 1488 1978 Quod
1540 1916 1583 1966 si
1632 1914 1817 1967 omni-

125 2003 221 2055 bus
253 2004 617 2068 redderetur,
646 2004 930 2073 justitiam
962 2004 1304 2058 vindicantis
1325 2005 1477 2072 juste
1524 2020 1696 2057 nemo
1729 2020 1817 2057 re-

128 2092 530 2161 prehenderet,
565 2093 698 2162 quia
724 2108 858 2146 vero
883 2098 997 2146 tam
1024 2093 1219 2146 multis
1246 2093 1444 2145 exinde
1479 2092 1815 2157 liberantur,

126 2186 201 2231 est
226 2179 384 2231 unde
418 2185 661 2249 agantur
690 2180 957 2233 maxima}
984 2181 1183 2250 gratiae
1214 2180 1461 2249 gratuito
1497 2180 1723 2233 muneri
1759 2180 1820 2233 li-

124 2267 417 2337 herantis.|

189 2355 332 2408 Item
383 2354 502 2407 ibi:
551 2354 712 2423 [Cum
772 2372 909 2424 ergo
977 2354 1306 2425 requiritur,
1370 2355 1577 2425 inquit,
1644 2345 1817 2425 quam

128 2447 367 2496 mortem
404 2444 550 2496 Deus
596 2444 796 2513 primis
843 2444 1176 2497 hominibus
1207 2444 1382 2497 fuerit
1414 2444 1813 2511 comminatus,

125 2532 166 2583 si
196 2532 265 2585 ab
288 2548 356 2585 eo
390 2532 723 2586 mandatum
764 2532 1304 2600 transgrederentur
1351 2538 1666 2601 acceptum,
1715 2549 1818 2585 nec

126 2620 511 2673 obedientiam
538 2620 915 2687 custodirent,
948 2626 1139 2673 utrum
1169 2620 1396 2685 animm,
1432 2636 1505 2672 an
1538 2621 1812 2689 corporis,

125 2725 188 2760 an
219 2703 397 2762 totius
430 2710 680 2763 hominis
714 2726 785 2762 an
821 2709 977 2763 illam
1010 2725 1138 2779 qua:
1170 2708 1485 2778 appellatur
1519 2709 1767 2761 secunda
1788 2710 1817 2761 ?

125 2798 608 2867 Respondendum
661 2803 782 2851 est:
860 2814 1077 2851 omnes.
1148 2798 1339 2849 Prima
1395 2798 1549 2850 enim
1598 2802 1817 2850 constat

122 2902 181 2939 ex
234 2887 483 2951 duabus,
532 2902 601 2939 ex
646 2885 915 2939 omnibus
963 2890 1098 2938 tota.
1155 2884 1311 2939 Sicut
1356 2885 1507 2937 enim
1554 2884 1817 2937 universa

121 2980 269 3027 terra
298 2991 364 3027 ex
410 2974 606 3027 multis
634 2973 802 3027 terris
849 2977 903 3026 et
952 2973 1216 3025 universa
1266 2972 1509 3026 Ecclesia
1558 2989 1624 3025 ex
1658 2973 1813 3026 mul-

120 3064 183 3115 tis
212 3063 479 3117 Ecclesiis
512 3068 750 3131 constat,
781 3062 858 3114 sic
905 3061 1169 3114 universa
1208 3078 1363 3115 mors
1408 3077 1475 3115 ex
1508 3062 1811 3128 omnibus;

118 3153 392 3221 quoniam
448 3151 637 3221 prima
694 3154 917 3204 constat
971 3150 1213 3215 duabus,
1276 3166 1391 3203 una
1449 3150 1674 3214 animae,
1724 3150 1811 3203 al—

118 3246 234 3293 tera
294 3241 593 3310 corporis:
658 3244 717 3293 ut
769 3239 842 3292 sit
901 3238 1085 3309 prima
1124 3238 1299 3291 totius
1362 3238 1630 3304 hominis,
1680 3255 1808 3291 cum

117 3329 302 3382 anima
334 3329 458 3382 sine
495 3329 631 3395 Deo,
684 3334 739 3381 et
787 3329 907 3380 sine
955 3343 1192 3396 corpore
1239 3326 1305 3379 ad
1340 3332 1565 3396 tempus
1612 3342 1809 3395 pmnas

118 3417 235 3470 luit.
270 3418 531 3473 Secunda
563 3433 694 3470 vero
721 3416 815 3469 ubi
848 3416 1039 3469 anima
1071 3416 1191 3468 sine
1230 3417 1344 3469 Deo
1391 3432 1518 3468 cum
1572 3430 1808 3485 corpore

114 3522 306 3575 poenas
337 3513 583 3560 aeternas
614 3505 739 3558 luit.
784 3504 1020 3569 Quando
1070 3520 1204 3573 ergo
1255 3503 1399 3558 dixit
1444 3505 1589 3558 Deus
1620 3504 1807 3574 primo

114 3596 190 3648 illi
217 3594 466 3662 homini,
501 3610 674 3665 quem
710 3594 767 3646 in
820 3593 1082 3663 paradiso
1139 3593 1513 3647 constituerat
1561 3593 1630 3647 de
1680 3592 1806 3647 cibo

114 3684 318 3737 vetito:
350 3706 374 3731 υ
411 3683 761 3752 Quacumque
794 3681 883 3734 die
932 3680 1165 3734 ederitis
1214 3697 1278 3733 ex
1311 3680 1432 3746 illo,
1468 3685 1649 3734 morte
1681 3696 1801 3734 mo-

113 3772 340 3825 riemini
374 3772 524 3842 (Gen.
587 3787 645 3836 ii,
704 3770 807 3839 l7),
849 3794 869 3818 ι
924 3786 1037 3823 non
1086 3774 1310 3823 tantum
1354 3770 1555 3840 primae
1602 3770 1805 3823 mortis

114 3865 332 3930 partem
377 3860 632 3930 priorem
683 3858 779 3912 ubi
814 3858 1005 3911 anima
1037 3858 1296 3927 privatur
1339 3860 1475 3923 Deo,
1526 3874 1629 3911 nec
1680 3863 1805 3911 tan-

112 3953 227 4001 tum
288 3946 667 4017 posteriorem
722 3945 818 3998 ubi
873 3962 1080 4015 corpus
1141 3946 1400 4016 privatur
1443 3946 1654 4010 anima,
1704 3964 1807 4001 nec

114 4037 287 4090 solam
320 4036 505 4105 ipsam
540 4038 717 4088 totam
751 4034 1020 4103 primam,
1067 4033 1162 4087 ubi
1192 4035 1382 4087 anima
1415 4040 1470 4088 et
1500 4053 1528 4087 a
1570 4051 1805 4105 corpore

112 4131 161 4178 et
192 4143 222 4178 a
255 4128 371 4179 Deo
402 4129 662 4193 separata
712 4122 967 4191 punitur,
1004 4123 1099 4176 sed
1135 4124 1415 4194 quidquid
1473 4125 1676 4178 mortis
1724 4129 1807 4178 est

112 4230 288 4284 usque
324 4214 393 4267 ad
434 4213 807 4267 novissimam
838 4228 965 4282 quas
1023 4214 1270 4266 secunda
1317 4213 1544 4280 dicitur,
1580 4230 1693 4284 qua
1723 4218 1806 4267 est

111 4304 260 4356 nulla
294 4302 603 4372 posterior,
637 4301 1004 4355 comminatio
1036 4301 1133 4355 illa
1164 4303 1455 4371 complexa
1486 4304 1613 4373 est.]

174 4392 347 4457 Item,
391 4406 519 4442 cum
553 4389 623 4442 de
668 4389 901 4443 exordio
949 4389 1193 4442 duarum
1240 4390 1535 4443 civitatum
1585 4396 1800 4460 ageret,

110 4495 354 4548 quarum
399 4494 513 4531 una
556 4484 641 4531 est
692 4478 810 4543 Dei,
846 4478 1025 4531 altera
1065 4478 1295 4542 diaboli,
1343 4480 1439 4533 illa
1492 4480 1588 4533 Dei
1620 4480 1804 4549 gratia

110 4569 366 4631 liberata,
401 4567 509 4620 ista
536 4567 691 4636 justa
723 4567 941 4621 ultione
984 4568 1270 4634 damnata,
1332 4568 1391 4621 in
1440 4570 1562 4639 ipso
1611 4570 1801 4623 statim

108 4658 439 4710 earumdem
495 4661 701 4709 exortu
750 4662 1061 4726 utrumque
1122 4657 1461 4711 mirabiliter
1510 4664 1801 4713 ostensum

106 4746 177 4798 ita
226 4745 619 4810 commendat,
676 4745 906 4799 dicens:
968 4744 1135 4816 [Cum
1186 4746 1439 4816 primum
1498 4747 1626 4801 duas
1682 4748 1802 4801 ista!

105 4838 403 4903 coeperunt
434 4833 736 4897 nascendo,
788 4838 957 4902 atque
1007 4832 1304 4886 moriendo
1356 4848 1690 4901 procurrere
1722 4834 1799 4886 ci-

108 4923 327 4987 vitates,
360 4922 521 4991 prior
550 4926 635 4975 est
663 4927 829 4975 natus
870 4920 1005 4974 civis
1048 4922 1222 4991 hujus
1269 4922 1478 4985 saeculi,
1517 4922 1800 4991 posterius

104 5017 294 5065 autem
327 5012 432 5063 isto
459 5010 802 5081 peregrinus
828 5010 887 5062 in
930 5010 1160 5075 saeculo,
1194 5015 1250 5063 et
1293 5010 1586 5081 pertinens
1619 5012 1689 5064 ad
1721 5012 1797 5064 ci-

104 5102 337 5155 vitatem
403 5100 503 5153 Dei
558 5099 742 5169 gratia
796 5099 1261 5170 praedestinatus.‘
1319 5100 1504 5169 gratia
1565 5101 1797 5166 electus,

105 5190 287 5258 gratia
318 5189 662 5259 peregrinus
686 5189 974 5253 deorsum,
1008 5187 1190 5259 gratia
1213 5188 1347 5241 civis
1378 5205 1624 5242 sursum.
1658 5192 1797 5243 Nam

105 5283 381 5348 quantum
416 5277 486 5330 ad
518 5277 707 5346 ipsum
741 5277 943 5331 attinet
975 5296 1001 5327 «
1040 5294 1106 5330 ex
1155 5278 1352 5331 eadem
1406 5294 1591 5331 massa
1626 5299 1647 5325 ι
1683 5279 1796 5331 ori-

105 5370 207 5431 tur,
261 5381 394 5436 quze
440 5364 799 5433 originaliter
842 5370 926 5417 est
971 5369 1087 5418 tota
1129 5366 1437 5419 damnata:
1490 5366 1585 5419 sed
1620 5388 1645 5413 α
1683 5372 1801 5420 tan-

104 5469 266 5520 quam
304 5452 521 5521 tigulus
558 5452 702 5503 Deus
735 5472 759 5497 η
805 5451 968 5517 (hanc
1017 5451 1169 5502 enim
1218 5451 1651 5505 similitudinem
1688 5470 1798 5506 non

105 5539 493 5610 impudenter,
552 5538 648 5590 sed
719 5538 1034 5607 prudenter
1088 5537 1422 5592 introduicit
1472 5540 1797 5608 Apostolus)

1856 1708 1899 1764 Β

1853 3008 1893 3062 C

1934 497 1992 549 in
2042 499 2444 551 contumeliam
2498 502 2664 567 (Rom.
2718 502 2837 567 ix):
2893 522 2918 547 ››
2964 501 3123 569 prius
3169 506 3360 555 autem
3414 502 3628 556 factum

1934 590 2023 638 est
2057 603 2149 638 vas
2182 586 2241 639 in
2266 586 2695 653 contumeliam,
2730 595 2855 657 post
2898 606 3027 641 vero
3059 592 3301 644 alterum
3358 591 3413 643 in
3446 591 3627 644 hono-

1934 676 2099 743 rem.]
2132 676 2255 727 Jam
2297 691 2450 741 vero,
2485 676 2543 727 in
2576 676 2735 729 libris
2785 678 2852 729 de
2886 678 3175 747 Baptismo
3225 679 3625 746 parvulorum,

1932 768 2086 817 tanto
2144 764 2310 832 plura
2369 764 2437 817 de
2494 764 2599 816 hac
2671 780 2728 816 re
2790 765 3066 834 loquitur,
3134 774 3347 835 quanto
3407 768 3622 836 majore

1934 851 2253 904 intentione
2288 868 2431 920 opus
2462 857 2601 915 erat,
2637 856 2699 904 ut
2729 852 2994 905 adversus
3025 854 3287 921 prmfatos
3323 854 3622 907 hasreticos

1932 940 2293 1008 Pelagianos,
2349 945 2404 992 et
2462 956 2689 1009 poenam
2766 941 3146 993 damnationis
3214 943 3466 1012 antiqua:
3522 958 3625 1011 per

1930 1028 2110 1081 Adam
2145 1034 2196 1080 et
2236 1029 2656 1098 indulgentiam
2699 1045 2855 1081 novae
2908 1030 3317 1099 redemptionis
3372 1047 3471 1100 per
3515 1032 3620 1084 Do-

1932 1116 2153 1168 minum
2204 1118 2395 1169 Jesum
2467 1117 2751 1171 Christum
2815 1118 3130 1171 evidentius
3181 1119 3619 1184 demonstraret,

1933 1205 2221 1273 probaret,
2255 1212 2426 1274 atque
2456 1208 2901 1259 commendaret.

2004 1296 2073 1347 Ex
2110 1294 2194 1345 his
2226 1294 2414 1363 itaque
2442 1295 2599 1347 libris
2632 1296 2751 1348 haec
2799 1300 2933 1347 sunt
2984 1312 3111 1365 quae.
3164 1295 3233 1348 ad
3285 1301 3534 1348 nostram
3570 1299 3625 1349 et

1931 1398 2127 1435 eorum
2160 1383 2255 1453 qui
2288 1384 2473 1453 legere
2505 1384 2789 1436 voluerint
2825 1384 3284 1447 instructionem,
3321 1389 3377 1437 et
3408 1387 3624 1437 contir-

1932 1472 2242 1524 mationem
2277 1472 2621 1537 adnotanda,
2649 1478 2705 1525 et
2727 1473 3101 1541 proponenda
3128 1473 3495 1526 credidimus.
3531 1474 3625 1526 Ait

1932 1577 2066 1630 ergo
2092 1562 2147 1613 in
2204 1560 2389 1630 primo
2436 1561 2577 1613 libro
2629 1566 2769 1629 (cap.
2812 1565 2912 1627 ll),
2966 1562 3033 1614 de
3066 1561 3169 1613 hac
3218 1578 3277 1613 re
3324 1562 3623 1631 disputans

1932 1649 2037 1701 hoc
2090 1649 2293 1702 modo:
2362 1648 2487 1719 [Sed
2543 1668 2568 1697 (ι
2629 1648 2906 1718 regnavit,
2964 1671 2990 1696 ››
3043 1648 3234 1718 inquit
3290 1651 3617 1719 Apostolus,

1932 1759 1958 1785 ‹‹
1992 1754 2144 1790 mors
2174 1738 2242 1790 ab
2273 1737 2452 1791 Adam
2490 1753 2666 1806 usque
2697 1737 2765 1790 ad
2800 1738 3023 1805 Moysen
3052 1739 3224 1806 (Rom.
3264 1754 3333 1803 v1,
3374 1738 3475 1807 14),
3518 1760 3537 1785 ι
3562 1739 3617 1791 id

1927 1833 2031 1891 est,
2067 1843 2098 1878 a
2129 1826 2317 1894 primo
2352 1826 2584 1879 homine
2637 1842 2814 1895 usque
2863 1826 2935 1878 ad
2984 1826 3165 1895 ipsam
3203 1826 3374 1879 etiam
3405 1826 3613 1896 legem,

1926 1932 2055 1985 quas
2086 1914 2355 1968 divinitus
2400 1915 2765 1983 promulgata
2796 1919 2917 1978 est;
2956 1915 3093 1985 quia
3138 1931 3239 1967 nec
3268 1915 3389 1984 ipsa
3436 1916 3621 1984 potuit

1927 2020 2224 2073 «regnum
2274 2004 2471 2055 mortis
2524 2024 2549 2053 »
2599 2003 2843 2056 auferre.
2898 2005 3160 2073 Regnum
3212 2004 3365 2056 enim
3414 2004 3614 2057 n.0rtis

1924 2092 2045 2144 vult
2086 2090 2351 2160 intelligi,
2400 2090 2631 2160 quando
2676 2090 2754 2143 ita
2804 2090 3134 2143 dominatur
3180 2090 3238 2143 in
3292 2091 3621 2144 hominibus

1926 2184 2115 2232 reatus
2149 2178 2380 2248 peccati,
2419 2184 2479 2231 ut
2510 2194 2603 2231 eos
2651 2178 2716 2231 ad
2754 2178 2925 2231 vitam
2982 2184 3277 2244 aeternam,
3330 2196 3458 2249 qum
3486 2196 3617 2232 vera

1924 2268 2041 2320 vita
2073 2272 2173 2333 est,
2206 2267 2399 2319 venire
2454 2283 2567 2319 non
2604 2267 2782 2331 sinat;
2819 2267 2915 2319 sed
2949 2268 3019 2320 ad
3064 2268 3367 2321 secundam
3418 2268 3615 2333 etiam,

1926 2372 2055 2427 quas
2089 2356 2387 2425 poenaliter
2432 2360 2645 2409 azterna
2675 2361 2779 2422 est,
2827 2360 3075 2408 mortem
3124 2356 3346 2409 trahat:
3386 2356 3494 2410 hoc
3526 2374 3613 2409 re-

1925 2461 2103 2515 gnum
2139 2445 2337 2498 mortis
2367 2445 2484 2497 sola
2512 2445 2571 2497 in
2605 2445 2859 2514 quolibet
2890 2444 3122 2497 homine
3156 2445 3339 2514 gratia
3372 2446 3616 2498 destruit

1925 2534 2229 2587 Salvatoris
2261 2549 2389 2603 qum
2422 2538 2655 2602 operata
2682 2537 2763 2584 est
2791 2532 2964 2585 etiam
2998 2533 3053 2585 in
3106 2533 3355 2602 antiquis
3386 2534 3613 2586 sanctis.

1924 2623 2072 2693 Ergo
2104 2623 2160 2675 in
2192 2622 2461 2675 omnibus
2495 2644 2519 2668 ‹‹
2573 2622 2848 2690 regnavit,
2904 2638 3055 2674 mors
3104 2622 3173 2675 ab
3213 2622 3390 2675 Adam
3435 2640 3614 2691 usque

1923 2711 1991 2763 ad
2026 2712 2273 2780 Moysen,
2306 2732 2333 2758 ››
2370 2711 2464 2780 qui
2501 2710 2706 2763 Christi
2736 2710 2918 2778 gratia
2968 2726 3083 2762 non
3133 2711 3313 2779 adjuti
3363 2716 3515 2776 sunt,
3556 2716 3616 2765 ut

1922 2814 2167 2869 regnum
2199 2799 2397 2852 mortis
2448 2798 2505 2851 in
2551 2798 2631 2851 eis
2681 2799 3087 2860 destrueretur,
3139 2799 3309 2852 etiam
3351 2821 3371 2845 ‹
3408 2799 3465 2852 in
3508 2800 3611 2867 eis,

1924 2889 2023 2959 qui
2050 2904 2167 2940 non
2199 2891 2576 2956 peccaverunt
2607 2888 2664 2940 in
2707 2886 3141 2941 similitudinem
3189 2888 3610 2957 prtevaricatio—

1924 2975 2012 3031 nis
2041 2977 2174 3030 Adm
2207 2976 2415 3045 (111211.),
2460 2997 2485 3023 ››
2528 2975 2581 3028 id
2632 2980 2735 3039 est,
2785 2975 2883 3045 qui
2933 2975 3185 3028 nondum
3231 2994 3329 3029 sua
3377 2982 3431 3029 et
3477 2994 3610 3047 pro-

1922 3066 2049 3137 pria
2106 3066 2416 3129 voluntate,
2468 3063 2612 3116 sicut
2662 3062 2754 3116 ille
2804 3069 3201 3133 peccaverunt,
3253 3064 3348 3118 sed
3395 3064 3465 3118 ab
3516 3065 3610 3118 illo

1921 3160 2215 3225 peccatum
2250 3153 2532 3222 originale
2565 3157 2881 3211 traxerunt,
2918 3173 2943 3201 ‹‹
2979 3152 3076 3222 qui
3107 3158 3189 3205 est
3217 3152 3400 3206 forma
3431 3153 3607 3207 futuri

1920 3240 2131 3312 (ibid.);
2170 3260 2195 3289 ι)
2231 3241 2366 3309 quia
2388 3240 2445 3292 in
2475 3240 2572 3292 illo
2604 3239 2913 3292 constituta
2934 3244 3016 3292 est
3048 3239 3233 3293 forma
3262 3241 3608 3294 condemna-

1918 3329 2091 3383 tionis
2122 3330 2328 3382 futuris
2362 3328 2623 3398 posteris,
2662 3328 2761 3397 qui
2813 3329 2933 3397 ejus
2982 3328 3301 3399 propagine
3345 3346 3606 3383 crearen-

1918 3420 2034 3484 tur,
2069 3422 2129 3469 ut
2167 3432 2233 3468 ex
2285 3432 2397 3468 uno
2432 3432 2630 3468 omnes
2678 3416 2735 3469 in
2785 3417 3260 3469 condemnatione
3312 3433 3603 3472 nasceren-

1917 3507 2027 3569 tur,
2061 3519 2125 3556 ex
2155 3519 2267 3573 qua
2298 3519 2414 3556 non
2448 3502 2652 3556 liberat
2678 3502 2788 3556 nisi
2819 3504 3003 3571 gratia
3031 3504 3386 3575 Salvatoris]

1988 3593 2130 3645 Item
2177 3591 2315 3660 (cap.
2369 3591 2500 3659 tl):
2560 3588 2646 3659 [In
2694 3589 3068 3644 similitudine
3125 3592 3608 3660 praevaricationis

1914 3680 2051 3734 Adae
2083 3696 2343 3749 peccasse
2369 3678 2728 3749 accipiuntur
2773 3680 2873 3748 qui
2902 3679 2958 3732 in
2991 3679 3088 3732 illo
3120 3686 3516 3750 peccaverunt,
3546 3686 3607 3735 ut

1915 3768 1967 3821 ei
1998 3767 2211 3821 similes
2254 3772 2603 3832 crearentur,
2645 3766 2791 3819 sicut
2831 3782 2897 3819 ex
2937 3768 3169 3821 homine
3210 3769 3493 3834 homines,
3526 3769 3605 3823 ita

1916 3872 1983 3910 ex
2013 3861 2308 3926 peccatore
2344 3860 2690 3926 peccatores,
2726 3871 2791 3909 ex
2837 3855 3115 3909 morituro
3166 3856 3449 3922 morituri,
3497 3856 3603 3909 da-

1914 3950 2228 4015 mnatoque
2260 3942 2553 4014 damnati]

1988 4036 2128 4088 Item
2163 4036 2299 4103 (cup.
2338 4037 2417 4101 16)
2460 4050 2471 4086 :
2504 4032 2711 4105 [Potest
2744 4032 2986 4103 proinde
3018 4037 3169 4086 recte
3199 4033 3307 4086 dici
3334 4035 3603 4103 parvulos

1915 4123 2035 4176 sine
2080 4122 2365 4192 baptismo
2421 4122 2489 4175 de
2532 4137 2773 4190 corpore
2814 4126 3083 4174 exeuntes
3128 4121 3184 4174 in
3231 4121 3601 4176 damnatione

1915 4211 2173 4264 omnium
2226 4210 2525 4264 mitissima
2574 4210 2811 4263 futuros.
2860 4211 3093 4264 Multum
3138 4215 3329 4264 autem
3378 4211 3520 4265 fallit
3548 4218 3602 4265 et

1843 4305 1884 4357 D
1910 4299 2147 4364 fallitur,
2182 4300 2280 4369 qui
2310 4316 2405 4352 eos
2432 4300 2487 4352 in
2513 4300 2878 4353 damnatione
2908 4299 3180 4369 praedicat
3210 4316 3325 4353 non
3356 4300 3597 4367 futuros,

1912 4388 2135 4442 dicente
2168 4389 2441 4458 Apostolo
2469 4406 2480 4441 :
2521 4411 2539 4435 ιι
2575 4389 2862 4443 Judicium
2891 4404 2954 4441 ex
2999 4405 3113 4441 uno
3147 4389 3351 4442 delicto
3384 4389 3441 4441 in
3474 4406 3602 4443 con-

1910 4477 2336 4531 demnationem
2362 4494 2374 4531 :
2411 4500 2437 4526 ››
2471 4482 2526 4531 et
2555 4479 2727 4547 paulo
2760 4483 2903 4547 post,
2943 4500 2970 4526 ‹‹
3001 4494 3104 4547 per
3135 4478 3301 4531 unius
3328 4478 3597 4531 delictum

1912 4565 1969 4619 in
1996 4583 2195 4619 omnes
2228 4567 2489 4619 homines
2518 4567 2587 4619 ad
2619 4567 3175 4620 condemnationem.
3211 4568 3261 4635 »_l

1984 4655 2123 4707 Item
2158 4659 2300 4723 (cap.
2337 4656 2423 4725 20)
2450 4669 2461 4707 :
2488 4655 2539 4723 [«
2563 4655 2731 4707 Panis
2747 4672 2919 4725 quem
2946 4671 3051 4724 ego
3076 4656 3283 4709 dedero
3315 4672 3444 4709 caro
3474 4672 3600 4710 mea

1910 4748 1993 4796 est
2024 4759 2125 4812 pro
2154 4744 2343 4796 sazculi
2393 4743 2506 4795 vita
2555 4743 2730 4810 (Joan.
2780 4759 2849 4802 v1,
2896 4744 2978 4803 5i,
3030 4747 3141 4811 52).
3178 4766 3203 4790 ››
3243 4744 3377 4807 Quis
3410 4751 3597 4798 autem

1908 4832 2162 4901 ambigat
2219 4832 2407 4884 saaculi
2468 4831 2701 4883 nomine
2771 4831 3020 4884 hominis
3076 4833 3443 4902 signiﬁcasse,
3503 4835 3600 4904 qui

1908 4921 2194 4974 nascendo
2229 4921 2289 4973 iu
2331 4922 2438 4973 hoc
2477 4920 2747 4973 sa'culum
2794 4920 3051 4973 veniunt.
3103 4922 3241 4974 Nam
3292 4922 3436 4976 sicut
3465 4923 3599 4976 alibi

1910 5009 2023 5062 ait:
2061 5031 2086 5055 ‹‹
2144 5009 2269 5063 Filii
2328 5008 2517 5061 saeculi
2581 5008 2752 5076 hujus
2810 5014 3087 5077 generant
3144 5015 3196 5061 et
3249 5016 3599 5080 generantur

1911 5098 2063 5167 (Luc.
2097 5114 2241 5163 χχιιι,
2293 5096 2397 5163 34).
2435 5117 2453 5142 θ
2499 5100 2572 5149 Ac
2603 5112 2703 5165 per
2735 5096 2843 5149 hoc
2884 5096 3057 5149 etiam
3089 5113 3192 5166 pro
3228 5100 3595 5167 parvulorum

1908 5186 2021 5239 vita
2050 5201 2180 5237 caro
2212 5185 2341 5238 data
2376 5189 2478 5249 est,
2517 5200 2646 5255 qua:
2678 5184 2807 5237 data
2838 5189 2921 5237 est
2965 5200 3068 5253 pro
3116 5187 3308 5239 saeculi
3352 5188 3463 5239 vita
3497 5205 3509 5241 :
3546 5194 3601 5240 et

1907 5274 1952 5327 si
1986 5289 2101 5326 non
2135 5274 2626 5326 manducaverunt
2654 5290 2882 5326 carnem
2914 5274 3016 5327 filii
3049 5274 3319 5337 hominis,
3353 5290 3458 5327 nec
3490 5276 3597 5345 ipsi

1907 5362 2201 5415 habebunt
2230 5362 2451 5431 vitam.]

1981 5452 2119 5503 Item
2154 5452 2293 5519 (cap.
2328 5452 2421 5513 2t)
2455 5470 2469 5503 :
2505 5448 2675 5521 (Bene
2724 5456 2915 5503 autem
2949 5466 3062 5503 non
3097 5449 3193 5513 ait,
3229 5473 3247 5496 ι
3301 5451 3387 5504 Ira
3444 5453 3535 5505 llei
3572 5476 3595 5497 ››

1908 5539 2095 5593 veniet
2125 5556 2297 5610 super
2328 5557 2482 5607 cum,
2515 5541 2613 5594 sed
2646 5562 2671 5588 ι(
2707 5543 2899 5594 manet
2931 5555 3101 5610 super
3130 5554 3280 5593 eum.
3318 5560 3345 5585 ››
3378 5540 3462 5595 Ab
3495 5542 3599 5595 hac
