3884 6218
266 180 397 230 1079

258 307 472 377 quippe
500 307 606 376 ira,
634 323 746 377 qua
769 322 965 360 omnes
996 307 1097 359 sub
1121 310 1348 375 peccato
1372 310 1526 369 sunt,
1558 305 1627 359 de
1661 321 1774 376 qua
1804 305 1941 358 dicit
1978 310 2024 360 A

258 399 579 466 Apostolus,
616 416 641 446 «
678 395 909 448 Fuimus
939 395 1092 447 enim
1135 400 1189 447 ct
1233 412 1338 447 nos
1372 394 1679 464 aliquando
1712 400 1950 447 natura-

260 486 389 538 liter
418 484 520 537 ﬁlii
551 485 671 548 irae,
704 484 849 537 sicut
872 489 926 536 et
954 483 1381 552 cmteriwphes.
1418 501 1478 550 11,
1503 482 1576 552 3),
1612 503 1639 531 »
1678 483 1832 535 nulla
1862 499 1951 535 res

258 574 481 638 liberat,
516 573 623 625 nisi
660 591 685 623 ί(
720 571 909 625 Gratia
940 572 1037 625 Dei
1071 588 1172 643 per
1200 573 1393 625 Jesum
1434 571 1720 625 Christum
1754 570 1951 625 Domi-

259 677 396 713 num
427 665 688 713 nostrum
714 663 887 727 (Rom.
914 676 1009 725 vn,
1043 661 1152 731 25).
1190 661 1239 730 ››]

334 750 471 802 Item
502 749 643 818 (cap.
676 750 765 819 22)
801 764 812 802 :
870 748 1050 820 [Tales
1082 766 1217 818 ergo
1250 748 1648 818 praedestinari
1682 753 1736 801 et
1772 748 1951 801 creari

259 838 525 903 arbitror,
560 843 623 891 ut
665 838 763 908 qui
812 844 1051 909 possunt
1091 838 1417 907 intelligant
1452 837 1553 891 Dei
1598 837 1863 907 gratiam,
1898 840 1952 889 et

258 926 543 997 spiritum,
581 950 605 975 ‹‹
652 928 750 997 qui
800 927 899 981 ubi
948 929 1065 980 vult
1117 928 1297 997 spirat
1339 927 1519 996 (Joan.
1578 943 1657 990 111,
1713 926 1785 995 8),
1822 946 1847 975 ››
1876 925 1949 979 ob

260 1018 366 1069 hoc
389 1031 557 1069 omne
607 1015 830 1085 ingenii
876 1032 1056 1085 genus
1103 1015 1162 1067 in
1211 1015 1342 1067 ﬁliis
1390 1013 1795 1066 misericordiae
1835 1029 1951 1065 non

260 1104 580 1174 praeterisse
608 1121 619 1158 :
652 1104 903 1174 itemque
937 1120 1107 1157 omne
1133 1102 1354 1171 ingenii
1386 1119 1565 1171 genus
1588 1102 1645 1155 in
1673 1102 1952 1171 gehennae

198 1250 201 1253 λ
263 1193 394 1246 tiliis
424 1193 735 1263 praeterire.
770 1211 796 1244 (ι
830 1194 898 1245 Ut
943 1192 1041 1262 qui
1089 1192 1387 1260 gloriatur,
1437 1190 1494 1243 in
1556 1191 1794 1243 Domino
1827 1191 1950 1259 glo-

262 1281 439 1335 rietur
470 1282 531 1349 (Ι
558 1282 676 1336 Cor.
714 1298 749 1348 1,
789 1282 894 1349 3t).
932 1279 983 1350 υ]

332 1371 471 1423 Item
526 1370 709 1439 (ibid:
776 1367 1075 1439 [Cedamus
1134 1367 1330 1438 igitur,
1414 1373 1469 1420 et
1528 1367 1952 1422 consentiamus

264 1458 586 1511 auctoritati
642 1463 851 1510 sanctae
901 1456 1229 1526 Scripturze,
1281 1472 1407 1527 quat
1454 1456 1632 1509 nescit
1678 1456 1816 1522 falli,
1853 1473 1955 1509 nec

262 1546 478 1599 fallere.
513 1547 576 1599 Et
609 1546 752 1599 sicut
798 1545 1055 1598 nondum
1104 1550 1266 1599 natos
1307 1545 1377 1598 ad
1430 1544 1805 1598 discernenda
1834 1561 1951 1597 me-

262 1635 372 1687 rita
404 1650 601 1688 eorum
632 1633 849 1703 aliquid
905 1633 1041 1686 boni
1094 1634 1180 1685 vel
1237 1632 1372 1686 mali
1403 1633 1584 1702 egisse
1617 1649 1733 1685 non
1773 1632 1951 1686 credi-

262 1739 409 1789 mus,
445 1722 523 1775 ita
567 1738 765 1775 omnes
822 1721 926 1775 sub
976 1726 1212 1791 peccato
1259 1738 1402 1787 esse,
1451 1722 1603 1791 quod
1635 1737 1738 1791 per
1770 1738 1955 1774 unum

263 1810 559 1865 hominem
591 1810 821 1863 intravit
864 1809 925 1863 in
977 1810 1279 1875 mundum,
1314 1815 1369 1864 et
1398 1826 1501 1880 per
1532 1826 1729 1863 omnes
1769 1810 1959 1863 homi-

265 1915 366 1953 nes
399 1899 746 1969 pertransiit,
773 1916 805 1952 a
839 1915 953 1969 quo
988 1915 1107 1952 non
1137 1898 1343 1952 liberat
1370 1898 1477 1951 nisi
1509 1898 1694 1967 gratia
1721 1900 1819 1953 Dei
1855 1914 1958 1970 per

265 1988 576 2042 Dominum
596 1989 788 2041 Jesum
813 1987 1103 2041 Christum
1129 1987 1367 2041 minime
1404 1988 1746 2041 dubitemus.
1784 1987 1956 2057 Cujus

264 2075 620 2129 medicinalis
652 2075 927 2128 adventus
961 2092 1073 2127 non
1106 2081 1191 2128 est
1240 2092 1382 2146 opus
1430 2076 1601 2142 sanis,
1633 2077 1730 2129 sed
1772 2092 1956 2146 (egro-

262 2164 535 2229 t‘intibus,
566 2164 701 2234 quia
732 2180 846 2217 non
894 2164 1048 2216 venit
1078 2180 1279 2217 vocare
1303 2164 1508 2234 justos,
1559 2164 1656 2218 sed
1694 2170 1953 2234 peccato-

263 2269 351 2305 res
384 2253 598 2322 (Matth.
628 2269 702 2316 ιχ,
742 2255 824 2318 12,
872 2255 976 2319 13).
1015 2253 1077 2306 In
1127 2253 1287 2322 cujus
1339 2268 1581 2323 regnum
1630 2252 1792 2306 noni

476 2254 702 2316 1tth.1x,
742 2255 824 2318 12,
872 2255 976 2319 13).
1015 2253 1077 2306 In
1127 2253 1287 2322 cujus
1339 2268 1581 2323 regnum
1630 2268 1745 2306 non
1774 2252 1955 2306 intra-
2002 2282 2010 2288 ~

263 2341 381 2395 bit:
419 2357 443 2393 ‹
499 2341 616 2394 Nisi
666 2341 765 2411 qui
819 2345 1048 2394 renatus
1108 2340 1282 2395 fuerit
1337 2357 1399 2395 ex
1455 2357 1603 2411 aqua
1643 2346 1699 2395 et
1751 2341 1957 2412 spiritu

266 2430 439 2499 (Joan.
468 2446 520 2495 v,
560 2430 633 2499 5),
668 2453 692 2478 ››
749 2446 850 2483 nec
898 2435 1107 2499 praeter
1154 2446 1398 2500 regnum
1452 2430 1574 2501 ejus
1620 2431 1863 2484 salutem
1894 2448 1957 2485 ac

268 2519 439 2571 vitam
486 2518 798 2588 possidebit
830 2524 1125 2573 aeternam.
1160 2519 1442 2583 Quoniam
1487 2520 1587 2589 qui
1631 2536 1746 2573 non
1796 2536 1955 2574 man-

264 2606 549 2660 ducaverit
575 2623 802 2659 carnem
824 2608 967 2677 ejus,
998 2614 1053 2660 et
1080 2607 1179 2677 qui
1199 2606 1523 2661 incredulus
1553 2612 1633 2660 est
1656 2607 1813 2673 Filio,
1838 2625 1956 2662 non

265 2696 436 2748 habet
466 2695 658 2762 vitam,
694 2697 791 2748 sed
824 2696 907 2749 ira
944 2696 1035 2749 Dei
1073 2701 1266 2749 manet
1294 2713 1468 2766 super
1494 2712 1625 2749 eum
1662 2697 1836 2761 (Joan.
1872 2715 1951 2765 ιιι,

266 2785 357 2852 v1).
391 2784 475 2837 Ab
507 2784 612 2837 hoc
643 2789 891 2854 peccato,
947 2786 1017 2837 ab
1065 2785 1169 2837 hac
1221 2785 1582 2855 aegritudine,
1633 2787 1703 2839 ab
1738 2786 1841 2839 hac
1873 2786 1956 2839 ira

268 2873 383 2938 Dei,
417 2874 579 2943 cujus
612 2875 944 2927 naturaliter
976 2875 1079 2927 ﬁlii
1124 2880 1272 2940 sunt,
1311 2875 1410 2944 qui
1443 2874 1661 2928 etiamsi
1692 2892 1793 2944 per
1820 2878 1958 2929 aeta-
1995 2879 2032 2932 C

263 2964 379 3012 tem
410 2976 526 3013 non
570 2961 782 3015 habent
813 2962 1138 3030 proprium,
1182 2963 1420 3016 trahunt
1452 2968 1643 3016 tamen
1675 2963 1956 3034 originale

266 3054 580 3116 peccatum,
633 3066 745 3101 non
800 3050 1007 3103 liberat
1055 3051 1162 3103 nisi
1192 3070 1215 3097 α
1261 3053 1455 3119 Agnus
1496 3052 1615 3111 Dei,
1664 3052 1764 3122 qui
1809 3053 1959 3106 tollit

267 3141 494 3203 peccata
523 3137 723 3190 mundi
752 3138 930 3204 (Joan.
968 3156 1004 3204 1,
1035 3140 1120 3205 29)
1149 3159 1164 3206 ;
1210 3160 1228 3186 ο
1262 3155 1379 3192 non
1404 3140 1513 3191 nisi
1544 3140 1822 3202 medicus,
1855 3141 1956 3211 qui

266 3240 381 3276 non
426 3224 582 3277 venit
637 3231 875 3294 propter
915 3232 1163 3296 aegrotos
1202 3244 1214 3295 ;
1260 3244 1375 3281 non
1418 3228 1525 3280 nisi
1568 3229 1839 3295 Salvator,
1887 3230 1957 3283 de

266 3328 379 3380 quo
414 3312 627 3366 dictum
655 3319 739 3367 est
784 3316 983 3384 generi
1014 3316 1305 3370 humano:
1345 3338 1372 3365 ‹‹
1427 3318 1601 3370 Natus
1646 3321 1728 3370 est
1775 3318 1953 3384 vobis,

264 3400 435 3455 hodie
460 3402 717 3455 Salvator
758 3403 905 3471 (Luc.
945 3420 1006 3471 11,
1043 3404 1158 3473 ll);
1193 3424 1220 3456 ))
1274 3422 1389 3458 non
1423 3404 1532 3458 nisi
1585 3405 1952 3475 Redemptor,

267 3490 427 3560 cujus
454 3491 730 3561 sanguine
776 3492 998 3545 deletur
1036 3493 1292 3546 debitum
1340 3499 1619 3548 nostrum.
1654 3496 1795 3548 Nam
1828 3495 1957 3565 quis

265 3578 471 3631 audeat
494 3578 677 3633 dicere
706 3596 820 3633 non
852 3598 970 3634 esse
1022 3583 1309 3636 Christum
1360 3582 1669 3636 infantium
1719 3585 1957 3637 salvato-

266 3683 505 3720 remnec
534 3668 1004 3737 redemptorem?
1041 3672 1195 3724 Unde
1246 3677 1435 3725 autem
1486 3672 1669 3725 salvos
1723 3672 1875 3737 facit,
1910 3673 1957 3727 si

268 3756 422 3808 nulla
447 3755 506 3808 in
532 3756 613 3810 eis
645 3764 728 3810 est
758 3758 1057 3827 originalis
1088 3761 1368 3828 aegritudo
1396 3761 1659 3829 peccati?
1685 3761 1842 3815 Unde
1873 3778 1956 3814 re-

266 3843 452 3909 dimit,
486 3844 532 3896 si
571 3861 689 3897 non
718 3852 853 3899 sunt
900 3862 1003 3914 per
1055 3847 1343 3916 originem
1374 3848 1546 3917 primi
1576 3849 1827 3902 hominis
1857 3866 1952 3903 vc-

265 3932 506 3985 nundati
532 3932 634 3985 sub
660 3940 889 4003 peccato
912 3934 955 4005 ‘Pj

332 4021 472 4073 ltem
505 4021 651 4089 (cap.
691 4024 781 4089 26)
818 4038 830 4075 :
885 4023 1213 4092 [Dominum
1258 4025 1452 4077 Jesum
1499 4025 1790 4079 Christum
1836 4042 1955 4080 non

262 4108 431 4162 aliam
468 4111 539 4162 ob
573 4125 801 4162 causam
850 4110 909 4163 in
962 4126 1131 4164 carne
1164 4112 1405 4177 venisse,
1457 4128 1520 4165 ac
1568 4112 1753 4166 forma
1805 4114 1952 4166 servi

262 4202 493 4263 accepta
532 4196 740 4249 factum
777 4197 1136 4252 obedientem
1169 4216 1346 4270 usque
1391 4201 1460 4254 ad
1494 4208 1735 4255 mortem
1772 4201 1951 4255 crucis
1990 4197 2033 4251 D

263 4284 486 4352 (Philip.
524 4300 582 4350 ιι,
632 4284 706 4354 7),
758 4285 869 4338 nisi
913 4291 973 4339 ut
1015 4286 1119 4339 hac
1158 4288 1580 4358 dispensatione
1629 4290 1952 4343 misericor-

260 4370 509 4426 dissima;
536 4372 735 4442 gratia:
767 4390 986 4441 omnes,
1017 4375 1223 4444 quibus
1268 4382 1542 4447 tanquam
1590 4378 1861 4431 membris
1892 4379 1952 4432 in

261 4476 500 4529 corpore
532 4463 855 4516 constitutis
910 4469 1080 4534 caput
1135 4468 1239 4530 est,
1276 4465 1345 4518 ad
1399 4468 1811 4535 capessendum
1838 4478 1953 4520 're—

260 4564 437 4618 gnum
469 4550 742 4604 caelorum
773 4551 1104 4618 viviﬁcaret,
1140 4558 1196 4607 et
1226 4553 1409 4607 salvos
1457 4554 1686 4621 faceret,
1740 4554 1951 4608 libera-

259 4643 364 4699 ret,
403 4636 772 4707 illuminaret,
805 4645 862 4694 et
899 4641 1211 4696 redimeret
1260 4643 1361 4713 qui
1408 4643 1569 4713 prius
1620 4642 1863 4697 fuissent
1891 4644 1951 4697 in

261 4732 621 4794 peccatorum
672 4735 875 4796 morte,
933 4730 1326 4801 languoribus,
1378 4732 1669 4793 servitute,
1714 4732 1950 4801 captivi-

262 4818 394 4881 tate,
430 4816 685 4869 tenebris
723 4818 1032 4883 constituti,
1081 4820 1185 4873 sub
1227 4824 1505 4889 potestate
1541 4820 1755 4874 diaboli
1784 4821 1951 4890 prin-

259 4902 400 4971 cipis
438 4910 823 4974 peccatorum.
858 4910 935 4961 Ac
975 4908 1052 4961 sic
1081 4908 1243 4962 ﬁeret
1273 4930 1299 4957 ι(
1334 4910 1607 4963 Mediator
1638 4910 1735 4963 Dei
1770 4916 1826 4962 et
1854 4910 1950 4963 ho-

263 4990 482 5045 minum
519 4994 570 5063 (Ι
599 4996 733 5047 Tim.
770 5012 827 5061 11,
872 4996 943 5065 ὃ),
1007 5020 1025 5043 υ
1089 5013 1192 5065 per
1240 5014 1411 5068 quem
1462 5004 1587 5067 post
1620 4997 1948 5051 inimicitias

258 5078 570 5148 impietatis
602 5088 832 5149 nostra},
867 5083 1019 5137 illius
1046 5086 1243 5154 gratiae
1279 5103 1414 5155 pace
1460 5087 1671 5151 ﬁnitas,
1702 5085 1950 5139 reconci-

257 5161 531 5216 liaremur
565 5166 677 5219 Deo
723 5166 782 5219 in
833 5173 1106 5222 aeternam
1140 5169 1335 5237 vitam,
1370 5170 1437 5224 ab
1494 5177 1709 5225 asterna
1740 5176 1943 5234 morte,

260 5267 387 5321 quae
414 5252 620 5306 talibus
651 5255 1037 5324 impendebat,
1070 5257 1294 5330 erepti.]

330 5340 470 5392 Item
500 5341 680 5411 (ἱὸίιί.)
718 5344 981 5412 [Oportet
1006 5348 1273 5414 parvulos
1302 5362 1470 5416 egere
1518 5348 1629 5401 illis
1653 5348 1946 5402 beneﬁciis

260 5427 607 5495 mediatoris,
643 5437 707 5484 ut
737 5432 914 5485 abluti
959 5450 1059 5503 per
1086 5442 1527 5504 sacramentum,
1578 5436 1945 5492 charitatern-

1996 1604 2035 1657 Β

1354 176 1408 228 S.
1452 174 1723 229 REMIGII
1766 174 2255 231 LL’GDUNENSIS
2296 175 2632 233 EPISCOPI.

3666 176 3829 227 {usu

2058 322 2169 375 que
2201 306 2481 374 ﬁdelium,
2507 324 2571 360 ac
2596 306 2673 360 sic
2699 306 3050 376 incorporati
3074 307 3284 362 Christi
3307 323 3590 378 corpore,
3634 304 3835 374 quod

2061 400 2147 448 est
2180 397 2443 459 Ecclesia,
2492 395 2937 449 reconcilientur
2982 398 3117 458 Deo,
3152 402 3212 450 ut
3261 397 3320 450 in
3368 398 3467 451 illo
3517 395 3691 459 vivi,
3766 400 3836 444 ut

2061 484 2221 548 salvi,
2255 490 2315 538 ut
2368 485 2610 553 liberati,
2668 488 2730 538 ut
2773 485 3074 555 redempti,
3123 492 3182 539 ut
3225 486 3538 539 illuminati
3591 486 3783 537 ﬁant
3820 497 3831 531 :

2065 572 2223 625 Unde
2256 572 2364 625 nisi
2395 591 2427 625 a
2477 579 2681 638 morte,
2731 573 2899 639 vitiis,
2948 579 3131 639 reatu,
3187 574 3572 643 subjectione,
3634 579 3833 624 tene-

2059 660 2176 713 bris
2207 662 2613 729 peccatorum?
2669 664 2806 724 Dure
2859 662 3131 733 quoniam
3185 663 3341 716 nulla
3372 664 3433 716 in
3485 679 3551 716 ea
3612 666 3831 714 aetate

2059 763 2161 816 per
2193 764 2354 801 suam
2385 748 2558 801 vitam
2592 750 2790 818 propri
2817 765 2889 800 tm
2940 749 3376 815 commiserunt,
3426 754 3626 804 restat
3671 746 3825 800 ori-

2059 835 2289 905 ginale.)

2130 926 2271 977 Item
2298 927 2432 993 (cap.
2463 927 2555 994 27)
2594 942 2605 978 :
2645 926 2808 995 [Cum
2846 926 2915 979 ad
2954 926 3253 980 Zachaaum
3292 926 3576 980 Dominus
3623 931 3819 976 esset

2059 1011 2388 1081 ingressus:
2428 1036 2453 1062 α
2495 1014 2693 1082 Hodie,
2736 1014 2942 1084 inquit,
2993 1016 3145 1069 salus
3186 1016 3382 1069 domui
3426 1015 3565 1068 huic
3636 1015 3825 1067 facta

2061 1108 2163 1165 est,
2199 1102 2470 1171 quoniam
2530 1107 2586 1155 et
2626 1102 2730 1156 iste
2769 1103 2920 1157 ﬁlius
2965 1108 3049 1157 est
3092 1104 3357 1158 Abrahzr.
3391 1104 3560 1157 Venit
3622 1103 3824 1155 enim

2062 1188 2213 1242 ﬁlius
2264 1188 2512 1243 hominis
2579 1207 2857 1261 quaerere,
2919 1197 2974 1244 et
3011 1192 3258 1245 .salvare
3307 1193 3459 1262 quod
3513 1191 3823 1261 perierat

2063 1277 2211 1347 (Luc.
2247 1294 2358 1345 x1x,
2386 1281 2438 1345 9,
2498 1277 2606 1345 lO).
2673 1300 2701 1327 »
2744 1280 2860 1333 [Ioc
2903 1279 2971 1332 de
3003 1295 3103 1332 ove
3158 1280 3401 1349 perdita,
3462 1285 3521 1333 et
3550 1279 3822 1333 relictis

2064 1368 2378 1436 nonaginta
2436 1383 2644 1419 novem
2698 1368 2954 1437 quaesit-.1,
3001 1374 3056 1421 et
3114 1368 3345 1421 invento
3401 1369 3513 1422 hoc
3586 1374 3663 1421 et
3737 1368 3821 1419 de

2063 1455 2352 1521 drachma,
2412 1472 2541 1526 quae
2590 1456 2841 1523 perierat
2888 1473 2953 1510 ex
3005 1458 3199 1510 decem
3247 1460 3391 1525 (Luc.
3448 1474 3541 1524 xv,
3597 1459 3671 1523 4,
3720 1457 3817 1523 8').

2066 1544 2217 1597 unde
2241 1546 2561 1614 oportebat,
2595 1551 2658 1598 ut
2684 1545 2852 1599 dicit:
2892 1568 2913 1594 ι
2952 1546 3251 1616 praedicari
3276 1546 3337 1600 in
3374 1547 3623 1599 nomine
3661 1546 3814 1615 ejus

2066 1632 2487 1699 paenitentiam,
2522 1637 2575 1686 et
2627 1633 3028 1687 remissionem
3059 1639 3424 1704 peccatorum
3472 1635 3533 1687 in
3566 1650 3818 1688 omnes

2066 1726 2263 1789 gentes
2334 1720 2740 1791 incipientibus
2822 1722 2891 1776 ab
2996 1724 3307 1777 Jerusalem
3386 1726 3535 1791 (Luc.
3626 1739 3815 1787 xxxv,

2066 1808 2176 1875 47).
2216 1809 2268 1879 ››]

2140 1898 2282 1951 Item
2319 1899 2504 1969 (ibid.)
2535 1916 2546 1952 :
2588 1898 2637 1972 [α
2668 1901 2794 1954 Non
2822 1923 2848 1949 ››
2883 1917 3040 1971 ergo,
3068 1901 3278 1971 inquit,
3311 1924 3336 1949 α
3372 1901 3441 1954 de
3468 1899 3813 1970 sanguini-

2066 1983 2171 2037 bus
2201 1988 2562 2057 congregabo
2597 1989 2990 2041 conventicula
3031 2004 3227 2041 eorum
3261 1991 3429 2056 (Psat.
3467 2006 3557 2055 xv,
3588 1991 3656 2055 4)
3709 2028 3726 2039 .
3778 2010 3800 2034 ο

2068 2088 2215 2126 unus
2252 2075 2405 2127 enim
2449 2076 2682 2145 sanguis
2714 2092 2817 2145 pro
2848 2076 3043 2130 multis
3071 2077 3235 2130 datus
3264 2084 3367 2143 est,
3403 2093 3520 2147 quo
3556 2077 3803 2130 veraci-

2070 2169 2156 2215 ter
2186 2164 2621 2217 mundarentur.
2679 2165 2934 2234 Denique
2982 2165 3277 2235 sequitur:
3325 2189 3345 2212 σ.
3383 2167 3496 2219 Nec
3544 2182 3800 2219 memor

2068 2265 2166 2303 ero
2194 2252 2497 2306 nominum
2546 2268 2746 2305 eorum
2796 2269 2896 2322 per
2950 2252 3102 2305 labia
3152 2269 3277 2306 mea
3326 2254 3537 2321 (ibid),
3572 2274 3596 2303 ι)
3656 2261 3799 2307 tan-

2068 2355 2240 2408 quam
2276 2341 2700 2394 innovatorum.
2736 2342 2877 2394 Nam
2912 2342 3145 2395 nomina
3177 2358 3373 2395 eorum
3404 2349 3573 2395 erant
3602 2344 3791 2412 prius

2066 2426 2171 2480 ﬁlii
2206 2428 2412 2493 carnis,
2482 2430 2588 2482 ﬁlii
2638 2429 2848 2493 sazculi,
2897 2430 3004 2482 ﬁlii
3047 2431 3168 2498 irae,
3204 2430 3307 2483 ﬁlii
3362 2430 3615 2497 diaboli;
3655 2432 3788 2484 im-

2068 2518 2289 2584 mundi,
2326 2524 2669 2587 peccatores,
2707 2519 2891 2588 impii,
2936 2525 3137 2589 postea
3176 2536 3307 2573 vero
3342 2520 3469 2573 Filii
3497 2520 3612 2573 Dei.
3661 2522 3786 2574 Ho-

2067 2606 2210 2659 mini
2246 2623 2414 2674 novo,
2450 2622 2660 2659 nomen
2689 2623 2919 2671 novum,
2955 2608 3242 2661 canticum
3270 2625 3504 2673 novum,
3533 2626 3638 2679 per
3666 2610 3781 2662 Te-

2068 2699 2415 2748 stamentum
2451 2697 2688 2748 Novum.
2726 2697 2851 2748 Non
2880 2696 2995 2749 sint
3022 2697 3234 2766 ingrati
3263 2696 3529 2749 homines
3560 2698 3783 2767 gratize

2069 2782 2186 2842 Dei,
2222 2782 2415 2851 pusilli
2445 2798 2575 2835 cum
2631 2784 2870 2851 magnis,
2901 2799 2934 2835 a
2967 2783 3190 2836 minore
3228 2800 3409 2853 usque
3462 2785 3530 2838 ad
3567 2785 3774 2853 majo-

2066 2886 2207 2923 rem.
2259 2872 2452 2924 Totius
2505 2872 2759 2925 Ecclesia)
2805 2888 2911 2924 vox
2953 2878 3075 2925 est:
3132 2892 3159 2922 «
3216 2873 3412 2925 Erravi
3463 2873 3609 2926 sicut
3643 2874 3777 2925 uvis

2065 2959 2286 3028 perdita
2318 2962 2487 3028 (Psat.
2543 2976 2729 3028 cxvm,
2792 2963 2931 3029 176).
2967 2981 2994 3010 ››
3042 2961 3311 3015 Omnium
3367 2963 3774 3015 membrorum

2065 3048 2276 3101 Christi
2308 3066 2413 3103 vox
2445 3054 2559 3102 est:
2602 3072 2623 3098 ι(
2658 3050 2867 3104 Omnes
2908 3056 2971 3103 ut
3001 3066 3134 3103 oves
3188 3051 3528 3117 erravimus,
3554 3056 3609 3104 et
3641 3052 3773 3121 ipse

2066 3137 2303 3191 traditus
2334 3143 2416 3191 est
2448 3154 2547 3208 pro
2574 3138 2818 3207 peccatis
2851 3139 3058 3191 nostris
3091 3141 3226 3208 (Isa.
3262 3156 3379 3204 L111,
3413 3142 3485 3209 6).
3526 3139 3581 3210 ν]

2132 3230 2273 3281 Item
2304 3227 2448 3295 (cap.
2484 3227 2567 3293 28)
2603 3242 2616 3278 :
2653 3224 2802 3296 [Ipse
2836 3227 3113 3280 Dominus
3151 3228 3509 3281 deﬁnitivam
3556 3233 3767 3297 protu—

2063 3317 2132 3369 lit
2162 3315 2505 3369 sententiam
2538 3314 2606 3367 ad
2644 3314 2767 3367 haec
2791 3330 2890 3367 ora
2920 3316 3289 3378 obstruenda,
3325 3316 3421 3369 ubi
3448 3316 3565 3369 ait:
3605 3339 3623 3363 ε
3654 3314 3765 3379 Qui

2064 3420 2290 3457 mecum
2322 3419 2439 3455 non
2467 3408 2568 3466 est,
2607 3403 2874 3455 adversus
2925 3420 3015 3457 me
3047 3409 3129 3457 est
3176 3405 3409 3475 (Matth.
3449 3422 3544 3471 x11,
3580 3408 3697 3471 30).
3734 3424 3760 3453 ι)

2065 3493 2355 3547 Coustitue
2397 3491 2572 3560 igitur
2613 3491 2932 3561 quemlibet
2977 3493 3323 3563 parvulum:
3361 3493 3406 3544 si
3456 3494 3576 3563 jam
3630 3508 3760 3546 cum

2065 3580 2284 3636 Christo
2314 3587 2418 3647 est,
2452 3580 2669 3649 utquid
2697 3580 3018 3651 baptizatur
3039 3581 3129 3635 ?si
3157 3588 3348 3635 autem
3384 3583 3563 3652 (quod
3586 3583 3762 3635 habet

2064 3668 2299 3738 Veritas)
2326 3668 2450 3721 ideo
2481 3668 2807 3739 baptizatur
2847 3675 2909 3723 ut
2942 3669 3013 3723 sit
3051 3687 3181 3724 cum
3214 3672 3456 3738 Christo,
3502 3673 3761 3742 profectu

2064 3774 2179 3811 non
2212 3756 2533 3826 baptizatus
2562 3773 2679 3810 non
2711 3762 2796 3811 est
2829 3774 2959 3811 cum
2991 3758 3237 3824 Christo,
3271 3766 3328 3813 et
3358 3761 3495 3831 quia
3528 3777 3643 3813 non
3675 3765 3760 3812 est

2063 3862 2193 3899 cum
2259 3845 2477 3899 Christo
2548 3845 2818 3899 adversus
2863 3847 3149 3901 Christum
3201 3852 3321 3902 est:
3374 3864 3565 3919 neque
3606 3848 3758 3902 enim

2063 3935 2185 4004 ejus
2214 3939 2330 3988 tam
2364 3934 2724 3987 manifestam
2756 3935 3048 4003 debemus,
3105 3941 3204 3989 aut
3246 3953 3555 4006 possumus
3600 3936 3755 3990 inﬁr-

2063 4039 2220 4076 mare
2253 4024 2337 4075 vel
2370 4022 2677 4075 immutare
2704 4024 3071 4076 sententiam.
3104 4025 3261 4078 Unde
3287 4024 3469 4094 igitur
3489 4024 3755 4078 adversus

2064 4111 2374 4177 Christum,
2406 4110 2452 4162 si
2495 4126 2610 4162 non
2639 4124 2705 4163 ex
2755 4111 3036 4180 peccato?
3088 4113 3282 4183 Neque
3322 4112 3478 4165 enim
3531 4129 3597 4166 ex
3635 4128 3753 4165 cor-

2065 4216 2202 4270 pore
2236 4205 2289 4253 et
2315 4198 2525 4263 anima,
2554 4214 2683 4268 quae
2715 4204 2955 4269 utraque
2989 4200 3090 4254 Dei
3129 4209 3389 4254 creatura
3435 4205 3539 4253 est.
3587 4203 3753 4254 Porro

2064 4287 2112 4341 si
2143 4303 2211 4341 ex
2241 4291 2492 4357 peccato,
2537 4286 2692 4355 quod
2736 4286 2795 4338 in
2842 4287 2940 4340 illa
2983 4293 3169 4353 astate,
3211 4288 3320 4340 nisi
3365 4288 3667 4358 originale,
3703 4292 3753 4339 et

2063 4376 2366 4445 antiquum
2388 4374 2415 4427 ?
2459 4375 2577 4429 Una
2604 4379 2686 4427 est
2715 4374 2929 4445 quippe
2958 4391 3087 4429 caro
3128 4376 3366 4446 peccati,
3401 4376 3461 4429 in
3488 4393 3605 4445 qua
3637 4393 3751 4429 om-

2062 4479 2162 4517 nes
2188 4463 2257 4517 ad
2292 4462 2718 4516 damnationem
2775 4469 3122 4517 nascuntur:
3167 4469 3222 4517 et
3251 4480 3366 4517 una
3408 4470 3495 4517 est
3539 4481 3667 4517 caro
3698 4464 3749 4516 in

2063 4551 2436 4605 similitudine
2464 4551 2647 4603 carnis
2678 4551 2917 4620 peccati,
2954 4568 3057 4622 per
3097 4568 3268 4623 quam
3306 4568 3512 4606 omnes
3543 4570 3575 4606 a
3608 4554 3750 4607 dam-

2060 4642 2293 4694 natione
2331 4639 2690 4709 liberantur.]

2131 4733 2269 4783 Item
2302 4728 2481 4797 (ibid)
2519 4745 2530 4781 :
2569 4726 2858 4799 [Universa
2908 4728 3145 4781 Ecclesia
3178 4734 3350 4792 tenet,
3389 4746 3521 4799 qua:
3555 4730 3745 4784 adver-

2060 4834 2153 4872 sus
2185 4834 2381 4871 omnes
2409 4817 2674 4887 profanas
2717 4818 2991 4871 novitates
3022 4818 3254 4887 vigilare
3296 4818 3489 4887 debet,
3523 4834 3744 4872 omnem

2060 4907 2355 4960 hominem
2401 4905 2654 4975 separari
2694 4922 2722 4958 a
2771 4908 2901 4971 Deo,
2950 4907 3058 4959 nisi
3100 4906 3198 4977 qui
3238 4923 3341 4977 per
3384 4908 3742 4961 mediatorem

2060 4996 2348 5049 Christum
2376 4994 2776 5048 reconciliatur
2798 4996 2910 5049 Deo
2936 5011 2947 5047 :
2977 5011 3079 5048 nec
3100 4996 3353 5065 separari
3376 5013 3742 5067 quemquam,

2057 5081 2168 5135 nisi
2197 5080 2441 5150 peccatis
2466 5080 2980 5134 intercludentibus
3006 5098 3188 5151 posse.
3226 5083 3349 5135 Non
3375 5098 3514 5152 ergo
3547 5099 3742 5137 recon-

2057 5170 2237 5224 ciliari
2296 5169 2403 5222 nisi
2453 5174 2815 5238 peccatorum
2866 5171 3221 5235 remissione,
3276 5187 3380 5240 per
3421 5188 3597 5225 unam
3635 5188 3741 5242 gra-

2058 5259 2197 5313 tiam
2242 5257 2765 5311 misericordissimi
2825 5258 3149 5319 Salvatoris,
3203 5275 3306 5329 per
3360 5276 3535 5313 unam
3584 5261 3737 5314 victi-

2056 5363 2209 5401 mam
2242 5346 2522 5399 verissimi
2554 5346 2892 5410 sacerdotis;
2928 5364 2989 5399 ac
3021 5347 3098 5399 sic
3125 5363 3324 5401 omnes
3355 5347 3505 5401 ﬁlios
3537 5350 3735 5402 mulie-

2056 5437 2133 5489 ris
2161 5452 2285 5506 quae
2317 5430 2569 5503 serpenti
2605 5435 2861 5501 credidit,
2903 5441 2961 5489 ut
2992 5436 3227 5490 libidine
3274 5442 3735 5508 corrumperetur
