3884 6218
93 278 209 329 1081

1131 280 1220 332 DE
1257 280 1602 334 GENERALI
1643 283 1782 338 PER
1821 283 2009 338 ADAM
2055 282 2526 340 DAMNATIONE.

3439 277 3577 332 1082

87 409 233 474 (Gen.
274 426 352 473 ιιι,
396 411 536 476 1-6),
564 424 681 462 non
724 408 954 462 liberari
1002 426 1035 462 a
1084 425 1325 479 corpore
1358 410 1558 464 mortis
1587 411 1775 480 hujus,
1816 413 1947 468 Ain
2008 413 2192 466 radice
2247 413 2557 480 vitiaverat,
2611 427 2778 482 pcena
2834 409 3035 464 mortis
3084 414 3141 464 et
3191 407 3577 463 damnationis

88 496 186 547 nisi
214 511 320 564 per
345 495 552 548 Filium
598 495 838 565 virginis
870 512 998 565 quae
1028 497 1232 566 angelo
1275 497 1530 563 credidit,
1565 503 1627 552 ut
1655 498 1777 552 sine

88 583 319 636 libidine
351 583 627 636 fetaretur
658 581 805 652 (Luc.
841 582 928 653 1).]

153 673 295 725 Item
327 673 477 740 (cap.
524 671 687 741 30).[
739 691 764 722 «
815 671 927 725 Nisi
961 671 1090 742 quis
1139 677 1305 726 natus
1345 673 1517 728 fuerit
1565 674 1775 743 denuo,

91 777 195 813 non
228 766 409 830 potest
445 761 636 814 videre
669 776 910 829 regnum
960 761 1057 815 Dei
1093 783 1118 807 ››
1155 762 1255 814 Et:
1306 780 1332 812 α
1384 762 1500 816 Nisi
1531 763 1657 833 quis
1689 780 1777 816 re-

92 857 250 903 natus
312 849 487 903 fuerit
534 866 598 902 ex
660 866 809 920 aqua
879 855 934 902 et
993 850 1220 919 spiritu,
1283 867 1399 904 non
1458 858 1642 920 potest
1690 852 1777 906 in-

92 939 256 990 troire
287 938 346 990 in
399 953 643 1006 regnum
688 938 787 991 Dei
839 939 1030 1006 (Joan.
1065 953 1148 1007 ιιι,
1197 940 1337 1007 3-5).
1392 958 1418 988 ))
1466 940 1576 993 Cur
1622 941 1779 992 enim

92 1031 348 1079 nascatur
390 1027 599 1091 denuo,
641 1026 748 1078 nisi
781 1026 1175 1080 reuovandus?
1211 1027 1365 1080 Unde
1397 1028 1775 1095 renovandus,

93 1116 194 1168 nisi
227 1133 258 1167 a
291 1116 609 1168 vetustate?
639 1116 759 1178 Qua
791 1120 1085 1181 vetustate,
1120 1116 1229 1168 nisi
1278 1117 1336 1169 in
1389 1133 1502 1186 qua
1549 1140 1569 1165 ι
1620 1120 1780 1170 vetus

91 1206 259 1258 homo
291 1210 484 1256 noster
514 1203 682 1256 simul
717 1205 969 1257 confixus
998 1209 1083 1258 est
1128 1220 1257 1258 cum
1289 1204 1409 1271 illo,
1446 1211 1509 1258 ut
1541 1221 1777 1258 evacua-

92 1297 244 1343 retur
275 1307 483 1361 corpus
522 1293 735 1362 peccati
783 1292 956 1359 (Rom.
992 1309 1062 1360 vi,
1093 1292 1192 1361 6)?
1219 1315 1244 1342 ιι
1279 1299 1376 1346 aut
1407 1295 1558 1347 unde
1590 1293 1780 1364 imago

97 1381 188 1432 Dei
210 1396 325 1432 non
353 1379 534 1432 intrat
562 1380 622 1432 in
653 1396 895 1450 regnum
921 1379 1042 1446 Dei,
1074 1381 1186 1434 nisi
1208 1382 1621 1452 impedimento
1653 1399 1781 1452 pro-

96 1469 320 1522 hibente
346 1469 620 1540 peccati?)

161 1559 298 1610 item
329 1561 470 1625 (cap.
509 1558 678 1627 3t):[
724 1579 751 1606 ‹‹
800 1559 998 1623 Nemo,
1048 1579 1074 1608 ››
1109 1559 1314 1630 inquit,
1355 1581 1382 1607 ‹‹
1425 1561 1691 1613 ascendet
1720 1560 1781 1615 in

96 1645 314 1710 caelum,
363 1645 478 1698 nisi
526 1646 625 1715 qui
676 1647 744 1699 de
790 1647 930 1700 ccelo
976 1647 1268 1701 descendit
1309 1648 1463 1701 filius
1507 1649 1775 1713 hominis,

96 1735 187 1804 qui
216 1740 298 1787 est
328 1735 386 1787 in
418 1736 557 1788 coelo
591 1734 776 1804 (Joan.
815 1751 895 1803 ιιι,
933 1737 1038 1804 13).
1073 1757 1092 1782 ι
1144 1736 1254 1803 Sic,
1299 1736 1507 1807 inquit,
1555 1738 1652 1791 ﬁet
1681 1755 1777 1808 ge-

99 1825 306 1876 neratio
340 1823 625 1892 specialis,
659 1829 722 1876 ut
769 1823 881 1877 sint
929 1825 1180 1878 caelestes
1211 1824 1472 1878 homines
1500 1843 1562 1878 ex
1595 1831 1782 1881 terre—

98 1913 196 1979 nis,
229 1913 383 1982 quod
417 1911 656 1981 adipisci
688 1928 800 1965 non
833 1916 1166 1981 potuerunt,
1193 1913 1306 1966 nisi
1335 1915 1595 1969 membra
1625 1914 1685 1968 in
1717 1932 1783 1968 ea

100 2001 410 2054 efficiantur
466 2007 526 2053 nt
591 2000 710 2069 ipse
763 2001 1032 2054 ascendat
1091 2002 1189 2072 qui
1247 2002 1585 2056 descendit:
1648 2004 1783 2073 quia

103 2111 123 2136 α
167 2106 329 2143 nemo
376 2089 653 2158 ascendit,
686 2089 796 2142 nisi
845 2089 944 2160 qui
984 2090 1294 2145 descendit.
1329 2111 1355 2141 ι)
1407 2092 1524 2144 Nisi
1556 2109 1691 2162 ergo
1725 2096 1783 2145 in

101 2179 368 2231 unitatem
405 2177 608 2232 Christi
640 2194 840 2231 omnes
873 2179 1134 2233 mutandi
1169 2180 1507 2250 levandique
1543 2197 1782 2234 concur-

103 2271 236 2329 rant,
286 2273 346 2320 ut
395 2265 652 2320 Christus
699 2266 798 2337 qui
832 2267 1124 2321 descendit
1174 2268 1294 2338 ipse
1345 2270 1630 2334 ascendat,
1669 2287 1784 2323 non

103 2354 244 2408 aliud
275 2355 562 2425 deputans
597 2371 800 2425 corpus
831 2372 1020 2419 suum,
1051 2356 1107 2409 id
1149 2363 1234 2410 est
1263 2357 1564 2411 Ecclesium
1599 2375 1781 2424 suam,

105 2459 262 2513 quam
303 2443 590 2512 seipsum;
637 2444 773 2513 quia
814 2443 883 2498 de
932 2445 1156 2498 Christo
1204 2450 1260 2498 et
1307 2447 1553 2499 Ecclesia
1597 2447 1784 2500 verius

106 2532 468 2601 intelligitur:
498 2551 526 2582 α
551 2532 732 2585 Erunt
763 2532 876 2585 duo
911 2532 970 2585 in
998 2548 1166 2586 carne
1197 2549 1311 2586 una
1335 2534 1486 2601 (Gen.
1520 2551 1577 2602 ιι,
1610 2536 1722 2604 24).
1755 2555 1782 2583 »

109 2621 174 2673 De
202 2637 312 2691 qua
337 2637 398 2673 re
429 2620 552 2690 ipse
585 2619 762 2674 dixit:
801 2641 828 2667 ‹‹
861 2621 1039 2690 lgitur
1071 2621 1194 2692 jam
1225 2638 1341 2676 non
1373 2622 1508 2688 duo,
1542 2624 1641 2677 sed
1674 2639 1786 2676 una

108 2726 224 2763 caro
255 2709 449 2779 (Marc.
474 2725 526 2775 x,
561 2709 632 2779 8),
671 2731 696 2757 ››
729 2709 1035 2763 ascendere
1071 2710 1308 2764 omnino
1334 2727 1447 2764 non
1480 2718 1782 2782 poterunt;

108 2799 249 2868 quia,
285 2822 311 2846 (ι
349 2814 521 2851 nemo
549 2798 799 2852 ascendit
832 2798 888 2851 in
933 2800 1162 2865 caelum,
1197 2799 1307 2852 nisi
1353 2801 1453 2871 qui
1496 2801 1789 2856 descendit

109 2887 166 2939 de
195 2889 350 2952 caalo,
384 2888 539 2940 filius
568 2887 819 2941 hominis
851 2888 950 2957 qui
984 2893 1067 2940 est
1096 2888 1155 2941 in
1184 2889 1346 2942 crelo.
1382 2890 1432 2959 »]

1885 501 2208 566 obstrinxit,
2244 506 2303 553 ut
2333 500 2606 570 quidquid
2642 499 2817 571 prolis
2855 516 2919 552 ex
2972 499 3090 564 illo,
3129 503 3184 551 et
3214 497 3384 550 simul
3416 497 3576 549 dam-

1886 594 2017 642 nata
2063 593 2186 658 (per
2231 605 2402 658 quam
2451 591 2798 660 peccaverat)
2844 588 3088 656 conjuge
3146 603 3244 655 per
3289 584 3577 638 carnalem

1885 677 2430 748 concupiscentiam,
2463 677 2520 730 in
2548 694 2720 746 quam
2743 675 3145 729 iuobedientiae
3175 690 3342 744 poena
3375 673 3576 726 similis

1887 765 2164 819 retributa
2207 772 2310 830 est,
2365 772 2707 828 nasceretur,
2760 765 3010 842 traheret
3060 763 3334 832 originale
3374 777 3574 831 pecca-

1887 859 2028 921 tum,
2063 871 2178 924 quo
2213 854 2532 908 traheretur
2564 870 2663 922 per
2702 869 2922 906 errores
2951 852 3287 921 doloresque
3326 850 3577 904 diversos

1889 943 1957 996 ad
1989 943 2127 996 illud
2159 952 2480 996 extremum
2510 957 2640 994 cum
2683 940 3065 994 desertoribus
3096 937 3316 1008 angelis
3345 937 3577 990 vitiato—

1887 1031 2058 1094 ribus,
2104 1037 2158 1084 et
2203 1030 2648 1100 possessoribus,
2682 1035 2736 1082 et
2776 1029 3131 1081 consortibus
3163 1027 3278 1080 suis
3309 1027 3432 1078 sine
3462 1025 3577 1079 line

1887 1121 2249 1190 supplicium.
2286 1119 2374 1173 Sic
2426 1137 2450 1170 (ι
2488 1135 2590 1188 per
2630 1134 2805 1170 unum
2840 1117 3133 1170 hominem
3165 1121 3460 1184 peccatum
3491 1114 3579 1166 in-

1887 1210 2057 1263 travit
2085 1210 2142 1262 in
2193 1208 2492 1274 mundum,
2530 1211 2580 1260 et
2632 1223 2735 1277 per
2764 1212 3058 1276 peccatum
3106 1220 3280 1267 mors,
3315 1208 3370 1255 ct
3415 1203 3491 1255 ita
3521 1201 3581 1256 in

1887 1314 2083 1351 omnes
2129 1297 2388 1350 homines
2439 1295 2785 1364 pertransiit,
2819 1294 2878 1347 in
2913 1311 3026 1364 quo
3069 1309 3268 1346 omnes
3314 1306 3581 1362 peccave-

1889 1393 2021 1440 runt
2052 1386 2228 1451 (Rom.
2283 1402 2334 1451 ν,
2382 1388 2485 1450 1'2).
2525 1406 2544 1432 ι
2599 1384 2860 1438 Mundam
2905 1383 3118 1452 quippe
3164 1380 3473 1451 appellavit
3513 1395 3581 1433 eo

1889 1475 2008 1528 loco
2039 1473 2338 1543 Apostolus
2369 1473 2695 1525 universum
2726 1486 2909 1540 genus
2936 1469 3296 1535 humanum.)

1961 1563 2124 1632 (Cap.
2180 1565 2289 1627 27'.)
2324 1562 2431 1631 [lta
2480 1577 2613 1630 ergo
2662 1576 2720 1613 se
2751 1575 2841 1612 res
2896 1559 3200 1612 habebant.
3249 1554 3477 1609 .Iacebat
3522 1554 3582 1607 in

1892 1651 2077 1717 malis,
2112 1651 2198 1704 vel
2224 1652 2395 1704 etiam
2430 1649 2756 1702 volvebatur
2787 1653 2840 1700 et
2872 1647 2940 1700 de
2972 1647 3134 1700 malis
3161 1646 3219 1698 iu
3251 1644 3403 1698 mala
3436 1660 3582 1714 pra:-

1890 1740 2238 1812 cipitabatur.
2283 1739 2455 1792 totius
2503 1737 2728 1808 generis
2773 1737 3007 1790 humani
3062 1752 3249 1788 massa
3283 1735 3578 1798 damnata;

1891 1835 1947 1882 et
1990 1829 2255 1899 adjuncta
2301 1833 2460 1898 parte
2511 1842 2734 1894 eorum,
2776 1825 2873 1895 qui
2914 1828 3302 1895 peccaverant,
3351 1821 3578 1890 angelo-

1889 1933 2046 1984 rum,
2087 1917 2280 1970 luebat
2326 1915 2519 1986 impias
2566 1913 2901 1968 desertionis
2949 1911 3315 1981 dignissimas
3364 1925 3580 1978 poenas.

1891 2006 1973 2060 Ad
2014 2005 2158 2058 iram
2190 2004 2404 2076 quippe
2441 2003 2542 2057 Dei
2591 2003 2834 2072 pertinet
2862 2002 3096 2072 justam,
3131 1997 3411 2070 quidquid
3441 2013 3586 2051 ca'ca

1892 2100 1949 2149 et
1975 2094 2253 2148 indomita
2282 2092 2742 2162 concupiscentia
2791 2091 3009 2144 faciunt
3052 2090 3297 2142 libenter
3345 2087 3480 2140 mali
3529 2091 3586 2140 et

1893 2183 2170 2255 quidquid
2206 2181 2520 2256 manifestis
2553 2181 2879 2251 apertisque
2914 2178 3097 2249 poenis
3146 2177 3444 2246 patiuntur
3494 2174 3583 2227 in-

1894 2273 2021 2337 viti;
2051 2289 2161 2326 non
2203 2287 2334 2326 sane
2369 2269 2648 2325 Creatoris
2689 2269 2997 2322 desistente
3026 2266 3305 2332 bonitate,
3333 2269 3388 2317 et
3416 2263 3584 2316 malis

1895 2360 2113 2429 angelis
2166 2359 2632 2412 subministrante
2692 2357 2896 2420 vitam,
2961 2356 3326 2423 vivacemque
3383 2357 3583 2421 poten-

1893 2450 2064 2513 tiam;
2097 2465 2225 2519 quee
2273 2446 2724 2501 subministratio
2758 2445 2804 2497 si
2841 2445 3153 2509 auferatur,
3189 2441 3496 2506 intercidit,
3529 2443 3586 2493 et

1894 2536 2220 2603 hominum,
2249 2533 2507 2605 quamvis
2541 2533 2607 2587 de
2630 2531 2944 2603 propagine
2978 2529 3175 2582 vitiata
3204 2529 3584 2596 damnataque

1893 2625 2251 2680 nascentium
2302 2624 2550 2677 formare
2599 2621 2836 2683 semina,
2899 2626 2956 2672 et
2999 2619 3275 2682 animare,
3319 2616 3584 2669 ordinare

1895 2714 2154 2767 membra
2184 2728 2287 2782 per
2318 2718 2644 2780 temporum
2694 2715 2904 2773 tetates,
2940 2723 3042 2778 per
3091 2708 3344 2759 locorum
3378 2703 3581 2774 spatia,

1894 2807 2158 2872 vegetare
2208 2818 2427 2866 sensus,
2460 2801 2736 2854 alimenta
2785 2799 3014 2852 donare.
3068 2796 3262 2850 Melius
3311 2793 3582 2863 enimju-

1897 2891 2102 2944 dicavit
2131 2891 2198 2944 de
2247 2890 2412 2944 malis
2451 2889 2802 2953 benefacere,
2845 2903 3016 2956 quam
3067 2886 3216 2938 mala
3266 2883 3424 2936 nulla
3465 2897 3584 2935 esse

171 2977 301 3030 Item
329 2980 472 3046 (cap.
507 2979 595 3041 33,
631 2977 754 3045 3-3):
791 2977 938 3046 (Non
968 2976 1294 3030 alienentur
1332 2977 1554 3048 parvuli
1587 2996 1616 3032 a
1651 2995 1784 3048 gra-
1825 3007 1866 3062 ρ
1896 2980 2248 3051 permittere.
2301 2979 2412 3032 Etsi
2461 2977 2691 3046 quidem
2724 2976 2783 3028 in
2834 2975 3038 3028 melius
3067 2972 3366 3026 hominum
3400 2971 3584 3024 refor-

109 3065 177 3118 tia
223 3065 576 3118 remissionis
609 3070 1011 3134 peccatorum:
1049 3082 1161 3119 non
1206 3065 1370 3120 aliter
1408 3067 1683 3120 transitur
1713 3068 1785 3120 ad

108 3153 400 3218 Christum,
436 3169 605 3207 nemo
651 3153 817 3207 aliter
844 3159 1030 3224 potest
1057 3155 1170 3208 Deo
1219 3155 1595 3220 reconciliari,
1630 3160 1685 3210 et
1714 3157 1784 3210 ad

110 3239 273 3295 Deum
302 3243 516 3306 venire,
555 3242 664 3295 nisi
695 3259 798 3313 per
821 3243 1128 3298 Christum.
1163 3243 1308 3307 Quid
1351 3244 1419 3298 de
1446 3243 1567 3314 ipsa
1599 3245 1787 3299 forma

109 3332 434 3385 sacramenti
465 3331 709 3402 loquar?
750 3331 955 3385 Vellem
981 3331 1186 3402 aliquis
1218 3332 1480 3398 istorum,
1515 3333 1614 3404 qui
1645 3350 1784 3387 con-

109 3420 264 3472 traria
293 3420 548 3490 sapiunt,
584 3420 726 3475 mihi
765 3419 1169 3490 baptizandum
1203 3422 1504 3491 parvulum
1535 3422 1780 3476 atl‘erret.

109 3507 238 3571 Quid
275 3529 301 3556 «
347 3509 406 3562 in
451 3507 554 3562 illo
596 3509 717 3579 agit
743 3509 1110 3574 exorcismus,
1146 3509 1193 3562 si
1225 3509 1285 3562 in
1327 3509 1541 3563 familia
1570 3510 1786 3564 diaboli

108 3613 209 3650 non
240 3595 504 3651 tenetur?
551 3617 576 3646 ι)
628 3598 754 3667 Ipse
801 3603 952 3652 certe
989 3598 1128 3651 mihi
1177 3598 1362 3652 fuerat
1404 3614 1785 3668 responsurus

109 3700 200 3755 pro
248 3686 451 3739 eodem
500 3687 758 3755 parvulo,
809 3701 979 3756 quem
1029 3685 1367 3756 geminaret,
1417 3687 1551 3756 quia
1592 3703 1694 3757 pro
1726 3703 1786 3743 se

109 3774 187 3826 ille
218 3775 567 3845 respondere
598 3791 715 3828 non
760 3777 969 3844 posset.
1013 3774 1317 3838 Quomodo
1350 3791 1484 3846 ergo
1532 3776 1786 3829 dicturus

109 3869 209 3916 erat
239 3880 372 3917 eum
402 3862 737 3916 renuntiare
766 3863 1015 3930 diabolo,
1049 3864 1210 3934 cujus
1237 3864 1296 3917 in
1327 3880 1394 3917 eo
1425 3864 1572 3918 nihil
1601 3865 1784 3919 esset?

107 3953 382 4022 quomodo
430 3951 683 4006 converti
730 3952 798 4006 ad
849 3951 1177 4017 Dominum,
1225 3969 1258 4006 a
1307 3970 1422 4024 quo
1470 3970 1582 4006 non
1639 3959 1787 4008 esset

108 4045 356 4096 aversus?
404 4040 638 4094 credere
671 4041 822 4094 inter
850 4046 1058 4096 caetera
1095 4040 1489 4095 remissionem
1520 4048 1782 4113 peccato-

108 4145 238 4194 rum,
261 4147 388 4201 quae
411 4129 495 4182 i1|i
519 4130 676 4182 nulla
709 4129 1097 4183 tribueretur?
1123 4131 1236 4201 Ego
1260 4131 1494 4202 quidem
1519 4131 1565 4184 si
1587 4136 1786 4186 contra

107 4217 211 4272 haec
260 4236 393 4272 eum
445 4219 655 4272 sentire
713 4219 1115 4285 existimarem,
1165 4236 1269 4274 nec
1313 4219 1379 4274 ad
1429 4226 1785 4274 sacramenta

107 4320 216 4360 cum
248 4307 491 4377 parvulo
523 4306 735 4360 intrare
769 4307 1193 4378 permitterem;
1229 4308 1346 4378 ipse
1370 4313 1561 4362 autem
1590 4309 1649 4362 in
1677 4309 1784 4364 hoc

107 4409 202 4464 qua
233 4396 418 4449 fronte
451 4395 521 4449 ad
548 4395 832 4461 homines,
861 4411 976 4466 qua
999 4401 1186 4450 mente
1208 4397 1279 4450 ad
1305 4397 1480 4450 Deum
1503 4414 1560 4450 se
1589 4397 1780 4465 ferret,

108 4481 330 4553 ignoro]

167 4573 232 4626 Ex
263 4573 410 4626 libro
443 4571 615 4625 etiam
656 4572 912 4641 ejusdem
945 4571 1099 4626 beati
1142 4573 1411 4639 doctoris,
1453 4573 1552 4644 qui
1604 4575 1782 4628 usita-

107 4663 197 4714 tius
238 4661 627 4716 Enchiridium
669 4661 1001 4729 appellatur,
1031 4661 1102 4715 ad
1142 4661 1400 4730 ejusdem
1445 4662 1526 4714 rei
1573 4661 1782 4716 diluci-

107 4745 377 4802 dationem
424 4749 546 4802 haec
589 4764 768 4818 pauca
815 4749 1174 4820 decerpenda
1213 4755 1268 4804 et
1311 4751 1632 4824 adnotanda
1663 4767 1783 4804 cre-

106 4835 336 4891 didimus
387 4837 634 4906 (Enclu'r.
688 4854 812 4907 cap.
876 4838 1084 4907 23-26).
1150 4839 1243 4892 Ait
1300 4854 1586 4909 namque:
1648 4839 1782 4907 [Sed

106 4925 260 4978 homo
312 4925 488 4979 habet
535 4940 763 4994 pmnam
809 4925 1124 4995 propriam,
1160 4942 1273 4995 qua
1305 4927 1563 4996 corporis
1597 4933 1783 4980 morte

104 5015 319 5080 punitus
343 5020 448 5067 est.
487 5013 680 5067 Mortis
713 5014 763 5067 ei
797 5013 1011 5084 quippe
1045 5015 1390 5084 supplicium
1436 5016 1580 5068 Deus
1624 5031 1780 5069 com-

107 5101 339 5156 minatus
384 5104 593 5168 fuerat,
625 5101 671 5154 si
714 5107 1009 5172 peccaret:
1053 5102 1132 5156 sic
1179 5119 1312 5156 eum
1364 5119 1676 5158 munerans
1706 5104 1782 5158 li-

108 5187 225 5242 bero
275 5191 538 5256 arbitrio,
597 5196 659 5244 ut
708 5196 899 5244 tamen
943 5195 1170 5260 regeret
1217 5191 1482 5261 imperio,
1544 5198 1783 5247 terreret

108 5275 276 5341 exitio,
309 5283 482 5348 atque
535 5278 591 5330 in
626 5277 873 5346 paradisi
917 5278 1208 5345 felicitate,
1252 5285 1526 5350 tanquam
1558 5280 1615 5332 in
1646 5296 1778 5334 um-

107 5362 192 5415 bra
220 5365 362 5431 vitai,
399 5365 553 5418 unde
581 5365 797 5435 justitia
831 5366 1109 5420 custodita
1139 5366 1196 5419 in
1235 5368 1472 5420 meliora
1506 5384 1780 5421 conscen-

110 5451 265 5520 deret,
299 5455 618 5508 collecavit.
656 5453 801 5508 Hinc
845 5461 972 5525 post
999 5461 1294 5525 peccatum
1339 5458 1492 5510 exsul
1527 5456 1776 5522 elfectus,

109 5539 316 5612 stirpem
351 5558 588 5614 quoque
610 5558 794 5609 suam,
818 5559 991 5613 quam
1013 5545 1300 5614 peccando
1330 5544 1390 5599 in
1421 5562 1480 5600 se
1505 5549 1780 5615 tanquam

1895 3069 2207 3123 mationem
2253 3068 2472 3121 nullam
2520 3081 2753 3136 prorsus
2787 3080 2904 3118 esse
2952 3062 3239 3126 voluisset,
3285 3060 3430 3113 sicut
3477 3059 3586 3112 im-

1893 3159 2124 3229 piorum
2158 3157 2314 3210 nulla
2343 3162 2426 3210 est
2448 3156 2808 3225 angelorum,
2845 3169 2957 3205 non
2990 3151 3278 3205 immerito
3310 3151 3491 3214 fieret,
3528 3150 3588 3200 ut

1894 3254 2098 3301 natura
2157 3263 2286 3317 quae
2333 3247 2512 3298 Deum
2560 3243 2851 3308 deseruit,
2903 3258 3030 3311 qua:
3089 3245 3438 3310 praeceptum
3498 3235 3587 3289 sui

1894 3335 2176 3392 Creatoris
2210 3334 2384 3405 (quod
2429 3331 2716 3387 custodire
2747 3331 3015 3385 facillime
3051 3328 3254 3399 posset)
3289 3343 3390 3379 sua
3441 3325 3587 3378 male

1896 3428 2060 3479 utens
2107 3428 2385 3494 potestate
2416 3421 2668 3490 calcavit,
2703 3426 2874 3490 atque
2922 3427 3271 3487 transgressa
3306 3419 3417 3479 est;
3460 3429 3589 3484 qua:

1896 3513 1954 3566 in
1993 3529 2050 3566 se
2094 3512 2180 3565 sui
2213 3510 2535 3565 Conditoris
2579 3508 2890 3578 imaginem
2935 3506 3004 3559 ab
3051 3505 3173 3574 ejus
3208 3503 3421 3556 lumine
3451 3517 3586 3554 con-

1895 3601 2196 3654 tumaciter
2253 3614 2508 3654 aversam
2566 3595 2830 3658 violavit;
2880 3611 3008 3665 quae
3063 3593 3346 3646 salubrem
3404 3589 3584 3643 servi-

1894 3694 2075 3743 tutem
2121 3689 2190 3743 ab
2222 3689 2344 3758 ejus
2377 3687 2597 3756 legibus
2639 3686 2786 3739 male
2820 3684 3001 3738 libero
3050 3681 3280 3751 abrupit
3325 3678 3584 3742 arbitrio,

1894 3777 2159 3830 universa
2202 3776 2261 3829 in
2301 3782 2576 3828 mternum
2623 3773 2981 3828 desereretur
3015 3771 3082 3823 ab
3130 3787 3220 3834 eo,
3254 3775 3308 3822 et
3350 3783 3454 3837 pro
3485 3781 3586 3819 suo

1897 3867 2098 3919 merito
2128 3881 2356 3935 poenam
2405 3863 2679 3935 penderet
2723 3861 3149 3932 sempiternam.
3200 3859 3372 3912 Plane
3405 3856 3482 3909 ita
3513 3857 3588 3908 fa-

1895 3959 2067 4020 ceret,
2101 3955 2146 4006 si
2180 3957 2400 4007 tantum
2426 3953 2638 4022 justus,
2678 3965 2795 4004 non
2825 3950 2997 4003 etiam
3047 3946 3370 4000 misericors
3415 3949 3584 4008 esset,

1895 4027 2172 4114 suamque
2203 4041 2650 4096 misericordiam
2681 4040 2861 4093 multo
2888 4035 3207 4090 evidentius
3235 4033 3292 4088 in
3325 4032 3587 4102 indigno-

1894 4147 2022 4184 rum
2053 4132 2241 4201 potius
2269 4129 2607 4184 liberatione
2639 4126 3027 4196 monstraret.]

1966 4221 2103 4273 ltem
2149 4219 2290 4288 (cap.
2341 4221 2427 4284 50,
2495 4217 2619 4287 5t):
2674 4216 2795 4285 [‘llle
2845 4231 2995 4268 unus
3054 4228 3230 4267 unum
3292 4216 3584 4282 peccatum

1823 4309 1864 4362 D
1896 4307 2051 4361 misit
2089 4307 2149 4360 in
2181 4307 2498 4372 mundum;
2529 4307 2632 4359 iste
2682 4321 2813 4358 vero
2862 4321 3010 4358 unus
3059 4317 3176 4356 non
3220 4301 3404 4354 solum
3449 4299 3588 4353 illud

1891 4411 2095 4461 unum,
2123 4396 2217 4449 sed
2251 4400 2454 4449 cuncta
2484 4395 2651 4449 simul
2686 4393 2941 4458 abstulit,
2967 4408 3095 4463 qua:
3128 4390 3316 4444 addita
3345 4389 3583 4442 invenit.

1897 4485 2050 4538 Unde
2094 4483 2229 4539 dicit
2266 4485 2608 4555 Apostolus:
2660 4503 2688 4534 (ι
2730 4484 2852 4536 Non
2901 4483 3044 4536 sicut
3089 4497 3191 4552 per
3239 4495 3416 4532 unum
3452 4494 3586 4548 pec-

1892 4579 2105 4637 catum,
2150 4573 2229 4626 ita
2270 4579 2353 4625 est
2398 4578 2454 4625 et
2489 4572 2742 4626 donum:
2778 4586 2912 4624 nam
2935 4569 3222 4639 judicium
3255 4567 3486 4638 quidem
3517 4581 3586 4618 ex

1895 4677 2007 4714 uno
2037 4661 2096 4714 in
2128 4660 2690 4720 condemnationem.
2723 4659 2905 4728 gratia
2937 4664 3130 4712 autem
3163 4673 3228 4710 ex
3262 4656 3456 4709 multis
3487 4654 3584 4708 de-

1891 4749 2039 4802 lictis
2087 4749 2145 4802 in
2169 4748 2637 4818 justiticationem
2679 4747 2851 4816 (Rom.
2898 4763 2947 4811 v,
2991 4746 3088 4815 16).
3133 4766 3159 4793 ››
3210 4744 3357 4808 Quia
3389 4743 3587 4812 utique

1890 4837 2033 4892 illud
2065 4854 2238 4890 unum
2264 4837 2416 4907 quod
2443 4835 2798 4905 originaliter
2825 4835 3090 4898 trahitur,
3126 4833 3298 4886 etiam
3325 4833 3371 4886 si
3398 4832 3587 4885 solum

1891 4927 1982 4990 sit,
2019 4926 2296 4979 obnoxios
2327 4924 2684 4979 damnationi
2733 4923 2901 4978 facit:
2939 4923 3123 4994 gratia
3154 4939 3284 4974 vero
3325 4937 3389 4974 ex
3435 4921 3583 4974 mul-

1891 5015 1961 5068 tis
1984 5014 2495 5083 delictiSjnstiticat
2519 5012 2836 5077 hominem,
2861 5012 2960 5082 qui
2988 5016 3193 5082 praeter
3217 5010 3354 5062 illud
3381 5025 3583 5073 unum,

1891 5104 2044 5174 quod
2083 5102 2464 5155 communiter
2511 5117 2639 5155 cum
2689 5100 2958 5154 omnibus
3001 5097 3354 5166 originaliter
3389 5096 3581 5163 traxit,

1890 5207 1991 5244 sua
2038 5205 2268 5260 quoque
2318 5189 2549 5260 propria
2595 5189 2774 5242 multa
2819 5187 3121 5241 commisit.
3178 5186 3582 5239 Verumtamen

1890 5279 2042 5349 quod
2075 5280 2247 5348 paulo
2298 5284 2428 5348 post
2470 5279 2605 5332 dicit
2635 5277 2818 5352 (ibid,
2873 5280 2980 5344 18),
3010 5299 3028 5323 ι
3082 5276 3236 5329 Sicut
3281 5289 3381 5343 per
3412 5273 3584 5325 unius

1890 5367 2160 5420 delictum
2219 5366 2277 5420 in
2328 5383 2525 5420 onmes
2583 5367 2844 5420 homines
2889 5366 2956 5418 ad
3010 5362 3582 5428 condemnationem,

1890 5456 1964 5508 ita
2001 5460 2052 5508 et
2103 5470 2203 5524 per
2248 5455 2412 5507 unius
2456 5454 2929 5523 justiticationem
2977 5453 3034 5504 in
3083 5467 3280 5504 omnes
3320 5449 3584 5503 homines

1892 5544 1959 5599 ad
2014 5543 2483 5614 justiticationem
2533 5545 2680 5609 vitae,
2733 5562 2759 5592 ii
2819 5542 2956 5596 satis
3011 5540 3225 5594 indicat
3278 5555 3340 5592 ex
3399 5538 3584 5595 Adam
