3884 6218
333 308 462 358 1083

1453 304 1504 358 S.
1551 304 1821 360 BEMIGII
1865 307 2332 364 LUGDUNENSIS
2375 307 2675 362 EPISCOI’I

3705 307 3821 358 ius;

326 440 617 494 neminem
651 444 868 504 natum,
907 439 1015 492 nisi
1047 439 1415 492 damnatione
1447 439 1709 505 detineri,
1745 444 1800 493 et
1830 439 2010 493 nemi-
2054 444 2097 495 A
2201 443 2340 506 Qum
2389 441 2582 496 omnia
2634 458 2698 495 ex
2750 441 3213 495 ﬁdelissimorum
3270 446 3325 493 et
3376 443 3822 495 clarissimorum

325 546 478 596 nem,
538 528 646 582 nisi
705 529 762 580 in
813 527 1034 582 Christo
1094 531 1381 594 renatum,
1441 545 1474 581 a
1525 529 1890 582 damnatione
1950 529 2015 581 li-

324 617 557 686 berari.]

395 705 536 756 Item
583 704 720 772 (cap.
773 703 900 770 9i):
945 703 1420 772 [ltemanentibus
1456 703 1647 774 itaque
1697 705 1911 774 angelis
1963 709 2020 756 et

323 791 655 844 hominibus
714 791 971 861 reprobis
1019 791 1077 844 in
1138 797 1354 845 aeterna
1407 809 1595 862 paena,
1655 798 1791 846 tunc
1842 793 2018 846 sancti

326 881 508 934 scient
556 881 782 950 plenius
831 880 968 950 quid
1008 879 1143 933 boni
1194 881 1274 933 eis
1317 882 1557 934 contulit
1605 882 1810 951 gratia.
1864 883 2018 935 Tunc

325 969 494 1022 rebus
521 969 658 1038 ipsis
691 968 1010 1022 evidentius
1039 969 1337 1039 apparebit
1367 970 1514 1040 quod
1545 970 1600 1022 in
1635 970 1854 1038 psalmo
1885 970 2020 1022 scri-

326 1064 490 1128 ptum
523 1063 640 1110 est:
679 1076 704 1106 «
746 1057 1188 1110 Misericordiam
1224 1062 1278 1110 et
1301 1058 1584 1127 judicium
1620 1059 1860 1110 cantabo
1890 1059 2014 1124 tibi,

331 1146 574 1200 Domine
604 1147 773 1212 (Psal.
810 1162 855 1209 c,
899 1148 980 1212 1):
1018 1168 1042 1193 ››
1079 1145 1214 1215 quia
1241 1147 1348 1200 nisi
1383 1163 1483 1215 per
1516 1147 1827 1200 indebitam
1860 1169 1879 1194 α
1917 1149 2018 1199 mi-

329 1234 695 1288 sericordiam
731 1254 756 1283 ι)
790 1250 973 1310 nemo
1010 1235 1311 1300 liberatur;
1358 1240 1412 1288 et
1462 1234 1569 1288 nisi
1620 1251 1720 1304 per
1764 1235 2018 1289 debitum

327 1324 657 1392 «judicium
681 1346 708 1390 γ)
747 1340 913 1376 nemo
947 1323 1295 1393 damnatur.]

396 1414 536 1464 ltem
571 1413 713 1480 (cap.
754 1411 882 1478 98):
932 1412 1289 1479 [Universum
1323 1428 1504 1480 genus
1553 1411 1852 1464 hominum
1903 1417 2017 1464 tam

318 1500 472 1570 justo
497 1499 712 1569 judicio
743 1499 935 1552 divino
981 1499 1038 1552 in
1084 1499 1393 1568 apostatica
1428 1501 1616 1552 radice
1659 1501 2015 1566 damnatum,

323 1594 385 1641 ut
416 1587 642 1640 etiamsi
676 1588 866 1640 nullus
891 1587 1023 1640 inde
1055 1587 1416 1648 liberaretur,
1444 1605 1612 1641 nemo
1646 1594 1794 1641 recte
1827 1595 2020 1658 posset

323 1676 424 1731 Dei
456 1677 784 1746 vituperare
807 1676 1112 1746 justitiam.
1150 1677 1218 1730 Et
1246 1677 1344 1746 qui
1380 1677 1719 1743 liberantur,
1749 1678 1828 1730 sic
1857 1693 2020 1747 opor-

2127 533 2359 584 Patrum
2408 530 2889 601 disputationibus
2928 536 3175 600 sumpta,
3221 534 3277 583 et
3305 535 3467 584 tanta
3497 530 3825 584 divinorum

2126 620 2626 686 testimoniorum,
2683 624 2853 690 atque
2911 618 3473 672 evidentissimarum
3537 620 3826 673 rationum

2127 709 2540 762 contestatione
2583 707 2866 760 declarata
2909 712 3082 777 atque
3125 708 3370 773 ﬁrmata,
3421 724 3554 760 cum
3597 708 3681 760 ita
3714 724 3827 759 om-

2129 796 2264 850 nino
2318 797 2711 850 indubitanter
2763 795 3050 849 credenda
3106 813 3170 849 ac
3223 797 3471 850 tenenda
3525 797 3668 862 sint,
3731 797 3828 847 tria

2129 886 2393 955 quaedam
2455 885 2849 954 principaliter
2912 901 3120 954 magna
3179 889 3235 938 et
3289 885 3580 939 horrenda
3653 885 3825 948 mala,

2127 980 2408 1045 quantum
2458 973 2699 1043 intelligi
2743 973 2946 1027 datur:
2996 979 3052 1027 et
3094 973 3149 1026 in
3189 973 3448 1043 reprobis
3497 974 3683 1027 divini
3740 975 3826 1044 ju-

2127 1063 2261 1117 dicii
2293 1062 2588 1114 severitate
2630 1067 2874 1123 retenta,
2909 1066 2960 1114 et
3004 1061 3059 1114 in
3093 1063 3286 1115 electis
3317 1062 3519 1115 divinae
3556 1062 3827 1116 bonitatis

2128 1151 2499 1204 miseratione
2535 1151 2768 1204 remissa
2815 1155 2949 1203 sunt
2991 1167 3054 1204 ac
3087 1151 3294 1204 soluta.
3348 1153 3535 1205 Manet
3579 1167 3826 1220 namque

2129 1241 2188 1294 in
2243 1241 2355 1294 illis
2407 1240 2660 1310 antiquae
2721 1245 2778 1292 et
2827 1239 3028 1309 primae
3078 1239 3569 1310 praevaricationis
3613 1246 3824 1304 reatus,

2129 1330 2228 1401 qui
2278 1329 2335 1382 in
2381 1329 2501 1382 istis
2546 1328 2757 1383 Christi
2807 1329 3086 1398 sanguine
3122 1333 3204 1382 est
3252 1329 3492 1382 deletus.
3536 1330 3728 1385 Manet
3775 1329 3824 1381 in

2131 1418 2240 1472 illis
2289 1419 2569 1472 sententia
2619 1424 2847 1471 aeterna:
2897 1417 3303 1481 damnationis,
3364 1417 3422 1470 in
3470 1418 3593 1470 istis
3647 1417 3827 1470 soluta

2129 1523 2230 1578 per
2261 1507 2503 1576 gratiam
2540 1505 2967 1574 redemptionis.
3016 1506 3160 1558 Sunt
3191 1506 3273 1559 illi
3325 1506 3378 1557 in
3415 1511 3696 1558 asternum
3747 1506 3823 1558 di-

2128 1595 2243 1648 vini
2282 1594 2485 1664 judicii
2547 1593 3048 1663 praadestinatione
3115 1592 3391 1659 damnati,
3440 1595 3538 1646 isti
3590 1609 3715 1645 rere
3773 1597 3822 1645 in

2127 1689 2386 1738 aeternum
2457 1684 2658 1737 divinae
2732 1683 3116 1736 misericordia
3189 1682 3664 1751 praedestinatione
3724 1683 3824 1736 sal-

320 1766 500 1820 tuisse
535 1765 786 1831 liberari,
823 1771 885 1818 ut
913 1782 976 1818 ex
1007 1765 1268 1834 pluribus
1301 1782 1414 1819 non
1451 1766 1724 1830 liberatis,
1757 1772 1927 1837 atque
1957 1766 2017 1818 in
2060 1755 2314 1828 Βυαιί,
2397 1815 2408 1825 ,
2493 1815 2503 1826 ,
2586 1813 2598 1825 ,
2680 1813 2692 1826 ,
2774 1811 2787 1825 .
2869 1811 2881 1824 .
2962 1812 2974 1824 .
3057 1813 3068 1824 .
3150 1811 3164 1826 .
3245 1813 3258 1824 ,
3339 1812 3352 1823 .
3431 1813 3441 1822 .
3525 1811 3536 1822 .
3617 1810 3629 1823 .
3715 1811 3727 1822 ,
3807 1812 3818 1821 .

322 1854 695 1908 damnatione
737 1855 1054 1924 justissima
1097 1855 1387 1908 derelictis
1430 1856 1847 1922 ostenderetur,
1882 1855 2019 1926 quid

323 1943 755 1998 commeruisset
814 1943 1080 1997 universa
1143 1943 1503 2013 conspersio:
1568 1949 1624 1996 et
1681 1961 1792 2014 quo
1849 1946 2020 1998 etiam

321 2033 465 2086 istos
495 2031 750 2084 debitum
777 2031 1059 2102 judicium
1094 2032 1187 2085 Dei
1218 2033 1468 2096 duceret,
1494 2032 1605 2085 nisi
1627 2033 1748 2102 ejus
1770 2033 2023 2087 indebita

321 2119 712 2175 misericordia
744 2120 1117 2186 subvenisset,
1155 2127 1213 2173 ut
1260 2121 1574 2174 volentium
1611 2121 1679 2173 de
1730 2121 1846 2174 suis
1897 2137 2018 2173 me-

321 2209 446 2264 ritis
475 2209 709 2279 gloriari
746 2231 767 2257 ς
819 2225 990 2263 omne
1025 2227 1087 2263 os
1118 2210 1466 2274 obstruatur,
1501 2215 1556 2262 et
1587 2209 1683 2280 qui
1717 2209 2016 2280 gloriatur,

322 2296 380 2350 in
417 2297 655 2351 Domino
682 2296 961 2367 glorietur
983 2297 1156 2366 (Rom.
1193 2314 1271 2360 ui,
1314 2298 1420 2367 19).
1458 2296 1510 2368 ιι]

2202 1932 2436 1999 (Desunt
2483 1929 2730 1998 quadam
2755 1945 2772 1983 :
2802 1945 2927 1983 nam
2956 1934 3006 1982 et
3043 1931 3100 1982 in
3141 1931 3514 1998 manuscript-0
3545 1929 3648 1982 duo
3689 1929 3822 1994 folia

2131 2022 2314 2073 excisa
2341 2024 2495 2080 sunt;
2529 2019 2622 2073 sed
2654 2021 2711 2072 in
2747 2021 2824 2072 eis
2870 2019 3012 2071 nihil
3055 2020 3168 2083 fere
3200 2020 3465 2086 scriptum
3498 2022 3636 2081 erat,
3670 2017 3818 2069 ideo—

2133 2123 2234 2177 que
2289 2107 2431 2161 nihil
2482 2109 2659 2161 dessse
2712 2108 2930 2160 videtur
2979 2112 3176 2175 prater
3243 2106 3540 2160 membrum
3594 2106 3817 2158 alterum

2131 2199 2281 2251 tertii
2310 2198 2444 2250 mali
2475 2199 2531 2250 in
2560 2198 2735 2250 electis
2767 2199 3024 2262 remissi.)

1275 2593 1950 2718 SANCTI
2060 2593 2838 2716 REMIGII

1650 2795 2140 2852 LUGDUNENSIS
2178 2793 2493 2851 EPISCUPI

1124 2954 1303 3026 SUB
1363 2954 1742 3026 NOMINE
1800 2952 2283 3025 ECCLESI/E
2336 2951 3007 3023 LUGDUNENSIS

558 3324 705 3457 DE
793 3325 1336 3460 TENENDA
1417 3132 2916 3458 IMMOIIBJIlJIIBlFlEIliLgCSBIPTURﬂE
3002 3321 3575 3456 VEBITATE

865 3710 958 3766 SS.
1001 3711 1582 3767 ORTllODOXORUM
1629 3710 1913 3766 PATRUM
1955 3707 2445 3765 AUCTORITATE
2485 3705 2846 3762 FIDELITER
2884 3705 3266 3761 SECTANDA.

883 3988 1108 4042 CAPUT
1152 3988 1440 4042 PRIMUM.

317 4076 481 4142 Origo
511 4076 763 4130 hereseos
812 4091 878 4129 ea:
907 4081 1210 4145 contemptu
1259 4078 1554 4145 Scriptura
1583 4091 1752 4131 sacrae
1799 4081 1848 4130 et
1888 4092 2011 4130 san-

917 4153 1120 4200 ctorum
1155 4149 1402 4201 Patrum.

389 4253 544 4304 Inter
585 4251 780 4304 omnia
831 4253 1102 4321 pericula,
1158 4259 1212 4306 et
1257 4254 1586 4307 innumeras
1637 4254 2006 4320 calamitates,

317 4343 487 4411 atque
523 4339 775 4393 miserias
807 4340 1016 4412 quibus
1063 4342 1305 4394 Ecclesia
1354 4343 1526 4412 hujus
1577 4344 1736 4412 regni
1769 4343 2011 4396 terribili

316 4434 372 4482 et
423 4429 644 4482 occulto
697 4429 795 4482 Dei
834 4429 1052 4499 judicio
1097 4431 1444 4483 incessanter
1503 4431 1780 4502 afﬂigitur
1838 4437 2008 4502 atque

315 4523 589 4584 vastatur,
624 4518 702 4570 ita
738 4523 797 4571 ut
818 4518 983 4586 regni
1011 4519 1196 4570 unitas
1229 4519 1299 4570 sit
1329 4518 1558 4572 discissa
1587 4536 1648 4571 ac
1678 4520 2006 4584 dilacerata,

316 4607 674 4662 sacerdotum
708 4608 999 4678 generalia
1043 4614 1100 4661 et
1145 4608 1520 4661 saluberrima
1553 4608 1792 4662 concilia
1831 4610 2006 4662 inter-

316 4711 508 4766 missa,
558 4698 749 4768 legum
798 4697 1066 4751 severitas
1111 4704 1167 4751 et
1207 4697 1493 4767 judicium
1548 4698 1842 4767 vigilantia
1883 4697 2009 4751 sub-

317 4792 515 4846 tracta,
572 4786 832 4857 specialis
896 4787 1171 4840 doctrina:
1219 4788 1437 4853 studia,
1484 4787 1692 4857 quibus
1750 4787 1890 4840 ﬁdes
1955 4791 2010 4840 et

317 4875 552 4928 scientia
602 4875 700 4928 Dei
750 4875 1004 4945 quotidie
1045 4876 1285 4929 enutriri
1346 4892 1409 4929 ac
1462 4877 1737 4944 proﬁcere
1786 4876 2005 4945 debuit,

316 4979 461 5033 pene
486 4963 699 5033 ubique
733 4964 1035 5030 exstincta;
1064 4972 1322 5018 exortum
1355 4970 1438 5017 est
1471 4966 1655 5034 magis
1693 4965 2006 5018 dolendum

315 5068 378 5104 ac
410 5052 737 5121 lugendum’
771 5053 1008 5115 malum,
1058 5058 1122 5106 ut
1169 5053 1448 5120 videlicet,
1492 5059 1820 5123 contempta
1869 5054 2010 5107 veri-

317 5147 431 5194 tate
490 5142 910 5210 Scripturarum
982 5157 1302 5205 sacrarum,
1387 5145 1596 5196 calcata
1671 5143 2007 5196 auctoritate

2053 3989 2093 4043 C
2122 3987 2231 4058 ipsi
2265 3988 2490 4053 docere,
2521 3992 2577 4041 et
2622 3987 2748 4040 aliis
2795 3987 3039 4041 tenenda
3084 3991 3332 4041 statuere
3365 3992 3537 4058 atque
3567 3988 3788 4042 conscri-

2119 4077 2283 4143 bere;
2319 4093 2448 4130 cum
2495 4082 2550 4130 et
2591 4077 2708 4146 ipse
2758 4077 3122 4145 omnipotens
3168 4076 3311 4129 Deus
3347 4078 3704 4147 speculatori,
3744 4076 3786 4128 id

2119 4171 2205 4218 est
2254 4165 2563 4235 unicuique
2597 4166 2809 4234 pastori
2842 4163 3121 4230 Ecclesiae,
3157 4181 3222 4218 ea
3271 4165 3391 4218 sola
3423 4183 3552 4236 quae
3593 4165 3659 4218 ab
3687 4166 3788 4236 ipso

2121 4253 2365 4307 audierit
2407 4252 2804 4307 annuntianda
2851 4253 3162 4324 praecipiat,
3201 4253 3430 4307 dicens:
3483 4275 3510 4304 (ι
3541 4253 3788 4322 Specula-

2119 4347 2298 4395 torem
2335 4349 2389 4396 te
2438 4341 2568 4395 dedi
2618 4340 2812 4394 domui
2863 4341 3071 4394 Israel:
3116 4347 3171 4394 et
3199 4341 3393 4395 audies
3425 4357 3493 4395 ex
3544 4358 3640 4395 ore
3683 4358 3788 4394 meo

2118 4432 2376 4498 verbum,
2423 4437 2479 4484 et
2523 4430 2888 4484 aununtiabis
2929 4429 3010 4482 eis
3041 4445 3106 4482 ex
3144 4446 3234 4483 me
3264 4431 3487 4500 (Ezech.
3518 4448 3597 4495 ιιι,
3633 4434 3736 4496 ΙΤ);
3769 4452 3788 4473 υ

2118 4527 2173 4574 et
2206 4521 2264 4574 Β.
2302 4521 2594 4589 apostolus
2627 4521 2825 4573 Petrus
2855 4518 3120 4572 similiter
3149 4521 3502 4572 contestatur
3532 4525 3586 4572 et
3625 4519 3784 4573 dicat:

2119 4632 2144 4656 ‹‹
2168 4610 2222 4663 Si
2247 4609 2375 4679 quis
2396 4608 2671 4678 loquitur,
2697 4608 2858 4678 quasi
2881 4624 3172 4662 sermones
3199 4608 3299 4660 Dei
3319 4609 3360 4676 (ι
3384 4610 3538 4661 Petr.
3567 4625 3634 4672 iv,
3667 4609 3785 4675 ll);»

2118 4699 2266 4752 etB.
2305 4698 2511 4751 Paulus
2555 4696 2801 4766 idipsum
2847 4696 3154 4749 admoneat
3183 4701 3238 4748 et
3286 4695 3535 4748 inculcet
3581 4695 3783 4748 dicens:

2118 4810 2144 4834 ‹‹
2188 4786 2467 4840 Doctrinis
2499 4785 2688 4850 variis,
2738 4790 2795 4838 et
2827 4783 3144 4854 peregrinis
3189 4785 3365 4837 nolite
3402 4783 3610 4837 abduci
3639 4783 3781 4853 (Hrb.

2117 4892 2233 4942 xui,
2289 4876 2362 4945 9).
2417 4894 2442 4924 ι)
2497 4873 2834 4944 Hujusmodi
2889 4873 3041 4925 enim
3092 4872 3364 4925 doctrina:
3424 4872 3591 4924 variae
3639 4876 3782 4940 atque

2118 4964 2461 5034 peregrinae,
2512 4965 2568 5016 in
2619 4963 2827 5032 quibus
2878 4977 2992 5014 non
3043 4965 3126 5013 est
3171 4960 3360 5013 unitas
3402 4960 3672 5023 veritatis,
3702 4960 3780 5010 sed

2118 5053 2467 5106 introductio
2517 5050 2725 5106 diversi
2773 5056 2831 5104 et
2874 5049 3100 5120 profani
3133 5049 3364 5113 erroris,
3412 5048 3783 5118 signiﬁcantur

2117 5141 2176 5194 in
2209 5143 2334 5211 lege
2379 5142 2553 5211 Moysi
2598 5157 2700 5210 per
2743 5139 2897 5193 varia
2943 5154 3156 5208 genera
3186 5138 3501 5206 leprarum,
3535 5154 3658 5208 quae
3687 5151 3779 5189 non

239 5229 242 5231 ’
317 5229 778 5283 beatissimorum
844 5234 1012 5299 atque
1071 5231 1524 5285 orthodoxorum
1582 5234 1844 5298 Patrum,
1904 5249 2006 5302 per
2048 5230 2298 5324 Dsolum
2352 5233 2583 5283 caeteras
2641 5228 2898 5298 corporis
2942 5231 3133 5297 partes
3189 5226 3590 5279 contaminant
3637 5231 3778 5294 atque

319 5333 458 5385 quos
510 5319 750 5371 Ecclesia
801 5318 899 5370 Dei
948 5319 1263 5372 aedificatur
1310 5326 1365 5373 et
1414 5321 1752 5388 illustratur,
1794 5338 2007 5392 praesu-

319 5409 476 5456 mant
506 5406 680 5474 aliqui
708 5405 876 5458 etiam
910 5406 977 5459 de
1016 5408 1184 5461 rebus
1209 5409 1496 5478 prmeipue
1528 5411 1597 5462 ad
1630 5409 1798 5462 ﬁdem
1829 5411 2005 5478 perti-

320 5491 584 5543 nentibus
623 5509 684 5544 ex
718 5494 932 5562 proprii
970 5511 1167 5547 sensus
1203 5499 1500 5550 temeraria
1537 5499 2007 5567 praisumptione,

2118 5325 2514 5389 corrumpunt,
2554 5317 2648 5371 sed
2681 5316 2848 5369 etiam
2875 5316 2934 5368 in
2967 5316 3152 5386 capite
3184 5322 3241 5368 et
3265 5316 3439 5369 barba
3462 5315 3774 5385 germinant,

2117 5425 2244 5462 cum
2277 5409 2363 5460 vel
2397 5408 2464 5460 de
2516 5407 2638 5476 ipso
2672 5405 2910 5459 Domino
2954 5405 3085 5458 Jesu
3128 5403 3371 5468 Christo,
3423 5405 3508 5457 vel
3562 5405 3627 5457 de
3665 5402 3776 5454 viris

2115 5497 2442 5568 apostolicis
2497 5501 2664 5565 atque
2715 5492 3129 5554 ecclesiasticis,
3174 5492 3276 5562 qui
3317 5492 3370 5545 ei
3417 5492 3774 5562 principaliter

317 5594 446 5647 qua:
495 5580 850 5648 apertissime
894 5584 1178 5636 contraria
1221 5592 1353 5639 sunt
1401 5586 1609 5639 divina:
1659 5587 1904 5654 veritati,
1954 5595 2011 5640 et
2112 5587 2401 5641 adhaerent
2449 5591 2504 5638 et
2560 5584 2763 5638 faciem
2803 5583 2927 5653 ejus
2976 5586 3206 5645 ornant,
3243 5581 3548 5652 indignum
3591 5577 3771 5650 aliquid
