  <div class='ocr_page' id='page_1' title='image "/cluster/home/n/w/nwhite01/storage/ocr_20150623/121/uva.x000827051/556.png"; bbox 0 0 3884 6218; ppageno 0'>
   <div class='ocr_carea' id='block_1_1' title="bbox 113 285 258 334">
    <p class='ocr_par' dir='ltr' id='par_1_1' title="bbox 113 285 258 334">
     <span class='ocr_line' id='line_1_1' title="bbox 113 285 258 334; baseline -0.014 0"><span class='ocrx_word' id='word_1_1' title='bbox 113 285 258 334; x_wconf 69' lang='grc' dir='ltr'><strong>ίῡΒῦ</strong></span> 
     </span>
    </p>
   </div>
   <div class='ocr_carea' id='block_1_2' title="bbox 1240 288 2553 345">
    <p class='ocr_par' dir='ltr' id='par_1_2' title="bbox 1240 288 2553 345">
     <span class='ocr_line' id='line_1_2' title="bbox 1240 288 2553 345; baseline -0.002 -3"><span class='ocrx_word' id='word_1_2' title='bbox 1240 288 1329 342; x_wconf 88' lang='lat' dir='ltr'><strong>DE</strong></span> <span class='ocrx_word' id='word_1_3' title='bbox 1368 289 1693 344; x_wconf 81' lang='lat' dir='ltr'><strong>TENENDA</strong></span> <span class='ocrx_word' id='word_1_4' title='bbox 1734 290 2141 344; x_wconf 70' lang='grc' dir='ltr'><strong>ΞΟΒΙΡΤυΒίΕ</strong></span> <span class='ocrx_word' id='word_1_5' title='bbox 2181 289 2553 345; x_wconf 69' lang='grc' dir='ltr'><strong>νΕιιιτΑΤΕ.</strong></span> 
     </span>
    </p>
   </div>
   <div class='ocr_carea' id='block_1_3' title="bbox 3505 289 3637 340">
    <p class='ocr_par' dir='ltr' id='par_1_3' title="bbox 3505 289 3637 340">
     <span class='ocr_line' id='line_1_3' title="bbox 3505 289 3637 340; baseline 0 0"><span class='ocrx_word' id='word_1_6' title='bbox 3505 289 3637 340; x_wconf 84' lang='grc'><strong>1086</strong></span> 
     </span>
    </p>
   </div>
   <div class='ocr_carea' id='block_1_4' title="bbox 111 415 3641 488">
    <p class='ocr_par' dir='ltr' id='par_1_4' title="bbox 111 415 3641 488">
     <span class='ocr_line' id='line_1_4' title="bbox 111 415 3641 488; baseline 0.001 -20"><span class='ocrx_word' id='word_1_7' title='bbox 111 415 402 469; x_wconf 75' lang='lat' dir='ltr'><strong>sentitur.</strong></span> <span class='ocrx_word' id='word_1_8' title='bbox 441 416 751 481; x_wconf 84' lang='lat' dir='ltr'><strong>Quoniam,</strong></span> <span class='ocrx_word' id='word_1_9' title='bbox 797 417 944 470; x_wconf 87' lang='lat' dir='ltr'><strong>sicut</strong></span> <span class='ocrx_word' id='word_1_10' title='bbox 987 419 1293 487; x_wconf 84' lang='lat' dir='ltr'><strong>Apostolus</strong></span> <span class='ocrx_word' id='word_1_11' title='bbox 1324 419 1522 473; x_wconf 86' lang='lat' dir='ltr'><strong>docet:</strong></span> <span class='ocrx_word' id='word_1_12' title='bbox 1558 442 1578 468; x_wconf 72' lang='grc' dir='ltr'><strong><em>α</em></strong></span> <span class='ocrx_word' id='word_1_13' title='bbox 1633 421 1832 476; x_wconf 88' lang='lat' dir='ltr'><strong>Omnis</strong></span> <span class='ocrx_word' id='word_1_14' title='bbox 1870 422 1915 474; x_wconf 84' lang='lat' dir='ltr'><strong>A</strong></span> <span class='ocrx_word' id='word_1_15' title='bbox 1947 420 2252 473; x_wconf 71' lang='lat' dir='ltr'><strong>destinavit</strong></span> <span class='ocrx_word' id='word_1_16' title='bbox 2282 425 2574 473; x_wconf 67' lang='lat' dir='ltr'><strong>aeternam.</strong></span> <span class='ocrx_word' id='word_1_17' title='bbox 2627 420 2876 474; x_wconf 78' lang='lat' dir='ltr'><strong>Caeteros</strong></span> <span class='ocrx_word' id='word_1_18' title='bbox 2914 425 3126 483; x_wconf 88' lang='lat' dir='ltr'><strong>autem,</strong></span> <span class='ocrx_word' id='word_1_19' title='bbox 3163 434 3307 488; x_wconf 85' lang='lat' dir='ltr'><strong>quos</strong></span> <span class='ocrx_word' id='word_1_20' title='bbox 3332 417 3554 486; x_wconf 87' lang='lat' dir='ltr'><strong>justitia</strong></span> <span class='ocrx_word' id='word_1_21' title='bbox 3586 423 3641 472; x_wconf 90' lang='lat' dir='ltr'><strong>et</strong></span> 
     </span>
    </p>
   </div>
   <div class='ocr_carea' id='block_1_5' title="bbox 110 505 1834 578">
    <p class='ocr_par' dir='ltr' id='par_1_5' title="bbox 110 505 1834 578">
     <span class='ocr_line' id='line_1_5' title="bbox 110 505 1834 578; baseline 0.003 -22"><span class='ocrx_word' id='word_1_22' title='bbox 110 505 222 556; x_wconf 79' lang='lat' dir='ltr'><strong>viri</strong></span> <span class='ocrx_word' id='word_1_23' title='bbox 259 510 444 575; x_wconf 86' lang='lat' dir='ltr'><strong>caput</strong></span> <span class='ocrx_word' id='word_1_24' title='bbox 472 505 730 560; x_wconf 76' lang='lat' dir='ltr'><strong>Christus</strong></span> <span class='ocrx_word' id='word_1_25' title='bbox 763 511 847 558; x_wconf 91' lang='lat' dir='ltr'><strong>est</strong></span> <span class='ocrx_word' id='word_1_26' title='bbox 876 508 916 570; x_wconf 86' lang='grc' dir='ltr'><strong><em>(ι</em></strong></span> <span class='ocrx_word' id='word_1_27' title='bbox 948 507 1065 562; x_wconf 87' lang='lat' dir='ltr'><strong>Cor.</strong></span> <span class='ocrx_word' id='word_1_28' title='bbox 1093 523 1167 573; x_wconf 71' lang='grc' dir='ltr'><strong><em>ιιι,</em></strong></span> <span class='ocrx_word' id='word_1_29' title='bbox 1208 507 1324 574; x_wconf 82' lang='grc'><strong>13);</strong></span> <span class='ocrx_word' id='word_1_30' title='bbox 1360 529 1380 554; x_wconf 70' lang='grc' dir='ltr'><strong>ι</strong></span> <span class='ocrx_word' id='word_1_31' title='bbox 1419 513 1473 560; x_wconf 91' lang='lat' dir='ltr'><strong>et</strong></span> <span class='ocrx_word' id='word_1_32' title='bbox 1495 509 1657 578; x_wconf 81' lang='lat' dir='ltr'><strong>juxta</strong></span> <span class='ocrx_word' id='word_1_33' title='bbox 1685 509 1834 562; x_wconf 85' lang='lat' dir='ltr'><strong>Psal-</strong></span> 
     </span>
    </p>
   </div>
   <div class='ocr_carea' id='block_1_6' title="bbox 113 592 1836 666">
    <p class='ocr_par' dir='ltr' id='par_1_6' title="bbox 113 592 1836 666">
     <span class='ocr_line' id='line_1_6' title="bbox 113 592 1836 666; baseline 0.003 -21"><span class='ocrx_word' id='word_1_34' title='bbox 113 592 324 646; x_wconf 67' lang='lat' dir='ltr'><strong>mistaa</strong></span> <span class='ocrx_word' id='word_1_35' title='bbox 357 610 577 658; x_wconf 79' lang='lat' dir='ltr'><strong>vocem,</strong></span> <span class='ocrx_word' id='word_1_36' title='bbox 609 602 966 663; x_wconf 90' lang='lat' dir='ltr'><strong>unguentum</strong></span> <span class='ocrx_word' id='word_1_37' title='bbox 997 595 1053 648; x_wconf 90' lang='lat' dir='ltr'><strong>in</strong></span> <span class='ocrx_word' id='word_1_38' title='bbox 1097 596 1282 664; x_wconf 90' lang='lat' dir='ltr'><strong>capite</strong></span> <span class='ocrx_word' id='word_1_39' title='bbox 1314 597 1565 666; x_wconf 90' lang='lat' dir='ltr'><strong>primum</strong></span> <span class='ocrx_word' id='word_1_40' title='bbox 1601 598 1836 651; x_wconf 79' lang='lat' dir='ltr'><strong>descen-</strong></span> 
     </span>
    </p>
   </div>
   <div class='ocr_carea' id='block_1_7' title="bbox 114 682 1834 751">
    <p class='ocr_par' dir='ltr' id='par_1_7' title="bbox 114 682 1834 751">
     <span class='ocr_line' id='line_1_7' title="bbox 114 682 1834 751; baseline 0.003 -18"><span class='ocrx_word' id='word_1_41' title='bbox 114 682 201 733; x_wconf 90' lang='lat' dir='ltr'><strong>dit</strong></span> <span class='ocrx_word' id='word_1_42' title='bbox 238 682 309 734; x_wconf 85' lang='lat' dir='ltr'><strong>in</strong></span> <span class='ocrx_word' id='word_1_43' title='bbox 350 682 610 749; x_wconf 89' lang='lat' dir='ltr'><strong>barbam,</strong></span> <span class='ocrx_word' id='word_1_44' title='bbox 647 682 882 736; x_wconf 79' lang='lat' dir='ltr'><strong>barbam</strong></span> <span class='ocrx_word' id='word_1_45' title='bbox 917 687 1128 751; x_wconf 82' lang='lat' dir='ltr'><strong>Aaron,</strong></span> <span class='ocrx_word' id='word_1_46' title='bbox 1164 690 1220 737; x_wconf 89' lang='lat' dir='ltr'><strong>et</strong></span> <span class='ocrx_word' id='word_1_47' title='bbox 1252 684 1544 739; x_wconf 82' lang='lat' dir='ltr'><strong>descendit</strong></span> <span class='ocrx_word' id='word_1_48' title='bbox 1573 686 1744 740; x_wconf 91' lang='lat' dir='ltr'><strong>etiam</strong></span> <span class='ocrx_word' id='word_1_49' title='bbox 1776 686 1834 740; x_wconf 90' lang='lat' dir='ltr'><strong>in</strong></span> 
     </span>
    </p>
   </div>
   <div class='ocr_carea' id='block_1_8' title="bbox 115 771 1354 841">
    <p class='ocr_par' dir='ltr' id='par_1_8' title="bbox 115 771 1354 841">
     <span class='ocr_line' id='line_1_8' title="bbox 115 771 1354 841; baseline 0.002 -18"><span class='ocrx_word' id='word_1_50' title='bbox 115 787 222 823; x_wconf 82' lang='lat' dir='ltr'><strong>ora</strong></span> <span class='ocrx_word' id='word_1_51' title='bbox 250 771 592 824; x_wconf 77' lang='lat' dir='ltr'><strong>vestimenti</strong></span> <span class='ocrx_word' id='word_1_52' title='bbox 621 773 741 839; x_wconf 89' lang='lat' dir='ltr'><strong>ejus</strong></span> <span class='ocrx_word' id='word_1_53' title='bbox 765 771 930 841; x_wconf 76' lang='lat' dir='ltr'><strong>(Psal.</strong></span> <span class='ocrx_word' id='word_1_54' title='bbox 963 788 1166 837; x_wconf 79' lang='lat' dir='ltr'><strong>cxxxn,</strong></span> <span class='ocrx_word' id='word_1_55' title='bbox 1200 774 1252 838; x_wconf 93' lang='lat'><strong>2,</strong></span> <span class='ocrx_word' id='word_1_56' title='bbox 1283 774 1354 840; x_wconf 79' lang='grc'><strong>3).</strong></span> 
     </span>
    </p>
   </div>
   <div class='ocr_carea' id='block_1_9' title="bbox 189 860 1839 930">
    <p class='ocr_par' dir='ltr' id='par_1_9' title="bbox 189 860 1839 930">
     <span class='ocr_line' id='line_1_9' title="bbox 189 860 1839 930; baseline 0.002 -18"><span class='ocrx_word' id='word_1_57' title='bbox 189 860 574 930; x_wconf 81' lang='lat' dir='ltr'><strong>Quapropter</strong></span> <span class='ocrx_word' id='word_1_58' title='bbox 603 860 760 911; x_wconf 87' lang='lat' dir='ltr'><strong>omni</strong></span> <span class='ocrx_word' id='word_1_59' title='bbox 794 860 981 912; x_wconf 88' lang='lat' dir='ltr'><strong>studio</strong></span> <span class='ocrx_word' id='word_1_60' title='bbox 1026 865 1083 912; x_wconf 89' lang='lat' dir='ltr'><strong>et</strong></span> <span class='ocrx_word' id='word_1_61' title='bbox 1130 860 1427 930; x_wconf 78' lang='lat' dir='ltr'><strong>vigilantia</strong></span> <span class='ocrx_word' id='word_1_62' title='bbox 1481 860 1710 930; x_wconf 88' lang='lat' dir='ltr'><strong>pietatis</strong></span> <span class='ocrx_word' id='word_1_63' title='bbox 1753 878 1839 915; x_wconf 88' lang='lat' dir='ltr'><strong>ca-</strong></span> 
     </span>
    </p>
   </div>
   <div class='ocr_carea' id='block_1_10' title="bbox 117 946 1837 1014">
    <p class='ocr_par' dir='ltr' id='par_1_10' title="bbox 117 946 1837 1014">
     <span class='ocr_line' id='line_1_10' title="bbox 117 946 1837 1014; baseline 0.004 -18"><span class='ocrx_word' id='word_1_64' title='bbox 117 947 319 1000; x_wconf 81' lang='lat' dir='ltr'><strong>venda</strong></span> <span class='ocrx_word' id='word_1_65' title='bbox 363 952 447 999; x_wconf 87' lang='lat' dir='ltr'><strong>est</strong></span> <span class='ocrx_word' id='word_1_66' title='bbox 487 946 855 1000; x_wconf 89' lang='lat' dir='ltr'><strong>immunditia</strong></span> <span class='ocrx_word' id='word_1_67' title='bbox 886 947 1115 1014; x_wconf 88' lang='lat' dir='ltr'><strong>erroris,</strong></span> <span class='ocrx_word' id='word_1_68' title='bbox 1161 953 1216 1001; x_wconf 90' lang='lat' dir='ltr'><strong>et</strong></span> <span class='ocrx_word' id='word_1_69' title='bbox 1259 948 1557 1002; x_wconf 84' lang='lat' dir='ltr'><strong>humiliter</strong></span> <span class='ocrx_word' id='word_1_70' title='bbox 1605 965 1668 1002; x_wconf 91' lang='lat' dir='ltr'><strong>ac</strong></span> <span class='ocrx_word' id='word_1_71' title='bbox 1696 951 1837 1003; x_wconf 90' lang='lat' dir='ltr'><strong>ﬁde-</strong></span> 
     </span>
    </p>
   </div>
   <div class='ocr_carea' id='block_1_11' title="bbox 118 1035 1836 1106">
    <p class='ocr_par' dir='ltr' id='par_1_11' title="bbox 118 1035 1836 1106">
     <span class='ocr_line' id='line_1_11' title="bbox 118 1035 1836 1106; baseline 0.002 -19"><span class='ocrx_word' id='word_1_72' title='bbox 118 1036 263 1088; x_wconf 84' lang='lat' dir='ltr'><strong>liter</strong></span> <span class='ocrx_word' id='word_1_73' title='bbox 315 1035 833 1104; x_wconf 74' lang='lat' dir='ltr'><strong>obtemperantium</strong></span> <span class='ocrx_word' id='word_1_74' title='bbox 881 1036 1150 1104; x_wconf 83' lang='lat' dir='ltr'><strong>Apostolo</strong></span> <span class='ocrx_word' id='word_1_75' title='bbox 1202 1036 1306 1089; x_wconf 91' lang='lat' dir='ltr'><strong>sub</strong></span> <span class='ocrx_word' id='word_1_76' title='bbox 1356 1053 1596 1106; x_wconf 83' lang='lat' dir='ltr'><strong>persona</strong></span> <span class='ocrx_word' id='word_1_77' title='bbox 1649 1039 1836 1091; x_wconf 86' lang='lat' dir='ltr'><strong>Timo-</strong></span> 
     </span>
    </p>
   </div>
   <div class='ocr_carea' id='block_1_12' title="bbox 121 1123 1836 1194">
    <p class='ocr_par' dir='ltr' id='par_1_12' title="bbox 121 1123 1836 1194">
     <span class='ocr_line' id='line_1_12' title="bbox 121 1123 1836 1194; baseline 0.003 -19"><span class='ocrx_word' id='word_1_78' title='bbox 121 1123 250 1175; x_wconf 74' lang='lat' dir='ltr'><strong>tnei</strong></span> <span class='ocrx_word' id='word_1_79' title='bbox 305 1125 376 1177; x_wconf 90' lang='lat' dir='ltr'><strong>ad</strong></span> <span class='ocrx_word' id='word_1_80' title='bbox 423 1139 898 1194; x_wconf 84' lang='lat' dir='ltr'><strong>unumquemque</strong></span> <span class='ocrx_word' id='word_1_81' title='bbox 948 1129 1230 1177; x_wconf 82' lang='lat' dir='ltr'><strong>rectorem</strong></span> <span class='ocrx_word' id='word_1_82' title='bbox 1282 1126 1539 1179; x_wconf 83' lang='lat' dir='ltr'><strong>Ecclesiae</strong></span> <span class='ocrx_word' id='word_1_83' title='bbox 1589 1126 1836 1180; x_wconf 88' lang='lat' dir='ltr'><strong>dicenti:</strong></span> 
     </span>
    </p>
   </div>
   <div class='ocr_carea' id='block_1_13' title="bbox 128 1212 1838 1284">
    <p class='ocr_par' dir='ltr' id='par_1_13' title="bbox 128 1212 1838 1284">
     <span class='ocr_line' id='line_1_13' title="bbox 128 1212 1838 1284; baseline 0 -17"><span class='ocrx_word' id='word_1_84' title='bbox 128 1239 146 1260; x_wconf 73' lang='grc' dir='ltr'><strong>ι</strong></span> <span class='ocrx_word' id='word_1_85' title='bbox 187 1213 235 1267; x_wconf 90' lang='grc' dir='ltr'><strong>Ο</strong></span> <span class='ocrx_word' id='word_1_86' title='bbox 263 1212 593 1278; x_wconf 88' lang='lat' dir='ltr'><strong>Timothee,</strong></span> <span class='ocrx_word' id='word_1_87' title='bbox 626 1213 951 1283; x_wconf 87' lang='lat' dir='ltr'><strong>depositum</strong></span> <span class='ocrx_word' id='word_1_88' title='bbox 1001 1213 1243 1279; x_wconf 89' lang='lat' dir='ltr'><strong>custodi,</strong></span> <span class='ocrx_word' id='word_1_89' title='bbox 1285 1215 1542 1267; x_wconf 83' lang='lat' dir='ltr'><strong>devitans</strong></span> <span class='ocrx_word' id='word_1_90' title='bbox 1574 1215 1838 1284; x_wconf 89' lang='lat' dir='ltr'><strong>profanas</strong></span> 
     </span>
    </p>
   </div>
   <div class='ocr_carea' id='block_1_14' title="bbox 123 1301 1837 1372">
    <p class='ocr_par' dir='ltr' id='par_1_14' title="bbox 123 1301 1837 1372">
     <span class='ocr_line' id='line_1_14' title="bbox 123 1301 1837 1372; baseline 0.002 -20"><span class='ocrx_word' id='word_1_91' title='bbox 123 1317 343 1354; x_wconf 81' lang='lat' dir='ltr'><strong>vocum</strong></span> <span class='ocrx_word' id='word_1_92' title='bbox 376 1302 658 1354; x_wconf 89' lang='lat' dir='ltr'><strong>novitates</strong></span> <span class='ocrx_word' id='word_1_93' title='bbox 690 1307 744 1354; x_wconf 87' lang='lat' dir='ltr'><strong>et</strong></span> <span class='ocrx_word' id='word_1_94' title='bbox 775 1301 1170 1372; x_wconf 88' lang='lat' dir='ltr'><strong>oppositiones</strong></span> <span class='ocrx_word' id='word_1_95' title='bbox 1203 1302 1329 1356; x_wconf 86' lang='lat' dir='ltr'><strong>falsi</strong></span> <span class='ocrx_word' id='word_1_96' title='bbox 1377 1303 1625 1356; x_wconf 90' lang='lat' dir='ltr'><strong>nominis</strong></span> <span class='ocrx_word' id='word_1_97' title='bbox 1656 1303 1837 1356; x_wconf 89' lang='lat' dir='ltr'><strong>scien-</strong></span> 
     </span>
    </p>
   </div>
   <div class='ocr_carea' id='block_1_15' title="bbox 123 1389 1836 1460">
    <p class='ocr_par' dir='ltr' id='par_1_15' title="bbox 123 1389 1836 1460">
     <span class='ocr_line' id='line_1_15' title="bbox 123 1389 1836 1460; baseline 0.001 -18"><span class='ocrx_word' id='word_1_98' title='bbox 123 1389 224 1442; x_wconf 78' lang='lat' dir='ltr'><strong>tia:</strong></span> <span class='ocrx_word' id='word_1_99' title='bbox 255 1407 271 1454; x_wconf 86' lang='lat'><strong>;</strong></span> <span class='ocrx_word' id='word_1_100' title='bbox 300 1406 475 1460; x_wconf 88' lang='lat' dir='ltr'><strong>quam</strong></span> <span class='ocrx_word' id='word_1_101' title='bbox 510 1389 743 1460; x_wconf 87' lang='lat' dir='ltr'><strong>quidam</strong></span> <span class='ocrx_word' id='word_1_102' title='bbox 777 1390 1175 1459; x_wconf 90' lang='lat' dir='ltr'><strong>promittentes</strong></span> <span class='ocrx_word' id='word_1_103' title='bbox 1214 1390 1362 1444; x_wconf 90' lang='lat' dir='ltr'><strong>circa</strong></span> <span class='ocrx_word' id='word_1_104' title='bbox 1393 1392 1562 1444; x_wconf 86' lang='lat' dir='ltr'><strong>tidem</strong></span> <span class='ocrx_word' id='word_1_105' title='bbox 1608 1391 1836 1445; x_wconf 84' lang='lat' dir='ltr'><strong>excide-</strong></span> 
     </span>
    </p>
   </div>
   <div class='ocr_carea' id='block_1_16' title="bbox 125 1479 1836 1548">
    <p class='ocr_par' dir='ltr' id='par_1_16' title="bbox 125 1479 1836 1548">
     <span class='ocr_line' id='line_1_16' title="bbox 125 1479 1836 1548; baseline 0.002 -18"><span class='ocrx_word' id='word_1_106' title='bbox 125 1485 274 1530; x_wconf 88' lang='lat' dir='ltr'><strong>runt</strong></span> <span class='ocrx_word' id='word_1_107' title='bbox 303 1480 476 1546; x_wconf 71' lang='lat' dir='ltr'><strong>(Tim.</strong></span> <span class='ocrx_word' id='word_1_108' title='bbox 514 1495 586 1543; x_wconf 85' lang='lat' dir='ltr'><strong>vi,</strong></span> <span class='ocrx_word' id='word_1_109' title='bbox 629 1482 718 1544; x_wconf 78' lang='lat'><strong>20,</strong></span> <span class='ocrx_word' id='word_1_110' title='bbox 749 1481 856 1545; x_wconf 71' lang='lat' dir='ltr'><strong>2t}.</strong></span> <span class='ocrx_word' id='word_1_111' title='bbox 899 1501 919 1526; x_wconf 77' lang='grc' dir='ltr'><strong>ι</strong></span> <span class='ocrx_word' id='word_1_112' title='bbox 957 1479 1245 1533; x_wconf 85' lang='lat' dir='ltr'><strong>Habemus</strong></span> <span class='ocrx_word' id='word_1_113' title='bbox 1282 1495 1530 1548; x_wconf 81' lang='lat' dir='ltr'><strong>namque</strong></span> <span class='ocrx_word' id='word_1_114' title='bbox 1565 1495 1836 1548; x_wconf 76' lang='lat' dir='ltr'><strong>magnum</strong></span> 
     </span>
    </p>
   </div>
   <div class='ocr_carea' id='block_1_17' title="bbox 127 1567 1837 1638">
    <p class='ocr_par' dir='ltr' id='par_1_17' title="bbox 127 1567 1837 1638">
     <span class='ocr_line' id='line_1_17' title="bbox 127 1567 1837 1638; baseline 0.001 -18"><span class='ocrx_word' id='word_1_115' title='bbox 127 1569 453 1638; x_wconf 63' lang='lat' dir='ltr'><strong>depositum</strong></span> <span class='ocrx_word' id='word_1_116' title='bbox 480 1567 635 1632; x_wconf 89' lang='lat' dir='ltr'><strong>lidei,</strong></span> <span class='ocrx_word' id='word_1_117' title='bbox 669 1574 724 1620; x_wconf 91' lang='lat' dir='ltr'><strong>et</strong></span> <span class='ocrx_word' id='word_1_118' title='bbox 757 1568 1030 1621; x_wconf 69' lang='lat' dir='ltr'><strong>doctrinm</strong></span> <span class='ocrx_word' id='word_1_119' title='bbox 1077 1567 1328 1620; x_wconf 85' lang='lat' dir='ltr'><strong>veritatis</strong></span> <span class='ocrx_word' id='word_1_120' title='bbox 1361 1584 1424 1620; x_wconf 82' lang='lat' dir='ltr'><strong>ex</strong></span> <span class='ocrx_word' id='word_1_121' title='bbox 1459 1567 1663 1620; x_wconf 85' lang='lat' dir='ltr'><strong>divinis</strong></span> <span class='ocrx_word' id='word_1_122' title='bbox 1696 1567 1837 1621; x_wconf 84' lang='lat' dir='ltr'><strong>Scri-</strong></span> 
     </span>
    </p>
   </div>
   <div class='ocr_carea' id='block_1_18' title="bbox 127 1656 1836 1726">
    <p class='ocr_par' dir='ltr' id='par_1_18' title="bbox 127 1656 1836 1726">
     <span class='ocr_line' id='line_1_18' title="bbox 127 1656 1836 1726; baseline 0 -17"><span class='ocrx_word' id='word_1_123' title='bbox 127 1656 325 1726; x_wconf 86' lang='lat' dir='ltr'><strong>pturis</strong></span> <span class='ocrx_word' id='word_1_124' title='bbox 354 1660 412 1709; x_wconf 90' lang='lat' dir='ltr'><strong>et</strong></span> <span class='ocrx_word' id='word_1_125' title='bbox 449 1661 778 1710; x_wconf 89' lang='lat' dir='ltr'><strong>sanctorum</strong></span> <span class='ocrx_word' id='word_1_126' title='bbox 827 1657 1058 1710; x_wconf 84' lang='lat' dir='ltr'><strong>Patrum</strong></span> <span class='ocrx_word' id='word_1_127' title='bbox 1093 1656 1277 1721; x_wconf 88' lang='lat' dir='ltr'><strong>dictis,</strong></span> <span class='ocrx_word' id='word_1_128' title='bbox 1322 1656 1478 1710; x_wconf 89' lang='lat' dir='ltr'><strong>velut</strong></span> <span class='ocrx_word' id='word_1_129' title='bbox 1524 1656 1836 1726; x_wconf 90' lang='lat' dir='ltr'><strong>pretiosum</strong></span> 
     </span>
    </p>
   </div>
   <div class='ocr_carea' id='block_1_19' title="bbox 129 1741 1838 1812">
    <p class='ocr_par' dir='ltr' id='par_1_19' title="bbox 129 1741 1838 1812">
     <span class='ocr_line' id='line_1_19' title="bbox 129 1741 1838 1812; baseline 0.001 -16"><span class='ocrx_word' id='word_1_130' title='bbox 129 1741 523 1812; x_wconf 84' lang='lat' dir='ltr'><strong>multiplicem</strong></span> <span class='ocrx_word' id='word_1_131' title='bbox 553 1743 884 1796; x_wconf 87' lang='lat' dir='ltr'><strong>thesaurum</strong></span> <span class='ocrx_word' id='word_1_132' title='bbox 933 1743 1204 1796; x_wconf 90' lang='lat' dir='ltr'><strong>divinitus</strong></span> <span class='ocrx_word' id='word_1_133' title='bbox 1234 1744 1396 1797; x_wconf 91' lang='lat' dir='ltr'><strong>nobis</strong></span> <span class='ocrx_word' id='word_1_134' title='bbox 1427 1744 1494 1797; x_wconf 89' lang='lat' dir='ltr'><strong>ad</strong></span> <span class='ocrx_word' id='word_1_135' title='bbox 1526 1745 1838 1798; x_wconf 84' lang='lat' dir='ltr'><strong>custodiam</strong></span> 
     </span>
    </p>
   </div>
   <div class='ocr_carea' id='block_1_20' title="bbox 130 1832 1833 1901">
    <p class='ocr_par' dir='ltr' id='par_1_20' title="bbox 130 1832 1833 1901">
     <span class='ocr_line' id='line_1_20' title="bbox 130 1832 1833 1901; baseline 0.001 -17"><span class='ocrx_word' id='word_1_136' title='bbox 130 1832 656 1885; x_wconf 87' lang='lat' dir='ltr'><strong>commendatum:</strong></span> <span class='ocrx_word' id='word_1_137' title='bbox 711 1847 884 1901; x_wconf 90' lang='lat' dir='ltr'><strong>quem</strong></span> <span class='ocrx_word' id='word_1_138' title='bbox 923 1833 1046 1885; x_wconf 88' lang='lat' dir='ltr'><strong>sine</strong></span> <span class='ocrx_word' id='word_1_139' title='bbox 1095 1832 1522 1886; x_wconf 88' lang='lat' dir='ltr'><strong>intermissione</strong></span> <span class='ocrx_word' id='word_1_140' title='bbox 1571 1833 1833 1898; x_wconf 91' lang='lat' dir='ltr'><strong>Domino,</strong></span> 
     </span>
    </p>
   </div>
   <div class='ocr_carea' id='block_1_21' title="bbox 133 1920 1838 1991">
    <p class='ocr_par' dir='ltr' id='par_1_21' title="bbox 133 1920 1838 1991">
     <span class='ocr_line' id='line_1_21' title="bbox 133 1920 1838 1991; baseline 0.001 -19"><span class='ocrx_word' id='word_1_141' title='bbox 133 1920 473 1985; x_wconf 84' lang='lat' dir='ltr'><strong>auxiliante,</strong></span> <span class='ocrx_word' id='word_1_142' title='bbox 510 1920 788 1974; x_wconf 89' lang='lat' dir='ltr'><strong>debemus</strong></span> <span class='ocrx_word' id='word_1_143' title='bbox 820 1920 1120 1990; x_wconf 90' lang='lat' dir='ltr'><strong>inspicere,</strong></span> <span class='ocrx_word' id='word_1_144' title='bbox 1156 1926 1468 1991; x_wconf 78' lang='lat' dir='ltr'><strong>extergere,</strong></span> <span class='ocrx_word' id='word_1_145' title='bbox 1515 1922 1717 1991; x_wconf 89' lang='lat' dir='ltr'><strong>polire,</strong></span> <span class='ocrx_word' id='word_1_146' title='bbox 1749 1925 1838 1974; x_wconf 93' lang='lat' dir='ltr'><strong>at—</strong></span> 
     </span>
    </p>
   </div>
   <div class='ocr_carea' id='block_1_22' title="bbox 135 2008 1836 2080">
    <p class='ocr_par' dir='ltr' id='par_1_22' title="bbox 135 2008 1836 2080">
     <span class='ocr_line' id='line_1_22' title="bbox 135 2008 1836 2080; baseline 0.001 -19"><span class='ocrx_word' id='word_1_147' title='bbox 135 2025 251 2079; x_wconf 90' lang='lat' dir='ltr'><strong>que</strong></span> <span class='ocrx_word' id='word_1_148' title='bbox 283 2015 568 2070; x_wconf 82' lang='lat' dir='ltr'><strong>excutere,</strong></span> <span class='ocrx_word' id='word_1_149' title='bbox 605 2025 668 2060; x_wconf 90' lang='lat' dir='ltr'><strong>ac</strong></span> <span class='ocrx_word' id='word_1_150' title='bbox 701 2008 1138 2078; x_wconf 83' lang='lat' dir='ltr'><strong>diligentissime</strong></span> <span class='ocrx_word' id='word_1_151' title='bbox 1173 2026 1416 2077; x_wconf 81' lang='lat' dir='ltr'><strong>servare,</strong></span> <span class='ocrx_word' id='word_1_152' title='bbox 1454 2026 1522 2063; x_wconf 88' lang='lat' dir='ltr'><strong>ne</strong></span> <span class='ocrx_word' id='word_1_153' title='bbox 1547 2027 1649 2080; x_wconf 89' lang='lat' dir='ltr'><strong>per</strong></span> <span class='ocrx_word' id='word_1_154' title='bbox 1678 2010 1836 2063; x_wconf 90' lang='lat' dir='ltr'><strong>incu-</strong></span> 
     </span>
    </p>
   </div>
   <div class='ocr_carea' id='block_1_23' title="bbox 135 2096 1838 2168">
    <p class='ocr_par' dir='ltr' id='par_1_23' title="bbox 135 2096 1838 2168">
     <span class='ocr_line' id='line_1_23' title="bbox 135 2096 1838 2168; baseline 0.001 -18"><span class='ocrx_word' id='word_1_155' title='bbox 135 2099 284 2150; x_wconf 81' lang='lat' dir='ltr'><strong>riam</strong></span> <span class='ocrx_word' id='word_1_156' title='bbox 324 2103 380 2150; x_wconf 91' lang='lat' dir='ltr'><strong>et</strong></span> <span class='ocrx_word' id='word_1_157' title='bbox 413 2096 703 2163; x_wconf 82' lang='lat' dir='ltr'><strong>ignaviam</strong></span> <span class='ocrx_word' id='word_1_158' title='bbox 735 2103 988 2151; x_wconf 87' lang='lat' dir='ltr'><strong>nostram</strong></span> <span class='ocrx_word' id='word_1_159' title='bbox 1021 2103 1118 2152; x_wconf 89' lang='lat' dir='ltr'><strong>aut</strong></span> <span class='ocrx_word' id='word_1_160' title='bbox 1147 2100 1380 2168; x_wconf 86' lang='lat' dir='ltr'><strong>pulvere</strong></span> <span class='ocrx_word' id='word_1_161' title='bbox 1403 2099 1708 2165; x_wconf 88' lang='lat' dir='ltr'><strong>sordescat,</strong></span> <span class='ocrx_word' id='word_1_162' title='bbox 1738 2103 1838 2151; x_wconf 88' lang='lat' dir='ltr'><strong>aut</strong></span> 
     </span>
    </p>
   </div>
   <div class='ocr_carea' id='block_1_24' title="bbox 137 2185 1834 2256">
    <p class='ocr_par' dir='ltr' id='par_1_24' title="bbox 137 2185 1834 2256">
     <span class='ocr_line' id='line_1_24' title="bbox 137 2185 1834 2256; baseline 0 -17"><span class='ocrx_word' id='word_1_163' title='bbox 137 2187 398 2254; x_wconf 66' lang='lat' dir='ltr'><strong>aerugine</strong></span> <span class='ocrx_word' id='word_1_164' title='bbox 432 2186 522 2238; x_wconf 86' lang='lat' dir='ltr'><strong>vel</strong></span> <span class='ocrx_word' id='word_1_165' title='bbox 563 2185 732 2239; x_wconf 86' lang='lat' dir='ltr'><strong>tineis</strong></span> <span class='ocrx_word' id='word_1_166' title='bbox 772 2186 1130 2248; x_wconf 89' lang='lat' dir='ltr'><strong>demoliatur,</strong></span> <span class='ocrx_word' id='word_1_167' title='bbox 1164 2191 1262 2240; x_wconf 88' lang='lat' dir='ltr'><strong>aut</strong></span> <span class='ocrx_word' id='word_1_168' title='bbox 1305 2188 1689 2256; x_wconf 86' lang='lat' dir='ltr'><strong>malignorum</strong></span> <span class='ocrx_word' id='word_1_169' title='bbox 1721 2186 1834 2256; x_wconf 90' lang='lat' dir='ltr'><strong>spi-</strong></span> 
     </span>
    </p>
   </div>
   <div class='ocr_carea' id='block_1_25' title="bbox 139 2273 1836 2342">
    <p class='ocr_par' dir='ltr' id='par_1_25' title="bbox 139 2273 1836 2342">
     <span class='ocr_line' id='line_1_25' title="bbox 139 2273 1836 2342; baseline 0.001 -17"><span class='ocrx_word' id='word_1_170' title='bbox 139 2273 361 2327; x_wconf 89' lang='lat' dir='ltr'><strong>rituum</strong></span> <span class='ocrx_word' id='word_1_171' title='bbox 393 2274 641 2339; x_wconf 89' lang='lat' dir='ltr'><strong>insidiis,</strong></span> <span class='ocrx_word' id='word_1_172' title='bbox 677 2273 761 2326; x_wconf 86' lang='lat' dir='ltr'><strong>vel</strong></span> <span class='ocrx_word' id='word_1_173' title='bbox 794 2291 826 2326; x_wconf 91' lang='lat' dir='ltr'><strong>a</strong></span> <span class='ocrx_word' id='word_1_174' title='bbox 862 2273 1177 2342; x_wconf 88' lang='lat' dir='ltr'><strong>nocturnis,</strong></span> <span class='ocrx_word' id='word_1_175' title='bbox 1224 2278 1280 2327; x_wconf 91' lang='lat' dir='ltr'><strong>et</strong></span> <span class='ocrx_word' id='word_1_176' title='bbox 1333 2274 1567 2328; x_wconf 89' lang='lat' dir='ltr'><strong>occultis</strong></span> <span class='ocrx_word' id='word_1_177' title='bbox 1613 2274 1836 2327; x_wconf 88' lang='lat' dir='ltr'><strong>furibus</strong></span> 
     </span>
    </p>
   </div>
   <div class='ocr_carea' id='block_1_26' title="bbox 142 2361 1839 2433">
    <p class='ocr_par' dir='ltr' id='par_1_26' title="bbox 142 2361 1839 2433">
     <span class='ocr_line' id='line_1_26' title="bbox 142 2361 1839 2433; baseline 0 -17"><span class='ocrx_word' id='word_1_178' title='bbox 142 2363 452 2416; x_wconf 81' lang='lat' dir='ltr'><strong>eﬁ&#39;odiatur</strong></span> <span class='ocrx_word' id='word_1_179' title='bbox 482 2378 546 2415; x_wconf 89' lang='lat' dir='ltr'><strong>ac</strong></span> <span class='ocrx_word' id='word_1_180' title='bbox 575 2361 881 2432; x_wconf 88' lang='lat' dir='ltr'><strong>diripiatur</strong></span> <span class='ocrx_word' id='word_1_181' title='bbox 921 2363 1115 2431; x_wconf 81' lang='lat' dir='ltr'><strong>(Marc.</strong></span> <span class='ocrx_word' id='word_1_182' title='bbox 1165 2377 1239 2416; x_wconf 86' lang='lat' dir='ltr'><strong>VI.</strong></span> <span class='ocrx_word' id='word_1_183' title='bbox 1278 2364 1382 2433; x_wconf 83' lang='lat' dir='ltr'><strong>l9).</strong></span> <span class='ocrx_word' id='word_1_184' title='bbox 1418 2363 1563 2426; x_wconf 86' lang='lat' dir='ltr'><strong>Quia</strong></span> <span class='ocrx_word' id='word_1_185' title='bbox 1589 2370 1639 2416; x_wconf 89' lang='lat' dir='ltr'><strong>et</strong></span> <span class='ocrx_word' id='word_1_186' title='bbox 1673 2362 1839 2417; x_wconf 89' lang='lat' dir='ltr'><strong>Sesac</strong></span> 
     </span>
    </p>
   </div>
   <div class='ocr_carea' id='block_1_27' title="bbox 139 2451 1837 2523">
    <p class='ocr_par' dir='ltr' id='par_1_27' title="bbox 139 2451 1837 2523">
     <span class='ocr_line' id='line_1_27' title="bbox 139 2451 1837 2523; baseline -0.001 -18"><span class='ocrx_word' id='word_1_187' title='bbox 139 2469 236 2506; x_wconf 74' lang='lat' dir='ltr'><strong>rex</strong></span> <span class='ocrx_word' id='word_1_188' title='bbox 268 2451 517 2523; x_wconf 63' lang='lat' dir='ltr'><strong>.Egypti,</strong></span> <span class='ocrx_word' id='word_1_189' title='bbox 573 2467 678 2520; x_wconf 91' lang='lat' dir='ltr'><strong>per</strong></span> <span class='ocrx_word' id='word_1_190' title='bbox 720 2467 889 2521; x_wconf 87' lang='lat' dir='ltr'><strong>quem</strong></span> <span class='ocrx_word' id='word_1_191' title='bbox 939 2451 1293 2521; x_wconf 81' lang='lat' dir='ltr'><strong>significatur</strong></span> <span class='ocrx_word' id='word_1_192' title='bbox 1344 2452 1610 2521; x_wconf 89' lang='lat' dir='ltr'><strong>princeps</strong></span> <span class='ocrx_word' id='word_1_193' title='bbox 1667 2452 1837 2521; x_wconf 89' lang='lat' dir='ltr'><strong>hujus</strong></span> 
     </span>
    </p>
   </div>
   <div class='ocr_carea' id='block_1_28' title="bbox 141 2539 1836 2610">
    <p class='ocr_par' dir='ltr' id='par_1_28' title="bbox 141 2539 1836 2610">
     <span class='ocr_line' id='line_1_28' title="bbox 141 2539 1836 2610; baseline 0 -16"><span class='ocrx_word' id='word_1_194' title='bbox 141 2540 369 2606; x_wconf 89' lang='lat' dir='ltr'><strong>mundi,</strong></span> <span class='ocrx_word' id='word_1_195' title='bbox 438 2540 946 2593; x_wconf 87' lang='lat' dir='ltr'><strong>armamentarium</strong></span> <span class='ocrx_word' id='word_1_196' title='bbox 1014 2539 1134 2593; x_wconf 89' lang='lat' dir='ltr'><strong>veri</strong></span> <span class='ocrx_word' id='word_1_197' title='bbox 1201 2540 1522 2594; x_wconf 90' lang='lat' dir='ltr'><strong>Salomonis</strong></span> <span class='ocrx_word' id='word_1_198' title='bbox 1591 2541 1836 2610; x_wconf 90' lang='lat' dir='ltr'><strong>spoliare</strong></span> 
     </span>
    </p>
   </div>
   <div class='ocr_carea' id='block_1_29' title="bbox 143 2618 1838 2699">
    <p class='ocr_par' dir='ltr' id='par_1_29' title="bbox 143 2618 1838 2699">
     <span class='ocr_line' id='line_1_29' title="bbox 143 2618 1838 2699; baseline -0.001 -17"><span class='ocrx_word' id='word_1_199' title='bbox 143 2629 372 2699; x_wconf 71' lang='lat' dir='ltr'><strong>quaerit.</strong></span> <span class='ocrx_word' id='word_1_200' title='bbox 408 2630 473 2682; x_wconf 89' lang='lat' dir='ltr'><strong>Et</strong></span> <span class='ocrx_word' id='word_1_201' title='bbox 532 2633 785 2682; x_wconf 87' lang='lat' dir='ltr'><strong>trecenta</strong></span> <span class='ocrx_word' id='word_1_202' title='bbox 842 2618 998 2682; x_wconf 86' lang='lat' dir='ltr'><strong>scuta</strong></span> <span class='ocrx_word' id='word_1_203' title='bbox 1050 2645 1224 2682; x_wconf 88' lang='lat' dir='ltr'><strong>aurea</strong></span> <span class='ocrx_word' id='word_1_204' title='bbox 1285 2634 1605 2698; x_wconf 89' lang='lat' dir='ltr'><strong>exportans,</strong></span> <span class='ocrx_word' id='word_1_205' title='bbox 1665 2629 1720 2682; x_wconf 94' lang='lat' dir='ltr'><strong>id</strong></span> <span class='ocrx_word' id='word_1_206' title='bbox 1753 2633 1838 2681; x_wconf 90' lang='lat' dir='ltr'><strong>est</strong></span> 
     </span>
    </p>
   </div>
   <div class='ocr_carea' id='block_1_30' title="bbox 143 2716 1835 2786">
    <p class='ocr_par' dir='ltr' id='par_1_30' title="bbox 143 2716 1835 2786">
     <span class='ocr_line' id='line_1_30' title="bbox 143 2716 1835 2786; baseline 0.001 -19"><span class='ocrx_word' id='word_1_207' title='bbox 143 2735 294 2772; x_wconf 75' lang='lat' dir='ltr'><strong>verae</strong></span> <span class='ocrx_word' id='word_1_208' title='bbox 327 2723 381 2771; x_wconf 86' lang='lat' dir='ltr'><strong>et</strong></span> <span class='ocrx_word' id='word_1_209' title='bbox 414 2733 588 2770; x_wconf 64' lang='lat' dir='ltr'><strong>merae</strong></span> <span class='ocrx_word' id='word_1_210' title='bbox 610 2716 743 2770; x_wconf 89' lang='lat' dir='ltr'><strong>ﬁdei</strong></span> <span class='ocrx_word' id='word_1_211' title='bbox 765 2716 1099 2786; x_wconf 85' lang='lat' dir='ltr'><strong>mysterium</strong></span> <span class='ocrx_word' id='word_1_212' title='bbox 1123 2718 1192 2770; x_wconf 90' lang='lat' dir='ltr'><strong>de</strong></span> <span class='ocrx_word' id='word_1_213' title='bbox 1223 2717 1389 2770; x_wconf 89' lang='lat' dir='ltr'><strong>corde</strong></span> <span class='ocrx_word' id='word_1_214' title='bbox 1423 2716 1835 2786; x_wconf 79' lang='lat' dir='ltr'><strong>negligentiam</strong></span> 
     </span>
    </p>
   </div>
   <div class='ocr_carea' id='block_1_31' title="bbox 142 2805 1840 2877">
    <p class='ocr_par' dir='ltr' id='par_1_31' title="bbox 142 2805 1840 2877">
     <span class='ocr_line' id='line_1_31' title="bbox 142 2805 1840 2877; baseline -0.001 -17"><span class='ocrx_word' id='word_1_215' title='bbox 142 2807 443 2877; x_wconf 88' lang='lat' dir='ltr'><strong>diripiens,</strong></span> <span class='ocrx_word' id='word_1_216' title='bbox 485 2822 589 2875; x_wconf 90' lang='lat' dir='ltr'><strong>pro</strong></span> <span class='ocrx_word' id='word_1_217' title='bbox 642 2805 830 2858; x_wconf 87' lang='lat' dir='ltr'><strong>aureis</strong></span> <span class='ocrx_word' id='word_1_218' title='bbox 885 2821 1033 2858; x_wconf 70' lang='lat' dir='ltr'><strong>terea</strong></span> <span class='ocrx_word' id='word_1_219' title='bbox 1063 2805 1328 2859; x_wconf 89' lang='lat' dir='ltr'><strong>fabricari</strong></span> <span class='ocrx_word' id='word_1_220' title='bbox 1386 2805 1678 2875; x_wconf 86' lang='lat' dir='ltr'><strong>compellit</strong></span> <span class='ocrx_word' id='word_1_221' title='bbox 1733 2806 1840 2872; x_wconf 81' lang='lat' dir='ltr'><strong>(III</strong></span> 
     </span>
    </p>
   </div>
   <div class='ocr_carea' id='block_1_32' title="bbox 141 2895 1834 2966">
    <p class='ocr_par' dir='ltr' id='par_1_32' title="bbox 141 2895 1834 2966">
     <span class='ocr_line' id='line_1_32' title="bbox 141 2895 1834 2966; baseline -0.001 -17"><span class='ocrx_word' id='word_1_222' title='bbox 141 2898 268 2962; x_wconf 70' lang='lat' dir='ltr'><strong>Reg.</strong></span> <span class='ocrx_word' id='word_1_223' title='bbox 299 2912 407 2962; x_wconf 86' lang='lat' dir='ltr'><strong>xiv,</strong></span> <span class='ocrx_word' id='word_1_224' title='bbox 445 2898 532 2962; x_wconf 86' lang='lat'><strong>26,</strong></span> <span class='ocrx_word' id='word_1_225' title='bbox 565 2895 676 2962; x_wconf 91' lang='lat'><strong>27),</strong></span> <span class='ocrx_word' id='word_1_226' title='bbox 711 2900 772 2948; x_wconf 90' lang='lat' dir='ltr'><strong>ut</strong></span> <span class='ocrx_word' id='word_1_227' title='bbox 801 2895 967 2948; x_wconf 79' lang='lat' dir='ltr'><strong>faciat</strong></span> <span class='ocrx_word' id='word_1_228' title='bbox 1011 2912 1136 2960; x_wconf 90' lang='lat' dir='ltr'><strong>nos,</strong></span> <span class='ocrx_word' id='word_1_229' title='bbox 1170 2895 1320 2966; x_wconf 88' lang='lat' dir='ltr'><strong>quod</strong></span> <span class='ocrx_word' id='word_1_230' title='bbox 1354 2895 1521 2962; x_wconf 87' lang='lat' dir='ltr'><strong>absit,</strong></span> <span class='ocrx_word' id='word_1_231' title='bbox 1557 2917 1584 2944; x_wconf 88' lang='grc'><strong>‹‹</strong></span> <span class='ocrx_word' id='word_1_232' title='bbox 1617 2895 1834 2949; x_wconf 87' lang='lat' dir='ltr'><strong>baben-</strong></span> 
     </span>
    </p>
   </div>
   <div class='ocr_carea' id='block_1_33' title="bbox 1939 507 3637 578">
    <p class='ocr_par' dir='ltr' id='par_1_33' title="bbox 1939 507 3637 578">
     <span class='ocr_line' id='line_1_33' title="bbox 1939 507 3637 578; baseline 0.001 -18"><span class='ocrx_word' id='word_1_233' title='bbox 1939 508 2154 577; x_wconf 90' lang='lat' dir='ltr'><strong>judicio</strong></span> <span class='ocrx_word' id='word_1_234' title='bbox 2188 509 2246 560; x_wconf 91' lang='lat' dir='ltr'><strong>in</strong></span> <span class='ocrx_word' id='word_1_235' title='bbox 2299 524 2479 561; x_wconf 88' lang='lat' dir='ltr'><strong>massa</strong></span> <span class='ocrx_word' id='word_1_236' title='bbox 2510 507 2850 577; x_wconf 87' lang='lat' dir='ltr'><strong>perditionis</strong></span> <span class='ocrx_word' id='word_1_237' title='bbox 2883 507 3132 576; x_wconf 87' lang='lat' dir='ltr'><strong>reliquit,</strong></span> <span class='ocrx_word' id='word_1_238' title='bbox 3169 507 3457 577; x_wconf 82' lang='lat' dir='ltr'><strong>perituros</strong></span> <span class='ocrx_word' id='word_1_239' title='bbox 3490 523 3637 578; x_wconf 69' lang='lat' dir='ltr'><strong>prm-</strong></span> 
     </span>
    </p>
   </div>
   <div class='ocr_carea' id='block_1_34' title="bbox 1945 595 3632 665">
    <p class='ocr_par' dir='ltr' id='par_1_34' title="bbox 1945 595 3632 665">
     <span class='ocr_line' id='line_1_34' title="bbox 1945 595 3632 665; baseline 0 -17"><span class='ocrx_word' id='word_1_240' title='bbox 1945 596 2126 663; x_wconf 83' lang='lat' dir='ltr'><strong>scivit,</strong></span> <span class='ocrx_word' id='word_1_241' title='bbox 2184 596 2278 649; x_wconf 90' lang='lat' dir='ltr'><strong>sed</strong></span> <span class='ocrx_word' id='word_1_242' title='bbox 2348 612 2460 648; x_wconf 89' lang='lat' dir='ltr'><strong>non</strong></span> <span class='ocrx_word' id='word_1_243' title='bbox 2513 601 2573 647; x_wconf 88' lang='lat' dir='ltr'><strong>ut</strong></span> <span class='ocrx_word' id='word_1_244' title='bbox 2621 596 2872 664; x_wconf 88' lang='lat' dir='ltr'><strong>perirent</strong></span> <span class='ocrx_word' id='word_1_245' title='bbox 2934 595 3362 665; x_wconf 65' lang='lat' dir='ltr'><strong>praedestinavit</strong></span> <span class='ocrx_word' id='word_1_246' title='bbox 3404 611 3632 664; x_wconf 86' lang='lat' dir='ltr'><strong>pcenam</strong></span> 
     </span>
    </p>
   </div>
   <div class='ocr_carea' id='block_1_35' title="bbox 1945 683 3632 753">
    <p class='ocr_par' dir='ltr' id='par_1_35' title="bbox 1945 683 3632 753">
     <span class='ocr_line' id='line_1_35' title="bbox 1945 683 3632 753; baseline -0.002 -15"><span class='ocrx_word' id='word_1_247' title='bbox 1945 689 2136 738; x_wconf 88' lang='lat' dir='ltr'><strong>autem</strong></span> <span class='ocrx_word' id='word_1_248' title='bbox 2166 684 2296 750; x_wconf 86' lang='lat' dir='ltr'><strong>illis,</strong></span> <span class='ocrx_word' id='word_1_249' title='bbox 2333 683 2465 753; x_wconf 86' lang='lat' dir='ltr'><strong>quia</strong></span> <span class='ocrx_word' id='word_1_250' title='bbox 2490 683 2676 752; x_wconf 86' lang='lat' dir='ltr'><strong>justus</strong></span> <span class='ocrx_word' id='word_1_251' title='bbox 2722 689 2824 749; x_wconf 90' lang='lat' dir='ltr'><strong>est,</strong></span> <span class='ocrx_word' id='word_1_252' title='bbox 2873 683 3293 753; x_wconf 63' lang='lat' dir='ltr'><strong>prardestinavit</strong></span> <span class='ocrx_word' id='word_1_253' title='bbox 3323 687 3592 737; x_wconf 67' lang='lat' dir='ltr'><strong>aeternam</strong></span> <span class='ocrx_word' id='word_1_254' title='bbox 3619 701 3632 750; x_wconf 89' lang='lat'><strong>;</strong></span> 
     </span>
    </p>
   </div>
   <div class='ocr_carea' id='block_1_36' title="bbox 1947 771 3635 842">
    <p class='ocr_par' dir='ltr' id='par_1_36' title="bbox 1947 771 3635 842">
     <span class='ocr_line' id='line_1_36' title="bbox 1947 771 3635 842; baseline -0.001 -17"><span class='ocrx_word' id='word_1_255' title='bbox 1947 790 2009 826; x_wconf 88' lang='lat' dir='ltr'><strong>ac</strong></span> <span class='ocrx_word' id='word_1_256' title='bbox 2042 789 2143 842; x_wconf 91' lang='lat' dir='ltr'><strong>per</strong></span> <span class='ocrx_word' id='word_1_257' title='bbox 2173 774 2279 826; x_wconf 90' lang='lat' dir='ltr'><strong>hoc</strong></span> <span class='ocrx_word' id='word_1_258' title='bbox 2312 789 2483 826; x_wconf 74' lang='lat' dir='ltr'><strong>tinam</strong></span> <span class='ocrx_word' id='word_1_259' title='bbox 2513 772 2609 825; x_wconf 90' lang='lat' dir='ltr'><strong>Dei</strong></span> <span class='ocrx_word' id='word_1_260' title='bbox 2640 771 3200 841; x_wconf 62' lang='lat' dir='ltr'><strong>prmdestinationem</strong></span> <span class='ocrx_word' id='word_1_261' title='bbox 3233 772 3635 826; x_wconf 87' lang='lat' dir='ltr'><strong>tantummodo</strong></span> 
     </span>
    </p>
   </div>
   <div class='ocr_carea' id='block_1_37' title="bbox 1947 859 3632 930">
    <p class='ocr_par' dir='ltr' id='par_1_37' title="bbox 1947 859 3632 930">
     <span class='ocr_line' id='line_1_37' title="bbox 1947 859 3632 930; baseline -0.002 -15"><span class='ocrx_word' id='word_1_262' title='bbox 1947 863 2206 923; x_wconf 83' lang='lat' dir='ltr'><strong>dicimus,</strong></span> <span class='ocrx_word' id='word_1_263' title='bbox 2245 877 2373 930; x_wconf 76' lang='lat' dir='ltr'><strong>quae</strong></span> <span class='ocrx_word' id='word_1_264' title='bbox 2406 861 2474 914; x_wconf 92' lang='lat' dir='ltr'><strong>ad</strong></span> <span class='ocrx_word' id='word_1_265' title='bbox 2509 861 2723 914; x_wconf 90' lang='lat' dir='ltr'><strong>donum</strong></span> <span class='ocrx_word' id='word_1_266' title='bbox 2749 861 2997 929; x_wconf 88' lang='lat' dir='ltr'><strong>pertinet</strong></span> <span class='ocrx_word' id='word_1_267' title='bbox 3017 859 3235 928; x_wconf 64' lang='lat' dir='ltr'><strong>gratiae,</strong></span> <span class='ocrx_word' id='word_1_268' title='bbox 3267 865 3362 912; x_wconf 90' lang='lat' dir='ltr'><strong>aut</strong></span> <span class='ocrx_word' id='word_1_269' title='bbox 3390 859 3632 912; x_wconf 88' lang='lat' dir='ltr'><strong>retribu-</strong></span> 
     </span>
    </p>
   </div>
   <div class='ocr_carea' id='block_1_38' title="bbox 1946 950 2510 1020">
    <p class='ocr_par' dir='ltr' id='par_1_38' title="bbox 1946 950 2510 1020">
     <span class='ocr_line' id='line_1_38' title="bbox 1946 950 2510 1020; baseline -0.014 -16"><span class='ocrx_word' id='word_1_270' title='bbox 1946 953 2163 1004; x_wconf 89' lang='lat' dir='ltr'><strong>tionem</strong></span> <span class='ocrx_word' id='word_1_271' title='bbox 2192 950 2447 1020; x_wconf 62' lang='lat' dir='ltr'><strong>justitias.</strong></span> <span class='ocrx_word' id='word_1_272' title='bbox 2491 971 2510 996; x_wconf 75' lang='grc' dir='ltr'><strong>ιι</strong></span> 
     </span>
    </p>
   </div>
   <div class='ocr_carea' id='block_1_39' title="bbox 2017 1035 3636 1106">
    <p class='ocr_par' dir='ltr' id='par_1_39' title="bbox 2017 1035 3636 1106">
     <span class='ocr_line' id='line_1_39' title="bbox 2017 1035 3636 1106; baseline -0.004 -12"><span class='ocrx_word' id='word_1_273' title='bbox 2017 1041 2141 1094; x_wconf 78' lang='lat' dir='ltr'><strong>CAP.</strong></span> <span class='ocrx_word' id='word_1_274' title='bbox 2177 1041 2241 1093; x_wconf 91' lang='lat' dir='ltr'><strong>ll.</strong></span> <span class='ocrx_word' id='word_1_275' title='bbox 2307 1061 2331 1086; x_wconf 92' lang='grc'><strong>‹‹</strong></span> <span class='ocrx_word' id='word_1_276' title='bbox 2396 1038 2738 1092; x_wconf 88' lang='lat' dir='ltr'><strong>Libertatem</strong></span> <span class='ocrx_word' id='word_1_277' title='bbox 2793 1037 3016 1090; x_wconf 89' lang='lat' dir='ltr'><strong>arbitrii</strong></span> <span class='ocrx_word' id='word_1_278' title='bbox 3055 1037 3113 1089; x_wconf 91' lang='lat' dir='ltr'><strong>in</strong></span> <span class='ocrx_word' id='word_1_279' title='bbox 3173 1036 3354 1106; x_wconf 90' lang='lat' dir='ltr'><strong>primo</strong></span> <span class='ocrx_word' id='word_1_280' title='bbox 3403 1035 3636 1088; x_wconf 88' lang='lat' dir='ltr'><strong>homine</strong></span> 
     </span>
    </p>
   </div>
   <div class='ocr_carea' id='block_1_40' title="bbox 1947 1123 3633 1198">
    <p class='ocr_par' dir='ltr' id='par_1_40' title="bbox 1947 1123 3633 1198">
     <span class='ocr_line' id='line_1_40' title="bbox 1947 1123 3633 1198; baseline -0.004 -16"><span class='ocrx_word' id='word_1_281' title='bbox 1947 1128 2322 1198; x_wconf 85' lang='lat' dir='ltr'><strong>perdidimus,</strong></span> <span class='ocrx_word' id='word_1_282' title='bbox 2356 1145 2528 1196; x_wconf 89' lang='lat' dir='ltr'><strong>quam</strong></span> <span class='ocrx_word' id='word_1_283' title='bbox 2565 1143 2668 1197; x_wconf 89' lang='lat' dir='ltr'><strong>per</strong></span> <span class='ocrx_word' id='word_1_284' title='bbox 2699 1123 2982 1180; x_wconf 74' lang='lat' dir='ltr'><strong>Christum</strong></span> <span class='ocrx_word' id='word_1_285' title='bbox 3036 1125 3344 1178; x_wconf 87' lang='lat' dir='ltr'><strong>Dominum</strong></span> <span class='ocrx_word' id='word_1_286' title='bbox 3377 1130 3633 1176; x_wconf 91' lang='lat' dir='ltr'><strong>nostrum</strong></span> 
     </span>
    </p>
   </div>
   <div class='ocr_carea' id='block_1_41' title="bbox 1944 1212 3636 1286">
    <p class='ocr_par' dir='ltr' id='par_1_41' title="bbox 1944 1212 3636 1286">
     <span class='ocr_line' id='line_1_41' title="bbox 1944 1212 3636 1286; baseline -0.003 -17"><span class='ocrx_word' id='word_1_287' title='bbox 1944 1218 2286 1286; x_wconf 88' lang='lat' dir='ltr'><strong>recepimus,</strong></span> <span class='ocrx_word' id='word_1_288' title='bbox 2337 1222 2392 1269; x_wconf 89' lang='lat' dir='ltr'><strong>et</strong></span> <span class='ocrx_word' id='word_1_289' title='bbox 2441 1217 2721 1269; x_wconf 87' lang='lat' dir='ltr'><strong>habemus</strong></span> <span class='ocrx_word' id='word_1_290' title='bbox 2768 1215 3010 1269; x_wconf 89' lang='lat' dir='ltr'><strong>liberum</strong></span> <span class='ocrx_word' id='word_1_291' title='bbox 3067 1213 3366 1267; x_wconf 85' lang='lat' dir='ltr'><strong>arbitrium</strong></span> <span class='ocrx_word' id='word_1_292' title='bbox 3416 1212 3485 1266; x_wconf 87' lang='lat' dir='ltr'><strong>ad</strong></span> <span class='ocrx_word' id='word_1_293' title='bbox 3534 1213 3636 1264; x_wconf 91' lang='lat' dir='ltr'><strong>bo-</strong></span> 
     </span>
    </p>
   </div>
   <div class='ocr_carea' id='block_1_42' title="bbox 1947 1291 3639 1375">
    <p class='ocr_par' dir='ltr' id='par_1_42' title="bbox 1947 1291 3639 1375">
     <span class='ocr_line' id='line_1_42' title="bbox 1947 1291 3639 1375; baseline -0.004 -16"><span class='ocrx_word' id='word_1_294' title='bbox 1947 1323 2106 1371; x_wconf 90' lang='lat' dir='ltr'><strong>num,</strong></span> <span class='ocrx_word' id='word_1_295' title='bbox 2154 1291 2508 1375; x_wconf 69' lang='lat' dir='ltr'><strong>praeventum</strong></span> <span class='ocrx_word' id='word_1_296' title='bbox 2540 1304 2632 1372; x_wconf 55' lang='lat' dir='ltr'><strong>iet</strong></span> <span class='ocrx_word' id='word_1_297' title='bbox 2680 1303 2936 1374; x_wconf 88' lang='lat' dir='ltr'><strong>adjutum</strong></span> <span class='ocrx_word' id='word_1_298' title='bbox 2988 1303 3208 1369; x_wconf 81' lang='lat' dir='ltr'><strong>gratia;</strong></span> <span class='ocrx_word' id='word_1_299' title='bbox 3262 1308 3318 1355; x_wconf 88' lang='lat' dir='ltr'><strong>et</strong></span> <span class='ocrx_word' id='word_1_300' title='bbox 3365 1302 3639 1354; x_wconf 86' lang='lat' dir='ltr'><strong>habemus</strong></span> 
     </span>
    </p>
   </div>
   <div class='ocr_carea' id='block_1_43' title="bbox 1945 1389 3636 1459">
    <p class='ocr_par' dir='ltr' id='par_1_43' title="bbox 1945 1389 3636 1459">
     <span class='ocr_line' id='line_1_43' title="bbox 1945 1389 3636 1459; baseline -0.003 -12"><span class='ocrx_word' id='word_1_301' title='bbox 1945 1395 2192 1448; x_wconf 89' lang='lat' dir='ltr'><strong>liberum</strong></span> <span class='ocrx_word' id='word_1_302' title='bbox 2241 1393 2543 1446; x_wconf 87' lang='lat' dir='ltr'><strong>arbitrium</strong></span> <span class='ocrx_word' id='word_1_303' title='bbox 2593 1393 2661 1445; x_wconf 91' lang='lat' dir='ltr'><strong>ad</strong></span> <span class='ocrx_word' id='word_1_304' title='bbox 2708 1393 2922 1445; x_wconf 87' lang='lat' dir='ltr'><strong>malum</strong></span> <span class='ocrx_word' id='word_1_305' title='bbox 2977 1393 3267 1445; x_wconf 71' lang='lat' dir='ltr'><strong>desertum</strong></span> <span class='ocrx_word' id='word_1_306' title='bbox 3317 1391 3537 1459; x_wconf 89' lang='lat' dir='ltr'><strong>gratia;</strong></span> <span class='ocrx_word' id='word_1_307' title='bbox 3574 1389 3636 1442; x_wconf 90' lang='lat' dir='ltr'><strong>li-</strong></span> 
     </span>
    </p>
   </div>
   <div class='ocr_carea' id='block_1_44' title="bbox 1945 1478 3636 1549">
    <p class='ocr_par' dir='ltr' id='par_1_44' title="bbox 1945 1478 3636 1549">
     <span class='ocr_line' id='line_1_44' title="bbox 1945 1478 3636 1549; baseline -0.004 -13"><span class='ocrx_word' id='word_1_308' title='bbox 1945 1483 2146 1537; x_wconf 90' lang='lat' dir='ltr'><strong>berum</strong></span> <span class='ocrx_word' id='word_1_309' title='bbox 2180 1487 2370 1534; x_wconf 91' lang='lat' dir='ltr'><strong>autem</strong></span> <span class='ocrx_word' id='word_1_310' title='bbox 2402 1482 2681 1535; x_wconf 86' lang='lat' dir='ltr'><strong>habemus</strong></span> <span class='ocrx_word' id='word_1_311' title='bbox 2735 1481 3057 1546; x_wconf 85' lang='lat' dir='ltr'><strong>arbitrium,</strong></span> <span class='ocrx_word' id='word_1_312' title='bbox 3105 1479 3238 1548; x_wconf 86' lang='lat' dir='ltr'><strong>quia</strong></span> <span class='ocrx_word' id='word_1_313' title='bbox 3283 1480 3465 1549; x_wconf 85' lang='lat' dir='ltr'><strong>gratia</strong></span> <span class='ocrx_word' id='word_1_314' title='bbox 3495 1478 3636 1531; x_wconf 89' lang='lat' dir='ltr'><strong>libe-</strong></span> 
     </span>
    </p>
   </div>
   <div class='ocr_carea' id='block_1_45' title="bbox 1947 1570 3196 1639">
    <p class='ocr_par' dir='ltr' id='par_1_45' title="bbox 1947 1570 3196 1639">
     <span class='ocr_line' id='line_1_45' title="bbox 1947 1570 3196 1639; baseline -0.006 -15"><span class='ocrx_word' id='word_1_315' title='bbox 1947 1575 2135 1624; x_wconf 87' lang='lat' dir='ltr'><strong>ratum</strong></span> <span class='ocrx_word' id='word_1_316' title='bbox 2167 1576 2223 1623; x_wconf 90' lang='lat' dir='ltr'><strong>et</strong></span> <span class='ocrx_word' id='word_1_317' title='bbox 2252 1570 2437 1639; x_wconf 87' lang='lat' dir='ltr'><strong>gratia</strong></span> <span class='ocrx_word' id='word_1_318' title='bbox 2463 1570 2530 1623; x_wconf 90' lang='lat' dir='ltr'><strong>de</strong></span> <span class='ocrx_word' id='word_1_319' title='bbox 2557 1575 2825 1638; x_wconf 88' lang='lat' dir='ltr'><strong>corrupto</strong></span> <span class='ocrx_word' id='word_1_320' title='bbox 2859 1574 3140 1621; x_wconf 87' lang='lat' dir='ltr'><strong>sanatum.</strong></span> <span class='ocrx_word' id='word_1_321' title='bbox 3169 1589 3196 1618; x_wconf 86' lang='lat'><strong>»</strong></span> 
     </span>
    </p>
   </div>
   <div class='ocr_carea' id='block_1_46' title="bbox 2019 1653 3633 1727">
    <p class='ocr_par' dir='ltr' id='par_1_46' title="bbox 2019 1653 3633 1727">
     <span class='ocr_line' id='line_1_46' title="bbox 2019 1653 3633 1727; baseline -0.006 -14"><span class='ocrx_word' id='word_1_322' title='bbox 2019 1661 2144 1713; x_wconf 79' lang='lat' dir='ltr'><strong>CAP.</strong></span> <span class='ocrx_word' id='word_1_323' title='bbox 2179 1660 2274 1712; x_wconf 94' lang='lat' dir='ltr'><strong>lll.</strong></span> <span class='ocrx_word' id='word_1_324' title='bbox 2310 1681 2329 1705; x_wconf 78' lang='grc' dir='ltr'><strong><em>α</em></strong></span> <span class='ocrx_word' id='word_1_325' title='bbox 2386 1660 2532 1711; x_wconf 90' lang='lat' dir='ltr'><strong>Deus</strong></span> <span class='ocrx_word' id='word_1_326' title='bbox 2581 1658 2945 1727; x_wconf 88' lang='lat' dir='ltr'><strong>omnipotens</strong></span> <span class='ocrx_word' id='word_1_327' title='bbox 2997 1677 3023 1706; x_wconf 78' lang='grc' dir='ltr'><strong><em>(ι</em></strong></span> <span class='ocrx_word' id='word_1_328' title='bbox 3075 1673 3271 1709; x_wconf 87' lang='lat' dir='ltr'><strong>onmes</strong></span> <span class='ocrx_word' id='word_1_329' title='bbox 3317 1653 3633 1709; x_wconf 82' lang='lat' dir='ltr'><strong>homines»</strong></span> 
     </span>
    </p>
   </div>
   <div class='ocr_carea' id='block_1_47' title="bbox 1949 1744 3635 1818">
    <p class='ocr_par' dir='ltr' id='par_1_47' title="bbox 1949 1744 3635 1818">
     <span class='ocr_line' id='line_1_47' title="bbox 1949 1744 3635 1818; baseline -0.005 -17"><span class='ocrx_word' id='word_1_330' title='bbox 1949 1747 2071 1801; x_wconf 91' lang='lat' dir='ltr'><strong>sine</strong></span> <span class='ocrx_word' id='word_1_331' title='bbox 2111 1747 2442 1818; x_wconf 79' lang='lat' dir='ltr'><strong>exceptione</strong></span> <span class='ocrx_word' id='word_1_332' title='bbox 2475 1766 2501 1797; x_wconf 87' lang='grc'><strong>‹‹</strong></span> <span class='ocrx_word' id='word_1_333' title='bbox 2552 1747 2670 1800; x_wconf 84' lang='lat' dir='ltr'><strong>vult</strong></span> <span class='ocrx_word' id='word_1_334' title='bbox 2717 1747 2898 1799; x_wconf 89' lang='lat' dir='ltr'><strong>salvos</strong></span> <span class='ocrx_word' id='word_1_335' title='bbox 2939 1746 3062 1798; x_wconf 84' lang='lat' dir='ltr'><strong>fieri</strong></span> <span class='ocrx_word' id='word_1_336' title='bbox 3109 1747 3155 1809; x_wconf 90' lang='lat'><strong>(1</strong></span> <span class='ocrx_word' id='word_1_337' title='bbox 3204 1745 3344 1797; x_wconf 78' lang='lat' dir='ltr'><strong>Tim.</strong></span> <span class='ocrx_word' id='word_1_338' title='bbox 3387 1761 3445 1810; x_wconf 87' lang='grc' dir='ltr'><strong><em>ιι,</em></strong></span> <span class='ocrx_word' id='word_1_339' title='bbox 3496 1744 3574 1811; x_wconf 64' lang='lat' dir='ltr'><strong>fi),</strong></span> <span class='ocrx_word' id='word_1_340' title='bbox 3607 1761 3635 1792; x_wconf 85' lang='lat'><strong>»</strong></span> 
     </span>
    </p>
   </div>
   <div class='ocr_carea' id='block_1_48' title="bbox 1947 1830 3637 1904">
    <p class='ocr_par' dir='ltr' id='par_1_48' title="bbox 1947 1830 3637 1904">
     <span class='ocr_line' id='line_1_48' title="bbox 1947 1830 3637 1904; baseline -0.004 -15"><span class='ocrx_word' id='word_1_341' title='bbox 1947 1835 2081 1890; x_wconf 87' lang='lat' dir='ltr'><strong>licet</strong></span> <span class='ocrx_word' id='word_1_342' title='bbox 2132 1853 2248 1889; x_wconf 90' lang='lat' dir='ltr'><strong>non</strong></span> <span class='ocrx_word' id='word_1_343' title='bbox 2303 1851 2505 1888; x_wconf 89' lang='lat' dir='ltr'><strong>omnes</strong></span> <span class='ocrx_word' id='word_1_344' title='bbox 2559 1835 2885 1900; x_wconf 76' lang='lat' dir='ltr'><strong>salvantur;</strong></span> <span class='ocrx_word' id='word_1_345' title='bbox 2943 1834 3092 1904; x_wconf 91' lang='lat' dir='ltr'><strong>quod</strong></span> <span class='ocrx_word' id='word_1_346' title='bbox 3153 1837 3343 1885; x_wconf 89' lang='lat' dir='ltr'><strong>autem</strong></span> <span class='ocrx_word' id='word_1_347' title='bbox 3404 1830 3637 1900; x_wconf 90' lang='lat' dir='ltr'><strong>quidam</strong></span> 
     </span>
    </p>
   </div>
   <div class='ocr_carea' id='block_1_49' title="bbox 1947 1919 3637 1992">
    <p class='ocr_par' dir='ltr' id='par_1_49' title="bbox 1947 1919 3637 1992">
     <span class='ocr_line' id='line_1_49' title="bbox 1947 1919 3637 1992; baseline -0.003 -14"><span class='ocrx_word' id='word_1_348' title='bbox 1947 1925 2255 1987; x_wconf 88' lang='lat' dir='ltr'><strong>salvantur,</strong></span> <span class='ocrx_word' id='word_1_349' title='bbox 2293 1924 2559 1977; x_wconf 89' lang='lat' dir='ltr'><strong>salvantis</strong></span> <span class='ocrx_word' id='word_1_350' title='bbox 2592 1928 2677 1976; x_wconf 89' lang='lat' dir='ltr'><strong>est</strong></span> <span class='ocrx_word' id='word_1_351' title='bbox 2708 1924 2918 1976; x_wconf 91' lang='lat' dir='ltr'><strong>donum</strong></span> <span class='ocrx_word' id='word_1_352' title='bbox 2950 1943 2964 1988; x_wconf 87' lang='lat'><strong>;</strong></span> <span class='ocrx_word' id='word_1_353' title='bbox 2995 1921 3145 1992; x_wconf 81' lang='lat' dir='ltr'><strong>qund</strong></span> <span class='ocrx_word' id='word_1_354' title='bbox 3188 1926 3377 1974; x_wconf 89' lang='lat' dir='ltr'><strong>autem</strong></span> <span class='ocrx_word' id='word_1_355' title='bbox 3403 1919 3637 1990; x_wconf 87' lang='lat' dir='ltr'><strong>quidam</strong></span> 
     </span>
    </p>
   </div>
   <div class='ocr_carea' id='block_1_50' title="bbox 1946 2011 3104 2083">
    <p class='ocr_par' dir='ltr' id='par_1_50' title="bbox 1946 2011 3104 2083">
     <span class='ocr_line' id='line_1_50' title="bbox 1946 2011 3104 2083; baseline -0.008 -17"><span class='ocrx_word' id='word_1_356' title='bbox 1946 2017 2208 2083; x_wconf 84' lang='lat' dir='ltr'><strong>pereunt,</strong></span> <span class='ocrx_word' id='word_1_357' title='bbox 2237 2011 2606 2082; x_wconf 88' lang='lat' dir='ltr'><strong>pereuntium</strong></span> <span class='ocrx_word' id='word_1_358' title='bbox 2634 2015 2719 2064; x_wconf 90' lang='lat' dir='ltr'><strong>est</strong></span> <span class='ocrx_word' id='word_1_359' title='bbox 2749 2011 3037 2064; x_wconf 88' lang='lat' dir='ltr'><strong>meritum.</strong></span> <span class='ocrx_word' id='word_1_360' title='bbox 3078 2031 3104 2057; x_wconf 87' lang='grc'><strong>››</strong></span> 
     </span>
    </p>
   </div>
   <div class='ocr_carea' id='block_1_51' title="bbox 2017 2095 3640 2162">
    <p class='ocr_par' dir='ltr' id='par_1_51' title="bbox 2017 2095 3640 2162">
     <span class='ocr_line' id='line_1_51' title="bbox 2017 2095 3640 2162; baseline -0.005 -6"><span class='ocrx_word' id='word_1_361' title='bbox 2017 2103 2142 2156; x_wconf 75' lang='lat' dir='ltr'><strong>CAP.</strong></span> <span class='ocrx_word' id='word_1_362' title='bbox 2183 2101 2268 2154; x_wconf 90' lang='lat' dir='ltr'><strong>IV.</strong></span> <span class='ocrx_word' id='word_1_363' title='bbox 2320 2121 2347 2148; x_wconf 90' lang='grc'><strong>‹‹</strong></span> <span class='ocrx_word' id='word_1_364' title='bbox 2396 2099 2652 2156; x_wconf 86' lang='lat' dir='ltr'><strong>Christus</strong></span> <span class='ocrx_word' id='word_1_365' title='bbox 2697 2101 2859 2153; x_wconf 84' lang='lat' dir='ltr'><strong>Jesus</strong></span> <span class='ocrx_word' id='word_1_366' title='bbox 2910 2098 3186 2152; x_wconf 89' lang='lat' dir='ltr'><strong>Dominus</strong></span> <span class='ocrx_word' id='word_1_367' title='bbox 3237 2101 3448 2162; x_wconf 88' lang='lat' dir='ltr'><strong>noster,</strong></span> <span class='ocrx_word' id='word_1_368' title='bbox 3495 2095 3640 2148; x_wconf 89' lang='lat' dir='ltr'><strong>sicut</strong></span> 
     </span>
    </p>
   </div>
   <div class='ocr_carea' id='block_1_52' title="bbox 1947 2181 3637 2255">
    <p class='ocr_par' dir='ltr' id='par_1_52' title="bbox 1947 2181 3637 2255">
     <span class='ocr_line' id='line_1_52' title="bbox 1947 2181 3637 2255; baseline -0.007 -12"><span class='ocrx_word' id='word_1_369' title='bbox 1947 2191 2138 2243; x_wconf 88' lang='lat' dir='ltr'><strong>nullus</strong></span> <span class='ocrx_word' id='word_1_370' title='bbox 2184 2190 2354 2242; x_wconf 89' lang='lat' dir='ltr'><strong>homo</strong></span> <span class='ocrx_word' id='word_1_371' title='bbox 2402 2194 2505 2254; x_wconf 88' lang='lat' dir='ltr'><strong>est,</strong></span> <span class='ocrx_word' id='word_1_372' title='bbox 2556 2188 2666 2242; x_wconf 85' lang='lat' dir='ltr'><strong>fuit</strong></span> <span class='ocrx_word' id='word_1_373' title='bbox 2707 2188 2791 2240; x_wconf 90' lang='lat' dir='ltr'><strong>vel</strong></span> <span class='ocrx_word' id='word_1_374' title='bbox 2839 2187 2947 2239; x_wconf 89' lang='lat' dir='ltr'><strong>erit</strong></span> <span class='ocrx_word' id='word_1_375' title='bbox 2984 2186 3144 2255; x_wconf 85' lang='lat' dir='ltr'><strong>cujus</strong></span> <span class='ocrx_word' id='word_1_376' title='bbox 3193 2190 3396 2237; x_wconf 88' lang='lat' dir='ltr'><strong>natura</strong></span> <span class='ocrx_word' id='word_1_377' title='bbox 3443 2183 3502 2235; x_wconf 90' lang='lat' dir='ltr'><strong>in</strong></span> <span class='ocrx_word' id='word_1_378' title='bbox 3541 2181 3637 2233; x_wconf 93' lang='lat' dir='ltr'><strong>illo</strong></span> 
     </span>
    </p>
   </div>
   <div class='ocr_carea' id='block_1_53' title="bbox 1946 2269 3638 2348">
    <p class='ocr_par' dir='ltr' id='par_1_53' title="bbox 1946 2269 3638 2348">
     <span class='ocr_line' id='line_1_53' title="bbox 1946 2269 3638 2348; baseline -0.005 -18"><span class='ocrx_word' id='word_1_379' title='bbox 1946 2282 2240 2348; x_wconf 87' lang='lat' dir='ltr'><strong>assumpta</strong></span> <span class='ocrx_word' id='word_1_380' title='bbox 2283 2293 2398 2330; x_wconf 88' lang='lat' dir='ltr'><strong>non</strong></span> <span class='ocrx_word' id='word_1_381' title='bbox 2451 2277 2665 2330; x_wconf 84' lang='lat' dir='ltr'><strong>fuerit:</strong></span> <span class='ocrx_word' id='word_1_382' title='bbox 2719 2276 2797 2329; x_wconf 89' lang='lat' dir='ltr'><strong>ita</strong></span> <span class='ocrx_word' id='word_1_383' title='bbox 2848 2273 3040 2328; x_wconf 91' lang='lat' dir='ltr'><strong>nullus</strong></span> <span class='ocrx_word' id='word_1_384' title='bbox 3083 2279 3184 2340; x_wconf 88' lang='lat' dir='ltr'><strong>est,</strong></span> <span class='ocrx_word' id='word_1_385' title='bbox 3241 2273 3348 2326; x_wconf 86' lang='lat' dir='ltr'><strong>fuit</strong></span> <span class='ocrx_word' id='word_1_386' title='bbox 3395 2272 3476 2324; x_wconf 89' lang='lat' dir='ltr'><strong>vel</strong></span> <span class='ocrx_word' id='word_1_387' title='bbox 3527 2269 3638 2323; x_wconf 89' lang='lat' dir='ltr'><strong>erit</strong></span> 
     </span>
    </p>
   </div>
   <div class='ocr_carea' id='block_1_54' title="bbox 1944 2363 3636 2437">
    <p class='ocr_par' dir='ltr' id='par_1_54' title="bbox 1944 2363 3636 2437">
     <span class='ocr_line' id='line_1_54' title="bbox 1944 2363 3636 2437; baseline -0.005 -17"><span class='ocrx_word' id='word_1_388' title='bbox 1944 2366 2117 2420; x_wconf 91' lang='lat' dir='ltr'><strong>homo</strong></span> <span class='ocrx_word' id='word_1_389' title='bbox 2148 2382 2253 2437; x_wconf 89' lang='lat' dir='ltr'><strong>pro</strong></span> <span class='ocrx_word' id='word_1_390' title='bbox 2303 2381 2660 2436; x_wconf 66' lang='lat' dir='ltr'><strong>quo,passus</strong></span> <span class='ocrx_word' id='word_1_391' title='bbox 2701 2381 2814 2417; x_wconf 90' lang='lat' dir='ltr'><strong>non</strong></span> <span class='ocrx_word' id='word_1_392' title='bbox 2853 2364 3045 2430; x_wconf 89' lang='lat' dir='ltr'><strong>fuerit,</strong></span> <span class='ocrx_word' id='word_1_393' title='bbox 3100 2363 3229 2416; x_wconf 90' lang='lat' dir='ltr'><strong>licet</strong></span> <span class='ocrx_word' id='word_1_394' title='bbox 3272 2377 3386 2414; x_wconf 88' lang='lat' dir='ltr'><strong>non</strong></span> <span class='ocrx_word' id='word_1_395' title='bbox 3435 2374 3636 2413; x_wconf 88' lang='lat' dir='ltr'><strong>omnes</strong></span> 
     </span>
    </p>
   </div>
   <div class='ocr_carea' id='block_1_55' title="bbox 1947 2451 3639 2525">
    <p class='ocr_par' dir='ltr' id='par_1_55' title="bbox 1947 2451 3639 2525">
     <span class='ocr_line' id='line_1_55' title="bbox 1947 2451 3639 2525; baseline -0.005 -17"><span class='ocrx_word' id='word_1_396' title='bbox 1947 2454 2228 2525; x_wconf 89' lang='lat' dir='ltr'><strong>passionis</strong></span> <span class='ocrx_word' id='word_1_397' title='bbox 2255 2455 2378 2524; x_wconf 88' lang='lat' dir='ltr'><strong>ejus</strong></span> <span class='ocrx_word' id='word_1_398' title='bbox 2400 2453 2669 2524; x_wconf 86' lang='lat' dir='ltr'><strong>mysterio</strong></span> <span class='ocrx_word' id='word_1_399' title='bbox 2692 2453 3069 2507; x_wconf 88' lang='lat' dir='ltr'><strong>redimantur.</strong></span> <span class='ocrx_word' id='word_1_400' title='bbox 3103 2451 3246 2516; x_wconf 88' lang='lat' dir='ltr'><strong>Quia</strong></span> <span class='ocrx_word' id='word_1_401' title='bbox 3272 2465 3406 2502; x_wconf 89' lang='lat' dir='ltr'><strong>vero</strong></span> <span class='ocrx_word' id='word_1_402' title='bbox 3438 2463 3639 2502; x_wconf 89' lang='lat' dir='ltr'><strong>omnes</strong></span> 
     </span>
    </p>
   </div>
   <div class='ocr_carea' id='block_1_56' title="bbox 1945 2534 3634 2614">
    <p class='ocr_par' dir='ltr' id='par_1_56' title="bbox 1945 2534 3634 2614">
     <span class='ocr_line' id='line_1_56' title="bbox 1945 2534 3634 2614; baseline -0.005 -18"><span class='ocrx_word' id='word_1_403' title='bbox 1945 2544 2227 2614; x_wconf 86' lang='lat' dir='ltr'><strong>passionis</strong></span> <span class='ocrx_word' id='word_1_404' title='bbox 2262 2545 2384 2614; x_wconf 89' lang='lat' dir='ltr'><strong>ejus</strong></span> <span class='ocrx_word' id='word_1_405' title='bbox 2414 2542 2688 2613; x_wconf 80' lang='lat' dir='ltr'><strong>mysterio</strong></span> <span class='ocrx_word' id='word_1_406' title='bbox 2732 2559 2842 2595; x_wconf 93' lang='lat' dir='ltr'><strong>non</strong></span> <span class='ocrx_word' id='word_1_407' title='bbox 2893 2542 3274 2602; x_wconf 89' lang='lat' dir='ltr'><strong>redimuntur,</strong></span> <span class='ocrx_word' id='word_1_408' title='bbox 3307 2554 3425 2591; x_wconf 91' lang='lat' dir='ltr'><strong>non</strong></span> <span class='ocrx_word' id='word_1_409' title='bbox 3455 2534 3634 2606; x_wconf 87' lang='lat' dir='ltr'><strong>respi-</strong></span> 
     </span>
    </p>
   </div>
   <div class='ocr_carea' id='block_1_57' title="bbox 1943 2624 3633 2702">
    <p class='ocr_par' dir='ltr' id='par_1_57' title="bbox 1943 2624 3633 2702">
     <span class='ocr_line' id='line_1_57' title="bbox 1943 2624 3633 2702; baseline -0.005 -17"><span class='ocrx_word' id='word_1_410' title='bbox 1943 2632 2015 2685; x_wconf 90' lang='lat' dir='ltr'><strong>cit</strong></span> <span class='ocrx_word' id='word_1_411' title='bbox 2046 2633 2114 2686; x_wconf 87' lang='lat' dir='ltr'><strong>ad</strong></span> <span class='ocrx_word' id='word_1_412' title='bbox 2156 2632 2615 2702; x_wconf 83' lang='lat' dir='ltr'><strong>magnitudinem</strong></span> <span class='ocrx_word' id='word_1_413' title='bbox 2649 2636 2700 2684; x_wconf 90' lang='lat' dir='ltr'><strong>et</strong></span> <span class='ocrx_word' id='word_1_414' title='bbox 2744 2631 2916 2700; x_wconf 87' lang='lat' dir='ltr'><strong>pretii</strong></span> <span class='ocrx_word' id='word_1_415' title='bbox 2958 2628 3374 2698; x_wconf 89' lang='lat' dir='ltr'><strong>copiositatcm,</strong></span> <span class='ocrx_word' id='word_1_416' title='bbox 3425 2625 3522 2678; x_wconf 89' lang='lat' dir='ltr'><strong>sed</strong></span> <span class='ocrx_word' id='word_1_417' title='bbox 3564 2624 3633 2677; x_wconf 85' lang='lat' dir='ltr'><strong>ad</strong></span> 
     </span>
    </p>
   </div>
   <div class='ocr_carea' id='block_1_58' title="bbox 1945 2716 3636 2785">
    <p class='ocr_par' dir='ltr' id='par_1_58' title="bbox 1945 2716 3636 2785">
     <span class='ocr_line' id='line_1_58' title="bbox 1945 2716 3636 2785; baseline -0.005 -11"><span class='ocrx_word' id='word_1_418' title='bbox 1945 2720 2266 2774; x_wconf 89' lang='lat' dir='ltr'><strong>inﬁdelium</strong></span> <span class='ocrx_word' id='word_1_419' title='bbox 2303 2727 2359 2773; x_wconf 89' lang='lat' dir='ltr'><strong>et</strong></span> <span class='ocrx_word' id='word_1_420' title='bbox 2405 2720 2474 2773; x_wconf 88' lang='lat' dir='ltr'><strong>ad</strong></span> <span class='ocrx_word' id='word_1_421' title='bbox 2519 2736 2634 2773; x_wconf 89' lang='lat' dir='ltr'><strong>non</strong></span> <span class='ocrx_word' id='word_1_422' title='bbox 2673 2720 3022 2773; x_wconf 85' lang='lat' dir='ltr'><strong>credentium</strong></span> <span class='ocrx_word' id='word_1_423' title='bbox 3067 2733 3131 2770; x_wconf 89' lang='lat' dir='ltr'><strong>ea</strong></span> <span class='ocrx_word' id='word_1_424' title='bbox 3160 2716 3272 2770; x_wconf 88' lang='lat' dir='ltr'><strong>ﬁde</strong></span> <span class='ocrx_word' id='word_1_425' title='bbox 3319 2738 3338 2764; x_wconf 74' lang='grc' dir='ltr'><strong>α</strong></span> <span class='ocrx_word' id='word_1_426' title='bbox 3374 2731 3503 2785; x_wconf 85' lang='lat' dir='ltr'><strong>quae</strong></span> <span class='ocrx_word' id='word_1_427' title='bbox 3535 2730 3636 2783; x_wconf 88' lang='lat' dir='ltr'><strong>per</strong></span> 
     </span>
    </p>
   </div>
   <div class='ocr_carea' id='block_1_59' title="bbox 1946 2803 3631 2878">
    <p class='ocr_par' dir='ltr' id='par_1_59' title="bbox 1946 2803 3631 2878">
     <span class='ocr_line' id='line_1_59' title="bbox 1946 2803 3631 2878; baseline -0.005 -15"><span class='ocrx_word' id='word_1_428' title='bbox 1946 2809 2311 2863; x_wconf 89' lang='lat' dir='ltr'><strong>dilectionem</strong></span> <span class='ocrx_word' id='word_1_429' title='bbox 2361 2814 2632 2878; x_wconf 87' lang='lat' dir='ltr'><strong>operatur</strong></span> <span class='ocrx_word' id='word_1_430' title='bbox 2682 2809 2828 2877; x_wconf 82' lang='lat' dir='ltr'><strong>(Gal.</strong></span> <span class='ocrx_word' id='word_1_431' title='bbox 2875 2824 2924 2872; x_wconf 92' lang='lat' dir='ltr'><strong>v,</strong></span> <span class='ocrx_word' id='word_1_432' title='bbox 2958 2807 3032 2874; x_wconf 81' lang='grc'><strong>6),</strong></span> <span class='ocrx_word' id='word_1_433' title='bbox 3069 2828 3087 2852; x_wconf 71' lang='lat' dir='ltr'><strong>n</strong></span> <span class='ocrx_word' id='word_1_434' title='bbox 3132 2803 3360 2875; x_wconf 89' lang='lat' dir='ltr'><strong>respicit</strong></span> <span class='ocrx_word' id='word_1_435' title='bbox 3390 2807 3631 2872; x_wconf 88' lang='lat' dir='ltr'><strong>partem,</strong></span> 
     </span>
    </p>
   </div>
   <div class='ocr_carea' id='block_1_60' title="bbox 1945 2892 3637 2967">
    <p class='ocr_par' dir='ltr' id='par_1_60' title="bbox 1945 2892 3637 2967">
     <span class='ocr_line' id='line_1_60' title="bbox 1945 2892 3637 2967; baseline -0.005 -16"><span class='ocrx_word' id='word_1_436' title='bbox 1945 2897 2081 2967; x_wconf 87' lang='lat' dir='ltr'><strong>quia</strong></span> <span class='ocrx_word' id='word_1_437' title='bbox 2116 2897 2382 2966; x_wconf 89' lang='lat' dir='ltr'><strong>poculum</strong></span> <span class='ocrx_word' id='word_1_438' title='bbox 2436 2897 2704 2950; x_wconf 67' lang='lat' dir='ltr'><strong>humanm</strong></span> <span class='ocrx_word' id='word_1_439' title='bbox 2755 2896 2950 2949; x_wconf 87' lang='lat' dir='ltr'><strong>salutis</strong></span> <span class='ocrx_word' id='word_1_440' title='bbox 2997 2894 3152 2965; x_wconf 87' lang='lat' dir='ltr'><strong>quod</strong></span> <span class='ocrx_word' id='word_1_441' title='bbox 3200 2892 3518 2946; x_wconf 86' lang='lat' dir='ltr'><strong>confectum</strong></span> <span class='ocrx_word' id='word_1_442' title='bbox 3554 2894 3637 2943; x_wconf 90' lang='lat' dir='ltr'><strong>est</strong></span> 
     </span>
    </p>
   </div>
   <div class='ocr_carea' id='block_1_61' title="bbox 144 2980 3633 3066">
    <p class='ocr_par' dir='ltr' id='par_1_61' title="bbox 144 2980 3633 3066">
     <span class='ocr_line' id='line_1_61' title="bbox 144 2980 3633 3066; baseline -0.001 -29"><span class='ocrx_word' id='word_1_443' title='bbox 144 2992 225 3038; x_wconf 85' lang='lat' dir='ltr'><strong>tes</strong></span> <span class='ocrx_word' id='word_1_444' title='bbox 276 2984 523 3054; x_wconf 87' lang='lat' dir='ltr'><strong>speciem</strong></span> <span class='ocrx_word' id='word_1_445' title='bbox 579 2983 812 3053; x_wconf 87' lang='lat' dir='ltr'><strong>quidem</strong></span> <span class='ocrx_word' id='word_1_446' title='bbox 863 2983 1112 3053; x_wconf 87' lang='lat' dir='ltr'><strong>pietatis,</strong></span> <span class='ocrx_word' id='word_1_447' title='bbox 1161 2983 1428 3037; x_wconf 86' lang='lat' dir='ltr'><strong>virtutem</strong></span> <span class='ocrx_word' id='word_1_448' title='bbox 1472 2988 1662 3037; x_wconf 91' lang='lat' dir='ltr'><strong>autem</strong></span> <span class='ocrx_word' id='word_1_449' title='bbox 1710 2983 1834 3053; x_wconf 87' lang='lat' dir='ltr'><strong>ejus</strong></span> <span class='ocrx_word' id='word_1_450' title='bbox 1875 3013 1915 3066; x_wconf 68' lang='grc' dir='ltr'>ρ</span> <span class='ocrx_word' id='word_1_451' title='bbox 1948 2986 2282 3040; x_wconf 86' lang='lat' dir='ltr'><strong>inﬁrmitate</strong></span> <span class='ocrx_word' id='word_1_452' title='bbox 2313 2992 2505 3039; x_wconf 88' lang='lat' dir='ltr'><strong>nostra</strong></span> <span class='ocrx_word' id='word_1_453' title='bbox 2557 2990 2615 3038; x_wconf 90' lang='lat' dir='ltr'><strong>et</strong></span> <span class='ocrx_word' id='word_1_454' title='bbox 2664 2986 2870 3038; x_wconf 88' lang='lat' dir='ltr'><strong>virtute</strong></span> <span class='ocrx_word' id='word_1_455' title='bbox 2919 2984 3130 3050; x_wconf 89' lang='lat' dir='ltr'><strong>divina,</strong></span> <span class='ocrx_word' id='word_1_456' title='bbox 3184 2983 3357 3036; x_wconf 83' lang='lat' dir='ltr'><strong>habet</strong></span> <span class='ocrx_word' id='word_1_457' title='bbox 3402 2980 3633 3051; x_wconf 89' lang='lat' dir='ltr'><strong>quidem</strong></span> 
     </span>
    </p>
   </div>
   <div class='ocr_carea' id='block_1_62' title="bbox 141 3066 1054 3141">
    <p class='ocr_par' dir='ltr' id='par_1_62' title="bbox 141 3066 1054 3141">
     <span class='ocr_line' id='line_1_62' title="bbox 141 3066 1054 3141; baseline 0.008 -24"><span class='ocrx_word' id='word_1_458' title='bbox 141 3066 488 3138; x_wconf 88' lang='lat' dir='ltr'><strong>abnegantes</strong></span> <span class='ocrx_word' id='word_1_459' title='bbox 519 3091 546 3118; x_wconf 73' lang='grc' dir='ltr'><em>η</em></span> <span class='ocrx_word' id='word_1_460' title='bbox 579 3070 654 3140; x_wconf 87' lang='grc' dir='ltr'><strong>(ΙΙ</strong></span> <span class='ocrx_word' id='word_1_461' title='bbox 686 3072 823 3125; x_wconf 80' lang='lat' dir='ltr'><strong>Tim.</strong></span> <span class='ocrx_word' id='word_1_462' title='bbox 856 3088 938 3136; x_wconf 92' lang='grc' dir='ltr'><strong><em>ιιι,</em></strong></span> <span class='ocrx_word' id='word_1_463' title='bbox 984 3071 1054 3141; x_wconf 77' lang='grc'><strong>5).</strong></span> 
     </span>
    </p>
   </div>
   <div class='ocr_carea' id='block_1_63' title="bbox 816 3194 1152 3250">
    <p class='ocr_par' dir='ltr' id='par_1_63' title="bbox 816 3194 1152 3250">
     <span class='ocr_line' id='line_1_63' title="bbox 816 3194 1152 3250; baseline -0.003 -1"><span class='ocrx_word' id='word_1_464' title='bbox 816 3194 1042 3249; x_wconf 85' lang='lat' dir='ltr'><strong>CAPUT</strong></span> <span class='ocrx_word' id='word_1_465' title='bbox 1081 3194 1152 3250; x_wconf 89' lang='lat' dir='ltr'><strong>II.</strong></span> 
     </span>
    </p>
   </div>
   <div class='ocr_carea' id='block_1_64' title="bbox 145 3315 1835 3442">
    <p class='ocr_par' dir='ltr' id='par_1_64' title="bbox 145 3315 1835 3442">
     <span class='ocr_line' id='line_1_64' title="bbox 145 3315 1835 3442; baseline 0.005 -76"><span class='ocrx_word' id='word_1_466' title='bbox 145 3316 204 3367; x_wconf 79' lang='lat' dir='ltr'><strong>In</strong></span> <span class='ocrx_word' id='word_1_467' title='bbox 233 3315 466 3372; x_wconf 72' lang='lat' dir='ltr'><strong>medium</strong></span> <span class='ocrx_word' id='word_1_468' title='bbox 505 3317 855 3372; x_wconf 80' lang='lat' dir='ltr'><strong>adducuntur</strong></span> <span class='ocrx_word' id='word_1_469' title='bbox 891 3322 1125 3442; x_wconf 57' lang='lat' dir='ltr'><strong>quqtz;or</strong></span> <span class='ocrx_word' id='word_1_470' title='bbox 1173 3320 1530 3374; x_wconf 76' lang='lat' dir='ltr'><strong>conventiculi</strong></span> <span class='ocrx_word' id='word_1_471' title='bbox 1565 3321 1835 3376; x_wconf 73' lang='lat' dir='ltr'><strong>Carisiari</strong></span> 
     </span>
     <span class='ocr_line' id='line_1_65' title="bbox 855 3405 1117 3442; baseline 0 0"><span class='ocrx_word' id='word_1_472' title='bbox 855 3406 977 3442; x_wconf 71' lang='lat' dir='ltr'><strong>can:</strong></span> <span class='ocrx_word' id='word_1_473' title='bbox 1005 3406 1039 3442; x_wconf 88' lang='lat' dir='ltr'><em>u</em></span> <span class='ocrx_word' id='word_1_474' title='bbox 1057 3405 1117 3442; x_wconf 55' lang='grc' dir='ltr'><strong>ια.</strong></span> 
     </span>
    </p>
   </div>
   <div class='ocr_carea' id='block_1_65' title="bbox 855 3405 1117 3457">
    <p class='ocr_par' dir='ltr' id='par_1_65' title="bbox 855 3405 1117 3457">
     <span class='ocr_line' id='line_1_66' title="bbox 855 3405 1117 3457; baseline -0.004 -15"><span class='ocrx_word' id='word_1_475' title='bbox 855 3405 1117 3457; x_wconf 72' lang='lat' dir='ltr'><strong>capitula.</strong></span> 
     </span>
    </p>
   </div>
   <div class='ocr_carea' id='block_1_66' title="bbox 215 3513 1838 3586">
    <p class='ocr_par' dir='ltr' id='par_1_66' title="bbox 215 3513 1838 3586">
     <span class='ocr_line' id='line_1_67' title="bbox 215 3513 1838 3586; baseline 0.002 -21"><span class='ocrx_word' id='word_1_476' title='bbox 215 3513 344 3565; x_wconf 62' lang='lat' dir='ltr'><strong>Haec</strong></span> <span class='ocrx_word' id='word_1_477' title='bbox 371 3513 582 3567; x_wconf 89' lang='lat' dir='ltr'><strong>idcirco</strong></span> <span class='ocrx_word' id='word_1_478' title='bbox 615 3513 875 3582; x_wconf 91' lang='lat' dir='ltr'><strong>dicimus,</strong></span> <span class='ocrx_word' id='word_1_479' title='bbox 928 3515 1063 3586; x_wconf 89' lang='lat' dir='ltr'><strong>quia</strong></span> <span class='ocrx_word' id='word_1_480' title='bbox 1096 3514 1356 3583; x_wconf 88' lang='lat' dir='ltr'><strong>pervenit</strong></span> <span class='ocrx_word' id='word_1_481' title='bbox 1402 3514 1472 3568; x_wconf 91' lang='lat' dir='ltr'><strong>ad</strong></span> <span class='ocrx_word' id='word_1_482' title='bbox 1510 3531 1633 3584; x_wconf 90' lang='lat' dir='ltr'><strong>nos,</strong></span> <span class='ocrx_word' id='word_1_483' title='bbox 1666 3515 1721 3569; x_wconf 90' lang='lat' dir='ltr'><strong>id</strong></span> <span class='ocrx_word' id='word_1_484' title='bbox 1754 3519 1838 3569; x_wconf 88' lang='lat' dir='ltr'><strong>est</strong></span> 
     </span>
    </p>
   </div>
   <div class='ocr_carea' id='block_1_67' title="bbox 149 3601 1836 3672">
    <p class='ocr_par' dir='ltr' id='par_1_67' title="bbox 149 3601 1836 3672">
     <span class='ocr_line' id='line_1_68' title="bbox 149 3601 1836 3672; baseline 0.003 -20"><span class='ocrx_word' id='word_1_485' title='bbox 149 3601 436 3654; x_wconf 73' lang='lat' dir='ltr'><strong>Ecclesium</strong></span> <span class='ocrx_word' id='word_1_486' title='bbox 503 3603 937 3672; x_wconf 81' lang='lat' dir='ltr'><strong>Lugdunensem,</strong></span> <span class='ocrx_word' id='word_1_487' title='bbox 1013 3603 1262 3672; x_wconf 59' lang='lat' dir='ltr'><strong>quaedam</strong></span> <span class='ocrx_word' id='word_1_488' title='bbox 1326 3603 1590 3659; x_wconf 78' lang='lat' dir='ltr'><strong>schedula</strong></span> <span class='ocrx_word' id='word_1_489' title='bbox 1649 3604 1836 3658; x_wconf 90' lang='lat' dir='ltr'><strong>studio</strong></span> 
     </span>
    </p>
   </div>
   <div class='ocr_carea' id='block_1_68' title="bbox 148 3688 1832 3762">
    <p class='ocr_par' dir='ltr' id='par_1_68' title="bbox 148 3688 1832 3762">
     <span class='ocr_line' id='line_1_69' title="bbox 148 3688 1832 3762; baseline 0.003 -21"><span class='ocrx_word' id='word_1_490' title='bbox 148 3688 423 3756; x_wconf 89' lang='lat' dir='ltr'><strong>ﬁdelium,</strong></span> <span class='ocrx_word' id='word_1_491' title='bbox 458 3696 514 3744; x_wconf 90' lang='lat' dir='ltr'><strong>et</strong></span> <span class='ocrx_word' id='word_1_492' title='bbox 535 3691 817 3745; x_wconf 90' lang='lat' dir='ltr'><strong>bonorum</strong></span> <span class='ocrx_word' id='word_1_493' title='bbox 846 3692 1122 3758; x_wconf 87' lang='lat' dir='ltr'><strong>virorum,</strong></span> <span class='ocrx_word' id='word_1_494' title='bbox 1153 3692 1252 3762; x_wconf 91' lang='lat' dir='ltr'><strong>qui</strong></span> <span class='ocrx_word' id='word_1_495' title='bbox 1280 3696 1336 3746; x_wconf 87' lang='lat' dir='ltr'><strong>et</strong></span> <span class='ocrx_word' id='word_1_496' title='bbox 1366 3708 1482 3746; x_wconf 73' lang='lat' dir='ltr'><strong>sum</strong></span> <span class='ocrx_word' id='word_1_497' title='bbox 1515 3697 1569 3745; x_wconf 92' lang='lat' dir='ltr'><strong>et</strong></span> <span class='ocrx_word' id='word_1_498' title='bbox 1590 3692 1832 3746; x_wconf 86' lang='lat' dir='ltr'><strong>aliorum</strong></span> 
     </span>
    </p>
   </div>
   <div class='ocr_carea' id='block_1_69' title="bbox 151 3779 1834 3851">
    <p class='ocr_par' dir='ltr' id='par_1_69' title="bbox 151 3779 1834 3851">
     <span class='ocr_line' id='line_1_70' title="bbox 151 3779 1834 3851; baseline 0.002 -21"><span class='ocrx_word' id='word_1_499' title='bbox 151 3779 344 3832; x_wconf 88' lang='lat' dir='ltr'><strong>salutis</strong></span> <span class='ocrx_word' id='word_1_500' title='bbox 374 3780 574 3833; x_wconf 89' lang='lat' dir='ltr'><strong>devote</strong></span> <span class='ocrx_word' id='word_1_501' title='bbox 603 3796 666 3832; x_wconf 87' lang='lat' dir='ltr'><strong>ac</strong></span> <span class='ocrx_word' id='word_1_502' title='bbox 707 3780 1072 3834; x_wconf 86' lang='lat' dir='ltr'><strong>laudabiliter</strong></span> <span class='ocrx_word' id='word_1_503' title='bbox 1126 3779 1570 3834; x_wconf 87' lang='lat' dir='ltr'><strong>sollicitudinem</strong></span> <span class='ocrx_word' id='word_1_504' title='bbox 1605 3787 1834 3851; x_wconf 89' lang='lat' dir='ltr'><strong>gerunt,</strong></span> 
     </span>
    </p>
   </div>
   <div class='ocr_carea' id='block_1_70' title="bbox 151 3866 1837 3940">
    <p class='ocr_par' dir='ltr' id='par_1_70' title="bbox 151 3866 1837 3940">
     <span class='ocr_line' id='line_1_71' title="bbox 151 3866 1837 3940; baseline 0.002 -21"><span class='ocrx_word' id='word_1_505' title='bbox 151 3866 205 3919; x_wconf 90' lang='lat' dir='ltr'><strong>in</strong></span> <span class='ocrx_word' id='word_1_506' title='bbox 228 3873 478 3922; x_wconf 88' lang='lat' dir='ltr'><strong>nostram</strong></span> <span class='ocrx_word' id='word_1_507' title='bbox 510 3868 777 3922; x_wconf 86' lang='lat' dir='ltr'><strong>notitiam</strong></span> <span class='ocrx_word' id='word_1_508' title='bbox 808 3870 1047 3938; x_wconf 89' lang='lat' dir='ltr'><strong>perlata,</strong></span> <span class='ocrx_word' id='word_1_509' title='bbox 1091 3873 1263 3940; x_wconf 85' lang='lat' dir='ltr'><strong>atque</strong></span> <span class='ocrx_word' id='word_1_510' title='bbox 1294 3873 1357 3922; x_wconf 92' lang='lat' dir='ltr'><strong>ut</strong></span> <span class='ocrx_word' id='word_1_511' title='bbox 1387 3870 1453 3923; x_wconf 91' lang='lat' dir='ltr'><strong>ad</strong></span> <span class='ocrx_word' id='word_1_512' title='bbox 1485 3884 1610 3922; x_wconf 91' lang='lat' dir='ltr'><strong>eam</strong></span> <span class='ocrx_word' id='word_1_513' title='bbox 1641 3869 1837 3923; x_wconf 89' lang='lat' dir='ltr'><strong>sedulo</strong></span> 
     </span>
    </p>
   </div>
   <div class='ocr_carea' id='block_1_71' title="bbox 155 3957 1837 4028">
    <p class='ocr_par' dir='ltr' id='par_1_71' title="bbox 155 3957 1837 4028">
     <span class='ocr_line' id='line_1_72' title="bbox 155 3957 1837 4028; baseline 0.001 -20"><span class='ocrx_word' id='word_1_514' title='bbox 155 3957 492 4026; x_wconf 88' lang='lat' dir='ltr'><strong>respondere</strong></span> <span class='ocrx_word' id='word_1_515' title='bbox 513 3957 853 4011; x_wconf 88' lang='lat' dir='ltr'><strong>deberemus</strong></span> <span class='ocrx_word' id='word_1_516' title='bbox 880 3957 1153 4012; x_wconf 86' lang='lat' dir='ltr'><strong>attentius</strong></span> <span class='ocrx_word' id='word_1_517' title='bbox 1185 3957 1600 4013; x_wconf 85' lang='lat' dir='ltr'><strong>commendata.</strong></span> <span class='ocrx_word' id='word_1_518' title='bbox 1628 3959 1692 4011; x_wconf 91' lang='lat' dir='ltr'><strong>In</strong></span> <span class='ocrx_word' id='word_1_519' title='bbox 1725 3975 1837 4028; x_wconf 90' lang='lat' dir='ltr'><strong>qua</strong></span> 
     </span>
    </p>
   </div>
   <div class='ocr_carea' id='block_1_72' title="bbox 152 4044 1838 4114">
    <p class='ocr_par' dir='ltr' id='par_1_72' title="bbox 152 4044 1838 4114">
     <span class='ocr_line' id='line_1_73' title="bbox 152 4044 1838 4114; baseline 0.002 -19"><span class='ocrx_word' id='word_1_520' title='bbox 152 4044 341 4098; x_wconf 88' lang='lat' dir='ltr'><strong>insunt</strong></span> <span class='ocrx_word' id='word_1_521' title='bbox 367 4049 614 4114; x_wconf 88' lang='lat' dir='ltr'><strong>quatuor</strong></span> <span class='ocrx_word' id='word_1_522' title='bbox 642 4044 892 4114; x_wconf 87' lang='lat' dir='ltr'><strong>capitula</strong></span> <span class='ocrx_word' id='word_1_523' title='bbox 934 4045 1182 4098; x_wconf 82' lang='lat' dir='ltr'><strong>maxime</strong></span> <span class='ocrx_word' id='word_1_524' title='bbox 1232 4060 1504 4098; x_wconf 89' lang='lat' dir='ltr'><strong>novarum</strong></span> <span class='ocrx_word' id='word_1_525' title='bbox 1547 4045 1838 4099; x_wconf 83' lang='lat' dir='ltr'><strong>deﬁnitio-</strong></span> 
     </span>
    </p>
   </div>
   <div class='ocr_carea' id='block_1_73' title="bbox 153 4133 1838 4204">
    <p class='ocr_par' dir='ltr' id='par_1_73' title="bbox 153 4133 1838 4204">
     <span class='ocr_line' id='line_1_74' title="bbox 153 4133 1838 4204; baseline 0.001 -19"><span class='ocrx_word' id='word_1_526' title='bbox 153 4149 282 4186; x_wconf 89' lang='lat' dir='ltr'><strong>num</strong></span> <span class='ocrx_word' id='word_1_527' title='bbox 338 4149 547 4202; x_wconf 87' lang='lat' dir='ltr'><strong>nuper,</strong></span> <span class='ocrx_word' id='word_1_528' title='bbox 594 4138 653 4186; x_wconf 90' lang='lat' dir='ltr'><strong>ut</strong></span> <span class='ocrx_word' id='word_1_529' title='bbox 704 4134 1110 4203; x_wconf 87' lang='lat' dir='ltr'><strong>comperimus,</strong></span> <span class='ocrx_word' id='word_1_530' title='bbox 1168 4133 1227 4186; x_wconf 91' lang='lat' dir='ltr'><strong>in</strong></span> <span class='ocrx_word' id='word_1_531' title='bbox 1296 4133 1542 4204; x_wconf 89' lang='lat' dir='ltr'><strong>quodam</strong></span> <span class='ocrx_word' id='word_1_532' title='bbox 1596 4135 1838 4187; x_wconf 83' lang='lat' dir='ltr'><strong>fratrum</strong></span> 
     </span>
    </p>
   </div>
   <div class='ocr_carea' id='block_1_74' title="bbox 155 4222 1838 4292">
    <p class='ocr_par' dir='ltr' id='par_1_74' title="bbox 155 4222 1838 4292">
     <span class='ocr_line' id='line_1_75' title="bbox 155 4222 1838 4292; baseline 0.001 -19"><span class='ocrx_word' id='word_1_533' title='bbox 155 4224 477 4274; x_wconf 79' lang='lat' dir='ltr'><strong>nostrorum</strong></span> <span class='ocrx_word' id='word_1_534' title='bbox 526 4222 931 4291; x_wconf 87' lang='lat' dir='ltr'><strong>episcoporum</strong></span> <span class='ocrx_word' id='word_1_535' title='bbox 979 4228 1260 4275; x_wconf 89' lang='lat' dir='ltr'><strong>conventu</strong></span> <span class='ocrx_word' id='word_1_536' title='bbox 1307 4227 1566 4286; x_wconf 88' lang='lat' dir='ltr'><strong>tractata,</strong></span> <span class='ocrx_word' id='word_1_537' title='bbox 1618 4223 1838 4292; x_wconf 85' lang='lat' dir='ltr'><strong>digesta</strong></span> 
     </span>
    </p>
   </div>
   <div class='ocr_carea' id='block_1_75' title="bbox 154 4310 1833 4382">
    <p class='ocr_par' dir='ltr' id='par_1_75' title="bbox 154 4310 1833 4382">
     <span class='ocr_line' id='line_1_76' title="bbox 154 4310 1833 4382; baseline 0.001 -20"><span class='ocrx_word' id='word_1_538' title='bbox 154 4316 316 4380; x_wconf 87' lang='lat' dir='ltr'><strong>atque</strong></span> <span class='ocrx_word' id='word_1_539' title='bbox 349 4310 685 4380; x_wconf 88' lang='lat' dir='ltr'><strong>conscripta,</strong></span> <span class='ocrx_word' id='word_1_540' title='bbox 738 4312 892 4364; x_wconf 86' lang='lat' dir='ltr'><strong>velut</strong></span> <span class='ocrx_word' id='word_1_541' title='bbox 929 4311 1001 4364; x_wconf 91' lang='lat' dir='ltr'><strong>ad</strong></span> <span class='ocrx_word' id='word_1_542' title='bbox 1033 4310 1523 4382; x_wconf 86' lang='lat' dir='ltr'><strong>comprimendam</strong></span> <span class='ocrx_word' id='word_1_543' title='bbox 1556 4316 1610 4364; x_wconf 89' lang='lat' dir='ltr'><strong>et</strong></span> <span class='ocrx_word' id='word_1_544' title='bbox 1640 4317 1833 4365; x_wconf 89' lang='lat' dir='ltr'><strong>retun-</strong></span> 
     </span>
    </p>
   </div>
   <div class='ocr_carea' id='block_1_76' title="bbox 157 4399 1841 4471">
    <p class='ocr_par' dir='ltr' id='par_1_76' title="bbox 157 4399 1841 4471">
     <span class='ocr_line' id='line_1_77' title="bbox 157 4399 1841 4471; baseline 0 -19"><span class='ocrx_word' id='word_1_545' title='bbox 157 4399 396 4452; x_wconf 89' lang='lat' dir='ltr'><strong>dendam</strong></span> <span class='ocrx_word' id='word_1_546' title='bbox 428 4399 724 4469; x_wconf 82' lang='lat' dir='ltr'><strong>cujusdam</strong></span> <span class='ocrx_word' id='word_1_547' title='bbox 756 4400 972 4470; x_wconf 89' lang='lat' dir='ltr'><strong>garruli</strong></span> <span class='ocrx_word' id='word_1_548' title='bbox 1004 4403 1060 4452; x_wconf 90' lang='lat' dir='ltr'><strong>et</strong></span> <span class='ocrx_word' id='word_1_549' title='bbox 1087 4399 1332 4470; x_wconf 88' lang='lat' dir='ltr'><strong>inquieti</strong></span> <span class='ocrx_word' id='word_1_550' title='bbox 1367 4400 1616 4453; x_wconf 89' lang='lat' dir='ltr'><strong>hominis</strong></span> <span class='ocrx_word' id='word_1_551' title='bbox 1647 4401 1841 4471; x_wconf 82' lang='lat' dir='ltr'><strong>loqua-</strong></span> 
     </span>
    </p>
   </div>
   <div class='ocr_carea' id='block_1_77' title="bbox 157 4487 1838 4557">
    <p class='ocr_par' dir='ltr' id='par_1_77' title="bbox 157 4487 1838 4557">
     <span class='ocr_line' id='line_1_78' title="bbox 157 4487 1838 4557; baseline 0.002 -19"><span class='ocrx_word' id='word_1_552' title='bbox 157 4487 397 4552; x_wconf 85' lang='lat' dir='ltr'><strong>citatem,</strong></span> <span class='ocrx_word' id='word_1_553' title='bbox 441 4487 541 4557; x_wconf 90' lang='lat' dir='ltr'><strong>qui</strong></span> <span class='ocrx_word' id='word_1_554' title='bbox 593 4503 888 4553; x_wconf 90' lang='lat' dir='ltr'><strong>novarum,</strong></span> <span class='ocrx_word' id='word_1_555' title='bbox 935 4492 994 4540; x_wconf 90' lang='lat' dir='ltr'><strong>ut</strong></span> <span class='ocrx_word' id='word_1_556' title='bbox 1034 4488 1232 4554; x_wconf 89' lang='lat' dir='ltr'><strong>fertur,</strong></span> <span class='ocrx_word' id='word_1_557' title='bbox 1291 4487 1676 4557; x_wconf 66' lang='lat' dir='ltr'><strong>quaestionum</strong></span> <span class='ocrx_word' id='word_1_558' title='bbox 1719 4489 1838 4541; x_wconf 90' lang='lat' dir='ltr'><strong>avi-</strong></span> 
     </span>
    </p>
   </div>
   <div class='ocr_carea' id='block_1_78' title="bbox 157 4574 1837 4646">
    <p class='ocr_par' dir='ltr' id='par_1_78' title="bbox 157 4574 1837 4646">
     <span class='ocr_line' id='line_1_79' title="bbox 157 4574 1837 4646; baseline 0.002 -20"><span class='ocrx_word' id='word_1_559' title='bbox 157 4574 250 4628; x_wconf 87' lang='lat' dir='ltr'><strong>dus</strong></span> <span class='ocrx_word' id='word_1_560' title='bbox 280 4580 339 4628; x_wconf 87' lang='lat' dir='ltr'><strong>et</strong></span> <span class='ocrx_word' id='word_1_561' title='bbox 370 4574 830 4644; x_wconf 88' lang='lat' dir='ltr'><strong>indisciplinatus</strong></span> <span class='ocrx_word' id='word_1_562' title='bbox 861 4577 1186 4643; x_wconf 87' lang='lat' dir='ltr'><strong>ventilator,</strong></span> <span class='ocrx_word' id='word_1_563' title='bbox 1221 4583 1277 4630; x_wconf 90' lang='lat' dir='ltr'><strong>et</strong></span> <span class='ocrx_word' id='word_1_564' title='bbox 1301 4577 1426 4630; x_wconf 90' lang='lat' dir='ltr'><strong>aliis</strong></span> <span class='ocrx_word' id='word_1_565' title='bbox 1458 4594 1571 4631; x_wconf 90' lang='lat' dir='ltr'><strong>non</strong></span> <span class='ocrx_word' id='word_1_566' title='bbox 1605 4593 1837 4646; x_wconf 89' lang='lat' dir='ltr'><strong>parvam</strong></span> 
     </span>
    </p>
   </div>
   <div class='ocr_carea' id='block_1_79' title="bbox 160 4663 1841 4734">
    <p class='ocr_par' dir='ltr' id='par_1_79' title="bbox 160 4663 1841 4734">
     <span class='ocr_line' id='line_1_80' title="bbox 160 4663 1841 4734; baseline 0.002 -19"><span class='ocrx_word' id='word_1_567' title='bbox 160 4663 642 4731; x_wconf 87' lang='lat' dir='ltr'><strong>perturbationem</strong></span> <span class='ocrx_word' id='word_1_568' title='bbox 692 4669 748 4716; x_wconf 89' lang='lat' dir='ltr'><strong>et</strong></span> <span class='ocrx_word' id='word_1_569' title='bbox 799 4663 904 4718; x_wconf 92' lang='lat' dir='ltr'><strong>sibi</strong></span> <span class='ocrx_word' id='word_1_570' title='bbox 969 4666 1077 4734; x_wconf 89' lang='lat' dir='ltr'><strong>ipsi</strong></span> <span class='ocrx_word' id='word_1_571' title='bbox 1132 4681 1452 4718; x_wconf 64' lang='lat' dir='ltr'><strong>aerumnam</strong></span> <span class='ocrx_word' id='word_1_572' title='bbox 1505 4665 1841 4719; x_wconf 74' lang='lat' dir='ltr'><strong>miserrimze</strong></span> 
     </span>
    </p>
   </div>
   <div class='ocr_carea' id='block_1_80' title="bbox 159 4752 1839 4822">
    <p class='ocr_par' dir='ltr' id='par_1_80' title="bbox 159 4752 1839 4822">
     <span class='ocr_line' id='line_1_81' title="bbox 159 4752 1839 4822; baseline 0.002 -19"><span class='ocrx_word' id='word_1_573' title='bbox 159 4753 323 4805; x_wconf 85' lang='lat' dir='ltr'><strong>cladis</strong></span> <span class='ocrx_word' id='word_1_574' title='bbox 357 4752 604 4805; x_wconf 90' lang='lat' dir='ltr'><strong>induxit.</strong></span> <span class='ocrx_word' id='word_1_575' title='bbox 642 4753 892 4816; x_wconf 87' lang='lat' dir='ltr'><strong>Quorum</strong></span> <span class='ocrx_word' id='word_1_576' title='bbox 941 4753 1323 4822; x_wconf 87' lang='lat' dir='ltr'><strong>capitulorum</strong></span> <span class='ocrx_word' id='word_1_577' title='bbox 1358 4753 1552 4819; x_wconf 89' lang='lat' dir='ltr'><strong>series,</strong></span> <span class='ocrx_word' id='word_1_578' title='bbox 1587 4753 1729 4806; x_wconf 88' lang='lat' dir='ltr'><strong>sicut</strong></span> <span class='ocrx_word' id='word_1_579' title='bbox 1767 4754 1839 4808; x_wconf 89' lang='lat' dir='ltr'><strong>ad</strong></span> 
     </span>
    </p>
   </div>
   <div class='ocr_carea' id='block_1_81' title="bbox 161 4842 1053 4911">
    <p class='ocr_par' dir='ltr' id='par_1_81' title="bbox 161 4842 1053 4911">
     <span class='ocr_line' id='line_1_82' title="bbox 161 4842 1053 4911; baseline 0.003 -18"><span class='ocrx_word' id='word_1_580' title='bbox 161 4857 251 4894; x_wconf 88' lang='lat' dir='ltr'><strong>nos</strong></span> <span class='ocrx_word' id='word_1_581' title='bbox 282 4843 501 4911; x_wconf 84' lang='lat' dir='ltr'><strong>perlata</strong></span> <span class='ocrx_word' id='word_1_582' title='bbox 531 4846 634 4906; x_wconf 90' lang='lat' dir='ltr'><strong>est,</strong></span> <span class='ocrx_word' id='word_1_583' title='bbox 665 4842 745 4896; x_wconf 88' lang='lat' dir='ltr'><strong>ita.</strong></span> <span class='ocrx_word' id='word_1_584' title='bbox 774 4858 830 4894; x_wconf 90' lang='lat' dir='ltr'><strong>se</strong></span> <span class='ocrx_word' id='word_1_585' title='bbox 864 4842 1053 4896; x_wconf 88' lang='lat' dir='ltr'><strong>habet.</strong></span> 
     </span>
    </p>
   </div>
   <div class='ocr_carea' id='block_1_82' title="bbox 220 4929 1840 5001">
    <p class='ocr_par' dir='ltr' id='par_1_82' title="bbox 220 4929 1840 5001">
     <span class='ocr_line' id='line_1_83' title="bbox 220 4929 1840 5001; baseline -0.001 -17"><span class='ocrx_word' id='word_1_586' title='bbox 220 4931 340 4984; x_wconf 74' lang='lat' dir='ltr'><strong>CAP.</strong></span> <span class='ocrx_word' id='word_1_587' title='bbox 377 4931 417 4983; x_wconf 86' lang='grc' dir='ltr'><strong>Ι.</strong></span> <span class='ocrx_word' id='word_1_588' title='bbox 454 4952 482 4977; x_wconf 87' lang='grc'><strong>‹‹</strong></span> <span class='ocrx_word' id='word_1_589' title='bbox 514 4930 659 4982; x_wconf 91' lang='lat' dir='ltr'><strong>Deus</strong></span> <span class='ocrx_word' id='word_1_590' title='bbox 690 4931 1057 5000; x_wconf 89' lang='lat' dir='ltr'><strong>omnipotens</strong></span> <span class='ocrx_word' id='word_1_591' title='bbox 1096 4929 1389 4984; x_wconf 88' lang='lat' dir='ltr'><strong>hominem</strong></span> <span class='ocrx_word' id='word_1_592' title='bbox 1439 4931 1559 4984; x_wconf 89' lang='lat' dir='ltr'><strong>sine</strong></span> <span class='ocrx_word' id='word_1_593' title='bbox 1613 4933 1840 5001; x_wconf 88' lang='lat' dir='ltr'><strong>peccato</strong></span> 
     </span>
    </p>
   </div>
   <div class='ocr_carea' id='block_1_83' title="bbox 159 5018 1840 5088">
    <p class='ocr_par' dir='ltr' id='par_1_83' title="bbox 159 5018 1840 5088">
     <span class='ocr_line' id='line_1_84' title="bbox 159 5018 1840 5088; baseline 0.001 -18"><span class='ocrx_word' id='word_1_594' title='bbox 159 5024 364 5072; x_wconf 89' lang='lat' dir='ltr'><strong>rectum</strong></span> <span class='ocrx_word' id='word_1_595' title='bbox 397 5033 528 5071; x_wconf 92' lang='lat' dir='ltr'><strong>cum</strong></span> <span class='ocrx_word' id='word_1_596' title='bbox 561 5019 740 5072; x_wconf 90' lang='lat' dir='ltr'><strong>libero</strong></span> <span class='ocrx_word' id='word_1_597' title='bbox 793 5018 1031 5072; x_wconf 88' lang='lat' dir='ltr'><strong>arbitrio</strong></span> <span class='ocrx_word' id='word_1_598' title='bbox 1070 5019 1344 5085; x_wconf 89' lang='lat' dir='ltr'><strong>condidit,</strong></span> <span class='ocrx_word' id='word_1_599' title='bbox 1387 5024 1444 5072; x_wconf 86' lang='lat' dir='ltr'><strong>et</strong></span> <span class='ocrx_word' id='word_1_600' title='bbox 1489 5019 1546 5072; x_wconf 90' lang='lat' dir='ltr'><strong>in</strong></span> <span class='ocrx_word' id='word_1_601' title='bbox 1581 5019 1840 5088; x_wconf 78' lang='lat' dir='ltr'><strong>paradiso</strong></span> 
     </span>
    </p>
   </div>
   <div class='ocr_carea' id='block_1_84' title="bbox 159 5107 1836 5179">
    <p class='ocr_par' dir='ltr' id='par_1_84' title="bbox 159 5107 1836 5179">
     <span class='ocr_line' id='line_1_85' title="bbox 159 5107 1836 5179; baseline 0 -18"><span class='ocrx_word' id='word_1_602' title='bbox 159 5107 354 5176; x_wconf 86' lang='lat' dir='ltr'><strong>posuit,</strong></span> <span class='ocrx_word' id='word_1_603' title='bbox 390 5123 564 5177; x_wconf 88' lang='lat' dir='ltr'><strong>quem</strong></span> <span class='ocrx_word' id='word_1_604' title='bbox 595 5107 655 5160; x_wconf 90' lang='lat' dir='ltr'><strong>in</strong></span> <span class='ocrx_word' id='word_1_605' title='bbox 687 5107 983 5161; x_wconf 89' lang='lat' dir='ltr'><strong>sanctitate</strong></span> <span class='ocrx_word' id='word_1_606' title='bbox 1013 5107 1250 5177; x_wconf 79' lang='lat' dir='ltr'><strong>justitiae</strong></span> <span class='ocrx_word' id='word_1_607' title='bbox 1274 5123 1608 5179; x_wconf 87' lang='lat' dir='ltr'><strong>permanere</strong></span> <span class='ocrx_word' id='word_1_608' title='bbox 1640 5108 1836 5162; x_wconf 89' lang='lat' dir='ltr'><strong>voluit.</strong></span> 
     </span>
    </p>
   </div>
   <div class='ocr_carea' id='block_1_85' title="bbox 161 5195 1838 5266">
    <p class='ocr_par' dir='ltr' id='par_1_85' title="bbox 161 5195 1838 5266">
     <span class='ocr_line' id='line_1_86' title="bbox 161 5195 1838 5266; baseline 0 -18"><span class='ocrx_word' id='word_1_609' title='bbox 161 5197 346 5262; x_wconf 86' lang='lat' dir='ltr'><strong>llomo,</strong></span> <span class='ocrx_word' id='word_1_610' title='bbox 379 5195 561 5249; x_wconf 89' lang='lat' dir='ltr'><strong>libero</strong></span> <span class='ocrx_word' id='word_1_611' title='bbox 593 5195 830 5249; x_wconf 88' lang='lat' dir='ltr'><strong>arbitrio</strong></span> <span class='ocrx_word' id='word_1_612' title='bbox 889 5197 1036 5249; x_wconf 89' lang='lat' dir='ltr'><strong>male</strong></span> <span class='ocrx_word' id='word_1_613' title='bbox 1072 5202 1258 5263; x_wconf 88' lang='lat' dir='ltr'><strong>utens,</strong></span> <span class='ocrx_word' id='word_1_614' title='bbox 1293 5196 1564 5266; x_wconf 85' lang='lat' dir='ltr'><strong>peccavit,</strong></span> <span class='ocrx_word' id='word_1_615' title='bbox 1612 5201 1666 5249; x_wconf 90' lang='lat' dir='ltr'><strong>et</strong></span> <span class='ocrx_word' id='word_1_616' title='bbox 1696 5196 1838 5248; x_wconf 85' lang='lat' dir='ltr'><strong>ceci-</strong></span> 
     </span>
    </p>
   </div>
   <div class='ocr_carea' id='block_1_86' title="bbox 159 5282 1836 5354">
    <p class='ocr_par' dir='ltr' id='par_1_86' title="bbox 159 5282 1836 5354">
     <span class='ocr_line' id='line_1_87' title="bbox 159 5282 1836 5354; baseline 0.001 -20"><span class='ocrx_word' id='word_1_617' title='bbox 159 5282 250 5348; x_wconf 89' lang='lat' dir='ltr'><strong>dit,</strong></span> <span class='ocrx_word' id='word_1_618' title='bbox 274 5290 328 5336; x_wconf 89' lang='lat' dir='ltr'><strong>et</strong></span> <span class='ocrx_word' id='word_1_619' title='bbox 367 5284 549 5337; x_wconf 86' lang='lat' dir='ltr'><strong>factus</strong></span> <span class='ocrx_word' id='word_1_620' title='bbox 577 5289 662 5337; x_wconf 88' lang='lat' dir='ltr'><strong>est</strong></span> <span class='ocrx_word' id='word_1_621' title='bbox 711 5300 892 5338; x_wconf 86' lang='lat' dir='ltr'><strong>massa</strong></span> <span class='ocrx_word' id='word_1_622' title='bbox 942 5284 1278 5354; x_wconf 86' lang='lat' dir='ltr'><strong>perditionis</strong></span> <span class='ocrx_word' id='word_1_623' title='bbox 1326 5285 1561 5338; x_wconf 88' lang='lat' dir='ltr'><strong>humani</strong></span> <span class='ocrx_word' id='word_1_624' title='bbox 1590 5285 1836 5354; x_wconf 86' lang='lat' dir='ltr'><strong>generis.</strong></span> 
     </span>
    </p>
   </div>
   <div class='ocr_carea' id='block_1_87' title="bbox 162 5370 1840 5443">
    <p class='ocr_par' dir='ltr' id='par_1_87' title="bbox 162 5370 1840 5443">
     <span class='ocr_line' id='line_1_88' title="bbox 162 5370 1840 5443; baseline 0.001 -20"><span class='ocrx_word' id='word_1_625' title='bbox 162 5370 294 5424; x_wconf 88' lang='lat' dir='ltr'><strong>Deus</strong></span> <span class='ocrx_word' id='word_1_626' title='bbox 328 5377 521 5426; x_wconf 89' lang='lat' dir='ltr'><strong>autem</strong></span> <span class='ocrx_word' id='word_1_627' title='bbox 553 5371 736 5425; x_wconf 85' lang='lat' dir='ltr'><strong>bonus</strong></span> <span class='ocrx_word' id='word_1_628' title='bbox 789 5380 842 5427; x_wconf 90' lang='lat' dir='ltr'><strong>et</strong></span> <span class='ocrx_word' id='word_1_629' title='bbox 878 5373 1068 5442; x_wconf 87' lang='lat' dir='ltr'><strong>justus</strong></span> <span class='ocrx_word' id='word_1_630' title='bbox 1110 5373 1282 5443; x_wconf 88' lang='lat' dir='ltr'><strong>elegit</strong></span> <span class='ocrx_word' id='word_1_631' title='bbox 1327 5389 1392 5425; x_wconf 82' lang='lat' dir='ltr'><strong>ex</strong></span> <span class='ocrx_word' id='word_1_632' title='bbox 1424 5373 1621 5426; x_wconf 85' lang='lat' dir='ltr'><strong>eadem</strong></span> <span class='ocrx_word' id='word_1_633' title='bbox 1659 5389 1840 5425; x_wconf 88' lang='lat' dir='ltr'><strong>massa</strong></span> 
     </span>
    </p>
   </div>
   <div class='ocr_carea' id='block_1_88' title="bbox 162 5459 1841 5530">
    <p class='ocr_par' dir='ltr' id='par_1_88' title="bbox 162 5459 1841 5530">
     <span class='ocr_line' id='line_1_89' title="bbox 162 5459 1841 5530; baseline 0 -18"><span class='ocrx_word' id='word_1_634' title='bbox 162 5460 506 5528; x_wconf 85' lang='lat' dir='ltr'><strong>perditionis,</strong></span> <span class='ocrx_word' id='word_1_635' title='bbox 532 5459 846 5513; x_wconf 89' lang='lat' dir='ltr'><strong>secundum</strong></span> <span class='ocrx_word' id='word_1_636' title='bbox 878 5459 1301 5530; x_wconf 63' lang='lat' dir='ltr'><strong>praascieutiam</strong></span> <span class='ocrx_word' id='word_1_637' title='bbox 1331 5476 1514 5527; x_wconf 89' lang='lat' dir='ltr'><strong>suam,</strong></span> <span class='ocrx_word' id='word_1_638' title='bbox 1551 5477 1695 5530; x_wconf 87' lang='lat' dir='ltr'><strong>quos</strong></span> <span class='ocrx_word' id='word_1_639' title='bbox 1740 5475 1841 5530; x_wconf 86' lang='lat' dir='ltr'><strong>per</strong></span> 
     </span>
    </p>
   </div>
   <div class='ocr_carea' id='block_1_89' title="bbox 164 5548 1836 5620">
    <p class='ocr_par' dir='ltr' id='par_1_89' title="bbox 164 5548 1836 5620">
     <span class='ocr_line' id='line_1_90' title="bbox 164 5548 1836 5620; baseline 0.001 -20"><span class='ocrx_word' id='word_1_640' title='bbox 164 5551 390 5617; x_wconf 78' lang='lat' dir='ltr'><strong>gratiam</strong></span> <span class='ocrx_word' id='word_1_641' title='bbox 418 5548 852 5620; x_wconf 64' lang='lat' dir='ltr'><strong>praedestinavit</strong></span> <span class='ocrx_word' id='word_1_642' title='bbox 880 5550 948 5603; x_wconf 88' lang='lat' dir='ltr'><strong>ad</strong></span> <span class='ocrx_word' id='word_1_643' title='bbox 999 5549 1196 5616; x_wconf 88' lang='lat' dir='ltr'><strong>vitam,</strong></span> <span class='ocrx_word' id='word_1_644' title='bbox 1229 5554 1287 5602; x_wconf 90' lang='lat' dir='ltr'><strong>et</strong></span> <span class='ocrx_word' id='word_1_645' title='bbox 1327 5549 1502 5602; x_wconf 86' lang='lat' dir='ltr'><strong>vitam</strong></span> <span class='ocrx_word' id='word_1_646' title='bbox 1540 5549 1653 5602; x_wconf 87' lang='lat' dir='ltr'><strong>illis</strong></span> <span class='ocrx_word' id='word_1_647' title='bbox 1695 5565 1836 5618; x_wconf 84' lang='lat' dir='ltr'><strong>prae-</strong></span> 
     </span>
    </p>
   </div>
   <div class='ocr_carea' id='block_1_90' title="bbox 1943 3071 3633 3144">
    <p class='ocr_par' dir='ltr' id='par_1_90' title="bbox 1943 3071 3633 3144">
     <span class='ocr_line' id='line_1_91' title="bbox 1943 3071 3633 3144; baseline -0.005 -16"><span class='ocrx_word' id='word_1_648' title='bbox 1943 3075 2004 3129; x_wconf 88' lang='lat' dir='ltr'><strong>in</strong></span> <span class='ocrx_word' id='word_1_649' title='bbox 2035 3092 2117 3143; x_wconf 89' lang='lat' dir='ltr'><strong>se,</strong></span> <span class='ocrx_word' id='word_1_650' title='bbox 2149 3081 2214 3129; x_wconf 90' lang='lat' dir='ltr'><strong>ut</strong></span> <span class='ocrx_word' id='word_1_651' title='bbox 2259 3074 2528 3128; x_wconf 89' lang='lat' dir='ltr'><strong>omnibus</strong></span> <span class='ocrx_word' id='word_1_652' title='bbox 2568 3074 2769 3144; x_wconf 88' lang='lat' dir='ltr'><strong>prosit,</strong></span> <span class='ocrx_word' id='word_1_653' title='bbox 2829 3074 2924 3128; x_wconf 87' lang='lat' dir='ltr'><strong>sed</strong></span> <span class='ocrx_word' id='word_1_654' title='bbox 2976 3072 3021 3125; x_wconf 93' lang='lat' dir='ltr'><strong>si</strong></span> <span class='ocrx_word' id='word_1_655' title='bbox 3072 3087 3187 3126; x_wconf 89' lang='lat' dir='ltr'><strong>non</strong></span> <span class='ocrx_word' id='word_1_656' title='bbox 3235 3071 3470 3130; x_wconf 84' lang='lat' dir='ltr'><strong>bibitur,</strong></span> <span class='ocrx_word' id='word_1_657' title='bbox 3517 3083 3633 3122; x_wconf 88' lang='lat' dir='ltr'><strong>non</strong></span> 
     </span>
    </p>
   </div>
   <div class='ocr_carea' id='block_1_91' title="bbox 1945 3163 2285 3217">
    <p class='ocr_par' dir='ltr' id='par_1_91' title="bbox 1945 3163 2285 3217">
     <span class='ocr_line' id='line_1_92' title="bbox 1945 3163 2285 3217; baseline -0.003 0"><span class='ocrx_word' id='word_1_658' title='bbox 1945 3163 2227 3217; x_wconf 89' lang='lat' dir='ltr'><strong>medetur.</strong></span> <span class='ocrx_word' id='word_1_659' title='bbox 2259 3185 2285 3211; x_wconf 91' lang='grc'>››</span> 
     </span>
    </p>
   </div>
   <div class='ocr_carea' id='block_1_92' title="bbox 2019 3247 3637 3321">
    <p class='ocr_par' dir='ltr' id='par_1_92' title="bbox 2019 3247 3637 3321">
     <span class='ocr_line' id='line_1_93' title="bbox 2019 3247 3637 3321; baseline -0.005 -15"><span class='ocrx_word' id='word_1_660' title='bbox 2019 3254 2145 3306; x_wconf 62' lang='lat' dir='ltr'><strong>Haec</strong></span> <span class='ocrx_word' id='word_1_661' title='bbox 2171 3251 2346 3321; x_wconf 87' lang='lat' dir='ltr'><strong>igitur</strong></span> <span class='ocrx_word' id='word_1_662' title='bbox 2366 3267 2494 3304; x_wconf 92' lang='lat' dir='ltr'><strong>cum</strong></span> <span class='ocrx_word' id='word_1_663' title='bbox 2521 3251 2876 3321; x_wconf 88' lang='lat' dir='ltr'><strong>legissemus,</strong></span> <span class='ocrx_word' id='word_1_664' title='bbox 2907 3274 2925 3298; x_wconf 77' lang='grc' dir='ltr'><strong><em>ει</em></strong></span> <span class='ocrx_word' id='word_1_665' title='bbox 2951 3250 3287 3320; x_wconf 86' lang='lat' dir='ltr'><strong>etadjuncto</strong></span> <span class='ocrx_word' id='word_1_666' title='bbox 3313 3247 3474 3300; x_wconf 89' lang='lat' dir='ltr'><strong>nobis</strong></span> <span class='ocrx_word' id='word_1_667' title='bbox 3508 3247 3637 3300; x_wconf 82' lang='lat' dir='ltr'><strong>Fra-</strong></span> 
     </span>
    </p>
   </div>
   <div class='ocr_carea' id='block_1_93' title="bbox 1946 3335 3638 3404">
    <p class='ocr_par' dir='ltr' id='par_1_93' title="bbox 1946 3335 3638 3404">
     <span class='ocr_line' id='line_1_94' title="bbox 1946 3335 3638 3404; baseline -0.004 -11"><span class='ocrx_word' id='word_1_668' title='bbox 1946 3345 2098 3393; x_wconf 85' lang='lat' dir='ltr'><strong>trum</strong></span> <span class='ocrx_word' id='word_1_669' title='bbox 2132 3344 2476 3404; x_wconf 83' lang='lat' dir='ltr'><strong>nostroruni,</strong></span> <span class='ocrx_word' id='word_1_670' title='bbox 2519 3341 2632 3392; x_wconf 89' lang='lat' dir='ltr'><strong>Deo</strong></span> <span class='ocrx_word' id='word_1_671' title='bbox 2668 3340 2939 3403; x_wconf 89' lang='lat' dir='ltr'><strong>donante,</strong></span> <span class='ocrx_word' id='word_1_672' title='bbox 2983 3338 3126 3391; x_wconf 90' lang='lat' dir='ltr'><strong>bene</strong></span> <span class='ocrx_word' id='word_1_673' title='bbox 3176 3335 3551 3402; x_wconf 90' lang='lat' dir='ltr'><strong>studentium,</strong></span> <span class='ocrx_word' id='word_1_674' title='bbox 3582 3339 3638 3387; x_wconf 84' lang='lat' dir='ltr'><strong>et</strong></span> 
     </span>
    </p>
   </div>
   <div class='ocr_carea' id='block_1_94' title="bbox 1945 3424 3637 3500">
    <p class='ocr_par' dir='ltr' id='par_1_94' title="bbox 1945 3424 3637 3500">
     <span class='ocr_line' id='line_1_95' title="bbox 1945 3424 3637 3500; baseline -0.005 -17"><span class='ocrx_word' id='word_1_675' title='bbox 1945 3436 2094 3484; x_wconf 87' lang='lat' dir='ltr'><strong>recte</strong></span> <span class='ocrx_word' id='word_1_676' title='bbox 2125 3429 2566 3500; x_wconf 90' lang='lat' dir='ltr'><strong>intelligentium</strong></span> <span class='ocrx_word' id='word_1_677' title='bbox 2616 3429 2874 3498; x_wconf 90' lang='lat' dir='ltr'><strong>collegio,</strong></span> <span class='ocrx_word' id='word_1_678' title='bbox 2923 3427 3018 3496; x_wconf 88' lang='lat' dir='ltr'><strong>pia</strong></span> <span class='ocrx_word' id='word_1_679' title='bbox 3048 3433 3103 3480; x_wconf 88' lang='lat' dir='ltr'><strong>et</strong></span> <span class='ocrx_word' id='word_1_680' title='bbox 3135 3425 3289 3480; x_wconf 88' lang='lat' dir='ltr'><strong>ﬁdeli</strong></span> <span class='ocrx_word' id='word_1_681' title='bbox 3324 3424 3637 3478; x_wconf 89' lang='lat' dir='ltr'><strong>attentione</strong></span> 
     </span>
    </p>
   </div>
   <div class='ocr_carea' id='block_1_95' title="bbox 1945 3511 3636 3588">
    <p class='ocr_par' dir='ltr' id='par_1_95' title="bbox 1945 3511 3636 3588">
     <span class='ocr_line' id='line_1_96' title="bbox 1945 3511 3636 3588; baseline -0.004 -17"><span class='ocrx_word' id='word_1_682' title='bbox 1945 3518 2170 3588; x_wconf 90' lang='lat' dir='ltr'><strong>singula</strong></span> <span class='ocrx_word' id='word_1_683' title='bbox 2190 3522 2718 3588; x_wconf 86' lang='lat' dir='ltr'><strong>pertractassemus,</strong></span> <span class='ocrx_word' id='word_1_684' title='bbox 2744 3537 2771 3567; x_wconf 71' lang='grc' dir='ltr'><strong>υ</strong></span> <span class='ocrx_word' id='word_1_685' title='bbox 2789 3517 3038 3586; x_wconf 86' lang='lat' dir='ltr'><strong>graviter</strong></span> <span class='ocrx_word' id='word_1_686' title='bbox 3059 3515 3302 3585; x_wconf 90' lang='lat' dir='ltr'><strong>perculsi</strong></span> <span class='ocrx_word' id='word_1_687' title='bbox 3333 3519 3390 3567; x_wconf 90' lang='lat' dir='ltr'><strong>et</strong></span> <span class='ocrx_word' id='word_1_688' title='bbox 3418 3511 3636 3566; x_wconf 83' lang='lat' dir='ltr'><strong>confusi</strong></span> 
     </span>
    </p>
   </div>
   <div class='ocr_carea' id='block_1_96' title="bbox 1947 3600 3636 3674">
    <p class='ocr_par' dir='ltr' id='par_1_96' title="bbox 1947 3600 3636 3674">
     <span class='ocr_line' id='line_1_97' title="bbox 1947 3600 3636 3674; baseline -0.007 -13"><span class='ocrx_word' id='word_1_689' title='bbox 1947 3607 2159 3672; x_wconf 87' lang='lat' dir='ltr'><strong>animo,</strong></span> <span class='ocrx_word' id='word_1_690' title='bbox 2192 3606 2436 3659; x_wconf 90' lang='lat' dir='ltr'><strong>vidimus</strong></span> <span class='ocrx_word' id='word_1_691' title='bbox 2479 3604 2538 3657; x_wconf 92' lang='lat' dir='ltr'><strong>in</strong></span> <span class='ocrx_word' id='word_1_692' title='bbox 2567 3605 2649 3657; x_wconf 79' lang='lat' dir='ltr'><strong>eis</strong></span> <span class='ocrx_word' id='word_1_693' title='bbox 2700 3610 2756 3658; x_wconf 91' lang='lat' dir='ltr'><strong>et</strong></span> <span class='ocrx_word' id='word_1_694' title='bbox 2798 3605 3104 3674; x_wconf 85' lang='lat' dir='ltr'><strong>Scripturae</strong></span> <span class='ocrx_word' id='word_1_695' title='bbox 3138 3609 3345 3656; x_wconf 66' lang='lat' dir='ltr'><strong>sancta:</strong></span> <span class='ocrx_word' id='word_1_696' title='bbox 3389 3600 3636 3653; x_wconf 86' lang='lat' dir='ltr'><strong>certissi-</strong></span> 
     </span>
    </p>
   </div>
   <div class='ocr_carea' id='block_1_97' title="bbox 1951 3688 3635 3759">
    <p class='ocr_par' dir='ltr' id='par_1_97' title="bbox 1951 3688 3635 3759">
     <span class='ocr_line' id='line_1_98' title="bbox 1951 3688 3635 3759; baseline -0.005 -11"><span class='ocrx_word' id='word_1_697' title='bbox 1951 3711 2104 3749; x_wconf 88' lang='lat' dir='ltr'><strong>mam</strong></span> <span class='ocrx_word' id='word_1_698' title='bbox 2137 3694 2431 3747; x_wconf 86' lang='lat' dir='ltr'><strong>veritatem</strong></span> <span class='ocrx_word' id='word_1_699' title='bbox 2456 3699 2511 3746; x_wconf 91' lang='lat' dir='ltr'><strong>et</strong></span> <span class='ocrx_word' id='word_1_700' title='bbox 2536 3693 2999 3746; x_wconf 81' lang='lat' dir='ltr'><strong>beatissimorum</strong></span> <span class='ocrx_word' id='word_1_701' title='bbox 3027 3694 3285 3756; x_wconf 83' lang='lat' dir='ltr'><strong>Patrum,</strong></span> <span class='ocrx_word' id='word_1_702' title='bbox 3315 3688 3635 3759; x_wconf 73' lang='lat' dir='ltr'><strong>praecipue-</strong></span> 
     </span>
    </p>
   </div>
   <div class='ocr_carea' id='block_1_98' title="bbox 1947 3777 3635 3854">
    <p class='ocr_par' dir='ltr' id='par_1_98' title="bbox 1947 3777 3635 3854">
     <span class='ocr_line' id='line_1_99' title="bbox 1947 3777 3635 3854; baseline -0.005 -18"><span class='ocrx_word' id='word_1_703' title='bbox 1947 3801 2056 3854; x_wconf 89' lang='lat' dir='ltr'><strong>que</strong></span> <span class='ocrx_word' id='word_1_704' title='bbox 2098 3783 2276 3836; x_wconf 90' lang='lat' dir='ltr'><strong>sancti</strong></span> <span class='ocrx_word' id='word_1_705' title='bbox 2317 3781 2622 3851; x_wconf 78' lang='lat' dir='ltr'><strong>Augustini</strong></span> <span class='ocrx_word' id='word_1_706' title='bbox 2672 3781 3065 3847; x_wconf 88' lang='lat' dir='ltr'><strong>reverendam,</strong></span> <span class='ocrx_word' id='word_1_707' title='bbox 3111 3785 3168 3832; x_wconf 88' lang='lat' dir='ltr'><strong>et</strong></span> <span class='ocrx_word' id='word_1_708' title='bbox 3216 3779 3276 3831; x_wconf 93' lang='lat' dir='ltr'><strong>in</strong></span> <span class='ocrx_word' id='word_1_709' title='bbox 3330 3777 3488 3831; x_wconf 91' lang='lat' dir='ltr'><strong>omni</strong></span> <span class='ocrx_word' id='word_1_710' title='bbox 3529 3777 3635 3829; x_wconf 92' lang='lat' dir='ltr'><strong>Ec-</strong></span> 
     </span>
    </p>
   </div>
   <div class='ocr_carea' id='block_1_99' title="bbox 1948 3869 3635 3941">
    <p class='ocr_par' dir='ltr' id='par_1_99' title="bbox 1948 3869 3635 3941">
     <span class='ocr_line' id='line_1_100' title="bbox 1948 3869 3635 3941; baseline -0.005 -15"><span class='ocrx_word' id='word_1_711' title='bbox 1948 3873 2116 3927; x_wconf 90' lang='lat' dir='ltr'><strong>clesia</strong></span> <span class='ocrx_word' id='word_1_712' title='bbox 2172 3871 2449 3925; x_wconf 87' lang='lat' dir='ltr'><strong>catholica</strong></span> <span class='ocrx_word' id='word_1_713' title='bbox 2516 3871 2964 3941; x_wconf 88' lang='lat' dir='ltr'><strong>receptissimam</strong></span> <span class='ocrx_word' id='word_1_714' title='bbox 3031 3869 3427 3924; x_wconf 88' lang='lat' dir='ltr'><strong>auctoritatem</strong></span> <span class='ocrx_word' id='word_1_715' title='bbox 3489 3882 3635 3919; x_wconf 86' lang='lat' dir='ltr'><strong>novo</strong></span> 
     </span>
    </p>
   </div>
   <div class='ocr_carea' id='block_1_100' title="bbox 1948 3954 3634 4026">
    <p class='ocr_par' dir='ltr' id='par_1_100' title="bbox 1948 3954 3634 4026">
     <span class='ocr_line' id='line_1_101' title="bbox 1948 3954 3634 4026; baseline -0.004 -13"><span class='ocrx_word' id='word_1_716' title='bbox 1948 3966 2155 4014; x_wconf 87' lang='lat' dir='ltr'><strong>conatu</strong></span> <span class='ocrx_word' id='word_1_717' title='bbox 2212 3965 2266 4012; x_wconf 90' lang='lat' dir='ltr'><strong>et</strong></span> <span class='ocrx_word' id='word_1_718' title='bbox 2320 3975 2462 4013; x_wconf 91' lang='lat' dir='ltr'><strong>ausu</strong></span> <span class='ocrx_word' id='word_1_719' title='bbox 2524 3959 2694 4013; x_wconf 91' lang='lat' dir='ltr'><strong>nimis</strong></span> <span class='ocrx_word' id='word_1_720' title='bbox 2752 3958 3056 4013; x_wconf 88' lang='lat' dir='ltr'><strong>temerario</strong></span> <span class='ocrx_word' id='word_1_721' title='bbox 3127 3954 3503 4026; x_wconf 86' lang='lat' dir='ltr'><strong>impugnari?</strong></span> <span class='ocrx_word' id='word_1_722' title='bbox 3559 3959 3634 4017; x_wconf 92' lang='lat' dir='ltr'><strong>et,</strong></span> 
     </span>
    </p>
   </div>
   <div class='ocr_carea' id='block_1_101' title="bbox 1949 4043 3637 4120">
    <p class='ocr_par' dir='ltr' id='par_1_101' title="bbox 1949 4043 3637 4120">
     <span class='ocr_line' id='line_1_102' title="bbox 1949 4043 3637 4120; baseline -0.005 -18"><span class='ocrx_word' id='word_1_723' title='bbox 1949 4055 2226 4120; x_wconf 88' lang='lat' dir='ltr'><strong>quantum</strong></span> <span class='ocrx_word' id='word_1_724' title='bbox 2261 4049 2320 4101; x_wconf 90' lang='lat' dir='ltr'><strong>in</strong></span> <span class='ocrx_word' id='word_1_725' title='bbox 2371 4048 2510 4117; x_wconf 91' lang='lat' dir='ltr'><strong>ipsis</strong></span> <span class='ocrx_word' id='word_1_726' title='bbox 2553 4048 2679 4114; x_wconf 84' lang='lat' dir='ltr'><strong>fuit,</strong></span> <span class='ocrx_word' id='word_1_727' title='bbox 2731 4047 3051 4117; x_wconf 83' lang='lat' dir='ltr'><strong>improvide</strong></span> <span class='ocrx_word' id='word_1_728' title='bbox 3104 4051 3274 4116; x_wconf 88' lang='lat' dir='ltr'><strong>atque</strong></span> <span class='ocrx_word' id='word_1_729' title='bbox 3323 4043 3637 4097; x_wconf 88' lang='lat' dir='ltr'><strong>insolenter</strong></span> 
     </span>
    </p>
   </div>
   <div class='ocr_carea' id='block_1_102' title="bbox 1949 4133 3636 4206">
    <p class='ocr_par' dir='ltr' id='par_1_102' title="bbox 1949 4133 3636 4206">
     <span class='ocr_line' id='line_1_103' title="bbox 1949 4133 3636 4206; baseline -0.004 -16"><span class='ocrx_word' id='word_1_730' title='bbox 1949 4137 2294 4190; x_wconf 81' lang='lat' dir='ltr'><strong>labefactari.</strong></span> <span class='ocrx_word' id='word_1_731' title='bbox 2344 4136 2505 4193; x_wconf 89' lang='lat' dir='ltr'><strong>Unde</strong></span> <span class='ocrx_word' id='word_1_732' title='bbox 2547 4137 2671 4206; x_wconf 86' lang='lat' dir='ltr'><strong>ipsa</strong></span> <span class='ocrx_word' id='word_1_733' title='bbox 2710 4137 2983 4190; x_wconf 87' lang='lat' dir='ltr'><strong>charitate</strong></span> <span class='ocrx_word' id='word_1_734' title='bbox 3033 4133 3324 4205; x_wconf 86' lang='lat' dir='ltr'><strong>provocati</strong></span> <span class='ocrx_word' id='word_1_735' title='bbox 3372 4138 3428 4186; x_wconf 91' lang='lat' dir='ltr'><strong>et</strong></span> <span class='ocrx_word' id='word_1_736' title='bbox 3479 4146 3636 4184; x_wconf 89' lang='lat' dir='ltr'><strong>com-</strong></span> 
     </span>
    </p>
   </div>
   <div class='ocr_carea' id='block_1_103' title="bbox 1950 4222 3638 4294">
    <p class='ocr_par' dir='ltr' id='par_1_103' title="bbox 1950 4222 3638 4294">
     <span class='ocr_line' id='line_1_104' title="bbox 1950 4222 3638 4294; baseline -0.005 -17"><span class='ocrx_word' id='word_1_737' title='bbox 1950 4225 2173 4289; x_wconf 91' lang='lat' dir='ltr'><strong>moniti,</strong></span> <span class='ocrx_word' id='word_1_738' title='bbox 2208 4241 2312 4294; x_wconf 91' lang='lat' dir='ltr'><strong>per</strong></span> <span class='ocrx_word' id='word_1_739' title='bbox 2354 4241 2524 4294; x_wconf 90' lang='lat' dir='ltr'><strong>quam</strong></span> <span class='ocrx_word' id='word_1_740' title='bbox 2557 4247 2578 4273; x_wconf 70' lang='grc' dir='ltr'>ί</span> <span class='ocrx_word' id='word_1_741' title='bbox 2637 4225 2696 4277; x_wconf 90' lang='lat' dir='ltr'><strong>in</strong></span> <span class='ocrx_word' id='word_1_742' title='bbox 2748 4240 2862 4277; x_wconf 90' lang='lat' dir='ltr'><strong>uno</strong></span> <span class='ocrx_word' id='word_1_743' title='bbox 2907 4222 3116 4278; x_wconf 84' lang='lat' dir='ltr'><strong>Christi</strong></span> <span class='ocrx_word' id='word_1_744' title='bbox 3165 4236 3404 4291; x_wconf 90' lang='lat' dir='ltr'><strong>corpore</strong></span> <span class='ocrx_word' id='word_1_745' title='bbox 3439 4234 3638 4272; x_wconf 91' lang='lat' dir='ltr'><strong>omnes</strong></span> 
     </span>
    </p>
   </div>
   <div class='ocr_carea' id='block_1_104' title="bbox 1877 4307 3638 4383">
    <p class='ocr_par' dir='ltr' id='par_1_104' title="bbox 1877 4307 3638 4383">
     <span class='ocr_line' id='line_1_105' title="bbox 1877 4307 3638 4383; baseline -0.003 -20"><span class='ocrx_word' id='word_1_746' title='bbox 1877 4310 1918 4362; x_wconf 95' lang='lat' dir='ltr'><strong>D</strong></span> <span class='ocrx_word' id='word_1_747' title='bbox 1954 4330 2132 4366; x_wconf 91' lang='lat' dir='ltr'><strong>unum</strong></span> <span class='ocrx_word' id='word_1_748' title='bbox 2152 4329 2272 4366; x_wconf 88' lang='lat' dir='ltr'><strong>esse</strong></span> <span class='ocrx_word' id='word_1_749' title='bbox 2295 4312 2468 4382; x_wconf 84' lang='lat' dir='ltr'><strong>(Rom.</strong></span> <span class='ocrx_word' id='word_1_750' title='bbox 2494 4329 2588 4377; x_wconf 83' lang='lat' dir='ltr'><strong>xu,</strong></span> <span class='ocrx_word' id='word_1_751' title='bbox 2614 4312 2685 4383; x_wconf 85' lang='grc'><strong>5).</strong></span> <span class='ocrx_word' id='word_1_752' title='bbox 2712 4313 3057 4378; x_wconf 87' lang='lat' dir='ltr'><strong>debemus,»</strong></span> <span class='ocrx_word' id='word_1_753' title='bbox 3085 4315 3147 4364; x_wconf 89' lang='lat' dir='ltr'><strong>ut</strong></span> <span class='ocrx_word' id='word_1_754' title='bbox 3168 4311 3310 4364; x_wconf 88' lang='lat' dir='ltr'><strong>sicut</strong></span> <span class='ocrx_word' id='word_1_755' title='bbox 3340 4307 3638 4378; x_wconf 83' lang='lat' dir='ltr'><strong>Apostolus</strong></span> 
     </span>
    </p>
   </div>
   <div class='ocr_carea' id='block_1_105' title="bbox 1950 4395 3637 4472">
    <p class='ocr_par' dir='ltr' id='par_1_105' title="bbox 1950 4395 3637 4472">
     <span class='ocr_line' id='line_1_106' title="bbox 1950 4395 3637 4472; baseline -0.005 -16"><span class='ocrx_word' id='word_1_756' title='bbox 1950 4401 2104 4469; x_wconf 91' lang='lat' dir='ltr'><strong>dicit,</strong></span> <span class='ocrx_word' id='word_1_757' title='bbox 2140 4424 2159 4448; x_wconf 78' lang='grc' dir='ltr'><strong><em>«ι</em></strong></span> <span class='ocrx_word' id='word_1_758' title='bbox 2197 4402 2438 4456; x_wconf 90' lang='lat' dir='ltr'><strong>invicem</strong></span> <span class='ocrx_word' id='word_1_759' title='bbox 2473 4419 2576 4472; x_wconf 91' lang='lat' dir='ltr'><strong>pro</strong></span> <span class='ocrx_word' id='word_1_760' title='bbox 2615 4419 2672 4454; x_wconf 87' lang='lat' dir='ltr'><strong>se</strong></span> <span class='ocrx_word' id='word_1_761' title='bbox 2705 4403 2943 4456; x_wconf 88' lang='lat' dir='ltr'><strong>sollicita</strong></span> <span class='ocrx_word' id='word_1_762' title='bbox 2987 4403 3099 4454; x_wconf 90' lang='lat' dir='ltr'><strong>sint</strong></span> <span class='ocrx_word' id='word_1_763' title='bbox 3131 4400 3408 4462; x_wconf 90' lang='lat' dir='ltr'><strong>membra,</strong></span> <span class='ocrx_word' id='word_1_764' title='bbox 3437 4402 3493 4449; x_wconf 89' lang='lat' dir='ltr'><strong>et</strong></span> <span class='ocrx_word' id='word_1_765' title='bbox 3523 4395 3637 4448; x_wconf 90' lang='lat' dir='ltr'><strong>sive</strong></span> 
     </span>
    </p>
   </div>
   <div class='ocr_carea' id='block_1_106' title="bbox 1949 4484 3639 4561">
    <p class='ocr_par' dir='ltr' id='par_1_106' title="bbox 1949 4484 3639 4561">
     <span class='ocr_line' id='line_1_107' title="bbox 1949 4484 3639 4561; baseline -0.005 -17"><span class='ocrx_word' id='word_1_766' title='bbox 1949 4491 2233 4561; x_wconf 87' lang='lat' dir='ltr'><strong>gloriatur</strong></span> <span class='ocrx_word' id='word_1_767' title='bbox 2283 4506 2461 4543; x_wconf 90' lang='lat' dir='ltr'><strong>unum</strong></span> <span class='ocrx_word' id='word_1_768' title='bbox 2522 4490 2844 4544; x_wconf 89' lang='lat' dir='ltr'><strong>membrum</strong></span> <span class='ocrx_word' id='word_1_769' title='bbox 2904 4495 2959 4543; x_wconf 90' lang='lat' dir='ltr'><strong>et</strong></span> <span class='ocrx_word' id='word_1_770' title='bbox 3005 4489 3400 4558; x_wconf 86' lang='lat' dir='ltr'><strong>congaudeant</strong></span> <span class='ocrx_word' id='word_1_771' title='bbox 3445 4484 3639 4538; x_wconf 84' lang='lat' dir='ltr'><strong>omnia</strong></span> 
     </span>
    </p>
   </div>
   <div class='ocr_carea' id='block_1_107' title="bbox 1948 4578 3637 4644">
    <p class='ocr_par' dir='ltr' id='par_1_107' title="bbox 1948 4578 3637 4644">
     <span class='ocr_line' id='line_1_108' title="bbox 1948 4578 3637 4644; baseline -0.004 -12"><span class='ocrx_word' id='word_1_772' title='bbox 1948 4579 2228 4644; x_wconf 86' lang='lat' dir='ltr'><strong>membra,</strong></span> <span class='ocrx_word' id='word_1_773' title='bbox 2254 4585 2310 4632; x_wconf 92' lang='lat' dir='ltr'><strong>et</strong></span> <span class='ocrx_word' id='word_1_774' title='bbox 2331 4580 2443 4632; x_wconf 88' lang='lat' dir='ltr'><strong>sive</strong></span> <span class='ocrx_word' id='word_1_775' title='bbox 2467 4579 2794 4631; x_wconf 87' lang='lat' dir='ltr'><strong>inﬁrmatur</strong></span> <span class='ocrx_word' id='word_1_776' title='bbox 2818 4595 2995 4631; x_wconf 90' lang='lat' dir='ltr'><strong>unum</strong></span> <span class='ocrx_word' id='word_1_777' title='bbox 3031 4578 3374 4640; x_wconf 90' lang='lat' dir='ltr'><strong>membrum,</strong></span> <span class='ocrx_word' id='word_1_778' title='bbox 3408 4590 3637 4642; x_wconf 88' lang='lat' dir='ltr'><strong>compa-</strong></span> 
     </span>
    </p>
   </div>
   <div class='ocr_carea' id='block_1_108' title="bbox 1950 4662 3641 4735">
    <p class='ocr_par' dir='ltr' id='par_1_108' title="bbox 1950 4662 3641 4735">
     <span class='ocr_line' id='line_1_109' title="bbox 1950 4662 3641 4735; baseline -0.004 -15"><span class='ocrx_word' id='word_1_779' title='bbox 1950 4668 2167 4720; x_wconf 89' lang='lat' dir='ltr'><strong>tiantur</strong></span> <span class='ocrx_word' id='word_1_780' title='bbox 2228 4667 2419 4720; x_wconf 89' lang='lat' dir='ltr'><strong>omnia</strong></span> <span class='ocrx_word' id='word_1_781' title='bbox 2463 4667 2718 4720; x_wconf 87' lang='lat' dir='ltr'><strong>membra</strong></span> <span class='ocrx_word' id='word_1_782' title='bbox 2757 4667 2802 4735; x_wconf 92' lang='grc' dir='ltr'><strong><em>(ι</em></strong></span> <span class='ocrx_word' id='word_1_783' title='bbox 2849 4667 2971 4722; x_wconf 78' lang='lat' dir='ltr'><strong>Cor.</strong></span> <span class='ocrx_word' id='word_1_784' title='bbox 3030 4683 3128 4731; x_wconf 84' lang='lat' dir='ltr'><strong>xn,</strong></span> <span class='ocrx_word' id='word_1_785' title='bbox 3179 4670 3264 4733; x_wconf 69' lang='lat'><strong>25,</strong></span> <span class='ocrx_word' id='word_1_786' title='bbox 3306 4667 3389 4728; x_wconf 80' lang='lat'><strong>26)</strong></span> <span class='ocrx_word' id='word_1_787' title='bbox 3426 4683 3441 4729; x_wconf 71' lang='grc' dir='ltr'>ς</span> <span class='ocrx_word' id='word_1_788' title='bbox 3482 4685 3500 4708; x_wconf 74' lang='grc' dir='ltr'><strong>ιι</strong></span> <span class='ocrx_word' id='word_1_789' title='bbox 3536 4662 3641 4715; x_wconf 86' lang='lat' dir='ltr'><strong>hac</strong></span> 
     </span>
    </p>
   </div>
   <div class='ocr_carea' id='block_1_109' title="bbox 1947 4753 3640 4826">
    <p class='ocr_par' dir='ltr' id='par_1_109' title="bbox 1947 4753 3640 4826">
     <span class='ocr_line' id='line_1_110' title="bbox 1947 4753 3640 4826; baseline -0.004 -17"><span class='ocrx_word' id='word_1_790' title='bbox 1947 4757 2207 4826; x_wconf 87' lang='lat' dir='ltr'><strong>inquam,</strong></span> <span class='ocrx_word' id='word_1_791' title='bbox 2259 4755 2551 4809; x_wconf 88' lang='lat' dir='ltr'><strong>charitatis</strong></span> <span class='ocrx_word' id='word_1_792' title='bbox 2581 4754 2881 4808; x_wconf 78' lang='lat' dir='ltr'><strong>affectione</strong></span> <span class='ocrx_word' id='word_1_793' title='bbox 2917 4756 3098 4807; x_wconf 89' lang='lat' dir='ltr'><strong>visum</strong></span> <span class='ocrx_word' id='word_1_794' title='bbox 3132 4761 3216 4808; x_wconf 88' lang='lat' dir='ltr'><strong>est</strong></span> <span class='ocrx_word' id='word_1_795' title='bbox 3261 4753 3427 4807; x_wconf 89' lang='lat' dir='ltr'><strong>nobis</strong></span> <span class='ocrx_word' id='word_1_796' title='bbox 3472 4757 3640 4821; x_wconf 88' lang='lat' dir='ltr'><strong>atque</strong></span> 
     </span>
    </p>
   </div>
   <div class='ocr_carea' id='block_1_110' title="bbox 1949 4841 3639 4913">
    <p class='ocr_par' dir='ltr' id='par_1_110' title="bbox 1949 4841 3639 4913">
     <span class='ocr_line' id='line_1_111' title="bbox 1949 4841 3639 4913; baseline -0.004 -15"><span class='ocrx_word' id='word_1_797' title='bbox 1949 4844 2314 4913; x_wconf 87' lang='lat' dir='ltr'><strong>complacuit,</strong></span> <span class='ocrx_word' id='word_1_798' title='bbox 2363 4849 2423 4895; x_wconf 87' lang='lat' dir='ltr'><strong>ut</strong></span> <span class='ocrx_word' id='word_1_799' title='bbox 2466 4844 2587 4896; x_wconf 63' lang='lat' dir='ltr'><strong>bare</strong></span> <span class='ocrx_word' id='word_1_800' title='bbox 2626 4844 3048 4912; x_wconf 88' lang='lat' dir='ltr'><strong>qualiacunque</strong></span> <span class='ocrx_word' id='word_1_801' title='bbox 3098 4847 3251 4906; x_wconf 90' lang='lat' dir='ltr'><strong>sunt,</strong></span> <span class='ocrx_word' id='word_1_802' title='bbox 3293 4848 3347 4894; x_wconf 89' lang='lat' dir='ltr'><strong>et</strong></span> <span class='ocrx_word' id='word_1_803' title='bbox 3385 4841 3452 4894; x_wconf 91' lang='lat' dir='ltr'><strong>ad</strong></span> <span class='ocrx_word' id='word_1_804' title='bbox 3481 4856 3639 4893; x_wconf 90' lang='lat' dir='ltr'><strong>com-</strong></span> 
     </span>
    </p>
   </div>
   <div class='ocr_carea' id='block_1_111' title="bbox 1951 4929 3639 5000">
    <p class='ocr_par' dir='ltr' id='par_1_111' title="bbox 1951 4929 3639 5000">
     <span class='ocr_line' id='line_1_112' title="bbox 1951 4929 3639 5000; baseline -0.004 -14"><span class='ocrx_word' id='word_1_805' title='bbox 1951 4933 2264 4986; x_wconf 89' lang='lat' dir='ltr'><strong>motionem</strong></span> <span class='ocrx_word' id='word_1_806' title='bbox 2299 4938 2573 4997; x_wconf 87' lang='lat' dir='ltr'><strong>nostram,</strong></span> <span class='ocrx_word' id='word_1_807' title='bbox 2619 4937 2676 4984; x_wconf 89' lang='lat' dir='ltr'><strong>et</strong></span> <span class='ocrx_word' id='word_1_808' title='bbox 2703 4931 2772 4984; x_wconf 89' lang='lat' dir='ltr'><strong>ad</strong></span> <span class='ocrx_word' id='word_1_809' title='bbox 2821 4947 3018 4984; x_wconf 90' lang='lat' dir='ltr'><strong>eorum</strong></span> <span class='ocrx_word' id='word_1_810' title='bbox 3067 4930 3168 5000; x_wconf 92' lang='lat' dir='ltr'><strong>qui</strong></span> <span class='ocrx_word' id='word_1_811' title='bbox 3221 4933 3406 4998; x_wconf 84' lang='lat' dir='ltr'><strong>legere</strong></span> <span class='ocrx_word' id='word_1_812' title='bbox 3451 4929 3639 4982; x_wconf 87' lang='lat' dir='ltr'><strong>volue-</strong></span> 
     </span>
    </p>
   </div>
   <div class='ocr_carea' id='block_1_112' title="bbox 1950 5017 3640 5088">
    <p class='ocr_par' dir='ltr' id='par_1_112' title="bbox 1950 5017 3640 5088">
     <span class='ocr_line' id='line_1_113' title="bbox 1950 5017 3640 5088; baseline -0.004 -14"><span class='ocrx_word' id='word_1_813' title='bbox 1950 5022 2063 5074; x_wconf 91' lang='lat' dir='ltr'><strong>rint</strong></span> <span class='ocrx_word' id='word_1_814' title='bbox 2095 5019 2534 5074; x_wconf 69' lang='lat' dir='ltr'><strong>aaditicationem</strong></span> <span class='ocrx_word' id='word_1_815' title='bbox 2561 5025 2615 5072; x_wconf 82' lang='lat' dir='ltr'><strong>et</strong></span> <span class='ocrx_word' id='word_1_816' title='bbox 2660 5019 3181 5084; x_wconf 83' lang='lat' dir='ltr'><strong>conﬁrmationem,</strong></span> <span class='ocrx_word' id='word_1_817' title='bbox 3233 5017 3640 5088; x_wconf 81' lang='lat' dir='ltr'><strong>compendiose</strong></span> 
     </span>
    </p>
   </div>
   <div class='ocr_carea' id='block_1_113' title="bbox 1950 5107 3641 5178">
    <p class='ocr_par' dir='ltr' id='par_1_113' title="bbox 1950 5107 3641 5178">
     <span class='ocr_line' id='line_1_114' title="bbox 1950 5107 3641 5178; baseline -0.004 -14"><span class='ocrx_word' id='word_1_818' title='bbox 1950 5116 2005 5164; x_wconf 89' lang='lat' dir='ltr'><strong>et</strong></span> <span class='ocrx_word' id='word_1_819' title='bbox 2034 5108 2241 5175; x_wconf 90' lang='lat' dir='ltr'><strong>lucido,</strong></span> <span class='ocrx_word' id='word_1_820' title='bbox 2276 5114 2449 5178; x_wconf 88' lang='lat' dir='ltr'><strong>prout</strong></span> <span class='ocrx_word' id='word_1_821' title='bbox 2479 5108 2756 5163; x_wconf 88' lang='lat' dir='ltr'><strong>Dominus</strong></span> <span class='ocrx_word' id='word_1_822' title='bbox 2777 5108 3029 5177; x_wconf 88' lang='lat' dir='ltr'><strong>aspirare</strong></span> <span class='ocrx_word' id='word_1_823' title='bbox 3052 5107 3339 5175; x_wconf 88' lang='lat' dir='ltr'><strong>dignatur,</strong></span> <span class='ocrx_word' id='word_1_824' title='bbox 3375 5122 3641 5158; x_wconf 89' lang='lat' dir='ltr'><strong>sermone</strong></span> 
     </span>
    </p>
   </div>
   <div class='ocr_carea' id='block_1_114' title="bbox 1949 5192 3642 5264">
    <p class='ocr_par' dir='ltr' id='par_1_114' title="bbox 1949 5192 3642 5264">
     <span class='ocr_line' id='line_1_115' title="bbox 1949 5192 3642 5264; baseline -0.002 -16"><span class='ocrx_word' id='word_1_825' title='bbox 1949 5195 2351 5258; x_wconf 88' lang='lat' dir='ltr'><strong>scriberemus,</strong></span> <span class='ocrx_word' id='word_1_826' title='bbox 2415 5193 2693 5264; x_wconf 87' lang='lat' dir='ltr'><strong>quidquid</strong></span> <span class='ocrx_word' id='word_1_827' title='bbox 2740 5194 2794 5246; x_wconf 91' lang='lat' dir='ltr'><strong>in</strong></span> <span class='ocrx_word' id='word_1_828' title='bbox 2850 5210 2916 5246; x_wconf 90' lang='lat' dir='ltr'><strong>eo</strong></span> <span class='ocrx_word' id='word_1_829' title='bbox 2959 5193 3262 5246; x_wconf 88' lang='lat' dir='ltr'><strong>dicendum</strong></span> <span class='ocrx_word' id='word_1_830' title='bbox 3316 5192 3642 5260; x_wconf 85' lang='lat' dir='ltr'><strong>putavimus</strong></span> 
     </span>
    </p>
   </div>
   <div class='ocr_carea' id='block_1_115' title="bbox 1951 5278 3637 5351">
    <p class='ocr_par' dir='ltr' id='par_1_115' title="bbox 1951 5278 3637 5351">
     <span class='ocr_line' id='line_1_116' title="bbox 1951 5278 3637 5351; baseline -0.002 -16"><span class='ocrx_word' id='word_1_831' title='bbox 1951 5299 2064 5335; x_wconf 93' lang='lat' dir='ltr'><strong>non</strong></span> <span class='ocrx_word' id='word_1_832' title='bbox 2093 5288 2289 5336; x_wconf 89' lang='lat' dir='ltr'><strong>nostro</strong></span> <span class='ocrx_word' id='word_1_833' title='bbox 2331 5299 2500 5336; x_wconf 89' lang='lat' dir='ltr'><strong>sensu</strong></span> <span class='ocrx_word' id='word_1_834' title='bbox 2541 5289 2640 5336; x_wconf 88' lang='lat' dir='ltr'><strong>aut</strong></span> <span class='ocrx_word' id='word_1_835' title='bbox 2671 5280 3134 5351; x_wconf 72' lang='lat' dir='ltr'><strong>praesumptione,</strong></span> <span class='ocrx_word' id='word_1_836' title='bbox 3166 5280 3261 5334; x_wconf 90' lang='lat' dir='ltr'><strong>sed</strong></span> <span class='ocrx_word' id='word_1_837' title='bbox 3297 5278 3637 5332; x_wconf 86' lang='lat' dir='ltr'><strong>manifestis-</strong></span> 
     </span>
    </p>
   </div>
   <div class='ocr_carea' id='block_1_116' title="bbox 1951 5367 3640 5441">
    <p class='ocr_par' dir='ltr' id='par_1_116' title="bbox 1951 5367 3640 5441">
     <span class='ocr_line' id='line_1_117' title="bbox 1951 5367 3640 5441; baseline -0.002 -18"><span class='ocrx_word' id='word_1_838' title='bbox 1951 5371 2108 5424; x_wconf 90' lang='lat' dir='ltr'><strong>simis</strong></span> <span class='ocrx_word' id='word_1_839' title='bbox 2195 5371 2620 5441; x_wconf 88' lang='lat' dir='ltr'><strong>Scripturarum</strong></span> <span class='ocrx_word' id='word_1_840' title='bbox 2701 5369 3058 5433; x_wconf 81' lang='lat' dir='ltr'><strong>testimoniis,</strong></span> <span class='ocrx_word' id='word_1_841' title='bbox 3136 5376 3193 5421; x_wconf 89' lang='lat' dir='ltr'><strong>et</strong></span> <span class='ocrx_word' id='word_1_842' title='bbox 3267 5367 3640 5437; x_wconf 44' lang='lat' dir='ltr'><strong>praefatorum</strong></span> 
     </span>
    </p>
   </div>
   <div class='ocr_carea' id='block_1_117' title="bbox 1951 5455 3640 5519">
    <p class='ocr_par' dir='ltr' id='par_1_117' title="bbox 1951 5455 3640 5519">
     <span class='ocr_line' id='line_1_118' title="bbox 1951 5455 3640 5519; baseline -0.002 -8"><span class='ocrx_word' id='word_1_843' title='bbox 1951 5465 2275 5516; x_wconf 80' lang='lat' dir='ltr'><strong>sanctorum</strong></span> <span class='ocrx_word' id='word_1_844' title='bbox 2327 5461 2554 5513; x_wconf 86' lang='lat' dir='ltr'><strong>Patrum</strong></span> <span class='ocrx_word' id='word_1_845' title='bbox 2601 5458 2907 5512; x_wconf 83' lang='lat' dir='ltr'><strong>venerabili</strong></span> <span class='ocrx_word' id='word_1_846' title='bbox 2945 5457 3280 5510; x_wconf 88' lang='lat' dir='ltr'><strong>auctoritate</strong></span> <span class='ocrx_word' id='word_1_847' title='bbox 3308 5455 3640 5519; x_wconf 83' lang='lat' dir='ltr'><strong>ﬁrmantes;</strong></span> 
     </span>
    </p>
   </div>
   <div class='ocr_carea' id='block_1_118' title="bbox 1951 5543 3642 5619">
    <p class='ocr_par' dir='ltr' id='par_1_118' title="bbox 1951 5543 3642 5619">
     <span class='ocr_line' id='line_1_119' title="bbox 1951 5543 3642 5619; baseline -0.003 -18"><span class='ocrx_word' id='word_1_848' title='bbox 1951 5566 1984 5601; x_wconf 92' lang='lat' dir='ltr'><strong>a</strong></span> <span class='ocrx_word' id='word_1_849' title='bbox 2013 5563 2258 5619; x_wconf 89' lang='lat' dir='ltr'><strong>quorum</strong></span> <span class='ocrx_word' id='word_1_850' title='bbox 2306 5548 2558 5618; x_wconf 76' lang='lat' dir='ltr'><strong>vestigiis</strong></span> <span class='ocrx_word' id='word_1_851' title='bbox 2605 5552 2662 5602; x_wconf 86' lang='lat' dir='ltr'><strong>et</strong></span> <span class='ocrx_word' id='word_1_852' title='bbox 2709 5548 2927 5601; x_wconf 87' lang='lat' dir='ltr'><strong>unitate</strong></span> <span class='ocrx_word' id='word_1_853' title='bbox 2978 5546 3126 5600; x_wconf 89' lang='lat' dir='ltr'><strong>absit</strong></span> <span class='ocrx_word' id='word_1_854' title='bbox 3175 5551 3236 5600; x_wconf 91' lang='lat' dir='ltr'><strong>ut</strong></span> <span class='ocrx_word' id='word_1_855' title='bbox 3266 5545 3351 5598; x_wconf 91' lang='lat' dir='ltr'><strong>vel</strong></span> <span class='ocrx_word' id='word_1_856' title='bbox 3398 5561 3522 5612; x_wconf 87' lang='lat' dir='ltr'><strong>nos,</strong></span> <span class='ocrx_word' id='word_1_857' title='bbox 3559 5543 3642 5598; x_wconf 86' lang='lat' dir='ltr'><strong>vel</strong></span> 
     </span>
    </p>
   </div>
  </div>
