3884 6218
285 306 417 355 1087

282 431 365 484 illi
394 447 638 501 quorum
670 431 943 485 charitate
996 433 1271 502 compulsi
1318 433 1437 487 haec
1479 434 1735 497 dicimus,
1770 437 1971 489 ullate-
2012 440 2051 492 A

282 537 386 573 nus
416 521 768 585 recedamus,
801 537 893 586 ne,
932 522 1000 575 ab
1030 522 1171 591 ipsis
1199 523 1385 591 divisi,
1417 524 1587 577 etiam
1617 526 1685 577 ab
1718 526 1839 594 ipso
1866 528 1973 578 Do-

279 610 436 662 mino
482 609 819 675 dividemur,
870 610 971 680 qui
1037 610 1150 663 illis
1214 612 1535 681 specialiter
1581 614 1751 667 dicit:
1808 636 1828 661 α
1866 614 1972 678 Qui

278 714 374 749 vos
406 697 582 763 audit,
621 714 709 749 me
741 700 939 764 audit;
972 704 1026 751 et
1066 700 1164 769 qui
1210 716 1307 753 vos
1350 702 1586 769 spernit,
1625 719 1714 754 me
1756 703 1973 771 spernit

278 788 419 853 (Luc.
448 803 495 851 x,
537 787 702 851 16).»
748 787 901 849 Quos
941 788 1214 841 nimirum
1265 794 1438 842 tantae
1489 790 1546 842 in
1600 792 1842 844 Ecclesia
1873 809 1972 845 sua

276 890 397 927 esse
427 874 609 926 voluit
628 875 827 943 gratia:
856 881 911 928 et
940 877 1155 944 glorim,
1179 882 1241 930 ut
1264 877 1619 931 conﬁdenter
1644 895 1773 931 eum
1813 880 1971 948 Apo—

276 962 419 1015 stolo
454 962 642 1016 dicere
674 963 930 1031 possint:
971 987 991 1012 ι
1034 966 1224 1034 Itaque
1267 966 1363 1035 qui
1406 967 1523 1019 haec
1570 967 1807 1035 spernit,
1855 983 1971 1020 non

274 1049 572 1103 hominem
619 1052 856 1120 spernit,
894 1054 988 1105 sed
1044 1053 1244 1119 Deum,
1283 1055 1379 1123 qui
1422 1055 1593 1107 etiam
1642 1055 1798 1108 dedit
1845 1056 1969 1125 Spi-

275 1139 447 1192 ritum
479 1155 647 1191 suum
689 1145 945 1193 sanctum
1004 1140 1060 1192 in
1121 1141 1283 1194 nobis
1332 1142 1395 1211 (Ι
1449 1144 1636 1196 Thess.
1689 1159 1760 1204 ιν,
1807 1147 1895 1209 8);
1940 1164 1967 1194 ι)

274 1227 489 1297 quique
514 1228 684 1280 etiam
713 1244 814 1298 per
857 1229 1095 1282 Phinees
1129 1231 1485 1283 sacerdotum
1521 1231 1681 1284 nobis
1730 1232 1968 1286 sollicite

276 1317 595 1369 mandavit:
634 1338 659 1363 ‹‹
692 1319 936 1371 Tantum
968 1324 1032 1371 ut
1070 1334 1102 1371 ει
1134 1320 1377 1372 Domino
1426 1326 1479 1372 et
1512 1324 1704 1373 nostro
1740 1336 1967 1373 consor-

274 1403 355 1457 tio
390 1420 507 1457 non
538 1406 833 1473 recedatis,
870 1407 1148 1461 aediﬁcato
1195 1409 1363 1461 altari
1407 1416 1619 1477 pra‘ter
1650 1411 1828 1463 altare
1859 1411 1969 1463 Do-

276 1493 417 1545 mini
448 1494 544 1546 Dei
580 1495 757 1547 nostri
792 1496 945 1565 quod
979 1502 1329 1550 exstructum
1363 1503 1441 1551 est
1472 1503 1601 1552 ante
1634 1499 1966 1552 tabernacu-

277 1582 393 1634 lum
424 1582 545 1651 ejus
573 1585 748 1653 (Josue
772 1600 904 1650 xxn,
942 1587 1048 1655 19).
1084 1607 1109 1634 ››

941 1692 1164 1745 CAPUT
1208 1693 1302 1746 III.

272 1779 344 1830 De
372 1780 549 1845 primo
588 1779 845 1845 capitulo.
900 1781 1101 1834 Gratia:
1145 1779 1347 1833 divina:
1392 1781 1731 1849 adjutorium
1770 1783 1960 1849 angelo

342 1854 393 1920 et
440 1849 647 1902 homini
701 1852 1057 1903 necessarium
1121 1854 1285 1903 etiam
1360 1854 1415 1904 in
1467 1856 1641 1920 primo
1683 1858 1830 1907 statu
1889 1853 1963 1906 ad

342 1919 534 1972 bonum
561 1920 892 1984 faciendum.
927 1951 994 1959 -—
1024 1922 1268 1977 Conditio
1300 1919 1745 1990 primi'hominis.

339 2025 516 2078 Primi
552 2025 744 2096 itaque
768 2027 1000 2097 capituli
1032 2033 1216 2081 textus
1249 2029 1327 2081 sic
1361 2028 1533 2082 dicit:

342 2110 492 2165 Deus
538 2114 902 2183 omnipotens
951 2117 1242 2169 hominem
1298 2118 1419 2170 sine
1462 2125 1691 2187 peccato
1742 2124 1959 2172 rectum

268 2216 398 2253 cum
432 2200 610 2255 libero
663 2202 898 2257 arbitrio
941 2205 1218 2271 condidit,
1254 2210 1310 2259 et
1343 2205 1401 2257 in
1438 2206 1701 2273 paradiso
1745 2208 1957 2275 posuit,

268 2304 439 2359 quem
471 2288 531 2343 in
563 2292 861 2345 sanctitate
885 2293 1123 2361 justitia:
1165 2310 1502 2363 permanere
1536 2295 1749 2360 voluit;
1787 2295 1957 2348 homo

268 2378 450 2432 libero
499 2379 736 2433 arbitrio
807 2382 955 2434 male
1014 2388 1178 2436 utens
1229 2384 1499 2452 peccavit,
1550 2389 1607 2437 et
1651 2383 1874 2442 cecidit.
1906 2390 1960 2437 et

267 2465 449 2519 factus
494 2472 578 2520 est
630 2484 814 2522 massa
849 2470 1186 2539 perditionis
1235 2471 1472 2525 humani
1520 2472 1763 2541 generis.
1816 2473 1960 2525 Deus

268 2560 463 2607 autem
493 2555 680 2609 bonus
711 2563 766 2611 et
790 2558 979 2627 justus
1012 2560 1185 2630 elegit
1217 2577 1284 2612 ex
1318 2561 1514 2613 eadem
1548 2577 1729 2613 massa
1769 2560 1957 2629 perdi-

268 2642 460 2709 tionis,
495 2646 807 2699 secundum
843 2649 1257 2716 praescientiam
1292 2665 1475 2715 suam,
1515 2665 1657 2719 quos
1701 2665 1804 2718 per
1834 2665 1959 2718 gra-

268 2728 405 2782 tiam
439 2731 870 2799 praedestinavit
901 2735 970 2786 ad
1001 2735 1196 2801 vitam,
1230 2742 1286 2789 et
1314 2736 1484 2788 vitam
1516 2736 1627 2788 illis
1660 2736 1955 2805 praedesti-

265 2819 420 2870 navit
451 2824 744 2874 aeternam.
782 2822 1027 2876 Caeteros
1052 2830 1261 2883 autem,
1304 2841 1439 2894 quos
1464 2825 1687 2892 justitia
1717 2828 1773 2878 et
1794 2824 1957 2894 judi-

265 2907 350 2960 cio
384 2907 444 2960 in
476 2924 660 2961 massa
687 2911 1027 2978 perditionis
1052 2913 1303 2981 reliquit,
1337 2914 1625 2981 perituros
1647 2913 1953 2983 praescivit,

1422 306 1476 359 S.
1521 305 1784 359 BEMIGII
1826 306 2302 362 LUGDUNENSIS
2344 303 2660 362 EPISCOPI

3656 305 3791 356 1088

2156 447 2179 471 ⁸
2213 438 2274 490 In
2306 436 2450 490 libro
2471 435 2683 506 quippe
2708 434 2959 500 Genesis,
2986 434 3085 488 ubi
3104 436 3292 505 primo
3315 434 3407 489 die
3427 435 3532 488 sub
3550 434 3793 487 nomine

2084 527 2238 592 lucis,
2271 531 2490 579 natura:
2521 524 2799 593 angelicae
2845 524 3058 577 ereatio
3107 524 3471 595 intelligitur,
3526 525 3605 577 ita
3649 523 3791 575 scri-

2081 620 2243 683 ptum
2278 618 2397 667 est:
2456 634 2481 661 ‹‹
2539 614 2603 666 Et
2652 612 2796 666 dixit
2844 613 3029 666 Deus:
3066 612 3187 666 Fiat
3239 613 3367 677 lux;
3412 618 3470 665 et
3514 612 3669 665 facta
3707 616 3795 664 est

2081 703 2198 755 lux.
2234 704 2298 755 Et
2326 701 2469 754 vidit
2498 703 2642 755 Deus
2685 701 2870 754 lucem
2919 700 3073 770 quod
3115 705 3261 753 esset
3306 700 3481 766 bona,
3508 706 3564 753 et
3594 699 3795 752 divisit

2081 790 2232 843 inter
2263 791 2445 843 lucem
2470 796 2525 842 et
2555 789 2839 853 tenebras,
2865 790 3288 859 appellavitque
3312 789 3497 842 lucem
3527 788 3714 854 diem,
3740 794 3795 841 et

2081 879 2345 932 tenebras
2372 884 2597 931 noctem
2632 878 2783 946 (Gen.
2828 894 2906 942 ιιι,
2949 878 3005 944 4,
3150 898 3171 925 ο
3205 876 3260 931 Si
3296 893 3431 946 ergo
3474 877 3585 930 hoc
3616 877 3790 945 juxta

2080 982 2312 1019 sensum
2334 966 2744 1019 catholicorum
2764 966 2995 1018 Patrum
3012 965 3081 1018 de
3095 964 3315 1035 angelis
3336 968 3487 1018 recte
3512 963 3795 1032 intelligi-

2082 1062 2174 1108 tur
2203 1055 2439 1119 dictum,
2473 1054 2841 1107 manifestum
2865 1053 3095 1123 estquia
3116 1054 3343 1107 inverbo
3357 1070 3479 1119 suo,
3499 1053 3661 1123 quod
3688 1076 3709 1099 ι
3731 1053 3789 1105 in

2078 1144 2360 1214 principio
2391 1150 2531 1209 erat,
2557 1145 2704 1198 Deus
2747 1142 2900 1211 apud
2946 1144 3127 1196 Deum
3158 1145 3336 1210 (Joan.
3382 1157 3415 1195 ι.
3463 1142 3539 1209 1),
3576 1164 3597 1189 ι
3639 1158 3787 1193 con-

2080 1230 2330 1283 stituerit
2362 1236 2417 1283 et
2444 1230 2644 1283 fecerit
2685 1232 2831 1285 Deus
2880 1232 3064 1295 Pater,
3120 1236 3185 1283 ut
3231 1230 3315 1283 illi
3361 1229 3557 1300 angeli
3585 1229 3784 1295 electi,

2079 1334 2208 1372 mox
2268 1325 2331 1371 ut
2375 1324 2510 1371 sunt
2568 1318 2763 1385 creati,
2825 1318 3128 1371 existerent
3175 1319 3377 1372 eodem
3433 1321 3557 1387 ejus
3610 1318 3791 1371 verbo

2080 1406 2411 1472 illuminati,
2446 1413 2500 1461 et
2531 1408 2733 1461 ﬁerent
2793 1428 2819 1455 ‹‹
2878 1408 2973 1460 lux
3031 1406 3089 1460 in
3154 1408 3395 1459 Domino
3454 1407 3684 1475 (Ephes.
3734 1424 3780 1462 v.

2079 1498 2152 1561 8),
2191 1517 2210 1543 ι
2275 1495 2373 1565 qui
2430 1512 2534 1564 per
2591 1495 2829 1564 seipsos,
2900 1502 2956 1549 et
3029 1496 3087 1547 in
3148 1496 3345 1565 seipsis
3407 1496 3551 1547 nihil
3622 1495 3785 1547 aliud

2079 1600 2251 1654 quam
2296 1584 2547 1638 tenebras
2601 1601 2723 1637 esse
2769 1584 3116 1654 potuissent:
3188 1585 3329 1637 sicut
3397 1591 3535 1637 sunt
3577 1585 3783 1653 utique

2078 1687 2279 1725 omnes
2332 1672 2548 1742 refugae
2599 1672 2808 1742 angeli,
2872 1672 2972 1743 qui
3029 1673 3237 1727 deserti
3300 1672 3521 1725 lumine
3573 1672 3783 1742 gratia:

2009 1737 2047 1790 Β
2076 1760 2399 1813 Conditoris
2431 1760 2570 1813 nihil
2602 1761 2757 1814 aliud
2787 1761 2846 1813 in
2874 1761 3090 1831 seipsis,
3127 1760 3240 1814 nisi
3284 1761 3511 1816 tenebm
3538 1776 3781 1814 reman-

2071 1853 2286 1902 serunt.
2324 1849 2482 1902 Unde
2514 1849 2687 1902 etiam
2720 1850 2789 1903 de
2823 1866 3024 1903 eorum
3046 1850 3226 1919 impio
3259 1850 3589 1917 dominatu,
3623 1850 3779 1902 unde

2070 1952 2171 2006 per
2202 1937 2543 2007 sanguinem
2577 1938 2732 1991 unici
2778 1938 2906 1991 Filii
2947 1938 3044 1991 Dei
3082 1938 3306 1991 liberati
3346 1954 3570 2002 sumus,
3619 1942 3777 2006 Apo-

2070 2025 2247 2077 stolus
2271 2026 2409 2078 dicit
2436 2041 2447 2079 :
2485 2045 2511 2075 (ι
2542 2026 2647 2089 Qui
2694 2026 2907 2095 eripuit
2936 2042 3038 2079 nos
3070 2027 3139 2080 de
3174 2031 3449 2096 potestate
3498 2026 3777 2079 tenebra-

2069 2129 2219 2179 rum,
2254 2120 2310 2166 et
2338 2115 2629 2167 transtulit
2661 2114 2716 2167 iu
2744 2131 2981 2185 regnum
3012 2115 3135 2168 Filii
3159 2115 3450 2168 charitatis
3471 2131 3593 2168 suae
3627 2116 3774 2180 (Col.

2070 2218 2105 2268 1,
2144 2204 2249 2271 13).
2287 2221 2312 2252 ››
2362 2202 2429 2255 Et
2474 2202 2608 2256 alibi
2642 2204 2717 2255 ait
2760 2219 2772 2255 :
2811 2224 2836 2253 (ι
2888 2205 3027 2257 Nam
3059 2210 3115 2257 et
3159 2205 3281 2273 ipse
3314 2205 3554 2258 Satanas
3590 2213 3772 2256 trans-

2067 2289 2279 2359 ﬁgurat
2310 2306 2368 2342 se
2400 2290 2457 2343 in
2489 2291 2757 2358 angelum
2788 2288 2933 2342 lucis
2967 2291 3057 2355 (II
3091 2291 3218 2343 Cor.
3255 2306 3331 2355 x1,
3366 2292 3475 2359 14),
3514 2310 3533 2337 ι
3592 2290 3776 2342 mani-

2068 2378 2208 2431 festa
2240 2379 2549 2431 ostendens
2590 2378 2733 2431 alios
2789 2394 2908 2431 esse
2966 2378 3201 2447 angelos
3258 2378 3418 2441 lucis,
3476 2378 3606 2447 qui,
3656 2378 3769 2430 Deo

2067 2466 2453 2530 illuminante,
2487 2469 2547 2520 in
2576 2469 2804 2519 veritate
2846 2465 3237 2535 perstiterunt,
3271 2472 3327 2518 et
3356 2466 3498 2517 alios
3527 2467 3769 2535 angelos

2069 2556 2459 2621 tenebrarum,
2525 2556 2592 2609 de
2650 2571 2894 2624 quorum
2954 2554 3213 2624 principe
3266 2555 3541 2609 Dominus
3594 2554 3767 2607 dicit:

2071 2663 2097 2694 α
2134 2646 2198 2697 Et
2232 2646 2288 2697 in
2335 2644 2574 2697 veritate
2626 2660 2739 2696 non
2786 2644 2941 2696 stetit
2990 2642 3167 2712 (Joan.
3221 2659 3335 2706 vin,
3389 2644 3502 2710 fit).
3540 2665 3561 2690 ι
3606 2643 3768 2695 Facta

2066 2740 2197 2787 sunt
2256 2749 2390 2803 ergo
2450 2750 2564 2786 non
2600 2736 2824 2786 tantum
2871 2738 2935 2785 ut
2965 2732 3344 2785 essentialiter
3407 2736 3619 2796 essent,
3673 2731 3765 2783 sed

2066 2823 2238 2875 etiam
2271 2822 2464 2875 divina
2496 2822 2680 2891 gratia
2707 2820 3072 2874 illuminante
3106 2839 3133 2870 «
3168 2820 3261 2873 lux
3310 2825 3365 2873 et
3396 2820 3517 2872 dies
3548 2820 3611 2873 in
3651 2822 3765 2872 Do-

2065 2910 2221 2963 mino
2259 2931 2283 2960 υ
2325 2916 2531 2963 essent.
2568 2909 2674 2973 Qui
2702 2926 2832 2962 vero
2884 2925 2946 2962 ex
2981 2908 3077 2961 illa
3106 2908 3472 2961 illuminante
3520 2909 3761 2961 veritate

263 2995 357 3049 sed
407 3012 520 3049 non
577 3002 637 3050 ut
684 3000 937 3066 perirent
986 3002 1443 3068 praedestinavit;
1488 3019 1711 3072 pcenam
1762 3009 1955 3056 autem
1997 3014 2098 3067 Ca
2136 3003 2471 3053 caeterorum
2530 2998 2798 3051 societate
2874 3014 2977 3067 per
3045 2997 3375 3067 superbiam
3415 2997 3760 3058 ceciderant,

263 3083 395 3147 illis,
434 3084 779 3153 quiajustus
807 3092 907 3153 est,
953 3088 1379 3156 praedestinavit
1412 3096 1720 3143 aeternam:
1764 3106 1825 3142 ac
1859 3106 1960 3159 per

264 3171 370 3223 hoc
404 3188 580 3225 unam
631 3174 732 3227 Dei
770 3175 1335 3243 przcdestinationem
1384 3178 1782 3231 tantummodo
1812 3178 1957 3231 dici-

264 3276 410 3326 mus,
445 3276 574 3329 quae
606 3260 675 3313 ad
721 3262 938 3315 donum
973 3264 1221 3333 pertinet
1252 3265 1472 3332 gratiae,
1500 3271 1598 3319 aut
1626 3266 1955 3319 retributio-

264 3363 395 3400 nem
420 3347 679 3418 justitiaa.

958 3454 1272 3499 CENSURA.

335 3525 403 3579 Ut
444 3541 582 3596 ergo
661 3526 755 3581 his
805 3528 1013 3592 verbis,
1075 3534 1131 3583 et
1189 3530 1586 3601 hujuscemodi
1635 3530 1958 3586 deﬁnitioni

261 3616 614 3668 commodius
666 3623 722 3669 et
774 3617 1129 3671 manifestius
1180 3619 1647 3688 respondeamus,
1702 3620 1810 3673 hoc
1858 3638 1955 3674 nos

260 3704 512 3772 primum
544 3705 604 3757 in
649 3705 730 3758 eis
759 3710 970 3773 movet,
1017 3708 1169 3777 quod
1201 3708 1415 3778 absque
1464 3710 1576 3761 ulla
1607 3725 1955 3762 commemo-

261 3792 482 3846 ratione
504 3795 705 3863 gratiae
734 3795 831 3848 Dei
854 3796 996 3865 (sine
1014 3812 1126 3865 qua
1159 3797 1315 3850 nulla
1341 3798 1638 3850 rationalis
1670 3804 1952 3865 creatura,

262 3880 475 3934 scilicet
496 3898 599 3935 nec
622 3884 878 3952 angelica
911 3901 1012 3936 nec
1045 3885 1318 3949 humana,
1354 3902 1610 3956 unquam
1636 3886 1827 3956 potuit
1855 3892 1955 3940 aut

258 3973 462 4039 potest,
496 3972 583 4023 vel
613 3972 823 4040 poterit
862 3972 919 4025 in
946 3972 1169 4042 justitia
1201 3980 1255 4026 et
1304 3976 1602 4027 sanctitate
1650 3991 1791 4041 esse,
1827 3991 1951 4028 ma-

262 4073 416 4125 nere,
463 4064 633 4128 atque
684 4060 1013 4130 persistere)
1062 4062 1139 4115 ita
1186 4063 1406 4131 primus
1454 4063 1628 4116 homo
1681 4064 1955 4117 delinitur

262 4145 427 4199 liberi
482 4147 702 4200 arbitrii
753 4165 785 4201 a
844 4150 957 4202 Deo
1020 4150 1304 4215 conditus,
1354 4158 1527 4221 atque
1584 4152 1641 4206 in
1691 4153 1953 4221 paradiso

262 4234 621 4301 constitutus,
656 4241 927 4306 tanquam
962 4254 1062 4307 per
1113 4240 1300 4308 ipsum
1344 4242 1746 4294 tantummodo
1797 4243 1954 4295 arbi-

261 4323 435 4376 trium
465 4324 707 4378 liberum
748 4325 804 4379 in
837 4327 1132 4379 sanctitate
1161 4333 1216 4381 et
1253 4329 1475 4397 justitia
1510 4333 1785 4399 potuisset
1820 4347 1949 4400 per-

262 4426 513 4465 manere.
545 4412 701 4476 Quod
730 4414 787 4467 in
839 4415 1128 4483 praadictis
1168 4417 1352 4471 verbis
1402 4419 1548 4471 Deus
1591 4419 1955 4473 solummodo

260 4500 508 4553 voluisse
534 4501 775 4555 dicitur:
810 4519 947 4568 non,
983 4512 1045 4556 ut
1087 4504 1208 4557 ﬁeri
1247 4512 1435 4573 posset
1473 4505 1626 4559 dono
1668 4523 1782 4559 suae
1825 4523 1953 4573 gra-

260 4589 355 4642 tias
388 4590 717 4660 inspirasse,
753 4592 840 4644 vel
881 4592 1168 4645 annuisse.
1224 4594 1333 4645 Hoc
1387 4609 1636 4663 namque
1687 4611 1803 4647 non
1836 4611 1956 4648 esse

261 4677 429 4746 plene
475 4684 529 4732 et
578 4680 856 4734 catholica
903 4682 1111 4751 pietate
1178 4682 1499 4747 deﬁnitum,
1552 4688 1608 4735 et
1648 4682 1955 4751 Scripturae

262 4771 469 4820 sanetae
503 4770 827 4835 auctoritas,
863 4775 917 4823 et
952 4770 1101 4823 beati
1134 4771 1441 4839 Augustini
1485 4772 1730 4839 diligens
1760 4772 1956 4841 dispu-

264 4856 420 4922 tatio,
470 4862 527 4909 et
584 4858 825 4910 aliorum
890 4865 1215 4912 sanctorum
1279 4865 1450 4928 atque
1505 4860 1956 4913 orthodoxorum

260 4944 493 4998 Patrum
526 4946 873 5001 lucidissima
902 4947 1157 5001 deﬁnitio
1202 4949 1463 5001 ostendit.

2071 3088 2275 3141 merito
2309 3108 2336 3137 ‹‹
2364 3087 2615 3140 tenebrae
2646 3092 2702 3139 et
2724 3103 2831 3139 nox
2865 3108 2890 3134 ››
2926 3087 3205 3155 appellari
3222 3091 3591 3151 meruerunt;
3616 3086 3758 3138 hanc

2071 3178 2311 3229 «lucem
2348 3176 2485 3229 vidit
2537 3178 2684 3229 Deus
2732 3175 2866 3245 quia
2914 3176 3064 3229 bona
3111 3180 3213 3241 est,
3241 3198 3267 3223 ››
3322 3191 3454 3228 cum
3485 3191 3612 3227 eam
3657 3173 3761 3227 sibi

2068 3264 2384 3333 placentem
2455 3281 2557 3317 suo
2614 3265 2833 3333 judicio
2896 3262 3259 3334 approbavit:
3326 3284 3353 3311 ‹‹
3411 3264 3680 3316 tenebras
3732 3282 3756 3312 υ

2067 3359 2261 3407 autem
2292 3354 2417 3406 illas
2446 3369 2559 3406 non
2615 3352 2886 3417 laudavit,
2938 3352 3075 3423 quia
3122 3368 3226 3406 nec
3274 3352 3639 3422 approbavit,
3669 3352 3761 3405 sed

2066 3446 2291 3495 tantum
2325 3442 2479 3511 justo
2514 3440 2756 3509 judicio,
2805 3435 2965 3494 ut'in
3011 3456 3123 3493 suae
3168 3440 3351 3493 ruina
3393 3440 3759 3493 damnatione

2067 3530 2455 3601 persisterent,
2484 3530 2787 3583 ordinavit.
2828 3531 2941 3583 Hoc
2981 3530 3049 3581 de
3094 3529 3311 3599 angelis
3352 3530 3563 3581 sanctis
3594 3529 3760 3582 etiam

2065 3620 2125 3671 in
2174 3619 2393 3687 psalmo
2445 3617 2767 3671 ostenditur
2810 3617 2907 3671 ubi
2949 3617 3164 3671 dictum
3211 3621 3333 3670 est:
3366 3637 3392 3665 et
3446 3616 3631 3670 Verbo
3665 3619 3759 3671 Do.

2065 3707 2208 3761 mini
2240 3707 2363 3761 coeli
2422 3706 2636 3759 ﬁrmati
2692 3712 2846 3771 sunt,
2885 3712 2940 3758 et
2991 3706 3195 3775 spiritu
3248 3705 3365 3758 oris
3405 3706 3533 3776 ejus
3578 3708 3757 3759 omnis

2065 3795 2245 3849 virtus
2303 3811 2499 3848 eorum
2550 3796 2713 3864 (Psal.
2751 3811 2919 3861 χχχιι,
2954 3798 3050 3864 6);
3086 3816 3111 3843 «
3148 3810 3302 3861 nam,
3351 3795 3396 3847 si
3447 3811 3552 3864 per
3585 3816 3611 3843 α
3643 3812 3756 3848 ver-

2065 3884 2202 3938 bum
2246 3884 2492 3950 Domini,
2525 3906 2544 3931 ι
2609 3884 2665 3937 id
2704 3889 2807 3949 est,
2868 3883 3149 3954 unigeniti
3200 3883 3323 3936 Filii
3371 3883 3585 3937 virtute
3638 3884 3755 3937 coeli

2065 3972 2279 4027 ﬁrmati
2321 3978 2468 4035 sunt,
2504 3994 2530 4021 ‹‹
2592 3978 2649 4025 et
2708 3971 2908 4042 spiritu
2959 3972 3072 4025 oris
3127 3972 3269 4041 ejus,
3302 3992 3329 4020 »
3388 3972 3445 4025 id
3502 3978 3606 4036 est,
3662 3987 3754 4043 per

2065 4061 2333 4115 virtutem
2401 4060 2643 4131 Spiritus
2712 4060 2889 4113 sancti
2947 4076 3146 4113 omnes
3202 4060 3477 4114 caelorum
3526 4063 3753 4113 virtutes

2065 4150 2151 4203 vel
2186 4154 2389 4203 creatae
2420 4154 2555 4202 sunt
2585 4154 2647 4201 ut
2678 4154 2886 4214 essent,
2920 4148 3006 4201 vel
3046 4148 3287 4201 ﬁrmata:
3318 4154 3381 4201 ut
3428 4150 3489 4202 in
3523 4151 3751 4203 veritate

2068 4238 2454 4308 persisterent,
2485 4238 2660 4290 claret
2689 4236 2926 4289 omnino
2972 4253 3070 4289 eos
3112 4242 3167 4289 et
3197 4237 3402 4306 spiritu
3438 4238 3538 4291 Dei
3566 4239 3751 4291 condi-

2069 4330 2175 4390 tos,
2211 4331 2267 4380 et
2324 4326 2579 4396 ejusdem
2642 4325 2824 4395 gratia
2873 4324 2930 4377 in
2987 4329 3200 4377 aeterna
3259 4325 3353 4376 illa
3406 4324 3752 4377 beatitudine

2065 4415 2361 4469 solidatas.

2134 4503 2222 4557 Sic
2252 4506 2305 4556 et
2337 4501 2560 4572 primus
2590 4500 2759 4554 homo
2793 4498 2958 4554 liberi
2999 4500 3220 4554 arbitrii
3253 4517 3285 4553 a
3328 4502 3441 4554 Deo
3475 4502 3750 4563 conditus,

2065 4592 2319 4662 quandiu
2382 4613 2403 4638 ι
2469 4594 2627 4643 scuto
2682 4590 2848 4643 bona:
2933 4590 3240 4643 voluntatis
3308 4590 3406 4643 Dei
3484 4592 3651 4657 (Psal.
3708 4606 3751 4651 v,

2069 4684 2177 4751 13),
2206 4703 2232 4728 ››
2286 4680 2340 4734 id
2376 4686 2471 4739 est,
2503 4679 2709 4734 divinae
2742 4680 2938 4749 gratia}
2981 4685 3274 4748 protectus
3303 4684 3387 4731 est
3436 4687 3617 4748 atque
3649 4694 3755 4731 mu-

2063 4771 2239 4836 nitus,
2300 4769 2524 4822 beatam
2582 4768 2755 4820 vitam
2817 4768 2977 4821 duxit
3048 4784 3178 4820 cum
3238 4768 3401 4831 Deo;
3456 4774 3753 4837 postquam

2066 4865 2258 4911 autem
2286 4860 2353 4910 de
2386 4873 2489 4909 sua
2530 4856 2737 4909 virtute
2771 4856 3169 4925 praesumendo
3213 4862 3269 4908 et
3299 4860 3501 4908 contra
3532 4856 3750 4910 Creato-

2066 4962 2186 5000 rem
2218 4961 2278 4999 se
2308 4944 2633 4999 extollendo
2684 4960 2914 4997 aversus
2959 4949 3043 4998 est
3074 4945 3145 4997 ab
3177 4944 3298 5008 illo,
3335 4944 3457 5013 ejus
3493 4945 3751 5013 indigna-

1316 5070 1514 5125 ΝΟΤᾹΞ]
1558 5069 1886 5126 DUVALLII
1928 5066 2265 5124 DOCTORIS
2305 5065 2692 5121 SORBONICI.

328 5193 352 5217 α
382 5185 627 5259 Adverte
674 5185 969 5259 lulianum
1009 5186 1195 5253 illum,
1236 5193 1433 5242 contra
1462 5206 1634 5259 quem
1684 5196 1766 5244 tot
1796 5191 1955 5245 libris

258 5255 527 5330 disseruit
556 5258 931 5327 Augustinus,
970 5274 1257 5311 accusasse
1293 5255 1537 5328 Moysen)
1569 5263 1733 5330 quasi
1764 5263 1954 5315 existi-

260 5328 433 5402 marit
482 5328 660 5379 Deum
692 5343 820 5402 non
876 5343 995 5402 esse
1054 5335 1367 5382 creatorem
1412 5328 1772 5400 angelorum,
1818 5334 1953 5402 quia

260 5396 476 5448 scilicet
530 5398 836 5449 creationis
895 5397 1152 5465 ipsorum
1220 5417 1331 5452 non
1408 5396 1762 5455 meminerat.
1814 5396 1953 5457 Huic

260 5467 555 5542 respondit
601 5468 951 5542 Augustinus
1003 5475 1058 5542 et
1106 5477 1299 5539 postea
1340 5472 1404 5523 D.
1456 5474 1701 5525 Thomas
1748 5480 1948 5542 quaest.

259 5538 347 5599 ﬁt,
383 5536 539 5588 artic.
578 5552 594 5589 ι
635 5539 830 5605 partis,
864 5536 1211 5593 creationem
1247 5543 1585 5610 angelorum
1604 5536 1950 5598 insinuatam

2066 5190 2240 5244 fuisse
2304 5189 2538 5242 nomine
2590 5189 2716 5243 cmli
2765 5192 2865 5242 aut
2909 5187 3081 5242 etiam
3139 5188 3325 5241 lucis:
3374 5188 3515 5252 Quae
3569 5194 3750 5242 tamen

2066 5260 2361 5331 responsio
2396 5260 2591 5313 multis
2650 5275 2764 5314 non
2822 5260 3031 5330 placet,
3065 5259 3194 5327 quia
3243 5259 3298 5311 in
3340 5259 3641 5331 Scriptura
3672 5278 3753 5313 no-

2066 5332 2221 5385 mine
2254 5332 2379 5384 eoeli
2411 5338 2464 5383 et
2494 5336 2659 5383 terrae
2690 5330 3031 5399 intelligitur
3047 5331 3251 5383 emtum
3277 5330 3426 5383 istud
3458 5332 3749 5395 sensibile;

2063 5409 2117 5455 et
2152 5402 2387 5456 nomine
2418 5402 2636 5471 pariter
2659 5402 2800 5455 lucis
2832 5402 3029 5454 lumen
3054 5401 3192 5453 illud
3225 5400 3466 5466 visibile,
3502 5403 3582 5454 ita
3608 5408 3668 5455 ut
3696 5418 3751 5455 ea

2063 5474 2346 5543 expositio
2401 5473 2795 5541 Lugduni-usis
2853 5472 3115 5525 Ecclesiae
3162 5471 3400 5541 mystica
3451 5473 3643 5541 potius
3692 5474 3750 5525 sit

2064 5561 2239 5615 quam
2270 5544 2547 5597 litteralis.
