3884 6218
90 306 209 358 1089

1174 308 1262 362 DE
1301 307 1630 363 TENENOA
1669 306 2077 363 ΞΩΗΙΡΤΗΒᾸΞ
2121 308 2490 365 VERITATE.

3446 319 3580 370 1090

86 440 221 491 tione
276 441 443 497 iram.
502 441 555 491 id
610 444 711 504 est,
757 440 925 507 justo).
971 440 1355 494 damnationis
1404 458 1631 511 poenam
1674 442 1768 493 in-
1809 448 1849 498 A
1882 442 2122 494 liberum
2174 458 2288 495 non
2348 444 2687 497 deseruisset
2748 446 3079 505 arbitrium.
3142 465 3370 519 semper
3432 460 3580 507 esset

85 530 275 590 currit;
317 545 490 598 quam
542 534 731 597 postea
780 529 837 580 in
868 528 981 581 illis
1030 530 1130 599 qui
1179 546 1243 582 ex
1292 532 1414 599 ejus
1462 530 1775 599 propagine

85 634 169 687 per
200 618 306 670 Dei
352 616 805 671 misericordiam
830 618 1139 685 salvantur,
1181 619 1332 687 juste
1379 634 1436 671 se
1468 617 1775 670 incurrisse

84 707 435 776 intelligens,
507 728 534 754 ‹‹
604 706 937 759 humiliatus
997 707 1101 759 sub
1161 707 1380 776 potenti
1440 723 1614 759 manu
1675 705 1774 759 Dei

86 797 119 853 vl
143 797 284 848 Petr.
318 812 371 859 v,
412 795 487 863 5),
523 813 549 844 ν
583 794 653 847 ad
703 795 891 865 ipsum
942 795 1063 848 sine
1094 795 1519 849 intermissione
1546 795 1773 861 clamat,

83 884 338 953 etipsum
391 883 729 953 deprecatur
763 889 825 937 ut
870 883 1100 937 liberari
1136 889 1191 937 et
1238 884 1427 937 sanari
1461 887 1771 937 mereatur.

83 974 183 1025 Hoc
227 976 416 1025 totum
457 972 749 1025 verissime
797 972 874 1025 ita
925 988 1068 1036 esse,
1112 988 1180 1025 ex
1224 989 1469 1043 persona
1515 973 1771 1042 ejusdem

84 1054 339 1113 hominis’
364 1060 510 1113 bene
553 1060 783 1125 conditi,
832 1060 1073 1130 benigne
1117 1061 1316 1131 adjuti.
1376 1061 1774 1115 miserabiliter

83 1148 231 1218 lapsi,
287 1163 419 1201 vere
476 1149 754 1215 conversi,
799 1154 853 1202 et
904 1149 1351 1219 lacrymabiliter
1398 1148 1773 1219 supplicantis

82 1236 156 1288 bis
187 1235 381 1289 verbis
432 1234 732 1288 Psalmista
775 1234 1068 1304 implorat,
1121 1236 1350 1289 dicens:
1407 1256 1433 1286 ι(
1488 1236 1769 1300 Quoniam

84 1326 151 1376 ira
184 1325 244 1377 in
279 1324 678 1393 indignatione
723 1324 866 1391 ejus,
903 1329 959 1376 et
1009 1323 1121 1376 vita
1173 1324 1231 1377 in
1283 1325 1575 1377 voluntate
1625 1324 1766 1393 ejus,

81 1413 136 1463 ad
189 1427 496 1481 vesperum
546 1411 942 1465 demorabitur
990 1412 1177 1478 lletus,
1209 1418 1262 1465 et
1306 1413 1375 1466 ad
1422 1413 1767 1466 matutinum

81 1500 283 1553 laetitia.
335 1500 457 1569 Ego
507 1504 699 1552 autem
751 1499 867 1552 dixi
918 1499 975 1551 in
1027 1500 1383 1554 abundantia
1434 1517 1595 1555 mea:
1644 1502 1768 1554 Non

81 1589 344 1641 movebor
414 1589 471 1641 in
536 1593 835 1641 aeternum.
896 1588 1159 1654 Domine,
1210 1589 1269 1641 in
1323 1590 1612 1642 voluntate
1672 1596 1769 1642 tua

80 1676 389 1747 praestitisti
479 1677 668 1729 decori
752 1692 876 1729 meo
950 1676 1254 1741 virtutem;
1344 1678 1593 1730 avertisti
1684 1678 1765 1731 fa-

80 1768 211 1818 ciem
242 1771 403 1818 tuam
435 1781 468 1817 a
505 1781 614 1830 me,
652 1768 706 1816 et
742 1763 922 1817 factus
972 1780 1096 1818 sum
1148 1766 1538 1818 conturbatus.
1576 1766 1658 1819 Ad
1690 1773 1765 1831 te,

82 1854 330 1919 Domine,
374 1853 655 1920 clamabo,
690 1860 747 1906 et
791 1853 861 1906 ad
908 1854 1215 1907 Dominum
1250 1870 1445 1907 meum
1492 1855 1769 1923 depreca-

83 1944 174 1995 bor
202 1944 369 2011 (Psal.
414 1959 560 2007 χχιχ,
594 1944 647 2009 6,
682 1947 733 2008 7,
769 1946 819 2009 8,
856 1942 930 2012 9).
985 1963 1010 1992 ››
1044 1944 1187 2007 Quia
1234 1944 1409 1996 homo
1458 1948 1591 1996 tunc
1620 1950 1769 1997 certe

80 2032 271 2084 habuit
310 2047 636 2100 vesperum,
676 2047 804 2086 cum
848 2031 900 2084 ei
934 2032 1190 2100 peccanti
1233 2033 1313 2085 sol
1359 2032 1596 2101 jnstitiae
1629 2033 1769 2085 occi-

82 2121 259 2173 disset.
295 2121 357 2173 lu
391 2136 505 2190 qua
538 2126 705 2173 nocte
740 2136 887 2173 caeca
918 2136 982 2173 ex
1014 2121 1135 2191 ipso
1167 2121 1543 2174 descendente
1572 2122 1770 2175 demo-

82 2215 226 2261 ratur
256 2210 315 2261 in
346 2210 490 2262 ﬂetu
528 2224 710 2278 genus
741 2208 1082 2274 humanum,
1118 2210 1207 2261 cui
1240 2230 1266 2257 ι‹
1319 2209 1390 2261 ad
1422 2209 1767 2262 matutinum

82 2298 304 2361 laetitia),
344 2318 371 2349 ››
424 2297 704 2350 matutina
749 2296 956 2351 Christi
1008 2298 1423 2350 resurrectione
1473 2298 1767 2366 promitti-

82 2392 181 2451 tur,
213 2391 271 2439 ut
301 2403 407 2456 per
438 2402 565 2440 eam
588 2403 655 2439 ex
688 2392 871 2439 morte
905 2386 972 2439 ad
1006 2386 1179 2439 vitam
1210 2391 1527 2457 reparetur.

146 2476 295 2528 Hanc
325 2476 447 2545 ejus
477 2475 698 2528 felicem
734 2480 791 2527 et
821 2474 1042 2528 beatam
1078 2474 1137 2527 in
1180 2474 1444 2545 paradiso
1471 2474 1641 2527 vitam
1674 2473 1769 2526 lu-

84 2564 363 2617 cidissima
423 2569 479 2617 et
511 2563 842 2617 dulcissimo
871 2579 1137 2617 sermone
1170 2564 1368 2617 beatus
1418 2562 1768 2632 Augustinus

85 2654 133 2704 in
202 2654 349 2706 libro
423 2652 645 2705 decimo
703 2657 905 2721 quarto
984 2652 1051 2705 de
1110 2652 1343 2705 Civitate
1400 2652 1500 2704 Dei
1559 2650 1767 2703 descri-

83 2741 174 2808 bit,
252 2742 328 2795 ita
405 2742 599 2795 dicens
658 2742 717 2810 (ι.
791 2756 904 2805 x1v,
974 2756 1018 2795 c.
1076 2742 1205 2809 26):
1271 2739 1528 2811 [Vivebat
1577 2740 1767 2809 itaque

85 2830 242 2883 homo
318 2830 376 2883 in
452 2829 749 2899 paradiso,
817 2829 959 2882 sicut
1025 2829 1279 2893 volebat,
1344 2828 1599 2898 quandiu
1662 2828 1767 2880 hoc

88 2918 299 2971 volebat
393 2918 548 2988 quod
663 2918 810 2970 Deus
891 2918 1159 2987 jusserat.
1249 2917 1483 2969 Vivebat
1571 2916 1765 2969 fruens

87 3007 209 3072 Deo,
242 3023 305 3059 ex
337 3023 453 3077 quo
496 3006 648 3059 bono
679 3010 799 3058 erat
841 3005 1043 3058 bonus.
1078 3004 1308 3057 Vivebat
1335 3005 1457 3057 sine
1486 3004 1600 3057 ulla
1631 3020 1761 3074 ege-

86 3100 235 3159 state,
272 3095 345 3148 ita
396 3111 623 3164 semper
667 3094 852 3146 vivere
894 3094 1108 3147 habens
1153 3092 1211 3145 in
1258 3098 1558 3162 potestate.
1597 3092 1765 3145 Cibus

87 3184 289 3249 aderat,
324 3200 395 3237 ne
448 3184 721 3246 esuriret;
753 3186 945 3251 potus,
998 3198 1066 3234 ne
1111 3181 1313 3245 sitiret,
1356 3181 1581 3250 lignum
1610 3180 1762 3245 vitae,

82 3288 142 3323 ne
177 3272 341 3325 illum
390 3276 617 3324 senecta
667 3271 1017 3323 dissolveret.
1071 3270 1223 3323 Nihil
1270 3268 1656 3339 corruptionis
1705 3269 1764 3322 in

82 3376 329 3431 corpore,
372 3360 457 3412 vel
507 3376 573 3412 ex
623 3374 860 3427 corpore
906 3358 1024 3411 ulla
1072 3358 1327 3411 molestia
1371 3374 1430 3411 se
1476 3358 1586 3410 illis
1642 3357 1765 3426 ejus

82 3450 325 3503 sensibus
356 3447 675 3517 ingerebat.
720 3447 917 3500 Nullus
967 3447 1310 3499 intrinsecus
1354 3446 1606 3512 morbus,
1636 3447 1764 3499 nul-

81 3540 158 3591 lus
188 3538 331 3591 ictus
384 3537 749 3590 metuebatur
797 3535 1162 3588 extrinsecus.
1211 3536 1446 3589 Summa
1492 3534 1550 3586 in
1595 3550 1764 3587 carne

83 3628 302 3691 sanitas,
362 3626 416 3678 in
479 3624 671 3677 animo
731 3624 857 3693 [a|.,
907 3623 1113 3692 anima]
1173 3627 1291 3676 tota
1352 3623 1759 3694 tranquillitas.

82 3715 221 3768 Sicut
254 3716 311 3767 in
346 3713 610 3783 paradiso
648 3713 841 3765 nullus
873 3717 1045 3765 aestus
1077 3718 1175 3765 aut
1206 3712 1406 3781 frigus,
1442 3714 1519 3764 ita
1551 3712 1609 3765 in
1642 3712 1765 3781 ejus

83 3803 388 3856 habitatore
436 3801 595 3853 nulla
643 3816 710 3853 ex
759 3800 1067 3869 cupiditate
1116 3800 1200 3854 vel
1234 3800 1439 3854 timore
1475 3801 1767 3854 accidebat

83 3890 229 3943 bona:
274 3890 585 3944 voluntatis
622 3888 879 3941 offensio.
930 3888 1080 3941 Nihil
1125 3888 1363 3941 omnino
1406 3889 1586 3953 triste,
1623 3888 1765 3941 nihil

82 3983 187 4031 erat
234 3978 485 4032 inaniter
534 3979 761 4041 lzetum;
802 3976 1074 4046 gaudium
1131 3993 1264 4029 vero
1313 3977 1767 4046 perpetuabatur

82 4083 139 4120 ex
169 4070 299 4130 Deo,
334 4068 395 4120 in
428 4082 599 4137 quem
630 4066 910 4135 ﬂagrabat
953 4088 979 4113 ‹‹
1026 4065 1269 4119 Charitas
1299 4066 1367 4118 de
1398 4066 1564 4119 corde
1594 4082 1764 4135 puro,

82 4159 125 4206 et
152 4153 502 4207 conscientia
544 4153 695 4207 bona
724 4159 779 4205 et
816 4152 929 4205 ﬁde
961 4169 1075 4205 non
1122 4154 1251 4206 ﬁcta
1295 4154 1345 4217 (Ι
1382 4154 1517 4206 Tim.
1555 4170 1592 4218 1,
1626 4152 1700 4221 ὅ),
1739 4173 1760 4201 ι

80 4248 233 4313 atque
266 4244 420 4296 inter
462 4259 519 4295 se
568 4243 878 4311 conjugum
912 4240 1026 4294 ﬁda
1069 4257 1131 4294 ex
1164 4241 1404 4294 honesto
1437 4257 1633 4294 amore
1675 4258 1762 4294 so-

78 4331 265 4399 cietas;
310 4346 548 4384 concors
589 4330 799 4383 mentis
840 4329 1212 4399 corporisque
1244 4328 1463 4398 vigilia,
1496 4334 1552 4383 et
1594 4346 1762 4382 man-

78 4418 179 4472 dati
230 4420 351 4472 sine
405 4418 603 4471 labore
654 4418 929 4472 custodia.
987 4418 1108 4471 Non
1159 4417 1436 4471 lassitudo
1490 4418 1765 4488 fatigabat

79 4508 335 4573 otiosum,
365 4523 484 4560 non
518 4522 749 4560 somnus
780 4506 1077 4575 premebat
1104 4504 1389 4577 invitum.]

138 4597 273 4649 Item
326 4595 481 4649 idem
524 4595 722 4649 doctor
779 4595 1158 4662 beatissimus,
1207 4595 1277 4648 de
1332 4594 1533 4648 eadem
1589 4594 1762 4664 primi

78 4683 312 4737 hominis
376 4701 407 4737 a
480 4684 593 4736 Deo
661 4689 888 4753 accepta
935 4684 1141 4753 gratia,
1203 4688 1259 4736 et
1309 4684 1541 4753 propria
1594 4685 1764 4753 culpa

78 4772 293 4841 amissa,
325 4773 384 4825 in
422 4772 567 4825 libro
602 4771 669 4823 de
701 4772 1069 4841 Correptione
1098 4777 1153 4824 et
1182 4773 1391 4834 Gratia,
1429 4774 1504 4823 ita
1535 4772 1759 4837 astruit,

76 4859 253 4912 dicens
278 4862 348 4928 (c.
402 4862 490 4927 ll)
518 4876 529 4913 :
558 4857 752 4930 [Istam
792 4859 1034 4929 gratiam
1076 4859 1280 4913 habuit
1313 4860 1486 4912 homo
1518 4859 1760 4929 primus,

76 4946 133 4999 in
171 4964 297 5018 qua,
328 4948 374 5001 si
404 4963 745 5017 permanere
792 4948 981 5013 vellet,
1026 4963 1324 5017 nunquam
1368 4948 1551 5000 malus
1583 4951 1759 5012 esset;

76 5042 130 5089 et
157 5038 267 5091 sine
296 5054 413 5108 qua
442 5038 615 5090 etiam
648 5053 778 5091 cum
804 5038 984 5090 libero
1018 5036 1253 5090 arbitrio
1285 5036 1468 5090 bonus
1493 5052 1611 5090 esse
1644 5052 1762 5090 non

75 5132 269 5195 posset,
302 5127 403 5181 sed
434 5142 561 5180 eam
611 5130 803 5179 tamen
833 5141 936 5196 per
966 5125 1212 5179 liberum
1247 5124 1545 5178 arbitrium
1593 5124 1758 5178 dese-

76 5230 191 5267 rere
220 5220 428 5285 posset.
484 5216 596 5268 Nec
627 5214 816 5284 ipsum
868 5230 1004 5283 ergo
1055 5215 1202 5267 Deus
1254 5228 1376 5267 esse
1426 5212 1606 5266 voluit
1639 5213 1760 5265 sine

79 5320 170 5357 sua
207 5306 409 5376 gratia,
443 5320 619 5375 quem
667 5302 789 5373 [al.,
824 5301 1023 5373 quam]
1056 5302 1291 5372 reliquit
1319 5302 1379 5354 in
1427 5302 1549 5370 ejus
1582 5302 1759 5355 libero

81 5394 316 5461 arbitrio,
341 5393 625 5465 quoniam
659 5392 902 5446 liberum
928 5391 1227 5445 arbitrium
1259 5392 1329 5444 ad
1356 5391 1569 5445 malum
1601 5390 1757 5443 sufﬁ-

81 5482 159 5549 cit,
198 5485 263 5538 ad
307 5484 537 5538 bonum
571 5486 762 5535 autem
807 5496 1011 5550 parum
1061 5483 1163 5544 est,
1201 5479 1309 5532 nisi
1356 5479 1659 5549 adjuvetur
1691 5477 1760 5531 ab

81 5571 453 5645 Omnipotenti
478 5571 659 5624 bono:
689 5569 840 5639 quod
874 5567 1223 5638 adjutorium
1254 5566 1300 5619 si
1328 5566 1500 5620 homo
1533 5565 1628 5619 ille
1659 5581 1763 5635 per

1888 532 2102 594 bonus;
2153 532 2251 583 sed
2299 533 2568 599 deseruit,
2603 541 2657 585 et
2700 536 2955 587 desertus
3004 536 3129 606 est.]
3184 539 3248 589 Et.
3298 546 3427 607 post
3474 543 3575 593 ali-

1887 623 2120 686 quanta,
2167 618 2320 671 idem
2354 618 2547 673 doctor
2576 622 2869 691 subjungit
2900 639 2911 675 :
2953 622 3125 694 [Tunc
3169 641 3305 695 ergo
3341 627 3579 682 dederat

1888 705 2105 757 homini
2151 707 2295 759 Deus
2326 706 2539 760 bonam
2571 710 2949 777 voluntatem;
2980 712 3033 765 in
3070 713 3166 765 illa
3196 715 3411 784 quippe
3442 733 3575 770 eum

1884 793 2115 860 fecerat,
2187 794 2286 864 qui
2348 795 2559 849 fecerat
2616 802 2870 863 rectum,
2933 801 3167 853 dederat
3223 804 3572 871 adjutorium

1884 882 2007 934 sine
2052 898 2165 951 quo
2217 881 2274 935 iu
2318 899 2385 936 ea
2432 899 2547 936 non
2578 890 2767 953 posset
2813 902 3150 955 permanere
3194 890 3239 942 si
3279 891 3478 957 vellet;
3514 896 3572 946 ut

1884 974 2074 1023 autem
2124 972 2309 1038 vellet,
2358 972 2417 1024 in
2458 973 2580 1042 ejus
2627 973 2808 1027 libero
2871 975 3102 1046 reliquit
3149 977 3416 1045 arbitrio;
3477 981 3573 1035 sed

1884 1058 2017 1127 quia
2048 1059 2234 1111 noluit
2262 1075 2625 1128 permanere,
2659 1062 2915 1130 profecto
2947 1064 3069 1132 ejus
3105 1070 3189 1117 est
3216 1066 3382 1135 culpa
3411 1069 3572 1137 cujus

1882 1146 2149 1199 meritum
2182 1147 2401 1215 fuisset,
2436 1149 2483 1201 si
2529 1166 2867 1219 permanere
2909 1151 3223 1223 voluisset.]
3271 1156 3346 1207 De
3393 1156 3574 1223 gratia

1882 1250 2110 1305 quoque
2150 1235 2356 1289 sanctis
2404 1238 2624 1305 angelis
2674 1238 2946 1292 divinitus
2985 1241 3205 1307 collata,
3241 1242 3299 1294 in
3329 1258 3442 1312 qua
3478 1244 3573 1297 alii

1881 1328 2235 1389 manserunt,
2269 1328 2323 1376 et
2370 1340 2437 1377 ex
2469 1342 2581 1394 qua
2630 1326 2727 1379 alii
2766 1335 3127 1393 corruerunt,
3163 1330 3240 1382 ita
3270 1330 3569 1401 adjnngit:

1882 1409 2105 1479 [Angeli
2136 1412 2334 1476 sancti,
2364 1413 2463 1481 qui
2487 1414 2820 1470 cadentibus
2851 1416 2976 1468 aliis
3010 1433 3112 1485 per
3144 1418 3385 1471 liberum
3418 1420 3570 1474 arbi-

1880 1498 2079 1559 trium,
2126 1516 2229 1568 per
2274 1500 2425 1553 idem
2471 1502 2715 1556 liberum
2760 1504 3062 1557 arbitrium
3110 1510 3389 1560 steterunt
3437 1508 3568 1577 ipsi,

1878 1585 2050 1655 hujus
2085 1588 2398 1641 mansionis
2428 1590 2675 1644 debitam
2711 1595 3034 1646 mercedem
3065 1594 3317 1665 recipere
3352 1612 3569 1651 merue-

1878 1680 2027 1728 runt.
2058 1676 2293 1729 Tantam
2336 1677 2547 1731 scilicet
2578 1678 2950 1733 beatitudinis
2982 1682 3423 1751 plenitudinem,
3457 1701 3569 1755 qua

1880 1764 1962 1815 eis
1992 1763 2375 1818 certissimum
2420 1765 2493 1819 sit
2523 1783 2750 1836 semper
2780 1785 2838 1822 se
2880 1768 2938 1822 in
2969 1771 3065 1823 illa
3093 1786 3210 1823 esse
3245 1787 3564 1827 mansuros.

1879 1851 1935 1904 Si
1965 1858 2157 1905 autem
2192 1854 2299 1906 hoc
2326 1854 2675 1923 adjutorium
2706 1857 2794 1910 vel
2834 1859 3040 1927 angelo
3072 1860 3157 1911 vel
3189 1860 3409 1913 homini
3440 1878 3566 1915 cum

1879 1941 2134 2008 primum
2182 1941 2313 1994 facti
2355 1948 2487 1996 sunt
2534 1944 2826 2006 defuisset,
2861 1947 3133 2015 quoniam
3165 1964 3281 2001 non
3308 1950 3435 2001 talis
3468 1966 3569 2003 na-

1879 2033 2007 2081 tura
2036 2028 2183 2083 facta
2214 2035 2353 2096 erat,
2392 2037 2453 2083 ut
2494 2031 2614 2085 sine
2657 2033 2849 2086 divino
2895 2035 3177 2103 adjutorio
3214 2042 3405 2105 posset
3449 2053 3571 2091 ma-

1878 2133 2013 2170 nere
2062 2118 2107 2172 si
2164 2119 2352 2184 vellet,
2406 2136 2521 2173 non
2588 2122 2785 2191 utique
2840 2138 2942 2175 sua
3000 2125 3165 2194 culpa
3215 2126 3565 2180 cecidissent.

1876 2206 2238 2275 Adjutorium
2281 2209 2494 2277 quippe
2523 2209 2814 2274 defuisset,
2866 2212 2985 2264 sine
3027 2229 3139 2281 quo
3185 2229 3417 2268 manere
3454 2232 3569 2268 non

1877 2293 2155 2365 possent.)
2201 2295 2260 2349 Si
2307 2297 2458 2349 enim
2507 2314 2612 2350 nos
2663 2298 2731 2351 de
2783 2298 3091 2369 Scripturis
3144 2304 3352 2355 sanctis
3404 2319 3568 2358 nosse

1876 2382 2193 2451 potuimus,
2237 2390 2458 2437 sanctos
2490 2387 2723 2455 angelos
2762 2386 2880 2456 jam
2913 2390 3099 2441 nullos
3143 2405 3262 2442 esse
3294 2406 3522 2444 casuros
3552 2408 3564 2444 :

1878 2476 2091 2541 quanto
2123 2472 2303 2541 magis
2341 2472 2444 2525 hoc
2494 2474 2599 2544 ipsi
2639 2476 2886 2529 revelata
2930 2476 3036 2530 sibi
3077 2478 3379 2531 sublimius
3421 2480 3569 2533 veri-

1876 2564 1990 2613 tate
2042 2561 2351 2614 noverunt!
2404 2560 2598 2633 [Nobis
2630 2563 2845 2633 quippe
2892 2564 3057 2617 beata
3101 2566 3223 2618 sine
3281 2567 3394 2620 line
3454 2566 3571 2621 vita

1877 2649 2159 2718 promissa
2204 2655 2307 2715 est,
2340 2657 2396 2702 et
2444 2650 2739 2720 aequalitas
2773 2653 3145 2721 angelorum;
3177 2669 3241 2707 ex
3286 2670 3401 2723 qua
3432 2671 3570 2725 pro-

1878 2737 2146 2791 missione
2191 2739 2329 2792 certi
2360 2756 2575 2805 sumns,
2611 2757 2739 2793 cum
2785 2741 2853 2793 ad
2884 2742 3038 2794 illam
3090 2743 3262 2795 vitam
3310 2750 3439 2813 post
3473 2746 3568 2814 jn-

1876 2826 2087 2880 dicium
2123 2828 2466 2895 venerimus,
2502 2845 2617 2882 non
2648 2830 2779 2883 inde
2815 2846 2915 2883 nos
2941 2846 3063 2883 esse
3093 2832 3370 2901 lapsuros.
3406 2833 3570 2895 Quod

1877 2916 1923 2967 si
1972 2916 2039 2969 de
2089 2916 2289 2986 scipsis
2338 2918 2527 2986 angeli
2570 2918 2849 2984 nesciunt,
2902 2935 3019 2972 non
3051 2941 3076 2965 ‹‹
3122 2922 3368 2989 aequales
3410 2943 3436 2968 ››
3468 2923 3568 2975 sed

1808 3021 1847 3075 ρ
1877 3004 2162 3057 beatiores
2190 3027 2216 3052 «
2254 3006 2467 3059 erimus
2498 3009 2716 3075 (Matth.
2752 3023 2886 3073 χχιι,
2920 3010 3026 3077 30).
3063 3028 3090 3059 ››
3128 3010 3342 3062 Veritas

2038 3021 2162 3057 ores
2190 3027 2216 3052 «
2254 3006 2467 3059 erimus
2498 3009 2716 3075 (Matth.
2752 3023 2886 3073 χχιι,
2920 3010 3026 3077 30).
3063 3028 3090 3059 ››
3128 3010 3342 3062 Veritas
3373 3016 3567 3065 autem

1878 3092 2042 3145 nobis
2074 3109 2270 3147 eorum
2320 3094 2582 3163 promisit
2621 3097 3024 3165 aequalitatem.
3073 3099 3302 3151 Certum
3345 3103 3431 3151 est
3458 3097 3565 3167 igi-

1875 3186 1971 3233 tur
2000 3182 2108 3235 hoc
2139 3199 2235 3237 eos
2285 3199 2447 3236 nosse
2479 3199 2580 3253 per
2611 3186 2859 3253 speciem
2907 3185 3058 3255 quod
3096 3202 3195 3239 nos
3239 3204 3340 3257 per
3374 3186 3565 3253 ﬁdem,

1876 3272 2097 3326 nullam
2141 3272 2353 3326 scilicet
2400 3273 2628 3327 ruinam
2656 3275 2994 3345 cujusquam
3025 3276 3203 3329 sancti
3233 3277 3421 3346 angeli
3447 3277 3567 3347 jam

1873 3359 2167 3430 futuram.]

1944 3450 2055 3501 Hac
2116 3450 2210 3502 Dei
2261 3449 2447 3519 gratia
2495 3454 2714 3503 sanctos
2768 3451 2999 3520 angelos
3060 3451 3318 3522 indigere
3374 3453 3571 3507 beatus

1877 3535 2048 3587 etiam
2096 3534 2435 3589 Ambrosius
2489 3537 2549 3588 in
2603 3537 2958 3605 expositione
3013 3540 3217 3606 psalmi
3276 3540 3569 3593 ceutesimi

1875 3623 2056 3675 octavi
2089 3624 2291 3677 decimi
2346 3625 2423 3677 ita
2472 3626 2791 3691 conlirmal,
2843 3626 3036 3678 dicens
3068 3630 3247 3694 (serm.
3294 3630 3389 3695 8):
3427 3627 3568 3698 [Ali-

1873 3718 1958 3766 ter
2007 3718 2135 3782 eget
2166 3712 2558 3766 misericordia
2589 3713 2986 3781 archangelus,
3029 3714 3196 3766 aliter
3233 3714 3439 3781 homo;
3469 3731 3571 3767 an-

1875 3800 1988 3868 geli
2016 3801 2171 3853 enim
2222 3806 2425 3854 natura
2455 3817 2569 3853 non
2612 3801 2807 3871 utique
2847 3801 2926 3853 ita
2956 3805 3292 3871 corruptelas
3324 3803 3571 3857 obnoxia

1875 3894 1961 3941 est
2007 3894 2070 3941 ut
2124 3893 2330 3942 natura
2386 3892 2612 3958 generis
2666 3890 2924 3942 humani.
2988 3891 3050 3943 Et
3104 3890 3229 3943 ideo
3292 3891 3387 3943 ille
3441 3897 3571 3960 eget

1878 3976 2267 4031 misericordia
2314 3978 2411 4031 Dei
2460 3995 2529 4030 ne
2581 3978 2757 4047 possit
2805 3995 3015 4045 errare,
3066 3988 3120 4031 et
3168 3996 3363 4033 aversa
3422 3998 3454 4033 a
3510 3997 3569 4033 sc

1880 4063 1976 4115 Dei
2009 4063 2214 4132 gratia,
2264 4064 2487 4117 labatur
2516 4065 2572 4116 in
2624 4064 2843 4117 vitium.
2884 4067 3064 4119 llumo
3095 4070 3288 4118 autem
3319 4064 3423 4119 etsi
3450 4066 3568 4135 jam

1874 4150 2126 4203 ﬁrmiore
2158 4151 2544 4220 propositione
2578 4152 2693 4219 [al.,
2727 4152 3089 4222 propositio],
3118 4158 3307 4205 tamen
3334 4156 3572 4221 propter

1875 4240 2296 4291 contracturum
2383 4240 2590 4291 seriem
2675 4246 3037 4309 peccatorum
3123 4240 3571 4295 misericordiam

1804 4324 1846 4377 D
1875 4328 2100 4397 quaerit.
2155 4328 2350 4397 Itaque
2401 4332 2456 4380 et
2500 4329 2545 4380 si
2597 4335 2837 4400 uterque
2884 4331 3278 4385 misericordia
3320 4330 3568 4400 indiget,

1873 4414 2039 4468 aliter
2069 4420 2261 4468 tamen
2306 4416 2511 4486 angelo
2559 4418 2966 4487 misericordia,
3001 4421 3168 4473 aliter
3214 4420 3438 4473 homini
3469 4419 3567 4473 de-

1873 4503 2083 4572 betur.]
2143 4504 2302 4556 Hunc
2354 4506 2526 4575 primi
2570 4506 2821 4559 hominis
2868 4514 3078 4561 statum
3127 4508 3307 4561 libero
3357 4507 3571 4560 scilicet

1874 4593 2112 4645 arbitrio
2165 4595 2497 4662 praeditum,
2547 4596 2641 4649 sed
2676 4596 2866 4649 divina
2910 4597 3115 4665 gratia,
3164 4601 3225 4649 ut
3258 4597 3475 4650 bonum
3509 4596 3570 4649 in

1873 4696 1985 4750 quo
2016 4682 2281 4735 conditus
2328 4684 2515 4737 fuerat
2555 4686 2765 4737 servari
2816 4691 3027 4753 posset,
3061 4686 3320 4756 adjutum
3350 4686 3566 4739 beatis-

1874 4769 2003 4821 simi
2040 4771 2231 4823 Patres
2260 4771 2478 4839 praefati
2509 4773 2684 4824 sancti
2717 4771 2967 4826 doctoris
3008 4775 3352 4827 sententiam
3383 4774 3564 4828 secuti

1872 4858 2181 4911 venerandi
2225 4860 2451 4913 concilii
2492 4860 2579 4913 sui
2609 4861 2947 4915 auctoritate
2978 4862 3059 4915 ita
3085 4862 3565 4916 commendarunt

1871 4944 2046 5006 (Cone.
2104 4946 2379 5013 Arausic.,
2430 4963 2552 5000 can.
2591 4949 2708 5017 19):
2760 4950 2995 5017 [Natura
3032 4951 3305 5015 humana,
3340 4949 3564 5003 etiamsi

1871 5032 1930 5085 in
1976 5033 2073 5086 illa
2114 5034 2443 5104 integritate
2490 5035 2548 5107 in
2597 5053 2712 5107 qua
2766 5042 2850 5091 est
2904 5038 3129 5092 condita
3181 5043 3564 5109 permaneret,

1870 5122 2029 5175 nullo
2062 5123 2229 5175 modo
2264 5124 2503 5193 seipsam
2541 5126 2807 5179 Creatore
2840 5142 2940 5179 suo
2974 5142 3086 5179 non
3121 5128 3422 5197 adjuvante
3453 5142 3554 5179 ser-

1870 5214 2062 5262 varet:
2098 5210 2247 5263 unde
2292 5226 2422 5265 cum
2470 5212 2592 5265 sine
2629 5214 2729 5266 Dei
2762 5215 2945 5283 gratia
2997 5216 3237 5270 salutem
3280 5232 3397 5270 non
3426 5232 3564 5285 pos-

1871 5303 1956 5350 set
1994 5298 2274 5352 custodire
2306 5316 2479 5369 quam
2523 5302 2757 5371 accepit,
2811 5304 3102 5373 quomodo
3136 5306 3258 5358 sine
3309 5307 3405 5358 Dei
3436 5321 3566 5375 gra-

1868 5387 1949 5439 tia
1996 5388 2206 5455 poterit
2255 5404 2522 5457 reparare
2569 5390 2722 5459 quod
2771 5391 3081 5461 perdidit?]
3130 5394 3225 5446 His
3272 5394 3464 5464 itaque
3496 5394 3567 5448 de

1870 5476 2055 5545 prima
2103 5476 2420 5545 quaestione
2472 5477 2719 5531 breviter
2772 5479 3074 5549 adnotatis,
3136 5482 3395 5552 quisquis
3449 5483 3566 5536 sin-

1871 5580 2017 5632 cere,
2070 5570 2126 5618 et
2176 5580 2338 5635 pure,
2375 5570 2429 5619 et
2477 5566 2751 5623 catholica
2806 5568 2876 5622 de
2921 5568 3018 5622 illa
3068 5570 3243 5639 primi
3288 5572 3565 5637 hominis,
