3884 6218
324 287 446 337 1091

1436 277 1489 329 S.
1534 276 1811 331 REMIGII
1855 272 2326 331 LUGDUNENSIS
2370 272 2689 329 EPISCOPI

3694 276 3827 326 um2

317 421 433 473 sive
460 419 714 488 angelica
743 414 1071 469 conditione
1102 413 1185 465 vel
1210 411 1561 465 beatitudine
1585 411 1795 464 sentire
1827 412 2001 479 cupit,
2045 422 2085 472 Α
2115 411 2221 463 bus
2254 410 2500 480 geminis
2550 411 2701 463 Isaac
2754 412 2811 461 et
2868 409 3133 463 Rebeccae
3183 411 3263 463 ita
3316 411 3543 465 dicens:
3614 438 3641 459 ιι
3684 413 3828 467 Cum

316 508 573 561 attendat
638 504 884 558 ﬁdeliter
945 502 1194 555 divinam
1261 500 1681 563 auctoritatem,
1752 499 2005 551 attendat

316 594 675 648 ﬁdelissimos
719 590 974 645 Ecclesite
1024 592 1214 642 Patres
1246 588 1577 641 ﬁdelissime
1622 588 2000 655 disputantes,

317 682 575 736 attendat
605 680 777 734 etiam
822 678 1075 732 conciliis
1118 676 1444 745 aggregatis
1494 675 1747 744 idipsum
1795 674 2003 728 ﬁrmis-

317 771 457 823 sime
490 770 857 834 deﬁnieotes;
888 774 944 821 et
988 782 1105 819 non
1144 767 1302 834 juxta
1346 765 1590 833 impium
1632 762 2001 831 Pelagianum

316 859 508 913 credat
552 858 801 928 primum
836 856 1128 908 hominem
1177 854 1296 905 solo
1331 870 1430 905 suo
1471 851 1709 904 arbitrio
1758 850 1814 902 in
1858 849 2006 901 bono

316 947 466 1017 quod
500 952 791 1015 acceperat
819 959 1156 1013 permanere
1188 942 1458 1010 potuisse,
1492 940 1585 992 sed
1618 940 1786 991 etiam
1822 937 2007 1006 ipsum

316 1036 577 1107 quandiu
632 1034 782 1087 stetit
838 1032 1028 1086 divina
1081 1031 1264 1100 gratia
1317 1029 1574 1097 adjutum
1638 1025 1838 1089 fuisse;
1906 1040 2008 1075 nec

317 1124 776 1193 omnipotentem
822 1123 1020 1184 Deum,
1073 1124 1136 1171 ut
1182 1120 1331 1171 idem
1388 1122 1558 1169 homo
1604 1114 1661 1167 in
1710 1113 2007 1165 sanctitate

318 1219 373 1267 et
425 1212 647 1282 justitia
696 1213 1060 1280 permaneret
1126 1205 1522 1260 tantummodo
1582 1203 1849 1267 voluisse,
1910 1199 2008 1253 sed

319 1306 379 1356 ut
406 1316 741 1372 permanere
773 1298 953 1366 possit
982 1297 1153 1350 etiam
1183 1294 1533 1364 adjutorium
1563 1291 1801 1345 dedisse.

990 1420 1214 1474 CAPUT
1256 1419 1341 1471 IV.

318 1551 455 1602 Item
504 1548 569 1601 de
615 1549 788 1615 primo
836 1545 1092 1612 capituio.
1146 1572 1212 1579 —-
1267 1540 1674 1615 Praedestiuatio
1727 1540 2008 1591 electorum

740 1632 845 1670 non
875 1621 951 1667 est
982 1630 1047 1666 ea:
1078 1616 1325 1681 praevisis
1356 1613 1580 1663 meritis.

389 1744 519 1795 Post
548 1741 667 1795 haec
698 1739 1065 1809 subjungitur
1094 1738 1147 1789 in
1177 1737 1296 1805 jam
1328 1734 1476 1787 dicto
1512 1734 1695 1803 primo
1726 1732 2005 1801 capitulo:

394 1852 413 1877 ι
452 1831 631 1883 Homo
664 1828 842 1881 libero
884 1825 1122 1879 arbitrio
1165 1824 1312 1876 male
1355 1827 1517 1875 utens
1552 1822 1801 1891 peccavit
1836 1824 1891 1872 et
1921 1835 2007 1871 ce-

317 1918 473 1982 cidit,
506 1922 563 1970 et
608 1917 784 1969 factus
830 1920 915 1968 est
966 1929 1149 1965 massa
1192 1910 1528 1981 perditionis
1578 1910 1751 1962 totius
1784 1907 2009 1977 generis

318 2006 576 2059 humani.
632 2006 776 2057 Deus
824 2007 1015 2055 autem
1064 2002 1246 2053 bonus
1293 2005 1343 2052 et
1382 2001 1571 2068 justus
1619 1998 1789 2066 elegit
1821 2013 1882 2049 ex
1915 2012 2007 2048 ea-

318 2094 448 2147 dem
518 2108 700 2145 massa
775 2088 1143 2160 perditionis,
1203 2088 1512 2140 secundum
1592 2086 2006 2155 priescientiam

318 2198 501 2245 suam,
537 2196 680 2250 quos
724 2194 825 2248 per
864 2177 1105 2245 gratiam
1152 2175 1577 2245 praedestinavit
1609 2175 1679 2227 ad
1724 2174 1915 2236 vitam,
1955 2177 2011 2224 et

318 2270 490 2323 vitam
525 2269 637 2321 illis
689 2266 1115 2337 praedestinavit
1158 2270 1450 2317 aeternam.
1488 2285 1512 2309 ››
1554 2264 1614 2316 In
1649 2263 1859 2332 quibus
1890 2277 2009 2314 ver-

315 2357 401 2409 bis
457 2357 609 2426 quod
668 2356 883 2409 dictum
931 2359 1014 2407 est
1052 2353 1121 2407 de
1167 2354 1279 2405 Deo
1330 2353 1476 2404 bono
1535 2356 1589 2403 ct
1641 2352 1814 2421 justo,
1874 2351 2008 2419 quia

318 2467 344 2495 ‹‹
380 2446 553 2515 elegit
589 2462 652 2498 ex
685 2445 880 2497 eadem
913 2459 1099 2496 massa
1130 2441 1470 2511 perditionis
1511 2440 1826 2493 secundum
1858 2455 2005 2508 pra:-

317 2534 617 2587 scientiam
675 2548 865 2598 suam,
929 2547 1073 2601 quos
1122 2546 1225 2600 per
1282 2530 1523 2598 gratiam
1580 2527 2009 2597 praedestinavit

315 2624 386 2677 ad
436 2623 631 2688 vitam,
682 2643 709 2671 »
758 2621 1067 2691 probamus
1114 2618 1345 2688 quidem
1412 2617 1563 2687 quod
1619 2619 1826 2669 electos
1876 2632 2007 2669 suos

317 2711 682 2780 omnipotens
732 2711 877 2762 Deus
928 2724 1031 2778 per
1074 2707 1315 2777 gratiam
1374 2723 1531 2759 suam
1584 2704 2009 2775 praedestinavit

316 2800 385 2853 ad
432 2800 624 2862 vitam,
659 2803 715 2850 et
754 2797 928 2849 vitam
976 2796 1089 2848 illis
1138 2795 1567 2864 praedestinavit
1610 2800 1904 2858 aeternam,
1948 2798 2009 2845 ut

316 2894 372 2942 et
420 2888 529 2957 ipsi
572 2887 698 2939 vitae
730 2890 977 2951 mternm,
1022 2890 1077 2936 et
1107 2884 1219 2936 vita
1270 2890 1480 2936 aeterna
1529 2883 1663 2952 ipsis
1696 2882 1768 2935 sit
1797 2883 2009 2952 praede-

317 2975 559 3030 stinata'?
606 2976 920 3043 Utrumque
969 2972 1120 3025 enim
1176 2977 1261 3024 est
1309 2988 1504 3024 verum
1554 2977 1611 3024 et
1659 2970 1906 3023 dilucide
1937 2971 2007 3023 ab

314 3066 587 3135 Apostolo
637 3064 917 3133 positum;
970 3060 1049 3114 ait
1094 3076 1341 3129 namque
1385 3061 1453 3113 de
1505 3059 2008 3129 prcedestinatione

316 3154 629 3206 electorum
678 3151 745 3203 ad
792 3150 998 3202 vitam:
1048 3170 1073 3194 ‹‹
1128 3147 1279 3210 Quos
1337 3154 1527 3200 autem
1586 3147 2011 3217 pi‘mdestinavit

316 3241 422 3294 hos
481 3246 537 3293 et
580 3238 828 3303 vocavit;
878 3241 934 3289 et
966 3252 1109 3306 quos
1144 3236 1386 3302 vocavit,
1434 3236 1536 3287 bos
1584 3241 1639 3288 et
1679 3235 2011 3305 justiﬁcavit

318 3346 461 3399 quos
492 3333 681 3381 autem
730 3325 1074 3396 justiﬁcavit,
1128 3325 1252 3377 illus
1299 3330 1354 3377 et
1402 3324 1781 3394 magniﬁcavit
1836 3326 2006 3393 (Rom.

317 3435 432 3485 vni,
467 3420 571 3484 30).
618 3435 647 3469 ι)
698 3418 763 3470 Et
794 3416 943 3486 quod
989 3414 1201 3467 eisdem
1261 3414 1451 3466 electis
1507 3414 1679 3465 vitam
1737 3419 2008 3467 aeternam

316 3506 826 3578 praedestinaverit,
877 3504 953 3556 ita
997 3503 1107 3557 alio
1159 3504 1276 3555 loco
1310 3502 1475 3555 dicit:
1527 3523 1551 3549 ‹‹
1597 3504 1657 3555 In
1690 3519 1848 3572 spem
1882 3503 2010 3557 vitae

317 3602 570 3663 aeternas,
604 3609 776 3664 quam
804 3592 1085 3663 promisit,
1112 3590 1209 3661 qui
1232 3607 1345 3643 non
1376 3590 1673 3657 mentitur,
1711 3593 1854 3646 Deus
1883 3598 2009 3644 aute

317 3687 573 3752 tempora
604 3687 818 3735 aeterna
856 3680 987 3749 (Tit.
1022 3696 1059 3744 ι,
1097 3682 1173 3747 2).
1212 3699 1238 3729 ι)

387 3772 491 3825 Sed
529 3772 631 3824 hoc
681 3787 783 3823 nos
825 3776 1008 3822 movet
1057 3784 1157 3820 cur
1218 3769 1274 3821 in
1338 3769 1439 3821 hac
1494 3769 1843 3834 deﬁnitione,
1902 3785 2011 3837 qua

318 3876 420 3930 per
450 3858 690 3929 gratiam
726 3858 825 3911 Dei
858 3863 911 3910 et
957 3857 1120 3910 electi
1151 3857 1220 3910 ad
1270 3857 1441 3909 vitam
1483 3862 1778 3922 aeternam,
1812 3863 1869 3909 et
1901 3858 2015 3909 vita

318 3953 531 4001 aeterna
572 3948 774 4000 iisdem
821 3946 1014 3999 electis
1059 3945 1312 3998 creditur
1357 3954 1701 4015 praeparata,
1752 3946 1906 4015 ipsos
1938 3950 2014 3998 ta-

319 4052 451 4090 men
511 4036 717 4087 electos
780 4034 989 4103 absque
1044 4034 1160 4085 ulla
1215 4033 1762 4086 commemoratione
1816 4034 2012 4103 gratiae

318 4124 630 4178 secundum
692 4121 1111 4192 praescientiam
1158 4137 1317 4174 suam
1384 4123 1528 4174 Deus
1588 4122 1823 4192 elegisse
1864 4122 2013 4175 dica-

320 4218 442 4277 tur;
476 4211 639 4282 quasi
662 4211 847 4279 gratia
880 4210 951 4262 sit
990 4210 1139 4279 qnod
1172 4210 1335 4263 electi
1371 4210 1711 4279 perveniunt
1738 4211 1805 4264 ad
1842 4211 2013 4263 vitam

2119 498 2271 550 enim
2321 497 2561 550 necdum
2597 497 2717 550 nati
2768 502 2977 562 essent,
3017 502 3117 551 aut
3165 498 3380 569 aliquid
3432 500 3700 569 egissent
3726 500 3827 553 bo-

2118 602 2257 638 num
2305 586 2387 639 vel
2424 586 2660 649 malum,
2705 590 2765 638 ut
2816 586 3129 639 secundum
3175 587 3517 641 electionem
3564 590 3832 659 proposi-

2117 678 2241 726 tum
2297 674 2392 726 Dei
2443 679 2699 727 maneret
2744 690 2859 727 non
2909 691 2973 727 ex
3019 676 3309 744 operibus,
3346 676 3442 730 sed
3490 693 3555 729 ex
3586 684 3828 729 vocante

2118 762 2331 814 dictum
2382 767 2501 815 est:
2576 763 2751 832 Major
2799 764 3007 816 serviet
3055 764 3286 829 minori,
3342 765 3487 818 sicut
3538 765 3828 835 scriptum

2118 854 2236 903 est:
2289 851 2459 903 Jacob
2510 850 2702 911 dilexi,
2765 852 2903 903 Esau
2953 855 3142 904 autem
3205 852 3339 905 odio
3396 853 3573 907 habui
3640 854 3824 922 (Rom.

2120 956 2194 1005 ix,
2258 941 2339 1002 l0,
2383 941 2537 1003 etc.).
2592 961 2618 986 ››
2668 940 2957 993 Manifeste
3008 942 3158 994 enim
3207 942 3313 994 hoc
3365 943 3565 995 odium
3601 944 3710 996 Dei
3772 945 3827 997 in

2122 1028 2262 1079 Esau
2298 1043 2365 1079 ex
2400 1028 2603 1080 merito
2652 1027 2757 1080 fuit
2804 1028 3099 1096 originalis
3139 1030 3382 1097 peccati;
3430 1030 3528 1082 illa
3554 1042 3718 1081 ’νει-ι)
3751 1031 3829 1081 di-

2120 1116 2284 1168 lectio
2320 1116 2415 1169 Dei
2461 1116 2517 1167 in
2546 1116 2738 1179 Jacob,
2772 1132 2901 1169 cum
2934 1116 3135 1169 eodem
3191 1117 3577 1171 damnationis
3609 1120 3824 1171 merito

2118 1208 2411 1255 teneretur
2458 1202 2759 1271 obligatus,
2819 1220 2883 1256 ex
2944 1205 3065 1257 sola
3120 1206 3370 1274 gratuita
3427 1206 3827 1259 misericordia

2120 1291 2352 1355 eXstitit,
2411 1290 2555 1344 sicut
2619 1292 2769 1345 idem
2827 1294 3131 1361 Apostolus
3188 1295 3464 1347 continuo
3518 1295 3825 1365 subjungit

2120 1378 2361 1432 dicens:
2422 1400 2449 1429 «
2511 1380 2655 1442 Quid
2699 1396 2833 1448 ergo
2885 1380 3176 1435 dicemus?
3218 1382 3488 1452 Nunquid
3542 1383 3827 1453 iniquitas

2120 1467 2267 1536 apud
2303 1468 2520 1521 Deum?
2549 1468 2737 1532 Absit;
2778 1469 2949 1537 Moysi
2991 1470 3141 1522 enim
3179 1471 3315 1524 dicit
3344 1488 3355 1523 :
3390 1471 3710 1524 Miserebor
3740 1473 3825 1524 cui

2123 1556 2385 1608 misertus
2430 1572 2547 1621 ero,
2599 1562 2651 1609 et
2704 1557 3151 1611 misericordiam
3205 1560 3488 1628 praistabo
3522 1561 3693 1628 cujus
3726 1560 3827 1611 nii-

2121 1644 2352 1695 serebor
2393 1644 2572 1712 (Rom.
2625 1660 2696 1709 1x,
2750 1647 2827 1706 14,
2878 1651 2927 1697 et
2966 1648 3071 1713 l3).
3138 1666 3163 1694 ιι
3218 1648 3367 1699 Hanc
3413 1663 3562 1699 verae
3619 1649 3826 1715 gratiae

2121 1738 2175 1783 et
2234 1732 2449 1784 nullius
2501 1733 2689 1785 meriti
2734 1733 3071 1786 electionem
3115 1736 3287 1787 etiam
3333 1736 3400 1787 ad
3452 1736 3827 1788 Timotheum

2120 1820 2371 1873 scribens
2443 1820 2519 1874 ita
2580 1822 2845 1874 inculcat.
2907 1843 2933 1870 ‹‹
2994 1822 3100 1875 Sed
3159 1824 3446 1876 collabora
3512 1825 3826 1893 Evangelia

2119 1910 2434 1961 secundum
2479 1910 2747 1963 virtutem
2787 1910 2904 1974 Dei,
2942 1910 3038 1980 qui
3075 1927 3175 1963 nos
3220 1912 3481 1965 liberavit
3513 1918 3571 1965 et
3606 1914 3823 1965 vocavit

2121 1996 2414 2049 vocatione
2467 2002 2679 2064 sancta,
2734 2015 2849 2051 non
2898 2000 3211 2052 secundum
3260 2017 3431 2069 opera
3468 2006 3692 2060 nostra,
3727 2002 3823 2053 sed

2120 2086 2432 2138 secundum
2472 2087 2829 2155 propositum
2880 2104 3049 2140 suum
3090 2093 3145 2141 et
3188 2090 3453 2157 gratiam,
3508 2106 3640 2160 qum
3695 2092 3822 2143 data

2120 2178 2201 2226 est
2243 2174 2406 2227 nobis
2453 2174 2510 2226 in
2554 2175 2773 2229 Christo
2820 2176 2953 2229 Jesu
2996 2182 3128 2229 ante
3180 2183 3441 2247 tempora
3499 2180 3815 2231 smcularia.

2117 2262 2193 2330 (Il
2230 2262 2369 2316 Tim.
2398 2278 2431 2327 i,
2480 2266 2532 2327 8,
2574 2264 2651 2331 9).
2696 2283 2723 2313 ι)
2759 2264 2881 2316 Non
2922 2264 3113 2334 itaque
3160 2266 3472 2319 secundum
3511 2267 3817 2336 praescien-

2118 2350 2258 2402 tiam
2294 2351 2630 2404 meritorum
2680 2353 2851 2421 elegit
2902 2354 3045 2406 Deus
3095 2370 3159 2406 ex
3216 2370 3398 2407 massa
3454 2356 3812 2424 perditionis,

2118 2454 2259 2507 quos
2316 2440 2528 2493 faceret
2586 2440 2731 2493 ﬁlios
2799 2441 3155 2510 adoptionis;
3217 2444 3314 2497 sed
3372 2445 3549 2513 gratis
3610 2444 3809 2511 elegit,

2118 2543 2260 2596 quos
2308 2528 2376 2581 ab
2426 2528 2523 2582 illa
2576 2529 2730 2597 justa
2780 2530 3148 2584 damnatione
3199 2532 3500 2602 aequaliter
3547 2534 3814 2585 omnibus

2118 2615 2309 2669 debita
2340 2617 2782 2685 misericorditer
2811 2618 3091 2672 liberavit.

2806 2762 3030 2815 CAPUT
3077 2763 3136 2815 V.

2123 2884 2191 2935 De
2247 2882 2425 2935 eodem
2463 2884 2720 2950 capitulo.
2773 2915 2838 2921 —
2881 2885 3112 2952 Reprobi
3162 2886 3543 2954 praedestinati
3592 2887 3668 2939 ad
3730 2890 3809 2939 in-

2190 2956 2406 3005 teritum
2422 2961 2543 3025 post
2568 2957 2857 3021 praevisum
2880 2961 3178 3023 peccatum.
3204 2988 3271 2994 —
3306 2957 3506 3009 Divum
3534 2961 3813 3025 praescien-

2190 3025 2267 3077 tia
2287 3030 2335 3076 et
2352 3024 2762 3092 pra’destinatz‘o
2790 3028 3050 3079 neminem
3073 3028 3394 3095 compellunt
3422 3030 3494 3080 ad
3509 3024 3804 3096 peccatum.

2189 3146 2458 3216 Sequitur
2488 3147 2546 3199 in
2578 3148 2775 3201 eodem
2803 3149 3049 3218 capitulo
3078 3165 3090 3201 :

2194 3256 2219 3279 ‹‹
2263 3236 2505 3287 Cazteros
2534 3239 2747 3300 autem,
2783 3252 2926 3305 quos
2960 3237 3181 3305 justitia
3207 3239 3504 3307 etjudicio
3538 3240 3595 3292 in
3628 3256 3805 3293 massa

2118 3322 2458 3391 perditionis
2504 3323 2757 3392 reliquit,
2799 3324 3085 3392 perituros
3133 3327 3440 3395 praescivit,
3477 3328 3574 3380 sed
3613 3344 3724 3380 non
3750 3332 3806 3380 ut

2119 3410 2379 3481 perirent
2440 3411 2894 3480 praedestinavit;
2957 3429 3184 3483 pcenam
3241 3421 3435 3468 autem
3492 3416 3622 3481 illis,
3680 3418 3805 3487 quia

2113 3501 2302 3570 justus
2334 3504 2436 3565 est,
2471 3500 2897 3569 praedestinavit
2929 3507 3222 3556 aeternam.
3258 3507 3334 3557 Ac
3366 3520 3470 3574 per
3500 3505 3609 3558 hoc
3641 3522 3803 3558 unam

2124 3589 2223 3642 Dei
2273 3589 2836 3659 prmdestinationem
2898 3593 3293 3646 tantummodo
3348 3593 3625 3659 dicimus,
3687 3610 3802 3664 quae

2123 3676 2194 3729 ad
2250 3676 2465 3729 donum
2518 3677 2768 3747 pertinet
2817 3677 3037 3748 gratiae,
3094 3683 3191 3732 aut
3242 3683 3313 3733 ad
3375 3681 3803 3734 retributionem

2115 3764 2371 3833 justitiie.
2438 3787 2461 3813 ››
2513 3767 2573 3818 ln
2622 3766 2832 3835 quibus
2876 3767 3063 3819 verbis
3110 3768 3320 3821 mirum
3385 3773 3472 3821 est
3528 3769 3804 3839 quomodo

2122 3854 2395 3906 asseritur
2437 3854 2808 3923 omnipotens
2860 3857 3007 3908 Deus
3053 3861 3309 3923 caeteros,
3367 3857 3424 3909 id
3478 3864 3565 3911 est
3620 3874 3805 3910 omnes

2123 3942 2411 4011 reprobos,
2476 3943 2631 4012 justo
2673 3944 2888 4013 judicio
2942 3960 3044 3997 suo
3102 3945 3161 3997 in
3218 3960 3404 3998 massa
3475 3947 3804 4015 perditionis

2124 4031 2453 4100 reliquisse,
2514 4047 2617 4085 nec
2666 4037 2860 4085 tamen
2921 4032 3375 4101 praedestinasse,
3432 4035 3533 4087 sed
3595 4040 3802 4089 tantum

2122 4119 2415 4188 praescisse
2462 4120 2763 4189 perituros.
2806 4120 2864 4174 Si
2900 4122 3053 4175 enim
3097 4122 3316 4192 justum
3371 4122 3653 4191 judicium
3714 4123 3801 4176 Dei

2121 4208 2239 4276 jam
2299 4207 2357 4259 in
2407 4206 2519 4259 illis
2576 4209 2882 4277 praecessit,
2915 4213 2970 4262 et
3028 4210 3229 4263 eodem
3283 4212 3441 4277 justo
3489 4213 3704 4281 judicio
3749 4212 3800 4265 in

320 4300 539 4370 gratiae,
574 4298 723 4368 quod
772 4298 882 4350 vita
912 4303 1121 4351 {eterna
1174 4298 1282 4350 illis
1310 4303 1393 4350 est
1436 4302 1783 4368 praeparata;
1819 4304 1878 4351 ut
1907 4315 2005 4351 au-
2050 4308 2091 4361 D
2126 4310 2310 4347 massa
2352 4294 2691 4364 perditionis
2735 4301 2862 4349 sunt
2905 4297 3179 4367 deputati,
3229 4300 3523 4369 quomodo
3555 4317 3666 4354 non
3714 4300 3802 4353 tali

320 4393 433 4443 tem
492 4386 841 4455 eligerentur
911 4401 1024 4437 non
1070 4385 1238 4437 fuisse
1293 4386 1557 4454 gratiam,
1611 4387 1706 4439 sed
1760 4392 2010 4440 tantum-

319 4477 490 4531 modo
531 4474 970 4545 przescientiam.
1023 4473 1184 4535 Quod
1218 4473 1514 4526 manifeste
1547 4475 1898 4528 contrarium
1930 4480 2013 4529 est

320 4566 612 4619 catholica:
646 4563 798 4626 ﬁdei,
842 4563 975 4632 quia
1022 4561 1392 4630 omnipotens
1437 4563 1583 4615 Deus
1634 4563 1693 4615 in
1738 4564 2013 4617 electione

321 4670 521 4707 eorum
552 4669 697 4723 quos
738 4651 1165 4721 praedestinavit
1212 4656 1265 4703 et
1297 4650 1517 4703 vocavit
1546 4651 1613 4704 ad
1644 4652 1814 4704 vitam
1848 4657 2011 4705 aeter-

322 4760 474 4807 nam,
521 4759 637 4795 non
688 4757 887 4794 eorum
933 4740 1084 4793 bona
1130 4740 1335 4793 merita
1386 4740 1691 4809 praascivit,
1740 4745 2013 4810 tanquam

321 4832 447 4884 ideo
488 4846 584 4883 eos
635 4830 917 4898 elegisset,
971 4828 1106 4898 quia
1152 4843 1216 4880 ex
1267 4828 1587 4897 semetipsis
1636 4828 1820 4881 bonos
1869 4829 2014 4882 futu-

320 4934 414 4971 ros
444 4918 770 4987 proesciret:
806 4916 903 4969 sed
948 4914 1067 4984 ipsa
1115 4916 1331 4981 electio,
1386 4920 1449 4968 ut
1497 4932 1561 4968 ex
1608 4932 1791 4968 massa
1821 4917 2013 4985 perdi-

322 5006 490 5059 tionis
534 5023 663 5059 vasa
714 5004 1115 5059 misericordiae
1165 5004 1370 5057 ﬁerent
1428 5004 1640 5074 absque
1695 5004 1812 5057 ullo
1863 5005 2014 5060 bono

322 5096 546 5161 merito,
600 5096 716 5148 sola
766 5093 949 5164 gratia
996 5094 1123 5158 fuit,
1176 5110 1278 5162 per
1323 5110 1495 5163 quam
1540 5094 1769 5148 discreti
1820 5100 2017 5163 sunta

322 5184 456 5237 ﬁliis
504 5183 845 5253 perditionis
877 5187 931 5234 et
964 5183 1220 5251 adoptati
1264 5183 1322 5234 in
1368 5183 1516 5235 ﬁlios
1560 5183 1687 5235 vitae
1739 5188 1794 5236 et
1831 5199 2017 5237 resur-

324 5270 611 5323 rectionis.
644 5271 796 5322 Hanc
826 5284 1075 5337 namque
1112 5267 1447 5321 electionem
1494 5285 1608 5321 non
1656 5269 2012 5335 meritorum,

327 5356 420 5409 sed
450 5356 648 5425 gratim
682 5357 758 5423 (in
810 5373 922 5426 qua
954 5373 1066 5408 non
1114 5356 1351 5424 alicujus
1386 5357 1533 5409 bona
1580 5358 1841 5425 praescita
1885 5363 2017 5409 sunt

326 5460 517 5511 opera,
549 5445 643 5498 sed
693 5446 813 5498 sola
857 5448 1077 5497 tantum
1130 5445 1321 5497 divina
1353 5444 1744 5497 misericordia
1793 5462 2016 5515 prazpa-

326 5532 475 5597 rata)
508 5532 868 5584 commendat
914 5532 1077 5585 nobis
1108 5532 1413 5609 diligenter
1454 5534 1753 5602 Apostolus
1787 5535 1854 5587 de
1883 5535 2018 5587 duo-

2116 4384 2330 4453 judicio
2356 4384 2475 4453 jam
2506 4384 2819 4452 perditioni
2847 4391 2981 4438 sunt
3010 4386 3267 4456 deputati
3298 4392 3354 4441 et
3384 4389 3801 4457 praadestinati‘?

2125 4474 2206 4525 Ita
2250 4472 2389 4525 dum
2419 4473 2475 4525 in
2509 4474 2613 4525 hac
2648 4474 2983 4527 deﬁnitione
3016 4475 3191 4529 divini
3227 4476 3432 4545 judicii
3483 4478 3683 4531 veritas
3716 4493 3801 4530 ne-

2122 4566 2308 4630 gatur,
2342 4562 2465 4631 ipso
2500 4562 2670 4616 etiam
2704 4564 3040 4633 negantium
3067 4566 3394 4619 testimonio
3425 4568 3798 4620 conﬁrmatur.

2124 4650 2422 4713 Quomodo
2453 4651 2607 4704 enim
2650 4653 2936 4721 praescivit
2966 4654 3385 4718 tantummodo,
3422 4660 3479 4707 et
3525 4672 3635 4708 non
3668 4672 3800 4725 pra:-

2124 4738 2449 4800 destinavit,
2500 4743 2651 4808 quod
2700 4740 2957 4809 ipsorum
3003 4742 3357 4795 confessione
3396 4744 3557 4812 justo
3604 4744 3800 4813 judicio

2119 4827 2237 4895 jam
2281 4828 2571 4881 decrevit?
2616 4829 2727 4883 Cur
2770 4845 2962 4882 veram
3013 4835 3069 4883 et
3108 4832 3417 4899 perfectam
3453 4833 3803 4901 praedestina-

2122 4918 2340 4970 tionem
2391 4916 2531 4985 justi
2576 4918 2778 4987 judicii
2828 4919 2944 4983 Dei,
2996 4936 3109 4989 quo
3160 4925 3377 4974 aeterno
3426 4923 3665 4975 consilio
3713 4936 3801 4973 suo

2124 5006 2209 5057 vel
2264 5006 2449 5074 justos
2509 5005 2579 5059 ad
2630 5008 2825 5072 vitam,
2873 5008 2962 5061 vel
3012 5008 3242 5078 iniquos
3291 5010 3695 5079 praeordinavit
3741 5008 3801 5061 ad

2124 5109 2374 5163 pinnam,
2420 5094 2481 5146 in
2525 5101 2685 5164 parte
2732 5096 2902 5148 audet
2952 5096 3124 5150 homo
3169 5099 3424 5167 accipere
3476 5106 3531 5152 et
3576 5100 3633 5152 in
3662 5104 3799 5169 parte

2124 5184 2373 5250 negare?
2422 5183 2584 5251 quasi
2624 5183 2987 5254 omnipotens
3040 5186 3183 5239 Deus
3228 5187 3366 5256 quid
3408 5188 3565 5256 justo
3606 5188 3799 5257 judicio

2125 5286 2227 5323 suo
2260 5270 2328 5323 de
2360 5270 2551 5323 electis
2596 5276 2744 5324 esset
2782 5272 3032 5326 facturus
3074 5280 3128 5327 et
3166 5276 3480 5344 prrescierit
3511 5284 3567 5331 et
3602 5277 3797 5347 prinde-

2126 5359 2449 5425 stinaverit;
2483 5360 2620 5429 quid
2652 5364 2845 5414 autem
2877 5362 3079 5417 eodem
3108 5363 3263 5432 justo
3283 5365 3500 5433 judicio
3534 5367 3601 5420 de
3624 5382 3794 5436 repro-

2125 5446 2210 5499 bis
2240 5452 2386 5500 esset
2416 5453 2701 5517 gesturus,
2740 5450 3050 5519 przescierit
3103 5457 3344 5518 tantum,
3381 5470 3484 5508 nec
3528 5454 3796 5525 praedesti-

2127 5535 2368 5603 naverit,
2402 5551 2528 5589 cum
2578 5536 2635 5589 in
2666 5541 2910 5609 utraque
2965 5543 3123 5608 parte
3172 5556 3353 5594 unum
3407 5542 3479 5596 sit
3518 5542 3793 5613 judicium.
