3884 6218
136 259 282 311 1093

1241 257 1331 312 DE
1370 256 1703 312 TENENDA
1741 256 2145 313 SCRIPTURJE
2191 258 2547 315 VERITATE

3528 266 3662 317 1094

132 407 257 443 una
282 390 530 460 justitia.
569 406 678 459 qua
724 389 811 442 vel
839 388 1008 459 justis
1038 390 1300 459 praemia,
1332 390 1419 443 vel
1466 390 1681 460 iniquis
1713 407 1850 460 sup-
1892 394 1933 443 A
1965 391 2043 444 tio
2078 392 2225 461 (Jac.
2262 411 2297 457 1,
2338 394 2439 461 l7),
2474 414 2500 438 ››
2533 397 2587 445 et
2623 393 2719 462 qui
2750 409 2854 461 per
2884 394 3227 462 prophetam
3261 395 3397 448 dicit
3433 414 3444 450 :
3482 418 3507 445 (ης
3545 398 3659 467 Ego

134 479 320 549 plicia
357 478 775 531 retribuuntur.

223 569 368 621 Nam
410 567 458 620 si
490 567 608 620 haec
658 566 1084 635 przedestinutio
1117 566 1293 618 divini
1323 566 1527 636 judicii
1556 573 1704 620 esset
1737 583 1855 621 me-

144 657 264 709 rito
311 655 486 709 alicui
528 655 797 722 violenta,
845 655 933 708 vel
986 654 1223 723 injusta,
1279 655 1361 708 vei
1413 655 1852 724 prmjudiciaria,

144 745 366 799 merito
396 745 675 814 injustum
710 745 887 797 Deum
920 750 1215 814 argueret;
1244 744 1361 797 imo
1395 745 1462 797 de
1493 744 1611 809 illo,
1647 764 1671 794 τ(
1704 745 1855 814 apud

146 849 335 903 quem
371 850 488 886 non
520 837 605 886 est
648 831 939 902 iniquitas,
976 852 1001 883 »
1046 833 1373 886 nullatenus
1420 833 1572 886 credi
1602 833 1853 887 deberet.

150 923 302 974 Cum
347 926 539 974 autem
574 919 1034 974 manifestissime
1072 940 1098 970 «
1133 936 1246 972 non
1278 920 1350 973 sit
1383 921 1649 988 violenta,
1684 943 1709 969 ››
1744 938 1858 991 qua

152 1011 388 1063 nullum
443 1009 736 1080 compellit
786 1014 847 1063 ut
893 1010 1074 1062 malus
1118 1009 1206 1075 sit,
1266 1015 1322 1063 et
1372 1010 1526 1063 aliud
1571 1028 1691 1064 esse
1741 1028 1857 1065 non

149 1099 361 1167 possit,
405 1115 521 1151 non
566 1098 638 1152 sit
686 1098 919 1167 injusta,
962 1114 1090 1168 qum
1141 1098 1268 1150 illos
1312 1100 1708 1153 tantummodo
1760 1101 1859 1170 qui

152 1202 262 1238 suo
296 1185 435 1239 vitio
474 1186 533 1238 in
564 1185 730 1238 malis
773 1184 1279 1254 perseveraverint,
1330 1186 1525 1256 punit;
1563 1207 1589 1235 «
1633 1187 1755 1240 Non
1787 1187 1859 1239 sit

152 1273 607 1344 praejudiciaria,
643 1293 669 1324 »
692 1288 817 1343 qua:
841 1289 955 1326 non
982 1273 1589 1344 praejudicataliquem
1613 1279 1675 1327 ut
1696 1273 1857 1344 quasi

150 1363 283 1433 ejus
316 1362 601 1416 sententia
626 1366 683 1415 et
714 1378 829 1415 non
875 1378 977 1415 suo
1024 1362 1227 1416 merito
1274 1368 1497 1433 pereat:
1534 1362 1673 1433 quid
1702 1362 1760 1415 in
1792 1379 1861 1416 ea

151 1450 625 1521 reprehenditur,
678 1451 764 1503 vel
813 1451 976 1521 quasi
1024 1451 1425 1522 blasphemum
1486 1456 1739 1520 putatur,
1801 1452 1860 1504 in

152 1557 274 1611 qua
304 1541 425 1594 sola
468 1540 725 1610 aequitas,
758 1540 877 1593 sola
919 1539 1142 1609 justitia
1171 1538 1503 1594 invenitur?
1537 1541 1647 1592 Hoc
1696 1555 1858 1591 nam-

153 1646 271 1699 que
298 1646 435 1700 erga
477 1628 739 1683 homines
786 1628 980 1682 divina
1012 1628 1460 1698 praedestinatio,
1495 1628 1647 1697 quod
1675 1632 1731 1680 et
1771 1628 1857 1680 di-

153 1718 292 1771 vina
351 1717 713 1788 prtescientia
759 1716 897 1787 agit.
951 1715 1240 1770 Prasscivit
1283 1716 1435 1769 enim
1488 1717 1636 1769 Deus
1679 1717 1859 1769 malos

153 1806 403 1871 futuros,
440 1806 535 1859 sed
589 1806 709 1875 ipsa
763 1820 864 1858 sua
894 1804 1255 1873 praescientia
1294 1820 1410 1857 non
1456 1820 1549 1857 eos
1583 1803 1860 1873 compulit

155 1893 284 1947 fieri
333 1895 535 1948 malos.
584 1893 1013 1948 Prasdestinavit
1049 1893 1205 1963 justo
1236 1910 1337 1946 suo
1382 1893 1600 1963 judicio
1629 1910 1725 1946 eos
1762 1893 1860 1962 qui

158 1982 223 2036 in
250 1983 419 2036 malis
467 1982 955 2053 perseveraverint
1000 1982 1351 2052 puniendos;
1400 1997 1503 2035 nec
1537 1987 1728 2035 tamen
1764 1998 1860 2035 ea-

159 2073 291 2125 dem
325 2071 829 2142 praedestinatioue
867 2086 987 2137 sua,
1028 2076 1089 2123 ut
1121 2071 1257 2123 mali
1292 2075 1495 2135 essent,
1531 2070 1614 2123 vel
1647 2070 1703 2123 in
1738 2086 1858 2123 ma-

157 2161 231 2215 lis
284 2164 740 2231 perseverarent,
800 2160 1003 2229 coegit.
1062 2161 1125 2213 Et
1177 2161 1298 2212 hazc
1357 2163 1440 2212 est
1490 2159 1637 2229 apud
1693 2159 1857 2212 illum

160 2250 424 2320 azquitas,
474 2253 537 2302 ut
584 2248 681 2319 qui
714 2248 963 2301 volentes
1008 2247 1382 2316 perstiterunt
1426 2246 1483 2299 in
1536 2246 1718 2313 malis,
1753 2263 1857 2299 no-

164 2340 343 2392 lentes
393 2338 712 2407 puniantur
760 2337 817 2389 in
855 2336 1169 2406 suppliciis.
1204 2335 1464 2405 Seipsum
1500 2351 1636 2404 ergo
1685 2335 1856 2388 homo

163 2432 375 2493 mutet;
410 2426 685 2495 seipsum,
721 2425 858 2479 dum
890 2429 1118 2494 tempus
1154 2428 1255 2488 est,
1286 2424 1537 2493 corrigat
1566 2428 1623 2475 et
1656 2439 1854 2477 emen-

162 2518 275 2579 det,
323 2515 462 2586 quia
504 2513 961 2582 omnipotentem
1012 2518 1181 2583 atque
1226 2518 1498 2566 aeternam
1548 2511 1855 2581 praescien—

162 2602 300 2656 tiam
345 2607 401 2655 et
440 2601 1011 2671 praedestinationem
1047 2605 1267 2654 mutare
1300 2600 1385 2653 vel
1418 2600 1708 2653 destruere
1739 2616 1855 2652 non

162 2692 323 2745 valet.
379 2690 438 2745 Si
490 2690 617 2760 quis
664 2690 819 2744 enim
864 2693 1034 2759 neget
1086 2705 1204 2742 esse
1262 2689 1415 2758 apud
1474 2689 1651 2742 Deum
1708 2704 1854 2756 prse-

162 2780 457 2834 scientiam
510 2784 563 2832 et
618 2777 1209 2849 praedestinationem,
1262 2776 1558 2829 manifeste
1608 2774 1856 2829 inﬁdelis

162 2874 260 2922 est.
292 2870 347 2923 Si
393 2868 522 2939 quis
557 2868 695 2922 dicit
732 2867 883 2938 quod
938 2865 1295 2936 praescientia
1340 2869 1390 2918 et,
1423 2864 1855 2934 praedestinatio

1968 480 2122 533 enim
2157 481 2429 534 Dominus
2476 487 2532 534 et
2582 497 2694 534 non
2742 487 2934 534 mutor
2982 484 3132 551 (Mal.
3185 499 3264 549 Ill,
3313 485 3384 550 6),
3441 504 3465 533 ι)
3510 486 3658 554 quod

1968 584 2137 620 suum
2171 574 2255 621 est
2284 570 2449 637 plene
2480 573 2535 621 et
2584 569 2828 638 perfecte
2876 570 3134 623 conﬁteri
3175 572 3473 640 debemus,
3527 574 3658 644 quia

1967 659 2087 725 ejus
2118 656 2462 726 plenitudini
2495 662 2551 709 et
2581 657 2913 725 perfectioni
2948 658 3089 710 nihil
3122 675 3423 728 possumus
3455 662 3656 715 addere

1970 746 2053 798 vel
2091 744 2341 797 auferre.
2391 746 2455 797 Et
2499 744 2626 798 ideo
2677 746 2903 813 plenam
2938 750 2992 798 et
3021 748 3324 815 perfectam
3366 751 3659 819 praedesti-

1967 834 2257 886 nationem
2296 832 2437 902 justi
2480 832 2684 901 judicii
2735 834 2835 886 Dei
2877 839 2990 886 tam
3042 834 3101 887 in
3140 842 3299 905 parte
3349 838 3660 892 electorum

1968 938 2139 992 quam
2184 922 2244 974 in
2301 926 2462 991 parte
2497 921 2893 990 reproborum,
2928 922 3073 975 sicut
3112 925 3348 978 omnino
3392 942 3523 979 vera
3556 934 3662 995 est,

1968 1010 2239 1063 veraciter
2264 1010 2666 1077 conﬁteamur,
2700 1010 2921 1063 nemini
2954 1010 3398 1065 misericordiam
3434 1014 3531 1067 Dei
3560 1032 3661 1067 ne-

1967 1104 2184 1168 gantes,
2218 1098 2437 1151 nemini
2468 1098 2855 1151 conversionis
2887 1100 3131 1168 gratiam
3175 1100 3539 1169 derogantes,
3571 1119 3664 1155 ue—

1968 1187 2110 1240 mini
2137 1186 2354 1240 aditum
2384 1186 2762 1256 indulgentiae
2793 1188 3141 1254 claudentes,
3177 1189 3273 1242 sed
3306 1191 3573 1244 omnibus
3605 1192 3663 1243 in

1968 1275 2271 1346 iniquitate
2302 1291 2644 1345 permanere
2684 1276 3007 1330 volentibus
3049 1278 3249 1331 utilem
3282 1282 3338 1331 et
3376 1280 3661 1334 salubrem

1970 1369 2247 1418 terrorem
2280 1363 2640 1417 incutientes.

2042 1453 2198 1507 Hanc
2228 1452 2381 1505 enim
2426 1452 2722 1522 utriusque
2754 1454 2929 1522 partis
2961 1453 3336 1508 certissimam
3367 1461 3422 1509 et
3448 1455 3661 1509 immo-

1971 1541 2143 1595 bilem
2176 1540 2735 1609 prasdestinatiouem
2791 1541 2888 1594 Dei
2938 1541 3187 1594 declarat
3232 1543 3393 1595 nobis
3422 1547 3661 1613 Aposto-

1971 1631 2058 1683 lus
2115 1629 2308 1683 dicens
2369 1645 2380 1681 :
2438 1651 2463 1675 ‹‹
2520 1627 2766 1682 Abrahae
2825 1645 3071 1698 namque
3112 1631 3451 1699 promittens
3510 1635 3661 1688 Deus

1971 1718 2244 1788 quoniam
2279 1718 2570 1771 neminem
2601 1717 3332 1788 habuitperquemjuraret
3355 1722 3656 1790 majorem,

1964 1806 2178 1876 juravit
2208 1821 2310 1876 per
2339 1805 2711 1875 semetipsum
2762 1806 2973 1859 dicens.
3026 1806 3141 1859 Nisi
3188 1807 3530 1863 benedicens
3562 1811 3661 1863 be-

1970 1894 2229 1947 nedicam
2265 1893 2409 1959 tibi,
2445 1899 2500 1947 et
2531 1894 2923 1964 multiplicans
2972 1895 3364 1965 multiplicabo
3398 1903 3450 1950 te
3495 1899 3658 1955 (ch.

1967 1998 2042 2046 vi,
2082 1984 2166 2049 l3,
2209 1983 2327 2052 l-i);
2360 2001 2383 2031 η
2423 1982 2520 2035 ubi
2551 1988 2608 2035 et
2637 1988 2765 2052 post
2792 1983 3087 2052 paululum
3115 1985 3411 2054 subjungit
3444 2002 3456 2038 :
3484 2005 3510 2037 ‹‹
3548 1988 3663 2040 H0-

1968 2071 2150 2124 mines
2183 2087 2286 2140 per
2318 2071 2595 2139 majorem
2645 2088 2703 2123 se
2739 2071 2957 2139 jurant,
2993 2077 3049 2124 et
3097 2074 3285 2125 omnis
3334 2080 3660 2129 controver-

1968 2160 2066 2212 size
2106 2175 2304 2212 eorum
2338 2160 2465 2212 finis
2500 2160 2569 2213 ad
2599 2161 3095 2213 conﬁrmationem
3132 2165 3217 2213 est
3240 2162 3656 2230 juramentum.

1968 2250 2030 2301 In
2058 2264 2170 2318 quo
2197 2247 2583 2301 abundantius
2615 2248 2806 2301 volens
2839 2250 2984 2302 Deus
3035 2249 3335 2303 ostendere
3378 2252 3659 2321 pollicita-

1966 2337 2134 2390 tionis
2164 2337 2488 2391 haaredibus
2511 2336 2973 2390 immobilitatem
3007 2338 3225 2389 consilii
3257 2338 3366 2405 sui,
3400 2339 3661 2409 interpo—

1966 2424 2080 2478 suit
2104 2425 2530 2494 jusjurandum,
2583 2430 2645 2477 ut
2691 2440 2795 2493 per
2843 2425 2984 2478 duas
3030 2440 3117 2478 res
3163 2426 3373 2494 quibus
3404 2425 3661 2497 impossi-

1967 2513 2078 2566 bile
2108 2518 2192 2567 est
2224 2512 2456 2566 mentiri
2493 2515 2701 2581 Deum,
2738 2512 3110 2566 fortissimum
3153 2514 3416 2568 solatium
3450 2515 3656 2569 habea-

1968 2618 2116 2668 mus,
2151 2601 2252 2671 qui
2283 2601 2645 2669 confugimus
2696 2603 2764 2655 ad
2814 2601 3122 2655 tenendam
3172 2603 3526 2672 propositam
3563 2620 3661 2656 no-

1966 2690 2051 2743 bis
2102 2705 2262 2759 spem
2311 2690 2489 2757 (t'bid.,
2526 2692 2610 2755 16,
2661 2693 2744 2755 l7,
2789 2691 2894 2756 l8).
2932 2710 2959 2741 »
3010 2691 3147 2743 Ecce
3177 2690 3233 2742 in
3266 2695 3424 2759 parte
3456 2692 3659 2744 electo-

1971 2794 2119 2844 rum,
2151 2778 2249 2848 qui
2278 2777 2547 2848 promissi
2580 2782 2739 2844 sunt,
2778 2784 2836 2832 ut
2868 2785 3057 2832 essent
3084 2779 3324 2832 Abrahae
3357 2786 3413 2832 et
3443 2779 3566 2844 ﬁlii,
3603 2784 3661 2833 et

1965 2866 2221 2921 haeredes
2283 2866 2418 2920 Novi
2476 2870 2530 2919 et
2585 2867 2785 2920 aeterni
2841 2867 3187 2920 Testamenti
3220 2912 3232 2931 ,
3291 2868 3659 2937 omnipotens

164 2957 288 3026 ejus
322 2957 573 3026 aliquem
618 2954 928 3024 compellat
967 2960 1028 3007 ut
1076 2953 1259 3006 malus
1306 2952 1396 3018 sit,
1445 2957 1501 3005 et
1544 2952 1701 3005 aliud
1735 2968 1854 3005 esse
1895 2965 1933 3019 (ζ
1968 2956 2136 3020 Deus,
2189 2956 2324 3026 quia
2369 2955 2660 3009 nemiuem
2698 2956 2868 3009 habet
2910 2957 3203 3026 majorem,
3247 2957 3394 3025 jural
3432 2973 3534 3026 per
3568 2974 3655 3010 se-

162 3061 279 3099 non
308 3045 512 3115 possit,
564 3043 921 3098 horribiliter
965 3043 1347 3112 blasphemat.
1402 3041 1508 3105 Qui
1558 3046 1748 3094 autem
1796 3040 1857 3094 ﬁ-

161 3135 366 3188 deliter
408 3133 716 3187 conﬁtetur
759 3137 813 3186 et
856 3130 1273 3202 prrescientiam
1318 3133 1373 3182 et
1408 3128 1857 3199 praedestinatio-

164 3239 296 3277 nem
327 3227 605 3276 aeternam
652 3238 777 3275 esse
809 3221 958 3289 apud
1003 3222 1202 3285 Deum,
1236 3234 1339 3271 nec
1381 3223 1573 3270 tamen
1604 3218 1852 3287 aliquem

162 3328 265 3381 per
313 3312 435 3364 haec
480 3310 546 3363 ad
598 3309 812 3362 malum
866 3307 1011 3378 cogi,
1064 3307 1158 3361 sed
1218 3305 1614 3360 tantummodo
1670 3305 1856 3375 qualis

163 3400 408 3471 quisque
448 3400 677 3452 futurus
727 3398 799 3450 sit
846 3395 1121 3466 praesciri,
1156 3400 1205 3448 el
1256 3400 1427 3465 prout
1457 3393 1857 3464 gesseritjudi-

162 3487 296 3553 cari,
332 3486 437 3540 iste
469 3502 701 3556 prorsus
732 3483 1004 3538 catholice
1036 3483 1221 3536 sentit.

231 3576 492 3647 (Symbol.
544 3575 602 3629 S.
656 3571 997 3641 Athanasii.)
1049 3572 1235 3640 [Certe
1285 3570 1343 3623 in
1394 3570 1749 3639 professione
1786 3568 1853 3621 ﬁ-

161 3664 251 3717 dei
283 3663 600 3727 catholicae,
648 3677 819 3732 quam
862 3660 973 3714 nisi
1014 3660 1257 3730 quisque
1306 3660 1588 3727 integram
1617 3658 1858 3712 inviola-

162 3758 394 3822 tamque
422 3750 755 3814 servaverit,
780 3749 996 3818 absque
1019 3748 1194 3802 dubio
1226 3748 1283 3801 in
1307 3751 1589 3802 asternum
1612 3747 1851 3817 peribit;

161 3846 215 3894 et
246 3856 419 3911 quam
451 3838 562 3893 nisi
594 3837 837 3908 quisque
870 3836 1116 3890 ﬁdeliter
1135 3834 1492 3905 ﬁrmiterque
1524 3835 1852 3901 crediderit,

163 3932 349 3984 salvus
406 3945 527 3983 esse
586 3945 702 3982 non
758 3928 986 3997 poterit,
1045 3942 1245 3980 omnes
1296 3942 1410 3979 uno
1469 3942 1565 3979 ore
1626 3926 1855 3979 conﬁte-

164 4035 309 4085 mur,
346 4018 588 4089 quodin
640 4016 882 4070 adventu
935 4014 1220 4084 unigeniti
1274 4014 1401 4067 Filii
1459 4013 1557 4067 Dei
1601 4014 1669 4067 de
1715 4014 1854 4067 coelo

163 4123 362 4161 omnes
409 4105 676 4160 homines
726 4120 1026 4174 resurgere
1070 4102 1284 4155 habent
1340 4117 1468 4154 cum
1522 4101 1853 4171 corporibus

164 4197 298 4261 suis,
332 4200 392 4250 et
434 4193 717 4248 reddituri
763 4197 896 4245 sunt
926 4192 994 4244 de
1044 4190 1203 4244 factis
1245 4189 1495 4260 propriis
1544 4190 1850 4243 rationem.

168 4308 185 4333 ε
222 4286 286 4337 Et
312 4284 414 4354 qui
439 4282 593 4336 bona
642 4285 884 4351 egerunt
914 4280 1080 4333 ibunt
1104 4279 1163 4331 in
1204 4279 1378 4331 vitam
1412 4282 1719 4344 aeternam;
1754 4278 1853 4347 qui

163 4390 292 4428 vero
324 4371 497 4437 mala,
555 4370 613 4423 in
675 4372 867 4439 ignem
917 4373 1217 4422 aeternum.
1279 4364 1335 4436 ν]
1387 4365 1674 4419 Manifesta
1719 4381 1855 4434 ergo

164 4463 317 4534 quod
350 4462 419 4515 de
453 4465 690 4529 utraque
722 4463 904 4528 parte,
939 4462 1053 4510 tam
1096 4456 1406 4509 electorum
1440 4470 1611 4525 quam
1647 4470 1853 4523 repro-

162 4552 387 4617 borum,
424 4549 517 4602 hic
547 4548 905 4612 conﬁtemur,
936 4551 1245 4614 utrumque
1265 4549 1349 4597 est
1378 4559 1593 4604 verum,
1630 4548 1852 4596 utrum-

165 4655 271 4710 que
297 4639 542 4708 justum,
569 4641 877 4705 utrumque
906 4634 963 4687 in
1001 4638 1215 4686 mterno
1248 4637 1303 4685 et
1328 4633 1481 4701 justo
1516 4630 1613 4684 Dei
1634 4630 1852 4700 judicio

164 4726 645 4796 przedestinatum.
682 4724 820 4776 Nam
847 4722 893 4774 si
926 4737 1038 4774 non
1071 4725 1153 4772 est
1180 4718 1671 4789 prmdestinalum,
1710 4735 1852 4788 quo-

165 4816 332 4869 modo
364 4815 473 4867 hoc
506 4817 622 4865 tam
655 4810 895 4864 ﬁrmiter
942 4808 1246 4873 credimus,
1301 4812 1417 4861 tam
1460 4806 1856 4860 indubitanter

164 4903 502 4958 confitemur
531 4899 830 4954 futurum?
860 4898 926 4952 Se
974 4896 1167 4966 igitur,
1208 4901 1271 4949 ut
1314 4896 1435 4965 jam
1478 4894 1694 4948 dictum
1748 4899 1850 4961 est,

162 4992 558 5062 unusquisque
606 4989 744 5042 dum
800 4986 1039 5040 facultas
1093 4984 1280 5049 datur,
1341 4984 1454 5037 Deo
1518 4982 1852 5047 auxiliante,

164 5087 340 5136 mutet
377 5081 437 5133 in
490 5077 713 5131 melius.
769 5077 881 5129 Hoc
931 5074 1087 5127 enim
1133 5072 1334 5143 procul
1377 5071 1551 5125 dubio
1584 5072 1722 5137 vult,
1756 5072 1855 5142 qui

166 5169 414 5241 quotidie
445 5168 651 5220 clamat
679 5169 736 5218 et
766 5164 1054 5229 admonet,
1088 5160 1312 5215 dicens:
1349 5179 1375 5209 «
1413 5159 1640 5213 Declina
1672 5177 1702 5212 a
1729 5176 1853 5212 ma-

166 5260 236 5327 lo,
266 5264 321 5313 et
346 5258 437 5311 fac
467 5256 686 5308 bonum
716 5255 821 5319 (Ps.
856 5266 1043 5316 xxxvr,
1068 5251 1190 5319 27);
1233 5268 1260 5299 ι)
1294 5254 1348 5301 et
1375 5248 1581 5301 iterum
1608 5264 1619 5299 :
1650 5268 1675 5294 ‹‹
1709 5247 1851 5300 Con-

169 5344 452 5401 vertimini
478 5342 548 5396 ad
599 5359 710 5404 me,
744 5346 801 5395 et
826 5344 1124 5394 convertar
1156 5337 1226 5391 ad
1258 5353 1372 5403 vos,
1407 5336 1543 5390 dicit
1575 5334 1853 5388 Dominus

171 5436 515 5490 exercituum
543 5432 729 5495 (Zach.
764 5446 800 5497 ι,
836 5429 913 5499 3).
953 5451 979 5475 ››
1004 5428 1144 5481 Nam
1177 5425 1237 5479 in
1264 5425 1383 5491 illo,
1427 5446 1454 5471 ‹‹
1486 5423 1650 5494 Apud
1681 5439 1853 5491 quem

171 5541 275 5579 non
326 5527 413 5577 est
459 5518 887 5585 transmutatio,
933 5532 1035 5570 nec
1082 5512 1489 5569 vicissitudinis
1546 5512 1853 5566 obumbra-

1967 3042 2292 3110 metipsum.
2330 3042 2394 3093 Et
2421 3042 2559 3111 quid
2606 3041 3044 3111 intelligendum
3094 3043 3165 3095 sit
3205 3059 3305 3111 per
3336 3043 3443 3096 hoc
3464 3043 3654 3113 jusju-

1966 3130 2232 3197 randum,
2273 3130 2434 3183 docet
2480 3146 2582 3183 nos
2636 3131 2960 3199 Apostolus,
3019 3130 3299 3197 videlicet,
3347 3131 3503 3201 quod
3551 3131 3658 3185 hoc

1966 3218 2136 3272 modo
2171 3238 2198 3267 «
2232 3218 2478 3272 voluerit
2508 3220 2653 3271 Deus
2694 3219 3022 3271 haeredibus
3068 3218 3498 3288 pollicitationis
3544 3235 3658 3271 suae

1964 3303 2353 3358 abundantius
2397 3306 2695 3359 ostendere
2735 3305 3198 3360 immobilitatem
3248 3306 3474 3359 consilii
3526 3306 3657 3371 sui;

1964 3396 2027 3443 ut
2054 3408 2156 3461 per
2193 3394 2333 3446 duas
2367 3410 2485 3458 res,
2517 3413 2543 3443 »
2577 3394 2630 3447 id
2664 3398 2775 3460 est,
2808 3394 3236 3463 pollicitationis
3268 3400 3324 3448 et
3349 3395 3658 3465 jurationis

1964 3496 2102 3545 suae,
2140 3500 2165 3529 «
2200 3480 2407 3550 quibus
2447 3480 2799 3550 impossibile
2845 3487 2930 3535 est
2972 3482 3206 3535 mentiri
3242 3484 3437 3547 Deum,
3476 3504 3502 3531 ››
3541 3482 3657 3535 sive

1962 3568 2388 3637 promittentem
2416 3610 2429 3634 ,
2463 3568 2578 3622 sive
2628 3570 2907 3638 promissa
2941 3587 3041 3622 sua
3064 3571 3381 3639 jurantem,
3408 3591 3435 3619 ι)
3469 3571 3657 3624 fortis-

1964 3657 2170 3710 simum
2199 3657 2466 3711 solatium
2493 3657 2822 3723 habeamus,
2853 3658 2952 3728 qui
2976 3659 3340 3729 confugimus
3366 3661 3432 3713 ad
3467 3665 3660 3713 tenen-

1963 3745 2092 3799 dam
2124 3747 2475 3816 propositam
2508 3745 2672 3800 nobis
2704 3762 2882 3815 spem.

2629 3906 2851 3959 CAPUT
2892 3904 2981 3958 Vl.

2497 4052 2572 4103 De
2602 4048 2791 4101 divina
2820 4049 3119 4115 juratione.

2038 4188 2180 4257 Ergo
2210 4188 2330 4241 haec
2364 4188 2554 4241 divina
2595 4189 2811 4259 juratio
2855 4206 2965 4242 non
3001 4193 3088 4242 est
3132 4189 3287 4243 aliud
3319 4190 3428 4243 nisi
3455 4190 3659 4244 immo-

1893 4263 1936 4316 D
1964 4274 2095 4329 bilis
2126 4276 2351 4329 consilii
2387 4277 2484 4330 Dei
2533 4284 2749 4331 aeterna
2791 4284 2847 4331 et
2888 4278 3371 4331 incommutabilis
3413 4281 3658 4348 praedes-

1964 4364 2185 4418 tinatio.
2224 4365 2298 4417 De
2329 4381 2441 4434 quo
2468 4366 2754 4419 immobili
2774 4367 3011 4419 consilio
3037 4367 3135 4419 Dei
3158 4366 3296 4419 dicit
3320 4368 3615 4422 Psalmista
3643 4386 3655 4423 :

1966 4472 1991 4503 (‹
2028 4451 2343 4505 Consilium
2389 4459 2578 4507 autem
2616 4455 2841 4507 Domini
2884 4454 2942 4507 in
2991 4460 3267 4508 aeternum
3309 4460 3537 4521 manet;
3572 4474 3660 4511 co-

1964 4541 2276 4612 gitationes
2307 4542 2494 4595 cordis
2526 4543 2649 4611 ejus
2696 4544 2755 4595 iu
2787 4543 3155 4611 generatione
3199 4549 3255 4597 et
3289 4545 3658 4613 generatione

1962 4629 2135 4699 (Psal.
2172 4644 2340 4695 χχχιι,
2376 4631 2485 4699 ll).
2516 4651 2543 4677 »
2582 4631 2646 4683 Et
2693 4630 2814 4699 ipse
2865 4631 3136 4685 Dominus
3165 4647 3270 4701 per
3304 4632 3505 4686 Isaiam
3552 4638 3659 4687 tes-

1963 4723 2117 4772 tatur
2150 4736 2161 4771 :
2200 4738 2225 4767 «
2254 4718 2571 4772 "Consilium
2624 4734 2816 4772 meum
2851 4719 3043 4787 stabit,
3090 4725 3146 4773 et
3177 4721 3364 4774 omnis
3397 4722 3659 4776 voluntas

1967 4822 2093 4860 mea
2124 4808 2226 4860 ﬁet
2254 4806 2385 4874 (Isa.
2418 4820 2568 4866 XLVI,
2606 4808 2709 4872 10).
2746 4828 2772 4853 ››
2823 4806 2880 4860 Si
2924 4824 3060 4877 ergo
3110 4808 3202 4861 hic
3235 4826 3338 4879 per
3372 4811 3471 4863 Dei
3504 4812 3660 4880 jura-

1961 4895 2178 4948 tionem
2214 4895 2285 4949 ad
2323 4894 2608 4947 Abraham
2659 4894 2867 4948 factam
2919 4895 3158 4949 docente
3196 4900 3470 4967 Apostolo
3504 4900 3654 4969 (ch.

1963 4997 2036 5046 vi,
2076 4981 2159 5051 l7)
2195 5002 2221 5027 (ι
2254 4979 2717 5034 immobilitatem
2749 4982 2992 5047 consilii,
3028 5002 3055 5033 »
3085 4984 3139 5036 id
3178 4991 3263 5037 est
3293 4987 3659 5055 praedestina-

1963 5070 2138 5123 tionis
2183 5068 2323 5137 ejus,
2373 5059 2800 5139 intelligimus:
2852 5069 2931 5123 ita
2980 5074 3036 5123 et
3084 5070 3162 5124 ibi
3195 5071 3520 5143 intelligere
3569 5077 3661 5129 de-

1962 5159 2184 5222 bemus,
2234 5157 2327 5210 ubi
2382 5157 2451 5211 de
2507 5163 2723 5211 aiterno
2758 5159 2966 5211 Christi
3017 5160 3336 5213 sacerdotio
3381 5164 3530 5215 Deus
3566 5166 3659 5232 ju-

1961 5262 2115 5300 rasse
2164 5245 2567 5311 introducitur,
2618 5247 2839 5300 dicente
2879 5246 3177 5299 Psalmista
3210 5263 3222 5299 :
3257 5268 3282 5294 ‹‹
3311 5248 3528 5303 Juravit
3558 5252 3661 5305 Do-

1964 5334 2173 5400 minus,
2221 5339 2276 5387 et
2328 5350 2447 5388 non
2494 5335 2791 5404 pcenitebit
2838 5351 2967 5388 eum
3007 5351 3019 5387 :
3053 5336 3131 5388 Tu
3183 5351 3242 5387 es
3288 5337 3553 5392 sacerdos
3600 5340 3661 5394 in

1963 5426 2241 5476 aeternum
2284 5422 2597 5476 secundum
2641 5422 2905 5476 ordinem
2952 5422 3361 5477 Melchisedech
3403 5425 3512 5493 (Ps.
3547 5444 3658 5495 Cix,

1961 5512 2045 5581 4);
2076 5532 2103 5559 ‹‹
2131 5515 2187 5564 et
2213 5511 2310 5565 ubi
2341 5511 2549 5565 iterum
2588 5512 2647 5565 in
2686 5513 2911 5566 Psalmo
2940 5512 3009 5567 de
3041 5512 3422 5583 promissione
3459 5517 3557 5570 Dei
3587 5518 3658 5571 ad
