3884 6218
248 313 380 367 1095
1365 304 1420 357 S.
1465 304 1735 359 REIIIGII
1776 304 2254 359 LUGDUNENSIS
2296 304 2603 360 EPISCOPI
3616 316 3782 364 10m;

243 451 473 503 beatum
512 446 682 500 David
730 447 874 498 facta
914 443 1119 495 dicitur
1158 459 1168 493 :
1207 465 1231 489 ‹‹
1264 443 1480 495 Iuravit
1526 442 1800 495 Dominus
1836 443 1932 495 Da-
1973 443 2012 493 Α

244 538 337 591 vid
395 536 726 599 veritatem,
784 537 840 585 et
884 548 999 584 non
1053 530 1344 584 frustrabit
1397 547 1564 584 eum:
1626 532 1693 583 de
1753 530 1937 583 fructu

244 626 458 679 ventris
508 623 593 676 tui
641 637 853 691 ponam
906 636 1078 690 super
1128 620 1321 673 sedem
1375 624 1534 672 tuam
1589 620 1697 688 (Ps.
1761 635 1934 683 cxxxr,

250 714 413 784 11).»
459 713 515 767 Si
562 728 699 781 ergo
748 711 805 764 in
857 710 943 763 bis
997 709 1265 762 omnibus
1313 708 1685 761 immobilitas
1715 706 1936 760 consilii

246 808 303 856 et
331 799 856 872 praedestinationis
906 798 1007 852 Dei
1037 814 1140 867 per
1186 797 1361 866 ipsius
1392 798 1738 865 jurationem
1772 796 1934 848 intel-

246 892 443 960 ligitur
490 890 547 942 in
597 888 907 942 salvatioue
956 888 1289 951 electorum,
1344 885 1419 938 ita
1466 902 1494 937 e
1544 884 1827 937 contrario
1859 884 1939 936 in-

245 980 623 1049 telligendum
671 982 756 1031 est
804 978 863 1030 in
913 975 1278 1030 damnatione
1309 974 1707 1045 reproborum,
1744 973 1842 1026 ubi
1870 972 1939 1025 de

247 1070 328 1123 eis
372 1070 493 1139 ipse
519 1068 882 1137 omnipotens
914 1067 1061 1118 Deus
1106 1065 1278 1118 dicit:
1325 1083 1351 1114 (ι
1387 1063 1498 1133 Ipsi
1546 1078 1672 1115 vere
1704 1078 1817 1114 non
1855 1077 1942 1114 co-

248 1162 570 1228 gnoverunt
645 1155 783 1221 vias,
864 1153 1073 1223 quibus
1139 1152 1329 1221 juravi
1395 1153 1453 1204 in
1532 1151 1619 1204 ira
1685 1167 1832 1216 mea,
1896 1149 1942 1202 si

2116 442 2183 494 Et
2226 445 2289 493 ut
2349 458 2761 511 cognoscamus
2808 444 3028 497 nullum
3093 447 3333 499 consilio
3396 454 3454 500 et
3519 448 3779 500 elfectui

2049 530 2568 599 praedestinationis
2600 532 2720 601 ejus
2766 548 2928 601 posse
2959 533 3242 598 resistere,
3282 535 3532 588 dicitur:
3568 554 3595 585 α
3641 537 3784 589 Do-

2048 619 2240 671 minus
2288 620 2439 672 enim
2498 621 2641 673 Deus
2693 620 3044 674 exercituum
3091 621 3363 691 decrevit,
3399 643 3426 673 n
3462 625 3667 694 utique
3706 624 3781 676 iu

2048 714 2259 761 aeterno
2289 708 2521 760 consilio
2550 709 3037 778 praedestinando,
3082 731 3109 758 ‹‹
3140 716 3196 764 et
3245 710 3376 782 quis
3408 712 3625 781 poterit
3656 711 3783 763 iu-

2052 796 2301 860 lirmare,
2354 818 2373 842 ι
2432 801 2492 848 ut
2534 796 2888 867 intelligatur
2932 798 3139 851 nullus.
3194 821 3221 847 ‹‹
3273 800 3336 852 Et
3380 815 3590 853 manus
3631 799 3786 868 ejus

2049 888 2292 949 extenta,
2324 906 2349 931 ››
2388 885 2583 954 utique
2608 885 2673 938 ad
2703 902 2768 939 ea
2794 902 2920 956 quin
2952 887 3379 955 praedestinavit
3411 888 3737 942 efﬁcienda
3766 906 3783 949 ;

2051 993 2077 1021 «
2111 978 2167 1027 et
2192 974 2320 1043 quis
2367 977 2582 1026 avertet
2626 975 2792 1027 eam?
2824 1000 2848 1019 »
2907 975 3255 1044 Intelligitur
3304 976 3572 1029 similiter
3626 976 3782 1028 nul-

2050 1061 2158 1114 Ius.
2194 1063 2333 1114 Cum
2375 1063 2529 1114 enim
2575 1062 2815 1116 dicitur:
2852 1081 2877 1111 α
2928 1062 3201 1117 Dominus
3231 1065 3385 1117 enim
3420 1066 3573 1118 Deus
3600 1080 3783 1117 exer-

2051 1150 2267 1203 cituum
2298 1151 2559 1215 decrevit,
2595 1172 2619 1200 υ
2673 1152 2812 1221 quid
2844 1156 2927 1206 est
2971 1153 3123 1205 aliud
3171 1153 3427 1219 decrevit,
3458 1154 3576 1206 nisi
3606 1169 3783 1223 pree-

247 1245 542 1299 intrabunt
576 1243 633 1296 in
668 1242 924 1312 requiem
974 1257 1159 1293 meam
1206 1241 1311 1308 (Ps.
1348 1255 1527 1305 LXLIV,
1569 1238 1672 1305 ll).
1708 1259 1735 1287 ››
1772 1239 1944 1291 Nem-

246 1351 320 1405 pe
355 1339 409 1387 et
450 1333 541 1387 hic
583 1330 959 1401 jurisjurandi
1010 1328 1377 1381 immobilitas
1422 1326 1832 1396 interponitur,
1881 1332 1943 1380 ut

249 1424 441 1476 nullus
491 1436 688 1473 eorum
741 1419 810 1471 de
868 1418 1076 1488 quibus
1134 1422 1250 1469 tam
1312 1415 1644 1469 terribiliter
1684 1416 1941 1484 juratum

249 1516 351 1577 est,
387 1511 447 1562 in
481 1508 739 1578 requiem
781 1506 878 1560 Dei
919 1506 1234 1558 intraturus
1275 1504 1556 1557 credatur.
1609 1505 1719 1557 Nec
1749 1509 1942 1555 tamen

249 1600 482 1666 injuste,
513 1596 645 1666 quia
670 1595 728 1647 in
760 1594 1055 1663 impietate
1083 1612 1107 1642 ‹(
1138 1593 1445 1645 secundum
1481 1592 1753 1644 duritiam
1784 1606 1941 1642 suam

250 1693 305 1741 et
335 1703 432 1740 cor
464 1684 834 1754 impoenitens
884 1705 910 1729 ››
956 1683 1269 1749 perdurare
1321 1682 1643 1746 voluerunt,
1694 1680 1942 1749 prmmit-

249 1779 405 1828 tente
440 1774 562 1843 ipso
588 1772 869 1824 Domino:
909 1792 933 1817 ‹‹
967 1770 1077 1839 Ipsi
1110 1786 1238 1822 vero
1266 1786 1381 1822 non
1410 1774 1804 1838 cognoverunt
1826 1768 1942 1820 vias

251 1878 486 1928 meas»,
541 1865 595 1914 et
643 1859 848 1913 deinde
883 1859 1301 1928 subjungente:
1356 1877 1381 1907 (ι
1430 1857 1644 1921 Quibus
1669 1858 1856 1927 juravi
1887 1856 1944 1909 in

252 1953 336 2005 ira
368 1968 496 2004 mea
520 1950 565 2001 si
599 1948 895 2001 intrabunt
924 1948 984 1999 in
1019 1946 1274 2016 requiem
1309 1963 1516 1999 meam.
1555 1965 1581 1996 ››

328 2040 466 2094 Huic
493 2036 768 2108 jurationi
799 2036 986 2088 simile
1019 2041 1101 2088 est
1132 2035 1271 2088 illud
1300 2035 1453 2104 quod
1487 2035 1553 2087 de
1592 2037 1945 2104 contempto-

250 2129 411 2183 ribus
443 2126 684 2180 convivii
726 2124 810 2178 sui
840 2125 961 2193 ipsa
1010 2123 1223 2175 Veritas
1270 2122 1324 2174 in
1373 2123 1679 2191 Evangelio
1710 2122 1947 2174 commi-

253 2223 443 2283 natur,
482 2215 710 2269 dicens:
748 2233 773 2263 «
827 2213 958 2265 Dico
1000 2216 1188 2265 autem
1222 2212 1381 2264 vobis
1415 2212 1566 2280 quod
1603 2227 1771 2264 nemo
1803 2210 1948 2262 viro-

251 2325 381 2363 rum
413 2306 642 2358 illorum
677 2302 775 2372 qui
809 2301 987 2355 vocati
1035 2304 1168 2353 sunt
1221 2300 1471 2369 gustabit
1509 2316 1727 2352 comam
1762 2314 1945 2351 meam

254 2398 404 2466 (Luc.
445 2410 556 2457 xw,
606 2394 717 2459 2's).
762 2412 786 2438 η
824 2388 1083 2443 Veritatis
1131 2388 1284 2442 enim
1329 2388 1555 2453 dixisse,
1607 2388 1803 2457 procul
1854 2388 1946 2440 du-

253 2486 351 2540 bio
380 2484 599 2553 jurasse
627 2483 729 2532 est.

326 2572 474 2627 Talis
504 2574 560 2623 et
606 2572 689 2621 est
732 2567 827 2620 illa
868 2565 967 2619 Dei
1005 2564 1220 2634 juratio
1255 2564 1406 2633 apud
1451 2564 1656 2616 Isaiam
1703 2564 1946 2633 propheo

255 2667 394 2721 tam.
428 2658 524 2713 ubi
559 2661 683 2728 post
727 2671 870 2709 onus
910 2652 1213 2723 Babylonis
1250 2657 1305 2705 et
1350 2652 1512 2721 regni
1558 2652 1944 2722 Assyriorum,

258 2752 355 2823 qui
406 2752 567 2803 erant
613 2744 911 2797 suavissimi
956 2743 1145 2795 hostes
1192 2742 1390 2810 populi
1450 2740 1570 2807 Dei,
1623 2757 1725 2810 per
1778 2757 1942 2810 quos,

256 2839 399 2892 sicut
429 2838 629 2889 beatus
657 2836 900 2887 Joannes
948 2831 1235 2900 apostolus
1278 2830 1334 2882 in
1380 2829 1719 2899 Apocalypsi
1763 2834 1944 2882 osten-

258 2928 360 2992 dit,
421 2924 774 2995 signilicatur
827 2926 945 2974 tota
994 2920 1189 2972 civitas
1240 2918 1472 2982 diaboli,
1524 2918 1578 2970 id
1628 2924 1713 2971 est
1759 2918 1945 2971 omnis

256 3015 564 3070 multitudo
616 3010 1025 3080 reproborum,
1088 3007 1400 3077 interponit
1466 3009 1610 3060 Deus
1661 3008 1951 3077 jusjuran-

257 3106 391 3159 dum
433 3104 500 3155 de
551 3097 865 3153 certissima
912 3096 1111 3149 talium
1162 3095 1507 3165 perditione,
1559 3096 1780 3149 dicente
1826 3113 1950 3166 pro-

260 3193 466 3263 pheta:
530 3209 557 3239 α
613 3186 830 3240 Iuravit
882 3184 1157 3239 Dominus
1210 3184 1561 3237 exercituum
1613 3184 1843 3264 dicens:
1894 3184 1949 3237 Si

259 3297 375 3334 non
437 3284 498 3331 ut
555 3275 750 3347 putavi
806 3274 882 3326 ita
938 3272 1072 3338 erit;
1128 3277 1180 3325 et
1244 3272 1533 3341 quomodo
1594 3277 1783 3325 mente
1837 3277 1948 3326 tra-

260 3369 425 3435 ctavi,
474 3366 553 3419 sic
605 3363 842 3427 eveniet,
893 3367 955 3415 ut
1000 3366 1288 3414 conteram
1337 3360 1630 3430 Assyrium
1685 3360 1745 3414 in
1803 3367 1950 3414 terra

260 3474 407 3521 mea,
441 3459 496 3509 et
539 3454 599 3507 in
638 3451 928 3506 montibus
960 3450 1098 3503 meis
1130 3451 1461 3503 conculcem
1491 3465 1653 3516 eum;
1688 3449 1793 3502 hoc
1824 3466 1953 3503 con-

261 3546 453 3599 silium
501 3544 653 3614 quod
706 3539 949 3610 cogitavi
994 3555 1164 3608 super
1195 3554 1424 3591 omnem
1468 3542 1702 3603 terram,
1739 3543 1793 3591 et
1836 3539 1952 3591 haec

262 3641 345 3688 est
373 3649 575 3687 manus
621 3634 848 3683 extenta
880 3644 1051 3697 super
1092 3627 1385 3681 universas
1425 3631 1644 3695 gentes.
1678 3628 1952 3680 Dominus

262 3723 413 3777 enim
450 3724 595 3775 Deus
626 3718 978 3773 exercituum
1013 3716 1279 3779 decrevit,
1315 3720 1369 3768 et
1400 3716 1527 3785 quis
1560 3716 1771 3785 poterit
1801 3716 1955 3768 inﬁr-

262 3812 456 3865 mare?
510 3814 564 3863 et
617 3824 820 3862 manus
866 3810 950 3859 est
989 3809 1234 3870 extenta,
1273 3808 1328 3857 et
1373 3804 1501 3873 quis
1545 3808 1763 3858 avertet
1788 3804 1952 3857 eam?

264 3903 400 3971 (Isa.
432 3916 543 3964 nv,
576 3899 663 3963 2i,
698 3900 786 3956 25,
830 3898 919 3962 ‘27,
956 3894 1066 3961 28).
1114 3915 1141 3941 »
1188 3894 1251 3945 In
1296 3893 1502 3962 quibus
1550 3892 1737 3945 verbis
1781 3893 1952 3945 mira-

262 3991 458 4045 biliter
488 3994 543 4043 et
568 3986 860 4057 granditer
899 3984 1222 4038 ostenditur
1270 3988 1323 4035 et
1348 3982 1722 4035 immobilitas
1744 3982 1955 4052 praede-

264 4077 591 4134 stinationis
639 4074 740 4128 Dei
792 4078 847 4126 et
896 4072 1076 4142 ipsius
1124 4070 1643 4141 praedestinationis
1700 4071 1952 4137 effectus,

265 4184 394 4221 cum
428 4169 587 4219 tanta
621 4168 678 4215 et
726 4167 840 4215 tam
886 4160 1079 4229 gravia
1122 4161 1274 4212 mala
1305 4159 1675 4228 pereuntibus
1723 4159 1956 4213 commi-

264 4262 434 4311 natus
477 4253 580 4307 sub
606 4250 981 4320 jurejurando
1018 4247 1189 4301 dicit:
1231 4268 1257 4294 ‹‹
1289 4248 1345 4301 Si
1388 4264 1505 4300 non
1543 4252 1605 4300 ut
1650 4249 1843 4317 putavi
1880 4249 1956 4301 ita

268 4346 390 4409 erit,
426 4346 483 4396 et
512 4339 799 4411 quomodo
830 4342 1021 4390 mente
1062 4336 1297 4388 tractavi
1330 4336 1408 4389 sic
1440 4336 1682 4404 eveniet,
1719 4356 1743 4387 ι)
1778 4337 1831 4390 id
1875 4341 1959 4390 est

266 4434 409 4487 sicut
463 4427 706 4500 cogitavi
757 4432 814 4481 et
858 4429 1047 4479 mente
1099 4424 1330 4477 tractavi
1374 4424 1433 4476 in
1488 4425 1690 4478 aeterni
1736 4427 1959 4479 consilii

266 4518 794 4594 praedestinatione,
834 4538 853 4564 α
906 4515 982 4568 ita
1016 4513 1122 4567 erit
1155 4517 1210 4567 et
1259 4514 1336 4565 sic
1382 4512 1605 4566 eveniet
1650 4532 1675 4563 »
1724 4513 1782 4565 in
1814 4512 1961 4582 ipsa-

268 4628 396 4666 rum
423 4624 616 4663 rerum
650 4604 1080 4675 adimpletione.
1116 4602 1276 4667 Quod
1305 4603 1478 4655 etiam
1511 4602 1805 4671 sequentia
1836 4618 1962 4671 pro-

268 4701 457 4771 phetae
500 4695 673 4749 verba
721 4692 1024 4762 magniﬁce
1087 4696 1142 4745 et
1173 4690 1482 4744 clarissime
1526 4690 1833 4743 ostendunt
1885 4690 1964 4743 di-

269 4788 447 4843 centis
479 4802 543 4839 ex
587 4800 828 4855 persona
866 4780 1000 4835 Dei:
1046 4800 1073 4830 <<
1121 4781 1237 4834 Hoc
1282 4779 1587 4833 consilium
1631 4779 1783 4849 quod
1815 4779 1964 4848 cogi-

270 4877 381 4933 tavi
417 4889 588 4944 super
619 4886 845 4925 omnem
875 4873 1109 4935 terram,
1148 4872 1203 4921 et
1234 4868 1354 4920 haec
1386 4871 1469 4919 est
1500 4883 1703 4919 manus
1736 4870 1962 4919 extenta

271 4981 443 5036 super
486 4962 777 5015 universas
823 4960 1038 5028 gentes.
1088 4976 1113 5003 »
1160 4956 1229 5027 Et
1278 4971 1407 5007 mox
1458 4972 1521 5008 ex
1579 4970 1681 5007 sua
1720 4971 1964 5023 persona

272 5052 531 5109 addentis
557 5067 568 5105 :
600 5047 926 5102 «Dominus
949 5045 1104 5098 enim
1130 5044 1279 5097 Deus
1314 5044 1667 5098 exercituum
1694 5044 1959 5105 decrevit,

273 5143 399 5214 quis
447 5138 658 5211 poterit
706 5132 1037 5188 inﬁrmare?
1079 5136 1133 5185 et
1185 5148 1387 5185 manus
1441 5132 1563 5201 ejus
1614 5136 1863 5199 extenta,
1912 5138 1967 5186 et

275 5232 401 5301 quis
450 5230 665 5282 avertet
714 5225 877 5277 eam?
914 5244 940 5269 ››
982 5221 1240 5273 Profecto
1286 5219 1436 5272 enim
1493 5219 1551 5271 in
1610 5219 1698 5271 his
1756 5219 1962 5285 verbis,

275 5335 375 5389 per
427 5315 731 5371 consilium
791 5310 946 5381 quod
991 5307 1262 5378 cogitavit
1306 5308 1452 5360 Deus
1511 5324 1681 5377 super
1735 5323 1966 5360 omnem

274 5411 507 5469 terram,
558 5406 769 5454 aeterna
825 5399 946 5467 ejus
989 5395 1447 5465 praadestinatio;
1483 5399 1536 5446 et
1587 5412 1689 5464 per
1731 5411 1965 5448 manum

275 5495 586 5554 extentam,
639 5486 893 5556 ejusdem
941 5484 1161 5537 consilii
1229 5483 1603 5551 intelligenda
1661 5487 1746 5536 est
1790 5482 1970 5537 adim-

214 5550 471 5653 EXPIBIJO.

2051 1238 2373 1307 destinavit,
2454 1240 2782 1308 prazﬁnivit,
2858 1241 3074 1304 statuit,
3138 1242 3406 1311 praeﬁxit,
3471 1242 3779 1312 praeordi-

2050 1328 2242 1381 navit?

2126 1416 2201 1469 Ex
2231 1433 2346 1487 quo
2379 1417 2677 1471 manifeste
2702 1417 3078 1487 intelligimus
3104 1419 3240 1489 quid
3276 1420 3348 1473 sit
3376 1420 3779 1490 pres-destina-

2052 1509 2196 1571 tum,
2229 1505 2492 1559 videlicet
2543 1510 2599 1559 et
2645 1506 3016 1576 praeﬁnitum,
3070 1512 3364 1575 statutum,
3424 1510 3778 1580 praeﬁxum,

2053 1594 2521 1663 praeordinatum.
2562 1595 2660 1648 Hie
2704 1612 2956 1665 namque
3008 1613 3219 1661 sermo,
3252 1597 3309 1651 id
3359 1604 3443 1651 est
3490 1599 3776 1663 decrevit,

2055 1683 2306 1735 etiamin
2325 1683 2554 1735 Actibus
2577 1685 2963 1753 apostolorum
2990 1685 3045 1737 in
3068 1685 3240 1738 simili
3266 1702 3328 1739 re
3351 1691 3526 1757 atque
3550 1687 3778 1739 eodem

2060 1788 2229 1824 sensu
2280 1772 2526 1841 ponitur,
2574 1772 2672 1826 ubi
2728 1773 3040 1826 multitudo
3095 1774 3351 1827 ﬁdelium
3396 1776 3784 1828 unanimiter

2056 1860 2311 1913 levantes
2378 1877 2573 1913 vocem
2643 1860 2701 1913 in
2760 1861 3019 1915 oratione
3086 1862 3351 1915 dixerunt
3406 1864 3475 1916 ad
3541 1866 3773 1917 Deum:

2060 1970 2087 1999 ‹(
2133 1950 2534 2002 Convenerunt
2564 1949 2715 2002 enim
2748 1950 2807 2002 in
2852 1950 2954 2003 hac
3006 1950 3226 2004 civitate
3269 1952 3573 2005 adversum
3627 1969 3777 2005 san-

2057 2043 2211 2090 ctum
2254 2033 2498 2107 puerum
2543 2043 2706 2090 tuum
2747 2040 2958 2105 Jcsum,
3009 2054 3180 2109 quem
3232 2040 3467 2106 unxisti,
3504 2041 3775 2093 Herodes

2057 2130 2111 2177 et
2145 2125 2376 2178 Pontius
2406 2127 2615 2178 Pilatus
2646 2142 2771 2178 cum
2798 2126 3068 2196 gentibus
3092 2130 3147 2180 et
3172 2128 3400 2197 populis
3419 2129 3773 2183 Iudaeorum

2056 2213 2240 2266 facere
2300 2230 2427 2284 quae
2486 2229 2688 2266 manus
2746 2218 2842 2266 tua
2909 2220 2965 2267 et
3019 2215 3318 2269 consilium
3378 2217 3772 2271 decreverunt

2055 2302 2347 2372 ﬁeri(Act.
2412 2319 2483 2363 IV,
2534 2305 2625 2370 27,
2685 2301 2794 2371 28).
2846 2322 2871 2352 ι)
2924 2302 3028 2357 Ubi
3058 2304 3215 2381 enim
3273 2305 3504 2358 Latinus
3564 2306 3766 2360 inter-

2056 2407 2184 2461 pres
2222 2391 2291 2443 ad
2341 2407 2571 2444 sensum
2615 2391 2961 2444 transferens
3014 2408 3256 2446 numero
3297 2394 3508 2463 plurali
3564 2395 3767 2465 posuit

2056 2480 2422 2543 decreverunt,
2504 2478 2562 2530 in
2640 2479 2833 2533 Graeco
2920 2479 3199 2549 singulari
3281 2497 3523 2535 numero
3608 2483 3769 2551 legi-

2057 2573 2173 2634 tur,
2232 2586 2259 2617 «
2309 2584 2436 2637 quae
2492 2583 2695 2621 manus
2750 2572 2843 2622 tua
2902 2572 2958 2622 et
3003 2569 3308 2623 consilium
3336 2572 3767 2639 praedestinavit

2054 2655 2200 2710 ﬁeri.
2231 2677 2257 2705 ))

2126 2746 2281 2798 Sicut
2310 2745 2479 2798 etiam
2504 2746 2611 2798 hoc
2637 2746 2825 2815 ipsum
2856 2746 3250 2800 testimonium
3274 2748 3333 2800 in
3357 2748 3499 2801 libro
3521 2748 3591 2802 de
3612 2751 3762 2803 Prae.

2056 2832 2441 2887 destinatione
2481 2832 2815 2886 Sanctorum
2851 2833 2995 2902 (cap.
3044 2836 3124 2901 16)
3159 2835 3217 2887 Β.
3269 2836 3626 2905 Augustinus
3656 2853 3759 2906 po—

2057 2920 2233 2973 suisse
2256 2920 2564 2973 invenitur.
2585 2921 2837 2990 Idipsum
2865 2923 3017 2974 enim
3039 2923 3275 2975 verbum
3300 2923 3540 2976 hocloro
3566 2925 3762 2977 Grzece

1991 3006 2030 3059 C
2059 3009 2271 3079 legitur
2320 3009 2472 3078 quod
2523 3012 2577 3061 et
2624 3009 2684 3061 in
2731 3009 2980 3079 Epistola
3024 3010 3094 3065 ad
3142 3012 3450 3077 Romanos,
3484 3012 3581 3065 ubi
3630 3014 3763 3066 scri-

2059 3104 2221 3169 ptum
2271 3104 2390 3151 est:
2445 3119 2471 3146 ‹‹
2516 3099 2667 3161 Quos
2716 3104 2908 3152 autem
2954 3100 3380 3170 praedestinavit
3420 3102 3524 3154 hos
3574 3109 3633 3156 et
3671 3120 3763 3155 vo-

2060 3188 2207 3241 cavit
2235 3189 2404 3252 (Rom.
2434 3203 2550 3251 VIII,
2582 3190 2677 3253 30;
2732 3206 2758 3238 »
2797 3187 2892 3240 ubi
2941 3188 3093 3241 enim
3139 3205 3244 3241 nos
3278 3190 3473 3243 Latine
3510 3190 3760 3244 dicimus

2054 3276 2490 3345 praedestinavit,
2528 3274 2607 3327 ibi
2641 3274 2698 3328 et
2746 3275 2806 3327 in
2853 3275 2947 3328 illa
2992 3276 3243 3346 Epistola
3292 3282 3348 3331 et
3397 3278 3453 3331 in
3494 3279 3605 3332 hac
3637 3296 3760 3333 sen-

2060 3364 2241 3417 tentia
2292 3364 2359 3417 de
2402 3362 2636 3415 Actibus
2692 3364 3087 3433 apostolorum
3137 3366 3326 3419 Graece
3371 3366 3629 3435 positum
3678 3374 3758 3421 est

2057 3456 2362 3525 προώρισεν,
2407 3452 2591 3521 quod,
2648 3456 2707 3504 ut
2750 3451 2872 3521 jam
2926 3454 3141 3506 dictum
3190 3457 3311 3519 est,
3368 3454 3466 3507 alii
3524 3457 3756 3526 proprie

2060 3542 2477 3593 transtulerunt
2528 3541 2959 3608 praedestinavit,
3019 3541 3115 3594 alii
3166 3542 3429 3611 deﬁnivit,
3464 3545 3552 3597 vel
3590 3549 3757 3614 preﬁ-

2059 3630 2221 3695 m'vit,
2284 3628 2379 3680 alii
2413 3628 2667 3693 decrevit,
2697 3629 2785 3682 vel
2836 3629 3044 3699 plurali
3084 3646 3324 3684 numero
3376 3631 3755 3693 decreverunt,-

2062 3716 2160 3769 uhi
2192 3721 2247 3769 et
2279 3716 2416 3769 illud
2455 3720 2537 3769 est
2567 3716 2727 3770 valde
2762 3718 3010 3771 mirum:
3044 3718 3179 3788 quia
3210 3719 3356 3772 sicut
3384 3719 3445 3772 in
3480 3722 3755 3791 propheta

2064 3804 2291 3873 legitur,
2341 3810 2397 3858 et
2430 3824 2455 3855 «
2488 3804 2790 3858 consilium
2842 3806 2963 3873 Dei,
2998 3811 3053 3860 et
3100 3824 3304 3861 manus
3335 3812 3585 3871 extenta,
3623 3831 3648 3857 ››
3682 3809 3754 3861 ita

2064 3899 2120 3946 et
2148 3893 2237 3945 hic
2276 3892 2527 3961 ponitur,
2563 3912 2583 3941 ε
2622 3892 2805 3945 facere
2837 3910 2965 3963 quae
3012 3910 3214 3947 manus
3246 3900 3343 3947 tua
3372 3899 3429 3948 et
3454 3894 3751 3949 consilium

2062 3982 2328 4045 decrevit,
2381 3980 2495 4033 sive
2539 3980 2884 4035 decreverunt
2924 3982 3063 4035 fieri.
3112 4005 3139 4032 »
3191 3982 3354 4045 Quod
3401 3984 3617 4038 idcirco
3645 3990 3753 4037 tam

2063 4070 2366 4141 diligenter
2404 4069 2709 4123 dicendum
2754 4070 3098 4139 putavimus,
3137 4075 3202 4124 ut
3238 4072 3671 4139 praedestinavit,
3704 4078 3753 4126 et

2062 4159 2320 4224 decrevit,
2384 4163 2441 4211 et
2465 4157 2730 4223 deﬁnivit,
2785 4159 2872 4211 vel
2899 4161 3216 4227 preﬁnivit,
3252 4160 3503 4230 idipsum
3556 4161 3754 4231 signifi-

2066 4263 2194 4302 care
2240 4247 2629 4316 intelligatur:
2669 4267 2695 4293 ‹‹
2734 4249 3137 4302 Convenerunt
3171 4265 3306 4319 ergo
3336 4250 3611 4303 adversus
3643 4268 3756 4303 san-

2068 4342 2222 4390 ctum
2270 4352 2511 4405 puerum
2557 4338 2770 4403 Iesum,
2805 4353 2974 4407 quem
3015 4336 3177 4390 unxit
3208 4338 3374 4403 Deus,
3430 4340 3677 4392 Herodes
3709 4344 3759 4392 et

2070 4425 2306 4479 Pontius
2352 4424 2564 4477 Pilatus
2607 4425 2791 4478 facere
2836 4442 2962 4495 quae
3006 4441 3209 4479 manus
3240 4432 3294 4479 et
3323 4428 3633 4481 consilium
3666 4428 3757 4481 Dei

2071 4513 2521 4587 praedestinavit,
2578 4514 2846 4581 decrevit,
2904 4519 2959 4567 et
3014 4515 3319 4584 praelinivit
3368 4516 3515 4569 ﬁeri.
3564 4540 3592 4566 ››
3660 4518 3756 4571 Sed

2071 4619 2429 4675 quaecunque
2457 4603 2821 4673 omnipotens
2843 4605 2993 4657 Deus
3020 4606 3183 4657 Pater
3204 4604 3490 4673 unigeniti
3526 4606 3651 4659 Filii
3682 4606 3757 4660 sui

2072 4694 2336 4765 passione
2384 4692 2810 4761 praedestinavit
2840 4692 2985 4758 ﬁeri,
3038 4691 3121 4744 illi
3170 4693 3426 4746 fecerunt
3466 4696 3690 4748 malitia
3713 4700 3759 4747 et

2072 4782 2388 4852 impietate.
2446 4780 2545 4833 Ille
2602 4779 3026 4849 praedestinavit
3073 4781 3463 4834 misericordia
3511 4788 3570 4835 et
3612 4784 3757 4837 beni-

2072 4870 2312 4939 gnitate,
2342 4867 2424 4920 illi
2468 4872 2531 4921 ut
2575 4883 2787 4921 nomen
2831 4867 3038 4921 Christi
3085 4868 3361 4933 delerent,
3392 4869 3490 4923 ille
3541 4876 3611 4924 ut
3651 4872 3761 4941 ejus

2074 4956 2351 5023 sanguine
2387 4961 2618 5027 peccata
2661 4956 2859 5010 mundi
2892 4957 3167 5011 ablueret.
3205 4958 3619 5013 Praedestinata
3646 4964 3761 5014 sunt

2075 5045 2171 5098 illa
2204 5045 2399 5097 omnia
2424 5044 2562 5098 utin
2591 5045 2714 5114 ejus
2745 5044 3008 5114 passione
3036 5046 3258 5104 ﬁerent,
3294 5046 3760 5115 praedestinatum

2076 5134 2158 5182 est
2190 5134 2245 5181 et
2277 5144 2380 5194 per
2413 5145 2556 5198 quos
2588 5128 2792 5182 ﬁerent
2823 5129 2957 5199 quia
2994 5129 3254 5183 videlicet
3295 5137 3349 5183 et
3374 5131 3529 5199 justo
3556 5133 3759 5203 judicio

2078 5218 2175 5270 Dei
2202 5218 2410 5270 merito
2443 5217 2894 5287 przecedentium
2938 5222 3299 5287 peccatorum
3349 5219 3511 5289 digni
3537 5222 3760 5290 judicati

2078 5310 2210 5359 sunt
2237 5306 2336 5376 qui
2375 5306 2454 5359 ita
2495 5310 2937 5372 excaecarentur,
2970 5311 3035 5359 ut
3079 5323 3181 5376 per
3226 5323 3324 5360 eos
3357 5309 3493 5361 talia
3526 5313 3759 5381 comple-

2078 5401 2297 5448 rentur.
2350 5395 2505 5449 Sicut
2560 5399 2615 5448 et
2666 5396 2839 5449 Judas
2892 5394 3019 5449 ideo
3067 5397 3510 5465 praedestinatus
3573 5406 3659 5453 est
3710 5404 3761 5453 ut

2078 5483 2343 5537 eumdem
2388 5483 2693 5537 Dominum
2735 5483 3023 5538 Christum
3054 5484 3327 5551 traderet,
3362 5486 3503 5555 quia
3535 5488 3758 5556 dignum

2088 5590 2144 5626 se
2176 5572 2422 5641 prwbuit
2454 5571 2554 5643 qui
2586 5573 2698 5627 tale
2728 5572 2947 5626 facinus
2973 5573 3244 5643 expleret.
