3884 6218
110 386 231 438 1097

758 524 983 578 CAPUT
1028 525 1136 578 νη.

108 627 171 678 De
217 625 429 700 duobus
468 629 733 700 funiculis
760 633 808 681 et
849 630 1063 693 gemina
1092 636 1252 682 sorte.
1306 634 1379 684 De
1420 638 1621 685 eterna
1660 648 1797 700 pra:—

168 698 417 762 sct'entia,
459 699 806 765 providentia
837 706 886 751 et
916 701 1391 767 praedestinatione
1423 705 1540 755 Dei.
1592 698 1796 756 Discre-

172 768 243 819 tt'o
290 769 577 821 electorum
606 775 656 820 et
700 770 1047 837 reproborum
1077 774 1135 823 in
1184 773 1343 824 Jacob
1376 777 1424 825 et
1462 776 1608 827 Esau
1656 777 1792 841 ﬁgu-

170 844 313 889 rata.
353 841 555 892 Electio
580 842 845 904 gratuita,
880 842 1188 909 reprobatio
1207 843 1381 911 justo.

172 960 322 1011 Hanc
352 964 626 1013 aeternam
673 967 727 1013 et
761 961 1292 1016 incommutabilem
1333 963 1793 1033 praedestinatio-

109 1062 229 1099 nem
284 1048 383 1100 Dei
434 1048 505 1101 de
556 1053 797 1118 utraque
849 1050 1096 1116 civitate,
1147 1051 1201 1104 id
1250 1058 1334 1104 est
1381 1053 1690 1105 electorum
1740 1056 1794 1105 et

109 1136 501 1204 reproborum,
538 1138 595 1191 Β.
632 1138 801 1191 Isaias
826 1140 1110 1207 propheta
1143 1140 1203 1192 in
1244 1140 1356 1193 ﬁne
1390 1141 1582 1194 saeculi
1616 1140 1795 1193 adim-

108 1223 378 1290 plendam
410 1224 575 1277 miris
608 1226 869 1279 laudibus
908 1232 963 1279 et
997 1228 1375 1282 exsultatione
1411 1229 1795 1299 prosequitur,

108 1311 295 1365 dicens
325 1328 337 1365 :
378 1330 407 1364 α
442 1314 678 1367 Domine
713 1315 861 1368 Deus
907 1331 1067 1369 meus
1110 1322 1190 1381 tu,
1228 1318 1487 1369 exaltabo
1518 1322 1591 1380 te,
1627 1316 1798 1369 conﬁ-

111 1399 265 1451 tebor
294 1400 521 1454 nomini
552 1407 671 1467 tuo,
706 1404 977 1472 quoniam
1010 1404 1191 1457 fecisti
1237 1405 1542 1471 mirabilia,
1581 1405 1795 1474 cogita-

111 1488 287 1540 tiones
319 1489 584 1559 antiquas
626 1491 842 1557 fideles,
880 1508 1044 1544 amen
1079 1494 1204 1557 (Isa.
1242 1510 1363 1560 xxv,
1401 1494 1470 1563 1).
1508 1515 1534 1540 ››
1575 1495 1637 1546 Et
1668 1510 1796 1547 mox

109 1575 173 1627 de
203 1576 429 1630 civitate
478 1577 789 1647 impiorum
825 1597 837 1632 :
875 1602 901 1626 ‹‹
934 1581 1074 1643 Quia
1119 1582 1382 1651 posuisti,
1418 1581 1625 1650 inquit,
1660 1582 1799 1634 civi-

109 1668 273 1717 tatem
322 1664 383 1718 in
417 1668 751 1734 tumultum,
804 1669 1006 1721 urbem
1052 1671 1254 1722 fortem
1302 1670 1361 1722 in
1395 1670 1641 1736 ruinam,
1693 1670 1796 1723 do-

112 1770 259 1807 mum
308 1755 653 1822 alienorum,
688 1763 751 1809 ut
798 1773 911 1810 non
941 1758 1012 1810 sit
1049 1759 1263 1824 civitas,
1296 1764 1351 1811 et
1393 1759 1453 1811 in
1496 1760 1797 1828 sempiter-

112 1858 241 1895 num
295 1859 412 1896 non
470 1844 783 1898 aediﬁcetur
834 1846 1021 1913 (Ibid.,
1072 1847 1163 1916 2);
1218 1822 1257 1896 »⁷
1296 1847 1393 1900 ubi
1441 1853 1497 1901 et
1543 1822 1794 1901 de-civi-
1836 1822 1875 1873 Β

112 1936 216 1983 tate
242 1931 474 2000 piorum
505 1933 778 1985 continuo
808 1934 1069 2003 adjungit
1104 1951 1115 1987 :
1151 1955 1176 1983 cc
1208 1935 1390 2004 Super
1422 1935 1525 1988 hoc
1546 1936 1798 1989 laudabit

113 2024 163 2070 te
194 2020 440 2088 populus
474 2019 657 2086 fortis,
702 2020 897 2073 civitas
923 2022 1181 2090 gentium
1228 2023 1591 2077 robustarum
1636 2024 1799 2077 time-

113 2106 190 2158 bit
224 2110 277 2159 te
316 2107 495 2176 :quia
550 2107 731 2160 factus
781 2125 839 2161 es
895 2109 1166 2163 fortitudo
1216 2112 1475 2181 pauperi,
1524 2112 1795 2165 fortitudo

116 2210 282 2265 egeno
313 2194 377 2247 in
410 2195 782 2249 tribulatione
811 2213 913 2249 sua
943 2214 955 2250 :
992 2214 1118 2267 spes
1149 2215 1180 2251 a
1212 2200 1460 2265 turbine,
1493 2200 1793 2253 umbracu-

118 2284 223 2335 lum
289 2282 359 2335 ab
426 2288 566 2335 testu
634 2284 821 2351 (Ibid,
876 2287 927 2350 3,
996 2285 1067 2353 4).
1120 2308 1147 2333 ››
1216 2288 1325 2340 Has
1367 2287 1507 2341 duas
1570 2292 1796 2357 partes,

118 2372 417 2424 electorum
469 2372 735 2425 videlicet
765 2377 820 2424 et
860 2373 1260 2442 reproborum,
1306 2390 1578 2428 mensura
1616 2376 1797 2446 aequi-

116 2460 233 2511 tatis
257 2459 403 2529 justi
440 2460 641 2530 judicii
679 2460 775 2513 Dei
806 2462 1043 2514 alteram
1069 2463 1443 2531 perdendam,
1477 2470 1533 2517 et
1559 2466 1797 2517 alteram

118 2547 455 2615 salvandam,
481 2548 821 2602 mirabiliter
848 2549 1019 2603 etiam
1048 2550 1107 2602 in
1128 2551 1276 2602 libro
1304 2552 1521 2621 Regum
1556 2552 1797 2621 legimus

120 2635 454 2705 designatas,
518 2636 614 2689 ubi
667 2642 725 2689 et
774 2636 843 2690 de
895 2637 1063 2691 beato
1117 2639 1292 2691 David
1341 2639 1618 2710 scriptum
1670 2646 1794 2695 est:

121 2742 141 2765 ‹‹
168 2720 305 2783 Quia
354 2722 636 2791 percussit
684 2723 868 2788 Moab,
918 2728 975 2776 et
1006 2739 1239 2777 mensus
1270 2732 1357 2778 est
1401 2742 1499 2779 eos
1542 2727 1796 2781 funiculo

120 2824 412 2879 coaequans
451 2815 641 2863 terrae.
691 2811 918 2864 Mensus
947 2816 1030 2864 est
1064 2817 1256 2866 autem
1303 2814 1446 2867 duos
1493 2815 1794 2883 funiculos,

121 2913 280 2949 unum
329 2898 401 2951 ad
450 2898 825 2951 occidendum
857 2904 913 2952 et
941 2915 1123 2953 unum
1167 2902 1235 2954 ad
1280 2901 1679 2957 viviﬁcandum
1731 2908 1801 2973 (II

121 2988 229 3053 Reg.
264 3003 381 3053 vm,
423 2988 500 3056 2).
539 3006 564 3035 ι)
605 2987 739 3050 Quis
771 2987 925 3040 enim
976 3004 1093 3041 non
1141 2995 1412 3059 agnoscat
1440 3007 1637 3044 verum
1690 2993 1795 3045 Da-

1188 391 1272 444 DE
1314 392 1644 448 TENENDA
1684 393 2097 451 SCRIPTURIE
2137 396 2503 451 VERITATE.

3458 401 3591 451 1098

1831 534 1875 582 Α
1909 548 1936 575 ‹‹
1974 529 2178 581 Anima
2210 530 2363 582 enim
2408 546 2653 600 nequam
2684 530 2976 601 disperdet
3017 547 3149 584 eum
3182 530 3281 601 qui
3311 548 3369 584 se
3401 532 3593 601 habet,

1903 623 1959 669 et
1984 618 2041 669 in
2074 619 2349 687 gaudium
2396 619 2613 672 inimici
2640 620 2733 673 dat
2764 622 2948 685 illum,
2983 628 3039 674 et
3068 622 3311 675 deducet
3340 623 3500 676 illum
3534 624 3594 676 in

1902 711 2117 759 sortem
2164 706 2475 776 impiorum
2526 708 2711 775 (Eccli.
2749 726 2800 775 v,
2845 710 2920 778 4),
2959 733 2983 758 u
3035 710 3332 763 manifeste
3382 712 3595 766 scilicet

1903 794 2299 862 reproborum.

1976 882 2081 935 Sed
2138 888 2193 936 et
2239 883 2298 935 in
2348 882 2473 935 aliis
2521 883 2828 952 Scripturm
2880 890 3087 937 sanctae
3135 886 3272 938 locis
3319 901 3434 940 sors
3491 902 3593 956 pro

1897 969 2038 1038 justi
2067 970 2446 1023 retributione
2472 970 2677 1039 judicii
2718 972 2777 1023 in
2810 976 2969 1040 parte
3009 973 3383 1042 reproborum
3413 974 3596 1043 posita

1901 1057 2210 1123 invenitur,
2260 1058 2403 1111 sicut
2435 1059 2493 1110 in
2526 1059 2669 1111 lsaia
2708 1060 2778 1112 ad
2828 1059 3052 1129 plebem
3092 1062 3394 1130 reprobam
3448 1064 3595 1115 Deus

1902 1145 2083 1199 dicit:
2133 1165 2160 1196 α
2213 1146 2346 1199 Haec
2399 1151 2483 1200 est
2522 1163 2653 1217 pars
2701 1152 2818 1207 tua,
2869 1163 3107 1217 sorsque
3153 1164 3434 1201 mensura:
3482 1154 3595 1202 tuae

1903 1234 2035 1301 (Isa.
2071 1249 2198 1298 Lvu,
2226 1237 2306 1302 7).
2356 1256 2374 1280 ι
2413 1234 2476 1287 Et
2506 1234 2573 1287 de
2605 1233 2856 1287 inimicis
2901 1235 3104 1303 populi
3150 1236 3245 1288 Dei
3280 1236 3429 1289 idem
3462 1252 3596 1305 pro-

1904 1322 2076 1389 pheta
2123 1324 2245 1375 ait:
2286 1346 2303 1370 σ
2345 1323 2469 1375 Haec
2521 1327 2605 1375 est
2651 1339 2782 1391 pars
2836 1339 3058 1391 eorum,
3092 1323 3191 1393 qui
3241 1329 3600 1378 vastaverunt

1904 1424 2028 1473 nos,
2062 1414 2118 1462 et
2159 1426 2278 1461 sors
2310 1409 2705 1479 diripientium
2753 1425 2856 1463 nos
2905 1410 3033 1478 (Isa.
3083 1426 3211 1477 xvu,
3266 1413 3375 1479 18).
3412 1430 3439 1463 »
3489 1413 3599 1464 Ve—

1904 1496 1989 1548 nit
2033 1512 2169 1565 ergo
2206 1520 2225 1545 α
2282 1501 2523 1567 utraque
2571 1514 2711 1563 sors,
2759 1519 2787 1546 ››
2823 1498 2880 1551 id
2913 1504 3015 1563 est,
3068 1505 3124 1551 et
3168 1499 3367 1569 populi
3419 1499 3514 1552 Dei
3545 1504 3600 1551 et

1906 1600 2107 1637 eorum
2136 1586 2234 1654 qui
2271 1584 2443 1637 alieni
2480 1586 2813 1655 judicantur
2843 1603 2875 1639 a
2908 1588 3123 1655 populo
3174 1588 3294 1654 Dei,
3332 1610 3352 1635 ε
3387 1587 3447 1640 in
3479 1592 3599 1640 sta-

1905 1676 2091 1726 tutum
2124 1692 2175 1737 »,
2204 1673 2471 1727 videlicet
2501 1679 2583 1739 ut,
2617 1675 3107 1744 quemadmodum
3129 1681 3406 1729 statutum
3430 1682 3513 1729 est
3538 1676 3598 1728 in

1907 1762 2126 1813 occulto
2154 1762 2372 1830 judicio
2411 1762 2507 1815 Dei
2555 1762 2624 1815 de
2655 1761 2954 1831 utriusque
2993 1762 3259 1827 sortibus,
3294 1763 3347 1815 id
3381 1768 3483 1829 est,
3518 1762 3599 1815 ci-

1906 1845 2095 1900 vitatis
2136 1848 2237 1901 Dei
2279 1852 2334 1900 et
2364 1848 2607 1901 civitatis
2635 1847 2867 1915 diaboli,
2909 1847 3046 1917 ipsis
3077 1849 3245 1901 rebus
3275 1850 3601 1918 expleretur

1904 1950 1971 1987 ex
2003 1936 2100 1988 illo
2128 1937 2252 2003 jam
2283 1940 2561 2006 tempore,
2586 1952 2701 2005 quo
2735 1937 2803 1989 ab
2836 1937 3068 1989 exordio
3093 1936 3296 1990 mundi
3324 1952 3507 2007 usque
3528 1935 3600 1989 ad

1904 2022 2075 2076 ﬁnem
2110 2022 2303 2076 saeculi
2334 2023 2421 2076 1183
2456 2023 2581 2075 dum
2611 2022 2866 2075 civitates
2900 2023 3079 2076 mistaa
3112 2039 3371 2092 corpore,
3406 2026 3599 2076 mente

1905 2110 2120 2176 divise,
2155 2112 2545 2180 temporaliter
2577 2115 2838 2177 currunt,
2869 2112 3051 2164 donec
3080 2111 3147 2163 ad
3193 2110 3412 2164 debitos
3457 2112 3599 2164 ﬁnes

1903 2198 2265 2266 perveniant,
2298 2200 2383 2251 vel
2436 2198 2559 2251 vitae
2593 2203 2841 2263 ceterum,
2892 2199 2977 2251 vel
3012 2198 3211 2251 mortis
3254 2203 3545 2268 perpetua:
3581 2214 3595 2251 :

1904 2287 2012 2339 hoc
2042 2290 2232 2339 autem
2281 2292 2463 2340 totum
2500 2304 2524 2337 α
2562 2287 2716 2340 venit
2761 2286 2820 2339 in
2852 2291 3127 2339 statutum
3173 2304 3199 2336 ››
3234 2302 3427 2341 coram
3460 2287 3594 2352 Deo,

1905 2374 2003 2444 qui
2048 2375 2202 2427 solus
2251 2374 2408 2427 novit
2453 2390 2626 2445 quam
2671 2375 2822 2443 juste
2854 2375 2961 2427 ista
2991 2374 3372 2444 disposuerit,
3423 2389 3596 2444 quam

1905 2462 2182 2516 veraciter
2207 2466 2377 2533 atque
2409 2462 2712 2516 efﬁcaciter
2732 2478 2912 2532 usque
2944 2464 3013 2515 ad
3036 2463 3211 2516 ﬁnem
3234 2463 3427 2515 saeculi
3448 2478 3601 2516 com-

1909 2552 2195 2619 pleantnr.

1978 2640 2131 2692 Hanc
2188 2637 2616 2691 distinctionem
2664 2638 2840 2692 divini
2880 2638 3083 2708 judicii
3122 2644 3179 2692 et
3223 2638 3599 2707 praedestina—

1906 2726 2099 2792 tionis,
2134 2726 2381 2780 duorum
2416 2726 2676 2780 videlicet
2703 2726 3089 2779 funiculorum
3119 2732 3174 2779 et
3201 2727 3447 2780 duarum
3477 2743 3597 2780 sor-

1905 2815 2073 2881 tium,
2115 2830 2359 2884 quarum
2394 2831 2506 2867 una
2539 2818 2622 2867 est
2658 2814 2858 2884 populi
2886 2814 3067 2879 electi,
3100 2821 3156 2867 et
3184 2816 3360 2867 altera
3388 2814 3597 2884 impio-

1906 2918 2058 2962 rum.
2094 2902 2172 2955 ita
2202 2901 2546 2954 aeternaliter
2577 2918 2696 2954 esse
2743 2902 3074 2971 dispositam
3118 2902 3423 2972 praedictus
3453 2902 3600 2955 liber

1906 2990 2330 3043 Ecclesiasticus
2381 2990 2719 3043 mirabiliter
2764 2990 3011 3044 ostendit
3051 2990 3243 3043 dicens
3277 3006 3288 3042 :
3326 3007 3354 3039 ‹‹
3395 2992 3459 3045 In
3502 2991 3597 3058 ju-

122 3075 198 3126 vid
245 3092 367 3128 esse
402 3075 715 3129 Dominum
762 3076 956 3131 Jesum
999 3076 1306 3145 Christum,
1344 3079 1613 3132 Moabitas
1661 3097 1794 3133 vero
1835 3114 1875 3167 C
1909 3078 2055 3131 dicio
2106 3078 2204 3130 Dei
2266 3094 2442 3147 opera
2481 3077 2661 3148 ipsius
2709 3078 2777 3131 ab
2814 3078 2975 3132 initio
3031 3082 3086 3131 et
3125 3079 3193 3131 ab
3238 3078 3598 3131 institutione

117 3179 328 3216 omnem
374 3163 802 3217 multitudinem
850 3165 1188 3231 inﬁdelium,
1235 3166 1334 3236 qui
1383 3167 1552 3221 alieni
1602 3176 1733 3221 sunt
1765 3186 1796 3222 a
1843 3163 1875 3167 ’⁷
1904 3166 2159 3236 ipsorum
2209 3164 2466 3218 distinxit
2514 3170 2704 3235 partes
2754 3165 3024 3231 illorum;
3067 3185 3095 3215 ι)
3149 3170 3205 3218 et
3252 3166 3385 3219 alibi
3415 3165 3597 3219 dicit:

117 3253 311 3322 populo
350 3252 455 3305 Dei
484 3268 497 3306 :
527 3268 774 3323 quorum
817 3253 953 3307 dum
986 3254 1126 3307 alios
1150 3255 1304 3324 justo
1336 3259 1391 3309 et
1438 3257 1656 3310 occulto
1698 3258 1795 3327 ju-

115 3339 245 3392 dicio
264 3355 380 3393 suo
404 3340 757 3409 praeordinat
789 3341 853 3394 ad
887 3346 1131 3395 mortem
1159 3347 1458 3413 aeternam,
1492 3344 1631 3397 alios
1662 3360 1794 3399 vero

118 3426 239 3497 legit
268 3434 323 3482 et
368 3432 534 3481 vocat
576 3429 645 3482 ad
673 3428 850 3482 vitam
893 3434 1164 3483 aeternam
1186 3431 1215 3483 ?
1241 3430 1385 3494 Quid
1420 3432 1571 3485 aliud
1622 3448 1794 3502 quam

117 3516 435 3586 aequissima
474 3516 683 3585 judicii
712 3518 799 3570 sui
832 3533 1099 3571 mensura
1146 3540 1167 3567 ι
1203 3519 1343 3573 duos
1380 3519 1617 3573 metitur
1645 3520 1797 3573 funi-

116 3604 278 3669 culos,
312 3620 497 3657 unum
542 3605 610 3658 ad
654 3605 1050 3672 occidendum,
1085 3610 1141 3659 et
1173 3622 1349 3659 unum
1384 3607 1454 3659 rd
1502 3606 1799 3659 viviﬁcan-

116 3691 278 3744 dum?
307 3692 548 3761 (Esther.
582 3709 635 3759 x,
672 3694 775 3760 lO).
810 3716 829 3741 »
856 3693 963 3747 Sed
987 3694 1123 3747 etin
1148 3694 1295 3748 libro
1324 3695 1521 3749 Esther
1548 3695 1798 3765 idipsum

117 3780 173 3833 de
205 3785 451 3851 utraque
500 3785 682 3851 parte,
718 3786 774 3835 et
820 3782 1132 3836 electorum
1174 3783 1387 3837 scilicet
1430 3789 1486 3837 et
1522 3785 1799 3854 reprobo-

118 3885 251 3935 rum,
284 3874 344 3922 et
390 3869 650 3923 ﬁdelium
702 3874 757 3924 et
788 3870 1134 3938 inﬁdelium,
1187 3871 1292 3925 sub
1325 3873 1507 3941 ﬁgura
1553 3873 1797 3927 duarum

118 3958 345 4011 sortium
394 3958 701 4027 magniﬁce
749 3958 1055 4028 ﬁguratur,
1106 3959 1205 4013 ubi
1253 3960 1320 4012 de
1362 3963 1474 4015 Deo
1525 3961 1799 4030 scriptum

119 4050 191 4097 est
227 4062 239 4098 :
278 4064 305 4095 (ί
352 4046 418 4098 Et
466 4045 610 4098 duas
655 4049 838 4099 sortes
871 4062 991 4099 esse
1041 4047 1331 4117 praecepit,
1379 4064 1555 4101 unam
1603 4048 1801 4119 populi

120 4133 204 4185 Dei
253 4138 309 4187 et
338 4136 581 4186 alteram
612 4140 949 4187 cunctarum
993 4136 1252 4203 gentium
1283 4152 1295 4189 :
1328 4137 1596 4206 venitque
1644 4144 1804 4191 utra-

120 4237 215 4290 que
264 4237 390 4274 sors
434 4221 492 4274 in
548 4226 827 4275 statutum
877 4238 943 4276 ex
995 4223 1092 4276 illo
1137 4223 1256 4292 jam
1305 4229 1566 4294 tempore
1609 4242 1801 4280 coram

121 4308 221 4362 Deo
279 4308 473 4379 (Ibid,
510 4310 631 4376 ll);
679 4329 705 4361 ι»
758 4326 860 4380 per
904 4300 1119 4364 sortem
1172 4327 1423 4381 namque
1477 4313 1655 4366 divini
1698 4315 1800 4383 ju-

1907 3273 1935 3304 «
1978 3252 2251 3306 Dominus
2277 3253 2543 3307 homines
2569 3270 2768 3306 omnes
2795 3255 2863 3307 de
2892 3255 3031 3319 solo,
3060 3257 3117 3307 et
3143 3269 3211 3307 ex
3239 3259 3410 3317 terra,
3445 3254 3599 3307 unde

1905 3347 2127 3396 creatus
2156 3347 2241 3395 est
2286 3343 2487 3411 Adam,
2533 3342 2593 3395 in
2629 3342 2999 3396 multitudine
3033 3342 3347 3412 disciplinas
3399 3342 3596 3395 Domi-

1906 3430 1967 3483 ni
1996 3430 2280 3499 separavit
2312 3446 2425 3493 eos,
2464 3435 2519 3483 et
2564 3430 2889 3483 immutavit
2918 3431 3035 3483 vias
3084 3446 3304 3483 eorum.
3339 3430 3418 3483 Ex
3463 3430 3601 3499 ipsis

1905 3517 2197 3571 benedixit
2243 3522 2299 3569 et
2329 3517 2614 3579 exaltavit,
2660 3522 2716 3570 et
2743 3534 2812 3570 ex
2860 3517 2998 3586 ipsis
3029 3515 3401 3570 sanctiticavit
3442 3523 3500 3569 et
3528 3516 3601 3570 ad

1908 3623 1965 3659 se
2013 3604 2342 3675 applicavit;
2377 3609 2434 3658 et
2462 3621 2527 3658 ex
2571 3605 2711 3674 ipsis
2743 3605 3037 3659 maledixit
3080 3616 3137 3659 et
3168 3604 3511 3670 humiliavit,
3545 3609 3603 3659 et

1907 3693 2188 3747 convertit
2220 3693 2348 3746 illos
2395 3710 2426 3746 a
2457 3694 2814 3762 separatione
2863 3692 3140 3762 ipsorum.
3192 3692 3363 3756 Quasi
3411 3693 3601 3745 lutum

1908 3780 2069 3851 ﬁguli
2116 3780 2173 3834 in
2228 3797 2403 3834 manu
2450 3780 2632 3851 ipsius
2664 3782 2947 3850 plasmare
2993 3781 3131 3834 illud
3182 3789 3239 3835 et
3268 3782 3596 3851 disponere.

1909 3870 2119 3923 Omnes
2158 3869 2262 3922 viae
2294 3870 2415 3938 ejus
2442 3869 2755 3923 secundum
2793 3869 3225 3939 dispositionem
3260 3870 3381 3939 ejus
3409 3869 3603 3939 (Ecclt'l

1880 3974 2096 4024 ‘XXXlll,
2152 3960 2235 4023 10,
2292 3960 2373 4024 12,
2412 3960 2495 4024 13,
2551 3959 2659 4026 14).
2695 3979 2720 4005 »
2760 3958 2899 4011 Huic
2940 3959 3239 4013 sententiae
3287 3958 3468 4011 simile
3516 3964 3602 4013 est

1911 4046 2047 4099 illud
2076 4046 2226 4114 quod
2262 4046 2426 4099 beata
2454 4046 2650 4099 Judith
2680 4046 2740 4099 in
2773 4046 3032 4099 oratione
3066 4062 3167 4099 sua
3197 4047 3264 4099 ad
3296 4047 3476 4100 Deum
3509 4045 3600 4099 di-

1911 4134 1983 4188 cit
2019 4150 2031 4187 :
2067 4155 2093 4182 «
2128 4135 2209 4187 Tu
2250 4135 2405 4188 enim
2445 4134 2625 4187 fecisti
2656 4134 2868 4203 priora,
2914 4140 2968 4188 et
3000 4135 3094 4187 illa
3143 4139 3272 4205 post
3300 4135 3396 4187 illa
3440 4134 3599 4204 cogi-

1910 4222 2063 4287 tasti,
2116 4229 2173 4275 et
2225 4221 2331 4275 hoc
2360 4222 2576 4276 factum
2607 4229 2691 4276 est
2737 4223 2890 4293 quod
2937 4223 3058 4293 ipse
3107 4223 3359 4292 voluisti,
3405 4228 3462 4277 et
3506 4228 3604 4276 tua

1904 4310 2120 4380 judicia
2150 4310 2209 4362 in
2236 4315 2336 4363 tua
2365 4311 2728 4379 providentia
2760 4311 3000 4380 posuisti
3030 4311 3255 4377 (Iudith,
3290 4327 3363 4376 1x,
3390 4311 3443 4378 4,
3478 4312 3551 4380 5).
3578 4333 3597 4359 ι

121 4394 238 4450 dicii
286 4397 565 4466 expositio
598 4400 749 4450 recte
784 4398 1147 4467 intelligitur,
1193 4399 1415 4453 dicente
1445 4401 1747 4455 Salomone
1782 4419 1794 4456 :
1838 4408 1881 4461 D
1982 4399 2163 4462 Quam
2195 4414 2329 4452 vero
2362 4404 2574 4453 aeterna
2625 4399 2737 4453 sint
2766 4399 2888 4468 ejus
2936 4399 3296 4469 praascientia
3327 4403 3382 4452 et
3412 4400 3604 4467 provi-

123 4484 352 4538 «Sortes
402 4485 715 4538 mittuntur
745 4485 805 4538 in
836 4485 1051 4553 sinum,
1096 4487 1189 4540 sed
1236 4504 1267 4540 a
1301 4488 1542 4543 Domino
1582 4494 1801 4560 tempe-

122 4578 304 4626 rantur
356 4573 535 4642 (Prov.
570 4589 682 4639 xvr,
719 4576 831 4643 33).
868 4592 895 4624 ››
942 4575 1007 4626 Et
1048 4574 1415 4644 omnipotens
1462 4577 1609 4629 Deus
1661 4576 1803 4629 duas

122 4665 283 4714 sortes
313 4677 436 4715 esse
463 4661 757 4731 praecepit,
786 4676 956 4713 unam
978 4662 1178 4730 populi
1212 4662 1331 4728 Dei,
1356 4663 1413 4716 id
1438 4668 1517 4717 est
1539 4664 1802 4717 omnium

123 4749 436 4816 electorum,
475 4754 531 4801 et
564 4750 800 4802 alteram
849 4754 1181 4803 cunctarum
1215 4749 1497 4820 gentium,
1542 4751 1804 4805 omnium

122 4835 364 4890 videlicet
404 4836 787 4907 reproborum
818 4853 829 4890 :
868 4841 924 4890 et
953 4842 1224 4908 utrasque
1269 4843 1457 4908 partes
1482 4838 1685 4908 judicii
1717 4839 1805 4892 sui

125 4929 257 4978 sorte
290 4925 566 4992 distinxit,
615 4930 680 4979 ut
712 4925 809 4979 alii
840 4931 1030 4979 essent
1072 4927 1131 4979 in
1162 4930 1353 4996 partes
1384 4927 1551 4980 sortis
1592 4931 1807 4980 sancto-

127 5028 258 5080 rum,
305 5014 404 5067 alii
434 5030 568 5068 vero
611 5014 673 5067 in
718 5019 910 5084 partes
962 5014 1129 5067 sortis
1176 5015 1509 5085 impiOrum.
1558 5016 1687 5069 Esse
1722 5020 1805 5069 et-

128 5101 263 5155 enim
292 5101 433 5155 duas
463 5107 667 5167 sortes,
699 5102 758 5155 id
786 5108 871 5155 est
901 5106 1114 5156 sortem
1148 5108 1478 5156 sanctorum
1511 5108 1566 5156 et
1593 5106 1806 5157 sortem

127 5186 440 5257 impiorum,
512 5195 705 5258 aperte
756 5190 1048 5260 Scriptura
1113 5206 1218 5243 nos
1265 5190 1448 5255 docet,
1492 5206 1621 5244 cum
1671 5190 1808 5244 dicit

126 5278 407 5344 Apostolus
421 5277 491 5330 de
510 5277 728 5346 prima:
751 5300 771 5325 c
789 5278 897 5342 Qui
914 5278 1117 5348 dignos
1132 5294 1233 5331 nos
1253 5278 1386 5332 fecit
1404 5278 1461 5330 in
1487 5283 1677 5348 partes
1695 5294 1808 5331 sor-

129 5362 187 5414 tis
232 5370 555 5419 sanctorum
596 5366 657 5418 in
691 5366 911 5419 lumine
944 5382 956 5418 :
997 5366 1095 5436 qui
1141 5366 1355 5435 eripuit
1394 5383 1499 5420 nos
1528 5367 1597 5420 de
1644 5371 1805 5436 pote-

130 5454 253 5504 state
278 5454 672 5517 tenebrarum,
719 5459 775 5508 et
801 5453 1095 5507 transtulit
1127 5454 1185 5506 in
1228 5470 1471 5522 regnum
1507 5454 1631 5507 Filii
1663 5455 1807 5508 dile-

129 5538 311 5593 ctionis
342 5558 461 5595 sua:
514 5540 651 5609 (Col.
690 5558 729 5610 1,
782 5545 866 5607 12,
905 5542 1025 5610 l3);
1071 5562 1097 5590 η
1150 5558 1279 5612 quas
1324 5547 1409 5595 est
1440 5542 1639 5612 utique
1687 5558 1808 5595 sors

130 5628 308 5697 populi
327 5629 456 5694 Dei;
488 5634 546 5681 et
566 5628 635 5681 de
659 5629 837 5682 altera
857 5629 915 5682 in
944 5629 1088 5682 libro
1112 5628 1501 5682 Ecclesiastico
1524 5630 1800 5698 legimus:

432 5717 728 5777 PATROL.
776 5715 1001 5776 CXXI.

1911 4485 2104 4539 dentia
2146 4490 2203 4539 et
2243 4485 2766 4555 praedestinationis
2805 4485 3043 4554 judicia,
3094 4485 3245 4539 idem
3293 4484 3438 4537 liber
3469 4485 3605 4539 alibi

1912 4572 2182 4638 ostendit,
2244 4572 2485 4626 dicens:
2525 4594 2551 4620 ‹‹
2595 4572 2838 4625 Domino
2898 4571 3051 4624 enim
3118 4573 3234 4624 Deo
3295 4575 3603 4640 antequam

1913 4665 2265 4726 crearentur,
2319 4661 2512 4714 omnia
2543 4661 2771 4730 agnita;
2803 4659 2882 4713 sic
2924 4664 2979 4712 et
3010 4664 3137 4728 post
3167 4658 3485 4728 perfectum
3510 4674 3603 4711 re-

1915 4749 2082 4819 spicit
2120 4749 2333 4803 omnia.
2373 4750 2554 4819 Opera
2586 4748 2774 4801 omnis
2807 4747 2994 4801 carnis
3024 4762 3213 4800 coram
3247 4746 3368 4813 illo,
3404 4751 3606 4800 etnon

1914 4843 2000 4890 est
2029 4836 2341 4906 quidquam
2396 4835 2787 4888 absconditum
2825 4835 2894 4889 ab
2929 4835 3108 4888 oculis
3141 4836 3284 4903 ejus.
3319 4839 3365 4888 Α
3396 4835 3602 4887 seculo

1915 4928 1970 4977 et
1997 4939 2180 4994 usque
2203 4923 2263 4976 in
2293 4923 2562 4975 saculum
2594 4922 2845 4992 respicit,
2880 4928 2936 4976 et
2964 4921 3109 4975 nihil
3142 4927 3226 4974 est
3251 4920 3512 4974 mirabile
3544 4921 3605 4974 in

1915 5017 2219 5082 conspectu
2271 5011 2413 5079 ejus.
2452 5010 2575 5063 Non
2627 5016 2712 5064 est
2761 5010 2949 5063 dicere
2988 5026 2999 5063 :
3033 5009 3179 5073 Quid
3227 5009 3469 5077 esthoc,
3511 5014 3607 5062 aut

1916 5100 2053 5171 quid
2085 5104 2168 5152 est
2195 5098 2337 5151 illud
2373 5114 2385 5151 :
2420 5097 2613 5151 omnia
2643 5099 2796 5152 enim
2824 5099 2882 5153 in
2918 5104 3174 5167 tempore
3205 5114 3308 5151 suo
3341 5112 3604 5168 quaeren-

1915 5194 2027 5242 tur.
2059 5188 2179 5240 Non
2208 5186 2466 5255 praeterit
2492 5186 2657 5239 illum
2691 5187 2877 5240 omnis
2908 5187 3205 5256 cogitatus.
3242 5191 3298 5239 et
3328 5202 3440 5239 non
3473 5186 3607 5239 abs-

1916 5275 2111 5329 condit
2140 5291 2198 5327 se
2236 5274 2304 5327 ab
2337 5290 2404 5328 eo
2436 5275 2583 5327 ullus
2615 5291 2821 5328 sermo.
2856 5275 3133 5345 Magnalia
3167 5275 3460 5344 sapientiae
3490 5290 3608 5328 sua:

1915 5363 2221 5428 decoravit,
2258 5379 2386 5433 qua:
2420 5369 2504 5416 est
2546 5368 2676 5417 ante
2708 5365 2975 5417 smculum
3015 5368 3070 5417 et
3103 5380 3283 5434 usque
3320 5362 3380 5415 in
3424 5378 3609 5416 saecu-

1917 5454 2056 5518 lum,
2099 5467 2286 5521 neque
2349 5451 2634 5520 abjectum
2684 5458 2787 5517 est,
2824 5469 3011 5522 neque
3041 5452 3345 5516 minuitur,
3409 5455 3465 5504 et
3492 5466 3610 5504 non

1918 5546 2048 5611 eget
2096 5540 2338 5609 alicujus
2368 5540 2626 5594 consilio.
2663 5541 2777 5594 Viae
2822 5542 3054 5595 illorum
3081 5555 3272 5594 coram
3320 5539 3446 5609 ipso
3479 5545 3612 5593 sunt

1922 5645 2173 5699 semper,
2220 5645 2334 5683 ιιωι
2364 5633 2495 5682 sunt
2528 5629 2812 5683 absconsae
2845 5629 2913 5683 ab
2939 5629 3117 5684 oculis
3151 5630 3363 5700 ipsius;
3397 5632 3453 5680 et
3482 5644 3611 5680 om-

3195 5719 3274 5777 35
