3884 6218
297 386 431 436 1099

1389 380 1443 431 S.
1489 376 1753 432 REMIGII
1800 375 2272 431 l.U(‘.DUNENSlS
2315 374 2628 430 EPISCOPI

3664 373 3783 422 11ου

296 518 389 570 nia
421 530 590 583 opera
614 512 841 564 illorum
876 510 1029 561 velut
1060 511 1139 560 sol
1176 509 1231 560 in
1258 513 1561 576 conspectu
1590 508 1689 560 Dei
1726 524 1736 559 :
1772 512 1825 559 et
1854 521 1981 558 ocu-
2021 511 2067 564 A
2097 506 2321 558 effabile
2354 505 2688 575 mysterium
2736 502 2933 555 aeterni
2959 502 3179 571 judicii,
3234 508 3346 554 tam
3390 502 3451 553 in
3494 506 3657 569 parte
3687 502 3787 553 ele-

294 607 333 659 li
362 607 483 673 ejus
534 604 653 653 sine
696 599 1117 651 intermissione
1167 596 1535 665 inspicientes
1568 596 1626 648 in
1691 596 1792 646 viis
1832 594 1982 663 ipso-

294 710 420 747 rum
493 691 675 759 (Eccli.
744 688 1051 751 xx1u,29;
1111 701 1296 749 xxxix,
1364 686 1454 747 24,
1519 687 1622 743 26,·
1693 699 1823 747 XLII,
1891 684 1978 743 20,

291 786 380 845 22,
438 783 512 839 l3,
572 782 697 841 16).)
764 798 789 823 ››
849 776 1009 828 Certe
1039 775 1162 843 ipsa
1222 778 1436 825 aaterna
1487 777 1541 825 et
1601 772 1981 823 incommuta-

292 868 421 921 bilis
502 865 713 917 Veritas
779 862 1054 915 Dominus
1125 864 1317 913 noster
1373 860 1531 911 Jesus
1598 858 1852 911 Christus
1913 858 1982 909 de

292 958 415 1025 lege
448 960 503 1007 et
535 950 828 1022 prophetis
875 949 1201 1003 ﬁrmissime
1232 949 1503 1013 inculcat,
1553 947 1746 1000 dicens
1778 963 1789 998 :
1824 967 1849 993 ‹‹
1888 946 1980 998 Di-

291 1059 355 1096 co
401 1042 553 1094 enim
604 1040 781 1104 vobis,
816 1038 951 1108 quia
1004 1038 1185 1090 donec
1233 1042 1482 1089 transeat
1526 1037 1729 1087 coelum
1763 1040 1818 1087 et
1868 1040 1979 1087 ter-

289 1149 373 1197 ra,
408 1133 522 1183 iota
553 1145 731 1183 unum
756 1134 855 1180 aut
880 1143 1027 1179 unus
1074 1143 1212 1196 apex
1245 1142 1360 1179 non
1400 1125 1713 1194 praeteribit
1740 1140 1803 1177 ex
1833 1126 1978 1192 lege,

291 1222 471 1275 donec
496 1218 688 1271 omnia
720 1217 859 1268 fiant
889 1215 1103 1285 (Matth.
1138 1231 1189 1278 v,
1230 1214 1329 1271 18).
1370 1235 1389 1259 υ
1421 1214 1489 1265 Et
1520 1213 1727 1265 iterum
1764 1227 1776 1264 :
1816 1234 1835 1258 ι
1879 1213 1979 1263 Fa-

290 1309 456 1361 cilius
500 1312 583 1359 est
613 1305 818 1357 coelum
859 1309 915 1356 et
965 1309 1173 1355 terram
1218 1301 1480 1363 transire,
1521 1316 1693 1369 quam
1744 1300 1812 1353 de
1856 1300 1981 1368 lege

289 1412 470 1449 unum
519 1394 736 1463 apicem
781 1392 980 1444 cadere
1027 1392 1171 1455 (Luc.
1214 1406 1322 1455 xv1,
1377 1390 1483 1457 l7).
1521 1411 1547 1437 »
1584 1390 1645 1441 Et
1686 1388 1754 1441 de
1797 1387 1982 1440 verbis

293 1484 428 1537 Novi
462 1480 831 1545 Testamenti,
866 1480 923 1531 in
953 1479 1160 1547 quibus
1193 1479 1390 1547 utique
1424 1494 1537 1529 non
1572 1477 1691 1528 sola
1728 1476 1821 1527 illa
1855 1492 1980 1544 quae

289 1588 387 1624 ore
417 1570 652 1640 proprio
686 1570 905 1621 locutus
937 1572 1039 1625 est,
1070 1567 1165 1619 sed
1195 1567 1367 1619 etiam
1401 1565 1595 1617 omnia
1624 1580 1751 1633 qua:
1785 1568 1839 1615 et
1879 1579 1982 1632 per

289 1667 511 1713 sanctos
560 1659 847 1727 apostolos
915 1661 970 1707 et
1019 1655 1397 1722 evangelistas
1460 1653 1600 1705 dixit
1659 1652 1980 1719 intelligere

289 1749 581 1810 debemus,
625 1746 703 1797 ita
751 1744 1017 1808 affirmat,
1070 1743 1307 1795 dicens:
1347 1760 1373 1791 ‹(
1407 1744 1589 1795 Amen
1638 1741 1761 1793 dico
1794 1740 1974 1803 vobis,

290 1853 401 1889 non
450 1834 766 1904 praeteribit
814 1832 1105 1901 generatio
1152 1832 1272 1884 haec
1320 1830 1501 1883 donec
1550 1828 1742 1881 omnia
1788 1828 1974 1880 fiant:

288 1926 494 1977 coelum
537 1929 593 1975 et
652 1928 802 1975 terra
834 1922 1177 1984 transibunt,
1227 1919 1396 1971 verba
1442 1922 1631 1970 autem
1679 1932 1805 1968 mea
1863 1931 1977 1967 non

287 2010 619 2065 transibunt
671 2012 851 2077 (Marc.
908 2024 1028 2073 xui,
1084 2010 1169 2071 30,
1221 2010 1334 2075 3t).
1390 2027 1409 2051 ι
1460 2004 1796 2072 Quicunque
1842 2018 1978 2071 ergo

288 2102 461 2153 verba
514 2099 814 2167 utriusque
863 2094 1227 2157 Testamenti,
1279 2094 1394 2146 sive
1443 2094 1511 2145 de
1566 2097 1725 2162 parte
1775 2093 1981 2144 electo-

287 2206 435 2255 rum,
471 2205 567 2241 seu
609 2188 677 2241 de
720 2190 878 2255 parte
922 2184 1297 2253 reproborum
1345 2181 1491 2235 dicta
1554 2180 1685 2245 sint,
1734 2180 1981 2233 ﬁdeliter

288 2278 426 2347 legit
472 2277 555 2329 vel
592 2274 770 2339 audit,
819 2274 897 2326 ita
925 2290 989 2325 ea
1019 2272 1187 2325 debet
1233 2270 1484 2340 accipere
1519 2274 1574 2322 et
1605 2274 1818 2332 tenere,
1852 2274 1975 2320 tan-

287 2382 457 2435 quam
482 2382 611 2418 vere
634 2363 981 2416 mternaliter
1011 2360 1161 2430 apud
1189 2361 1362 2413 Deum
1387 2357 1667 2428 prmscita,
1694 2362 1749 2409 et
1770 2372 1979 2426 praeor-

288 2456 500 2519 dinata,
564 2470 626 2505 ac
683 2451 984 2521 prteflnita,
1058 2454 1117 2501 ut
1182 2447 1417 2501 omnino
1478 2446 1643 2499 aliter
1681 2462 1801 2499 esse
1863 2461 1975 2498 non

287 2544 482 2612 possit.

356 2630 501 2693 Quid
531 2644 661 2681 vero
689 2626 967 2679 illustrius
1004 2629 1056 2677 et
1088 2623 1547 2693 magniﬁcentius
1578 2622 1647 2675 de
1676 2622 1977 2691 utriusque

285 2720 479 2789 partis,
504 2722 558 2770 et
582 2716 956 2785 reproborum
990 2713 1202 2765 scilicet
1232 2716 1285 2764 et
1314 2713 1645 2773 electorum,
1681 2715 1736 2763 et
1768 2710 1977 2762 intide—

283 2808 425 2860 lium
458 2812 512 2858 et
543 2804 795 2857 ﬁdelium
829 2818 840 2854 :
876 2817 1119 2871 quorum
1153 2800 1271 2865 alii,
1302 2816 1372 2851 ne
1406 2798 1739 2868 mysterium
1777 2798 1976 2850 Domi-

282 2894 395 2947 nici
428 2894 722 2956 adventus,
757 2896 813 2942 et
838 2891 1173 2959 priusquam
1201 2888 1664 2939 manifestaretur
1697 2886 1754 2937 in
1782 2901 1971 2949 carne,

283 2986 340 3034 et
372 2985 566 3050 postea
597 2994 776 3047 usque
810 2976 880 3029 ad
928 2975 1102 3028 linem
1135 2976 1325 3027 saeculi
1369 2988 1680 3043 agnoscere
1724 2976 1971 3042 possent,

284 3068 488 3121 merito
534 3064 817 3134 superbiae
868 3063 1135 3117 excmcari
1189 3069 1243 3115 et
1291 3062 1510 3130 repelli,
1561 3060 1659 3113 alii
1708 3076 1809 3129 per
1839 3076 1973 3129 gra-

282 3157 422 3209 tiam
480 3160 537 3207 et
584 3154 854 3223 pietatem
914 3150 1044 3203 fidei
1092 3150 1407 3202 illuminari
1457 3153 1824 3209 meruerunt,
1889 3148 1974 3200 vel

275 3245 431 3312 justa
491 3240 818 3310 rejectione,
886 3239 972 3291 vel
1032 3237 1278 3307 gratuita
1345 3237 1644 3301 electione,
1703 3236 1814 3288 dici
1882 3240 1977 3287 aut

282 3328 671 3384 commendari
701 3327 906 3397 potuit,
942 3342 1113 3396 quam
1148 3326 1299 3395 quod
1333 3326 1453 3393 ipse
1491 3324 1766 3377 Dominus
1794 3342 1820 3373 «
1856 3338 1975 3375 ma-

282 3419 382 3489 gni
450 3417 673 3471 consilii
736 3416 971 3485 angelus
1040 3432 1088 3479 »,
1136 3414 1190 3466 id
1257 3418 1356 3476 est,
1430 3418 1684 3481 paterna:
1735 3428 1797 3464 ac
1858 3427 1975 3464 sua:

281 3510 510 3559 aeternas
578 3502 888 3556 voluntatis
951 3501 1135 3554 fidelis
1206 3500 1364 3553 testis
1440 3516 1504 3552 ac
1578 3499 1838 3562 nuntius,
1916 3499 1974 3550 in

284 3594 586 3663 Evangelio
631 3593 809 3645 Deum
842 3592 1064 3643 Patrem
1106 3589 1448 3658 gloriﬁcans,
1485 3588 1651 3657 eique
1682 3603 1852 3656 super
1877 3587 1977 3655 ju—

280 3681 620 3751 stisjudiciis
642 3679 853 3748 gratias
873 3694 1067 3747 agens,
1090 3678 1341 3730 declarat
1362 3682 1532 3746 atque
1554 3676 1873 3740 annuntiat,
1898 3674 1978 3727 di-

282 3787 411 3823 cens
439 3790 449 3823 :
490 3792 510 3817 ι
548 3767 876 3822 Conﬁtebor
908 3766 1033 3831 tibi,
1066 3766 1249 3830 Pater,
1287 3764 1514 3817 Domini
1545 3764 1669 3817 coeli
1703 3769 1758 3815 et
1791 3768 1973 3828 terrae,

284 3860 417 3929 quia
458 3855 805 3911 abscondisti
854 3855 975 3907 haec
1003 3871 1035 3906 a
1084 3852 1435 3922 sapientibus
1475 3857 1532 3903 et
1575 3850 1975 3919 prudentibus,

282 3952 337 4000 et
386 3945 645 3999 revelasti
706 3960 772 3996 ea
835 3941 1090 4012 parvulis
1154 3943 1297 4007 (Luc.
1347 3956 1399 4004 x,
1468 3942 1575 4007 2t).
1644 3959 1665 3985 ι
1724 3940 1787 3991 Et
1848 3953 1993 3990 mox

280 4040 596 4103 utrumque
626 4038 682 4084 et
726 4030 1164 4083 excrecationem
1196 4028 1459 4081 videlicet
1493 4027 1895 4096 superborum,
1924 4031 1979 4079 et

281 4122 767 4175 illuminationem
803 4118 1107 4170 humilium
1140 4117 1209 4169 ad
1244 4121 1546 4181 aeternum,
1579 4119 1634 4168 et
1664 4115 1979 4170 incommu-

284 4210 457 4263 tabile
495 4209 675 4261 Patris
706 4207 1027 4270 consilium,
1075 4211 1246 4275 atque
1279 4204 1562 4273 judicium
1594 4220 1722 4256 cum
1755 4220 1979 4256 summa

282 4298 449 4352 laude
482 4302 539 4349 et
568 4294 943 4348 exsultatione
966 4293 1557 4361 referens‘subjungit,
1593 4293 1817 4344 dicens:
1844 4312 1870 4342 α
1896 4294 1978 4345 Ita

2091 600 2314 647 ctorum
2345 610 2516 663 quam
2550 593 2722 645 etiam
2756 592 3147 661 reproborum.

2164 683 2321 746 Quod
2372 683 2540 734 etiam
2591 681 2956 734 beatissimus
2987 680 3141 733 Isaac
3187 678 3510 749 patriarcha
3555 681 3784 746 repente

2093 770 2201 823 sibi
2251 770 2475 840 plenius
2521 786 2585 822 ac
2632 769 2974 838 profundius
3020 770 3078 821 in
3110 768 3333 821 duobus
3383 768 3500 819 suis
3546 766 3788 836 geminis

2096 862 2430 924 revelatum,
2498 860 2655 912 velut
2717 874 2844 910 cum
2912 858 3183 926 Apostolo
3253 863 3443 909 mente
3515 854 3788 907 excedens

2092 950 2262 1018 (Rom.
2320 966 2396 1015 x1,
2429 951 2547 1017 33),
2604 970 2624 994 ε
2681 953 2737 1000 et
2769 946 3371 1016 incomprehensibilia
3436 946 3537 997 Dei
3573 943 3790 1012 judicia

2093 1043 2261 1107 atque
2311 1035 2734 1105 investigabiles
2766 1036 2880 1087 vias
2913 1055 2939 1085 ι)
2974 1035 3393 1103 contemplatus
3434 1052 3461 1081 ‹‹
3500 1032 3732 1101 expavit
3762 1052 3783 1076 ν

2093 1126 2175 1194 (ut
2201 1126 2476 1194 scriptum
2504 1127 2628 1192 est),
2661 1142 2686 1173 ‹‹
2722 1130 2953 1192 stupore
2980 1123 3325 1186 vehementi,
3361 1129 3415 1174 et
3437 1123 3591 1174 ultra
3616 1136 3788 1189 quam

2090 1213 2241 1265 credi
2272 1217 2477 1282 potest,
2508 1212 2819 1265 admiratus
2854 1218 2956 1264 est.
2994 1230 3020 1260 ι)
3050 1213 3242 1280 Neque
3276 1210 3428 1263 enim
3464 1212 3572 1261 hoc
3608 1214 3789 1261 tanto-

2090 1316 2225 1369 pere
2258 1301 2543 1370 stupuisse
2578 1316 2639 1352 ac
2672 1301 2909 1353 miratus
2953 1316 3072 1353 esse
3105 1300 3421 1352 credendus
3456 1302 3561 1363 est,
3598 1298 3647 1349 si
3683 1312 3785 1348 cae-

2090 1406 2186 1442 cus
2219 1394 2275 1442 et
2318 1390 2445 1459 pius
2493 1394 2676 1458 pater,
2709 1392 2807 1441 aut
2848 1388 3371 1450 verisimilitudine,
3406 1392 3503 1439 aut
3556 1387 3787 1456 propria

2093 1478 2389 1530 affectione
2444 1478 2502 1529 in
2549 1476 2940 1529 discernendis
2987 1476 3119 1529 ﬁliis
3151 1477 3231 1528 vel
3284 1476 3401 1528 falli
3446 1475 3660 1544 potuit,
3710 1475 3785 1525 vel

2091 1582 2280 1617 errare
2359 1566 2511 1633 (Gen.
2582 1581 2750 1631 xxvn,
2827 1568 2935 1630 33),
3001 1564 3099 1618 sed
3162 1565 3350 1617 subito
3416 1563 3788 1617 revelatiouis

2090 1653 2205 1705 ictu
2263 1669 2362 1706 cor
2393 1654 2517 1722 ejus
2566 1654 2978 1717 illuminatum,
3013 1653 3080 1705 ad
3147 1652 3487 1705 memoriam
3540 1651 3785 1715 reduxit,

2088 1741 2225 1810 quid
2251 1741 2435 1793 adhuc
2467 1742 2679 1794 eisdem
2714 1763 2740 1789 ‹‹
2775 1742 3019 1810 geminis
3050 1762 3076 1788 »
3115 1741 3173 1793 in
3207 1746 3367 1793 utero
3402 1740 3605 1793 matris
3640 1740 3786 1809 posi-

2089 1831 2177 1893 tis,
2211 1851 2237 1878 «
2272 1847 2425 1897 cum,
2458 1831 2665 1899 njuxta
2686 1830 3043 1898 Apostolum,
3081 1849 3107 1878 ‹‹
3133 1829 3277 1881 nihil
3299 1829 3549 1898 egissent
3572 1830 3787 1884 bonum

2088 1923 2187 1970 aut
2231 1919 2467 1981 malum,
2504 1936 2531 1967 io
2561 1924 2617 1970 et
2648 1924 2839 1970 tamen
2891 1918 3058 1970 ambo
3105 1934 3216 1969 una
3246 1923 3301 1969 et
3332 1917 3457 1985 pari
3489 1917 3787 1986 originalis

2088 2010 2277 2058 reatus
2341 2005 2707 2059 damnatione
2774 2010 3109 2058 tenerentur
3148 2005 3380 2069 astricti,
3432 2006 3556 2057 sola
3610 2004 3785 2057 divini

2088 2094 2267 2162 judcii
2302 2094 2644 2146 discretione
2672 2094 2885 2146 dictum
2916 2094 3103 2159 fuerit,
3142 2114 3169 2142 «
3203 2094 3338 2163 quia
3371 2094 3556 2162 major
3585 2094 3787 2145 serviet

2089 2181 2322 2246 minori,
2364 2202 2386 2228 ι
2436 2181 2585 2251 quod
2630 2186 2826 2250 postea
2864 2182 3225 2234 manifestius
3284 2197 3386 2251 per
3446 2180 3785 2250 prophetam

2094 2271 2243 2322 Deus
2297 2269 2562 2333 inculcat,
2623 2270 2815 2322 dicens
2852 2287 2862 2322 :
2902 2294 2927 2315 «ι
2965 2270 3132 2323 Jacob
3178 2270 3371 2336 dilexi,
3408 2271 3548 2323 Esau
3595 2275 3782 2322 autem

2088 2358 2219 2412 odio
2253 2358 2426 2411 habui
2457 2357 2609 2425 (Gen.
2641 2374 2781 2422 xxv;
2819 2360 2967 2412 Rom.
3004 2375 3083 2423 ix;
3120 2360 3249 2412 Mal.
3284 2363 3341 2423 ι).
3377 2377 3403 2407 »
3436 2359 3565 2411 Haec
3592 2358 3784 2427 itaque

2088 2447 2275 2499 subita
2306 2446 2538 2516 spiritus
2570 2447 2951 2499 illustratione
3004 2453 3225 2499 sanctus
3258 2446 3583 2516 patriarcha
3636 2462 3786 2499 reco-

2087 2535 2230 2599 lens,
2281 2540 2335 2587 et
2367 2535 2715 2604 intelligens,
2766 2535 2906 2587 vidit
2950 2535 3009 2587 in
3061 2536 3285 2588 duobus
3318 2552 3432 2587 uno
3478 2535 3783 2588 concubitu

2083 2624 2237 2689 satis,
2271 2623 2394 2693 pari
2425 2624 2623 2691 primae
2655 2623 3141 2692 praevaricationis
3181 2624 3508 2675 conditione
3541 2623 3779 2675 damna-

2086 2712 2179 2775 tis,
2225 2712 2469 2764 necdum
2518 2711 2686 2777 natis,
2731 2711 2974 2764 necdum
3025 2712 3256 2780 proprio
3298 2717 3424 2763 actu
3467 2711 3780 2780 quidquam

2086 2800 2241 2861 boni,
2278 2800 2366 2852 vel
2400 2800 2534 2852 mali
2565 2799 2911 2868 promeritis,
2962 2800 3221 2851 mirabile
3248 2804 3304 2851 et
3336 2799 3599 2851 terribile
3626 2800 3781 2867 judi-

2088 2889 2239 2940 cium
2274 2887 2391 2951 Dei,
2442 2888 2725 2952 videlicet,
2776 2892 2840 2940 ut
2872 2903 3049 2939 unum
3083 2886 3259 2955 gratis
3301 2887 3567 2956 diligeret
3604 2894 3661 2939 et
3689 2889 3779 2939 eli-

2088 2982 2266 3045 geret,
2302 2977 2545 3028 alterum
2581 2976 2731 3043 juste
2762 2975 2974 3027 odisset
3003 2990 3066 3026 ac
3112 2973 3448 3042 reprobaret
3481 2990 3493 3025 :
3532 2995 3559 3019 ‹‹
3599 2974 3661 3025 Et
3694 2990 3777 3025 ve-

2087 3064 2172 3117 lut
2201 3064 2407 3133 figulus
2439 3068 2777 3132 potestatem
2812 3062 3027 3115 habens
3054 3078 3119 3114 ex
3155 3062 3349 3115 eadem
3381 3076 3572 3114 massa
3603 3063 3779 3114 facere

2087 3152 2240 3204 aliud
2273 3151 2506 3219 quidem
2552 3167 2647 3202 vas
2683 3151 2741 3203 in
2774 3152 3070 3215 honorem,
3109 3156 3165 3203 et
3191 3150 3343 3202 aliud
3379 3149 3438 3201 in
3487 3156 3776 3202 contume-

2086 3240 2221 3292 liam
2265 3242 2439 3306 (Rom.
2492 3255 2566 3306 ix,
2600 3240 2715 3307 2t).
2788 3259 2812 3287 ι
2862 3238 3011 3291 Vidit
3060 3243 3212 3290 certe
3274 3238 3331 3290 in
3382 3238 3495 3289 illis
3563 3238 3776 3291 duobus

2086 3327 2555 3381 incommutabile
2602 3325 2902 3379 consilium
2973 3327 3091 3390 Dei,
3144 3342 3272 3378 cum
3324 3342 3430 3379 nec
3463 3331 3690 3379 volente
3728 3333 3777 3378 et

2087 3420 2376 3486 satagente
2441 3432 2503 3468 ac
2548 3416 2906 3469 desiderante
2950 3419 3113 3483 patre
3179 3414 3458 3483 potuisset
3500 3416 3776 3467 ullatenus

2087 3505 2239 3575 quod
2266 3504 2601 3573 przedictum
2632 3510 2685 3556 et
2706 3504 3171 3573 piaadestinatum
3198 3503 3384 3555 fuerat
3415 3504 3628 3555 mutari
3651 3520 3662 3555 :
3689 3504 3775 3555 sed

2086 3592 2358 3646 divinitus
2404 3591 2679 3660 disposito
2710 3608 2774 3644 ac
2798 3591 3082 3661 praaﬁnito
3118 3591 3195 3643 rei
3223 3590 3447 3655 ordine,
3475 3592 3650 3644 etiam
3682 3608 3777 3660 per

2086 3678 2438 3731 nescientem
2492 3679 2588 3730 ille
2630 3678 3016 3747 praeferretur,
3052 3678 3146 3730 ille
3189 3676 3643 3739 benediceretur,
3686 3676 3775 3745 qui

2088 3766 2273 3819 adhuc
2312 3765 2369 3817 in
2415 3770 2577 3818 utero
2623 3766 2985 3831 constitutus,
3034 3781 3239 3819 arcano
3292 3765 3390 3817 Dei
3432 3765 3674 3834 judicio,
3726 3770 3777 3814 et

2088 3855 2326 3907 dilectus
2352 3853 2556 3921 fuerat,
2587 3858 2644 3906 et
2672 3855 2962 3923 praelatus.

2160 3942 2310 3995 Vidit
2339 3942 2447 3995 hoc
2473 3941 2532 3994 in
2558 3942 2669 3994 illis
2701 3942 2925 3995 duobus
2956 3946 3071 3994 tam
3104 3942 3316 4011 grande
3347 3946 3403 3993 et
3429 3941 3773 4011 profundum

2089 4030 2423 4101 mysterium
2482 4031 2701 4083 consilii
2737 4030 2832 4084 Dei
2871 4047 2882 4083 :
2921 4034 2977 4083 et
3008 4030 3157 4099 quod
3191 4030 3247 4081 in
3298 4030 3412 4082 illis
3470 4030 3612 4083 vidit
3662 4031 3775 4098 ipso

2089 4118 2451 4171 revelationis
2481 4118 2774 4185 instinctu,
2806 4119 2978 4172 etiam
3002 4119 3057 4171 in
3088 4120 3262 4172 totius
3292 4119 3533 4171 humani
3557 4119 3774 4187 generis

2089 4206 2429 4260 discretione
2460 4208 2531 4260 ab
2562 4207 2725 4260 initio
2760 4224 2937 4277 usque
2968 4207 3040 4260 ad
3072 4207 3245 4260 tinem
3277 4208 3471 4259 saeculi
3502 4207 3626 4259 ﬁeri
3657 4222 3776 4273 cog-

2088 4294 2263 4360 novit,
2297 4294 2411 4347 sive
2443 4294 2502 4347 in
2529 4295 2751 4348 duobus
2789 4297 3017 4365 populis
3051 4297 3503 4350 circumcisionis
3545 4302 3597 4350 et
3632 4314 3773 4366 pree-

284 4388 467 4449 Pater,
534 4382 808 4453 quoniam
860 4381 937 4433 sic
982 4380 1088 4433 fuit
1154 4379 1423 4448 placitum
1483 4384 1614 4432 ante
1666 4386 1717 4432 te
1774 4381 1967 4445 (Ibid.,
2010 4386 2054 4439 D
2087 4383 2255 4451 putii,
2290 4384 2407 4436 sive
2435 4384 2493 4435 in
2521 4382 2677 4436 omni
2704 4386 3045 4453 generaliter
3068 4385 3423 4455 plenitudine
3445 4388 3773 4447 electorum,

281 4476 389 4541 26).
429 4493 454 4523 ››
489 4474 555 4526 Et
592 4487 662 4524 ne
690 4487 748 4524 se
780 4470 848 4522 ab
898 4468 1067 4537 hujus
1097 4468 1298 4520 aeterni
1343 4467 1586 4531 consilii,
1618 4473 1789 4536 atque
1816 4468 1973 4536 judi-

281 4562 351 4615 cii
403 4558 693 4614 consortio
745 4572 1036 4626 separasse
1089 4560 1407 4624 putaretur,
1458 4559 1759 4623 postquam
1812 4556 1978 4608 solita

282 4651 492 4719 pietate
541 4648 611 4701 ad
643 4648 889 4713 Patrem,
921 4650 1193 4713 tanquam
1229 4643 1299 4695 ad
1350 4658 1548 4695 verum
1591 4658 1707 4695 suae
1738 4658 1979 4711 genera-

281 4738 455 4791 tionis
505 4739 794 4789 auctorem
852 4732 1046 4786 omnia
1092 4731 1304 4796 retulit,
1364 4730 1659 4798 subjunxit
1689 4731 1861 4783 etiam
1909 4732 1978 4785 de

282 4844 361 4892 se,
395 4830 451 4878 et
499 4824 577 4877 ait
616 4840 626 4875 :
664 4845 689 4869 ‹‹
724 4821 930 4875 Omnia
960 4819 1104 4873 mihi
1151 4819 1357 4872 tradita
1397 4824 1529 4870 sunt
1576 4834 1607 4871 a
1638 4820 1801 4872 Patre
1852 4836 1978 4872 meo

285 4914 475 4983 (lbid.,
520 4913 628 4976 37),
668 4932 687 4956 ι
723 4909 780 4961 id
831 4913 914 4962 est
947 4913 1001 4961 et
1052 4908 1148 4960 illa
1199 4907 1267 4960 de
1327 4907 1536 4976 quibus
1584 4907 1798 4959 dictum
1846 4912 1975 4960 est:

288 5026 313 5051 ‹‹
345 4998 703 5055 Abscondisti
740 4999 857 5050 haec
887 5018 916 5049 ιι
955 4996 1309 5065 sapientibus
1344 5000 1397 5048 et
1428 4994 1826 5063 prudentibus,
1867 5016 1888 5043 ι
1927 5000 1983 5048 et

287 5090 382 5142 illa
404 5090 471 5142 de
504 5087 712 5157 quibus
742 5086 1096 5154 adjunctum,
1134 5102 1159 5133 (ι
1185 5088 1239 5136 et
1263 5083 1526 5135 revelasti
1558 5100 1625 5135 ea
1656 5083 1928 5150 parvulis,
1956 5105 1975 5131 ι

262 5170 347 5231 ἰιι
397 5178 570 5230 etiam
620 5190 747 5227 meo
804 5173 1040 5237 scilicet,
1092 5171 1246 5241 quod
1298 5171 1498 5239 utique
1546 5176 1602 5223 et
1650 5171 1832 5222 Patris
1872 5175 1975 5233 est,

286 5264 523 5317 consilio
565 5266 734 5331 atque
756 5260 976 5329 judicio
1010 5259 1094 5312 vel
1128 5258 1543 5323 discernantur,
1582 5259 1664 5309 vel
1697 5258 1981 5311 damnen-

288 5358 401 5419 tur,
442 5352 526 5403 vel
590 5350 906 5402 liberentur
950 5364 963 5399 :
1004 5368 1031 5394 ‹‹
1074 5347 1267 5416 Neque
1326 5346 1478 5398 enim
1550 5347 1713 5397 Pater
1761 5346 1983 5414 judicat

289 5453 659 5508 quemquam,
692 5435 788 5488 sed
832 5433 1135 5503 judicium,
1172 5432 1382 5501 inquit,
1422 5448 1590 5484 omne
1620 5432 1771 5485 dedit
1819 5435 1980 5498 Filio,

291 5533 351 5579 ut
383 5540 582 5578 omnes
612 5522 987 5575 honoriﬁcent
1026 5521 1255 5587 Filium,
1287 5520 1431 5572 sicut
1464 5519 1847 5573 honorificant
1879 5523 1981 5574 Pa-

289 5621 436 5669 trem
482 5613 649 5679 (Joan.
685 5626 735 5675 v,
788 5614 875 5674 22,
906 5611 1018 5675 23).
1057 5629 1083 5655 ››
1131 5609 1242 5660 Ηοο
1274 5612 1357 5659 est
1390 5606 1743 5671 admirabile,
1795 5613 1850 5660 et
1894 5609 1980 5661 in-

2086 4488 2181 4524 seu
2225 4470 2629 4539 reproborum,
2697 4472 2960 4525 videlicet
3006 4473 3159 4542 quod
3209 4489 3411 4525 omnes
3458 4495 3484 4521 (
3538 4491 3603 4527 cx
3669 4490 3777 4525 una

2086 4576 2266 4612 massa
2296 4580 2315 4605 ι
2349 4560 2500 4628 juste
2528 4559 2797 4612 damnata
2826 4561 3187 4613 descendant.
3221 4561 3383 4624 Quod
3413 4563 3776 4632 omnipotens

2091 4670 2108 4695 α
2147 4647 2358 4717 figulus
2395 4669 2415 4695 ι
2467 4652 2680 4701 aeterno
2711 4653 2766 4701 et
2808 4648 3262 4702 incommutabili
3302 4651 3543 4703 consitio
3580 4650 3777 4718 judicii

2087 4736 2177 4789 sui
2212 4754 2238 4785 (ι
2273 4751 2335 4788 ex
2381 4735 2579 4788 eadem
2628 4751 2812 4788 massa
2852 4756 2877 4786 ))
2948 4736 3087 4789 alios
3130 4737 3299 4790 faciat
3354 4754 3460 4807 per
3496 4739 3775 4807 justitiam

2092 4844 2118 4870 «
2147 4839 2278 4875 vasa
2302 4822 2403 4875 ira:
2437 4843 2464 4870 »
2498 4822 2636 4875 alios
2662 4839 2767 4889 per
2791 4824 3032 4892 gratiam
3065 4844 3091 4873 «
3126 4842 3254 4876 vasa
3288 4825 3720 4891 misericordiae,
3756 4852 3774 4871 η

2089 4916 2145 4963 et
2174 4910 2249 4963 ita
2284 4911 2384 4963 Dei
2415 4911 2719 4963 consilium
2753 4918 2926 4981 atque
2951 4912 3233 4981 judicium
3268 4920 3459 4966 ratum
3492 4916 3583 4976 sit,
3613 4922 3776 4985 atque

2087 4998 2416 5059 immobile;
2447 5004 2508 5052 ut
2540 5004 2731 5052 tamen
2761 5016 2926 5052 nemo
2948 5000 3055 5052 nisi
3081 5002 3236 5069 juste
3266 5002 3594 5069 damnetur,
3620 5019 3778 5055 nemo

2090 5087 2201 5139 nisi
2231 5086 2670 5140 misericorditer
2700 5087 2989 5141 liberetur.
3025 5089 3174 5141 Vidit
3206 5091 3311 5142 hoc
3344 5090 3777 5159 impenetrabile

2088 5173 2439 5243 profundum
2489 5174 2837 5243 judiciorum
2888 5176 2985 5228 Dei
3018 5176 3412 5229 sanctissimus
3461 5180 3777 5247 patriarcha

2095 5283 2116 5309 ι
2148 5260 2205 5313 in
2238 5261 2463 5314 duobus
2504 5262 2747 5330 geminis
2787 5284 2803 5309 ο
2842 5263 3149 5331 designari,
3186 5264 3244 5315 in
3278 5264 3651 5317 universitate
3682 5267 3776 5317 hu-

2090 5346 2244 5400 mani
2278 5348 2501 5416 generis
2545 5349 2776 5416 explcri,
2813 5355 2868 5401 et
2897 5354 3172 5418 tanquam
3217 5366 3347 5403 cum
3382 5352 3659 5421 propheta
3694 5368 3773 5403 ex-

2088 5436 2334 5488 clamans
2369 5452 2380 5488 :
2420 5456 2446 5483 «
2486 5436 2741 5501 Domine,
2791 5437 2979 5490 audivi
3011 5438 3271 5491 auditum
3307 5443 3468 5491 tuum
3503 5447 3558 5493 et
3594 5441 3774 5502 timui,

2090 5522 2447 5575 consideravi
2515 5539 2692 5592 opera
2733 5530 2847 5587 tua,
2916 5529 2971 5577 et
2999 5525 3219 5593 expavi.
3274 5526 3507 5597 Stupuit
3554 5533 3776 5597 stupore

2092 5610 2435 5677 vehementi,
2471 5616 2526 5664 et
2570 5612 2717 5663 ultra
2748 5627 2921 5682 quam
2968 5613 3119 5666 credi
3152 5618 3359 5682 potest,
3407 5615 3776 5670 admiratione
