3884 6218
90 342 207 391 1101

1183 345 1271 397 DE
1313 345 1638 400 TENENDA
1677 346 2083 403 SCRIPTUILE
2128 351 2497 407 VERITATE.

3447 361 3584 412 1102

85 471 380 538 perculsus
445 476 529 524 est
592 472 820 540 (Habac.
871 488 938 538 il;
983 472 1163 526 Genes.
1216 473 1400 541 xxvii).
1439 493 1462 523 ››
1527 475 1682 528 Sicut
1726 480 1780 529 et
1816 485 1862 536 Α
1896 479 2173 546 agnitum,
2224 483 2278 532 et
2308 497 2340 533 a
2402 481 2622 534 sacculis
2689 482 2749 536 in
2795 483 2922 546 Deo,
2956 485 3053 553 qui
3109 486 3302 539 omnia
3346 488 3579 551 creavit,

85 559 377 611 Psalmista
427 576 600 629 super
632 562 827 613 eadem
878 561 1266 628 profunditatc
1317 562 1652 627 admiratus,
1685 569 1772 616 at-

84 663 186 716 que
219 647 655 717 obstupefactus
701 649 906 700 clamat
937 665 947 700 :
980 668 1006 697 α
1043 649 1222 712 Quam
1259 651 1620 719 magnificam
1649 656 1781 704 sunt

83 751 248 803 opera
317 743 436 800 tua,
497 737 770 801 Domine;
823 737 996 788 nimis
1063 739 1365 806 profunda:
1422 740 1582 792 facta:
1648 745 1782 793 sunt

81 825 458 892 cogitationes
526 831 640 878 tua:
722 825 888 894 (Psal.
963 841 1068 891 χει,
1147 829 1221 894 6).
1299 848 1318 872 ι
1388 829 1498 880 Nec
1570 829 1782 882 frustra

84 915 390 982 Apostolus
447 914 514 967 ad
580 914 869 966 Romanos
918 915 1215 980 scribens,.
1261 921 1318 968 et
1361 916 1430 969 de
1473 918 1779 971 altitudine

83 1002 458 1070 prazscientize
510 1008 566 1055 et
596 1002 1117 1072 praedestinationis
1147 1003 1352 1056 divinze
1401 1007 1778 1060 attentissime

81 1089 379 1158 disputans
447 1093 618 1159 (Rom.
675 1094 893 1160 1x),.ut
954 1092 1280 1162 quicunque
1335 1094 1624 1147 salvantur
1662 1111 1777 1148 non

82 1180 191 1230 suis
233 1179 458 1231 meritis
489 1184 585 1230 aut
615 1179 850 1244 viribus,
898 1179 995 1233 sed
1028 1181 1264 1232 omnino
1310 1182 1424 1234 sola
1459 1183 1556 1235 Dei
1597 1183 1780 1252 gratia

82 1267 287 1320 salvari
339 1268 756 1336 intelligantur,
784 1268 945 1337 juxta
978 1269 1386 1338 sempiternum
1421 1273 1776 1340 propositum

83 1356 390 1408 voluntatis
431 1372 567 1422 sum,
616 1373 760 1426 quos
811 1357 1007 1423 voluit,
1060 1358 1429 1427 prmscientis,
1483 1360 1775 1429 praedesti-

83 1445 286 1508 nantis,
343 1445 616 1507 vocantis,
669 1445 1055 1512 justiﬁcantis,
1090 1451 1147 1499 et
1197 1446 1611 1516 glotilicantis;
1661 1465 1776 1502 non

83 1532 304 1594 frustra,
342 1531 606 1602 inquam,
642 1532 710 1585 de
743 1533 950 1586 talibus
978 1533 1295 1603 disputans,
1327 1539 1383 1588 et
1412 1536 1779 1590 vehementer

84 1621 390 1684 iuculcaus,
448 1636 578 1672 cum
631 1621 906 1690 pleraque
955 1628 1153 1690 postea
1203 1628 1257 1675 et
1305 1623 1416 1676 alia
1454 1624 1773 1693 posuisset;

81 1706 226 1760 istud
263 1708 419 1760 velut
461 1708 839 1776 praecipuum,
873 1713 928 1761 et
957 1710 1270 1763 maximum
1323 1711 1495 1779 elegit
1529 1712 1778 1765 testimo-

84 1796 234 1847 nium
285 1797 372 1848 vel
421 1798 749 1865 exemplum
801 1797 871 1849 de
916 1799 1166 1866 prmfatis
1211 1799 1470 1852 videlicet
1508 1800 1771 1868 geminis,

84 1885 230 1953 quod
262 1884 451 1947 primo
483 1884 606 1936 loco
638 1891 881 1955 poneret
915 1886 984 1938 ad
1017 1891 1130 1938 tam
1180 1888 1530 1956 profundum
1566 1894 1771 1958 myste-

84 1972 223 2024 rium
261 1973 631 2041 probandum
663 1985 718 2026 et
767 1975 1306 2028 commendandum.
1358 1978 1564 2029 Totum
1610 1994 1771 2030 nam-

84 2076 187 2128 que
239 2060 298 2113 in
334 2077 403 2114 eo
456 2061 705 2114 breviter
747 2063 1256 2132 comprehenditur
1299 2080 1427 2117 cum
1475 2066 1596 2118 ait:
1635 2087 1660 2113 ‹‹
1710 2067 1776 2119 Ut

85 2151 394 2202 secundum
445 2149 779 2203 electionem
811 2152 1173 2220 propositum
1211 2153 1308 2204 Dei
1352 2158 1628 2220 maneret,
1660 2170 1772 2206 non

85 2254 138 2289 ex
188 2238 478 2307 operibus,
514 2239 609 2292 sed
646 2255 709 2292 ex
743 2245 980 2292 vocante
1022 2240 1236 2293 dictum
1281 2247 1382 2305 est,
1427 2242 1561 2312 quia
1593 2243 1775 2311 major

86 2328 281 2379 serviet
329 2327 540 2379 minori
589 2330 758 2392 (Rom.
812 2344 898 2392 1x;
948 2331 1082 2381 Gen.
1121 2329 1270 2399 xxv).
1310 2352 1335 2377 ››
1370 2329 1452 2383 Ibi
1492 2331 1645 2384 enim
1690 2337 1776 2385 est

86 2416 274 2468 electio
308 2416 407 2468 Dei
453 2416 724 2485 gratuita,
777 2416 834 2469 id
867 2420 950 2470 est
994 2417 1206 2488 absque
1253 2419 1539 2487 operibus,
1594 2421 1652 2472 in
1681 2422 1771 2475 Ja-

87 2505 199 2567 cob,
253 2505 334 2558 ibi
390 2504 748 2575 propositum
801 2509 1029 2559 aeternae
1081 2508 1384 2560 voluntatis
1433 2509 1574 2578 ejus,
1618 2509 1773 2579 quod

86 2595 277 2662 utique
321 2594 443 2647 sine
477 2593 834 2664 praescientia
866 2599 920 2647 et
963 2595 1461 2664 praedestinatione
1507 2613 1626 2650 esse
1657 2614 1786 2651 non-

86 2686 261 2750 potest
297 2698 308 2734 :
345 2681 420 2734 ibi
472 2682 692 2735 vocatio
739 2682 876 2752 quia
923 2703 949 2730 α
999 2699 1110 2736 non
1145 2700 1213 2737 ex
1258 2684 1544 2752 operibus,
1580 2684 1676 2738 sed
1707 2701 1772 2737 ex

87 2775 312 2823 vocante
345 2769 562 2823 dictum
612 2775 717 2836 est,
752 2771 938 2840 major
969 2771 1177 2824 serviet
1211 2772 1437 2826 minori.
1470 2797 1497 2820 ››
1543 2774 1608 2826 Et
1631 2773 1775 2826 sicut

86 2857 278 2910 electio
311 2857 562 2927 gratuita
595 2862 677 2910 est
708 2857 764 2910 in
799 2858 967 2911 Jacob
999 2859 1065 2912 de
1101 2875 1212 2928 quo
1236 2860 1447 2913 dictum
1477 2866 1561 2913 est
1589 2877 1602 2913 :
1643 2880 1666 2910 ιι
1689 2862 1775 2914 Ja-

86 2947 184 2998 ctib
214 2945 406 3010 dilexi,
439 2966 458 2991 ν
485 2943 732 3013 itajusta
758 2944 1049 2996 damnatio
1068 2945 1126 2997 in
1150 2946 1316 3007 Esau,
1343 2946 1410 3000 dc
1434 2963 1548 3016 quo
1577 2946 1773 3016 adjun-

84 3033 230 3101 gitur
262 3049 274 3085 :
309 3054 336 3080 ‹‹
377 3033 522 3084 Esau
552 3040 745 3087 autem
780 3031 910 3085 odio
942 3032 1136 3085 habui.
1177 3054 1204 3080 ››

156 3122 261 3174 Hoc
307 3120 634 3174 divinorum
683 3120 1035 3189 judiciorum
1086 3121 1148 3174 in
1207 3126 1508 3192 utramque
1549 3127 1772 3191 partem

85 3210 426 3279 profundum
476 3209 810 3279 mysterium
848 3225 913 3262 ex
953 3209 1388 3264 auctoritatibus
1425 3210 1772 3280 propheticis

87 3302 133 3349 et
168 3295 492 3366 apostolicis
539 3295 865 3348 ﬁrmissime
915 3299 1070 3349 tenet
1104 3297 1368 3362 Ecclesia,
1419 3298 1556 3367 quia
1593 3297 1771 3351 nimi-

85 3401 200 3437 rum
232 3386 526 3455 praecipue
557 3384 810 3454 pertinet
857 3385 926 3439 ad
971 3385 1508 3452 commendandam,
1563 3391 1620 3440 et
1669 3387 1772 3440 de-

85 3475 401 3526 clarandam
456 3472 700 3542 gratiam
755 3472 980 3539 Christi,
1037 3494 1057 3520 α
1111 3477 1172 3526 ut
1227 3473 1327 3543 qui
1375 3473 1672 3543 gloriatur,
1715 3475 1774 3528 in

85 3562 318 3615 Domino
351 3561 631 3632 glorietur
674 3563 718 3629 (l
749 3562 864 3616 Cor.
909 3578 946 3628 ι,
983 3562 1094 3629 31).
1131 3583 1158 3610 ››
1203 3562 1614 3616 Absconditum
1646 3561 1775 3632 qui-

85 3651 201 3705 dem
245 3668 278 3704 a
310 3651 537 3704 saeculis
567 3650 625 3703 in
667 3652 800 3712 Deo,
836 3650 935 3704 sed
981 3650 1130 3704 inter
1159 3651 1478 3721 Scripturas
1527 3652 1775 3722 prophe-

87 3742 262 3793 tarum
312 3739 577 3792 Ecclesiae
628 3738 749 3808 ejus
795 3738 946 3791 inter
996 3743 1220 3805 caetera,
1279 3755 1407 3808 qua;
1438 3739 1507 3792 ad
1562 3744 1769 3809 myste-

85 3827 218 3880 rium
266 3827 578 3882 Salvatoris
627 3827 936 3896 pertinent,
980 3827 1385 3896 praedicatione
1426 3828 1771 3898 patefactum

86 3917 407 3985 apostolica,
457 3916 683 3969 dicente
716 3916 919 3968 eodem
967 3917 1241 3985 Apostolo
1283 3916 1342 3968 in
1374 3917 1486 3969 tine
1517 3917 1772 3985 prmt‘atae

88 4005 340 4073 Epistolas.
393 4005 462 4058 ad
507 4005 836 4058 Romanos:
877 4025 897 4052 ι
951 4004 1014 4056 Ei
1059 4008 1250 4056 autem
1301 4003 1400 4074 qui
1434 4009 1631 4074 potens
1691 4010 1774 4059 est

87 4108 170 4145 vos
222 4092 570 4146 conﬁrmare
641 4092 955 4145 secundum
1021 4092 1388 4162 Evangelium
1458 4108 1650 4146 meum
1717 4098 1774 4147 et

86 4181 547 4250 praedicationem
593 4181 725 4234 Jesu
756 4179 982 4245 Christi,
1017 4181 1330 4234 secundum
1370 4182 1780 4235 revelationem

89 4270 335 4340 mysterii
376 4269 607 4322 aeternis
655 4268 1008 4338 temporibus
1052 4268 1227 4336 taciti,
1261 4269 1414 4338 quod
1443 4285 1591 4322 nunc
1623 4273 1774 4338 pate-

1889 569 2309 635 absconditum;
2351 586 2502 622 nunc
2545 578 2731 626 autem
2773 590 2876 642 per
2909 575 3225 644 Scripturas
3275 577 3582 646 prOpheta-

1888 672 2018 709 rum
2051 664 2106 708 ct
2138 658 2594 726 j‘u'aidicationem
2629 663 3010 729 apostolorum
3045 664 3467 719 manifestatum
3499 684 3511 719 :
3552 689 3573 715 1

1890 748 2082 797 tamen
2111 745 2283 797 etiam
2323 747 2645 814 specialiter
2681 751 2829 803 istud
2877 752 2945 805 de
2976 753 3436 808 inscrutabilibus
3487 755 3579 808 di—

1889 832 2032 884 vinis
2055 833 2310 901 judiciis,
2355 840 2411 887 et
2451 836 2940 905 dispositionibus,
2976 840 3089 893 sive
3119 841 3174 893 in
3204 843 3578 897 excaecatione

1887 918 2231 987 inﬁdelium,
2267 921 2381 974 sive
2426 921 2486 974 in
2517 923 2934 979 illuminatione
2973 927 3228 981 fidelium
3277 937 3488 1000 aperte,
3524 938 3581 986 et

1888 1007 2177 1077 praecipue
2226 1011 2557 1078 mysterium
2605 1014 2946 1082 appellatur,
2999 1016 3218 1070 dicente
3258 1019 3574 1088 Apostolo:

1890 1116 1917 1141 «
1969 1095 2105 1148 Nolo
2173 1099 2325 1149 enim
2395 1115 2492 1151 vos
2578 1099 2865 1168 ignorare,
2936 1103 3158 1171 fratres,
3243 1108 3578 1175 mysterium

1886 1182 2011 1249 hoc,
2061 1190 2121 1236 ut
2154 1201 2270 1238 non
2321 1187 2442 1238 sitis
2496 1187 2916 1259 vobismetipsis
2967 1192 3253 1262 sapientes
3293 1194 3427 1264 quia
3466 1211 3572 1248 cae-

1887 1271 2026 1325 citas
2052 1289 2116 1326 ex
2149 1279 2308 1343 parte
2340 1276 2582 1346 contigit
2611 1277 2670 1330 in
2703 1279 2873 1333 Israel
2907 1279 3089 1333 donec
3118 1282 3412 1351 plenitudo
3443 1300 3579 1352 gen-

1887 1360 2033 1414 tium
2100 1361 2356 1430 intraret,
2421 1370 2477 1418 et
2526 1366 2606 1418 sic
2671 1367 2858 1421 omnis
2926 1369 3095 1422 Israel
3163 1371 3353 1424 salvus
3417 1372 3582 1426 ﬁeret

1885 1449 2062 1517 (Rom.
2105 1467 2176 1516 XI,
2208 1454 2298 1515 25,
2329 1451 2463 1521 ‘26).)
2502 1475 2521 1500 ι,

2532 1579 2756 1632 CAPUT
2798 1581 2926 1633 VIII.

1886 1700 1960 1750 De
2005 1697 2480 1764 praedestinatione
2535 1704 2882 1769 reproborum
2945 1705 3019 1756 ad
3078 1708 3376 1759 interitum.
3439 1710 3578 1762 Prw-

2048 1771 2276 1821 scientia
2307 1773 2400 1824 Dei
2430 1773 2639 1825 nullum
2669 1773 2741 1825 ad
2767 1775 3097 1842 peccandum
3127 1779 3411 1844 compellit.

1957 1893 2107 1945 Hanc
2137 1892 2442 1962 Scripturre
2489 1895 2587 1949 Dei
2623 1897 2940 1964 veritatem,
2983 1905 3152 1968 atque
3183 1901 3577 1956 auctoritatem

1886 1986 2110 2032 secutus
2140 1981 2500 2036 beatissimus
2545 1987 2726 2045 Pater,
2767 1992 2820 2038 et
2854 1987 3115 2057 egregius
3149 1988 3349 2042 doctor
3390 1993 3578 2058 Augu-

1884 2068 2087 2130 stinus,
2126 2073 2178 2121 et
2229 2071 2296 2124 de
2332 2073 2834 2128 Prasdestinatione
2885 2081 3207 2128 sanctorum
3244 2077 3449 2131 librum
3496 2079 3578 2130 lu-

1884 2155 2336 2211 culentissimum
2388 2160 2627 2229 scripsit,
2666 2167 2719 2214 et
2749 2161 2818 2215 de
2868 2164 3369 2231 pmdestinatione
3403 2166 3573 2220 etiam

1883 2244 2260 2313 reproborum
2279 2246 2666 2316 justojudicio
2695 2249 2791 2302 Dei
2813 2251 2881 2304 ad
2906 2251 3219 2318 interitum,
3243 2258 3299 2305 et
3319 2253 3416 2318 ibi,
3442 2260 3497 2307 et
3516 2255 3575 2309 in

1885 2329 2012 2382 aliis
2039 2331 2330 2398 opusculis
2375 2333 2490 2384 suis
2520 2333 2726 2402 saepius
2763 2335 3115 2389 memoravit.
3147 2336 3303 2390 Sicut
3334 2337 3389 2390 in
3425 2338 3571 2391 libro

1883 2419 1951 2471 de
1984 2419 2328 2473 Perfectione
2381 2421 2617 2490 justitiae
2663 2423 2911 2476 hominis
2970 2425 3109 2494 (cap.
3160 2427 3273 2492 xm)
3322 2427 3571 2480 "manife-

1885 2503 2128 2557 stissime
2192 2507 2455 2572 ostendit,
2522 2507 2712 2561 dicens
2757 2509 3122 2577 :[Quomodo
3169 2527 3306 2580 ergo
3357 2512 3572 2565 dictum

1883 2597 2007 2645 est:
2045 2616 2069 2640 ‹‹
2123 2595 2245 2647 Non
2279 2599 2363 2648 est
2407 2595 2505 2666 qui
2547 2595 2715 2650 faciat
2743 2598 2975 2662 bonum,
3027 2615 3143 2652 non
3180 2604 3264 2652 est
3291 2616 3472 2670 usque
3504 2601 3573 2655 ad

1884 2696 2060 2733 unum
2095 2683 2263 2750 (Psal.
2295 2699 2412 2748 xm,
2448 2687 2492 2749 1,
2541 2684 2620 2753 2),
2661 2703 2688 2735 ι)
2722 2685 2830 2738 nisi
2877 2687 3011 2755 quia
3043 2687 3318 2756 populum
3372 2703 3571 2758 quem-

1884 2769 2013 2822 dam
2044 2769 2298 2839 psalmus
2343 2771 2438 2824 ille
2476 2771 2691 2840 culpat,
2742 2773 2800 2826 in
2832 2790 2946 2842 quo
2993 2773 3272 2827 necimus
3319 2781 3441 2828 erat
3474 2776 3573 2846 qui

1883 2856 2089 2910 faceret
2115 2858 2349 2924 bonum,
2382 2859 2518 2912 dum
2551 2862 2750 2914 volunt
2782 2877 3078 2915 remanere
3109 2861 3212 2915 ﬁlii
3245 2863 3570 2931 hominum,

1882 2949 1934 2998 et
1963 2961 2074 2998 non
2107 2962 2226 2999 esse
2257 2946 2359 3000 ﬁlii
2402 2947 2521 3014 Dei,
2557 2950 2717 3018 cujus
2748 2950 2930 3019 gratia
2975 2951 3148 3003 homo
3182 2951 3243 3003 ﬁt
3273 2950 3475 3018 bonus,
3510 2956 3573 3004 ut

1881 3032 2050 3086 faciat
2082 3033 2353 3105 bonum?]
2388 3037 2450 3088 Et
2479 3041 2606 3105 post
2632 3039 2928 3107 paululum
2960 3055 2972 3091 :
3014 3038 3146 3108 [Hoc
3168 3054 3325 3108 ergo,
3361 3039 3568 3110 inquit,

1884 3124 2119 3189 bonum,
2171 3124 2322 3193 quod
2375 3129 2458 3177 est
2504 3125 2798 3195 requirere
2851 3128 3050 3194 Deum,
3086 3149 3114 3176 ‹‹
3162 3144 3276 3181 non
3307 3133 3428 3181 erat
3472 3129 3570 3199 qui

1883 3209 2109 3278 faceret,
2142 3227 2257 3264 non
2289 3215 2410 3265 erat
2442 3228 2621 3282 usque
2653 3214 2722 3268 ad
2759 3231 2960 3280 unum,
2997 3236 3023 3263 ››
3055 3215 3151 3269 sed
3186 3217 3244 3270 in
3272 3233 3338 3270 eo
3363 3232 3571 3287 genere

1881 3297 2203 3365 hominum,
2273 3300 2426 3370 quod
2475 3301 2947 3371 praedestinatum
2990 3308 3077 3357 est
3120 3305 3186 3357 ad
3252 3304 3568 3359 interitum.

1883 3385 2064 3456 Super
2113 3387 2213 3440 hos
2262 3388 2412 3442 enim
2445 3390 2692 3458 respexit
2723 3391 2822 3444 Dei
2869 3392 3246 3460 prazscientia,
3299 3393 3570 3463 protulit-

1883 3490 1993 3544 que
2029 3475 2416 3545 sententiam.]
2449 3479 2608 3544 Item,
2647 3479 2714 3531 de
2749 3478 2987 3533 Civitate
3021 3481 3142 3547 Dei,
3177 3480 3322 3534 libro
3351 3481 3571 3535 decimo

1883 3562 2085 3632 quinto
2119 3563 2256 3632 (cap.
2306 3566 2390 3631 25)
2423 3580 2436 3618 :
2471 3563 2602 3635 [lra,
2644 3565 2851 3635 inquit,
2905 3567 3004 3620 Dei
3047 3583 3167 3620 non
3213 3568 3570 3636 perturbatio

1883 3650 2063 3703 animi
2106 3651 2228 3719 ejus
2273 3654 2374 3714 est,
2430 3651 2528 3703 sed
2566 3651 2872 3719 judicium,
2923 3668 3035 3721 quo
3083 3653 3372 3722 irrogatur
3404 3669 3573 3723 poena

1881 3743 2112 3808 peccato
2162 3754 2175 3792 :
2210 3738 2480 3808 cogitatio
2516 3755 2646 3792 vero
2679 3739 2821 3808 ejus,
2856 3745 2912 3793 et
2960 3740 3294 3810 recogitatio
3345 3751 3572 3795 mutan-

1883 3826 2084 3880 darum
2134 3843 2326 3880 rerum
2368 3833 2452 3880 est
2513 3827 2890 3881 immutabilis
2937 3828 3105 3881 ratio.
3171 3828 3369 3898 Neque
3418 3829 3573 3882 enim

1881 3915 2026 3969 sicut
2067 3915 2378 3982 hominem,
2416 3915 2490 3968 ita
2521 3917 2696 3969 Deum
2731 3916 3066 3986 cujusquam
3110 3916 3243 3970 facti
3273 3917 3361 3969 sui
3393 3917 3571 3987 poeni-

1879 4007 2002 4057 tet:
2039 4004 2200 4074 cujus
2241 4004 2424 4058 estde
2489 4003 2754 4057 omnibus
2795 4005 3026 4058 omnino
3079 4004 3247 4058 rebus
3293 4010 3406 4058 tam
3456 4005 3573 4059 ﬁxa

1882 4092 2186 4153 sententia,
2237 4108 2408 4162 quam
2465 4097 2616 4145 certa
2673 4092 3072 4161 praescientiaj
3131 4093 3190 4145 In
3240 4092 3572 4147 tractatibus

1882 4195 2113 4251 quoque
2137 4196 2278 4250 quos
2309 4180 2368 4233 in
2402 4180 2816 4250 expositionem
2852 4181 3084 4234 Joannis
3112 4180 3471 4250 evangelista
3500 4181 3572 4235 ad

1881 4269 2158 4338 populum
2207 4268 2483 4338 loquitur,
2551 4269 2619 4322 de
2671 4269 2774 4322 hac
2824 4285 2880 4322 re
2914 4270 2992 4322 ita
3037 4269 3174 4323 dicit
3218 4272 3422 4336 (Tract.
3462 4271 3569 4339 42).

89 4357 287 4412 factum
344 4362 430 4410 est
461 4373 562 4427 per
615 4356 936 4425 Scripturas
984 4357 1397 4425 prophetarum
1447 4357 1619 4425 (Rom.
1665 4373 1770 4425 xvr,
1818 4363 1858 4416 D
1887 4355 2047 4419 Quod
2079 4373 2210 4409 vero
2263 4357 2568 4426 sequitur:
2602 4356 2667 4427 [cc
2703 4359 3010 4428 Propterea
3055 4374 3152 4410 vos
3181 4373 3294 4411 non
3339 4357 3570 4426 auditis,

90 4448 164 4512 25,
197 4447 311 4516 26),
351 4468 377 4494 »
428 4450 536 4498 etc.
571 4445 637 4497 Et
667 4445 780 4497 alio
830 4445 952 4498 loco
987 4461 999 4497 :
1038 4465 1064 4493 «
1099 4446 1274 4498 Prout
1307 4444 1540 4514 potestis
1582 4446 1777 4516 legen-

89 4538 160 4586 tes
191 4534 514 4603 intelligere
541 4533 905 4602 prudentiam
940 4549 1124 4586 meam
1149 4533 1210 4586 in
1242 4533 1512 4603 mysterio
1544 4534 1774 4599 Christi,

91 4624 227 4691 quod
257 4622 384 4675 aliis
429 4621 894 4690 generationibus
925 4638 1040 4675 non
1077 4625 1159 4675 est
1205 4621 1461 4692 agnitum
1495 4623 1627 4676 ﬁliis
1671 4623 1775 4676 ho-

90 4709 323 4775 minum,
375 4708 522 4762 sicut
550 4725 699 4761 nunc
743 4709 1169 4762 manifestatum
1203 4714 1286 4761 est
1315 4709 1522 4763 sanctis
1552 4716 1779 4780 aposto-

91 4797 149 4849 lis
177 4797 320 4867 ejus,
358 4802 415 4849 et
445 4796 745 4867 prophetis
773 4797 835 4849 in
865 4797 1070 4866 spiritu
1104 4797 1266 4867 (Eph.
1297 4813 1377 4863 ιιι,
1411 4799 1463 4864 4,
1500 4798 1573 4868 5),
1613 4820 1634 4846 ι
1671 4804 1772 4852 etc.

92 4885 149 4938 Et
188 4884 399 4938 iterum
437 4901 448 4938 :
484 4907 502 4932 σ
542 4885 676 4938 Mihi
708 4884 970 4938 omnium
1001 4889 1331 4938 sanctorum
1373 4886 1614 4939 minimo
1647 4887 1773 4940 data

93 4978 164 5025 est
190 4973 371 5043 gratia
416 4973 540 5026 haec
569 4972 630 5025 in
660 4973 927 5042 gentibus
976 4973 1366 5044 evangelizare
1405 4973 1775 5043 investigabi-

93 5062 162 5114 les
187 5061 414 5115 divitias
446 5061 674 5127 Christi,
724 5065 779 5114 et
806 5060 1133 5114 illuminare
1165 5077 1382 5127 omnes,
1417 5078 1538 5132 qua
1583 5062 1655 5114 sit
1685 5061 1773 5114 di-

93 5150 364 5218 spensatio
416 5149 758 5202 sacramenti
823 5149 1142 5203 absconditi
1202 5167 1235 5203 a
1287 5150 1506 5203 sazculis
1554 5150 1610 5202 in
1665 5151 1777 5203 Deo

94 5238 178 5306 qui
222 5237 422 5290 omnia
483 5235 694 5289 creavit
745 5237 924 5302 (ibid.,
992 5240 1044 5302 8,
1093 5238 1163 5306 9).
1209 5257 1236 5287 ι)
1309 5237 1456 5291 Licet
1490 5237 1643 5290 enim
1684 5242 1779 5290 to—

94 5331 201 5378 tum
232 5326 390 5395 quod
437 5325 505 5378 de
537 5324 762 5378 Domini
795 5325 972 5378 nostri
1013 5325 1328 5391 divinitate,
1380 5329 1550 5394 atque
1596 5323 1778 5376 incar-

95 5414 310 5467 natione
342 5429 450 5484 per
481 5413 774 5481 apostolos
800 5413 1195 5478 annuntiatur,
1230 5413 1571 5482 generaliter
1597 5431 1622 5462 «
1653 5427 1778 5464 ma-

97 5517 210 5569 gna:
237 5501 477 5572 pietatis
529 5500 862 5571 mysterium
915 5520 942 5553 »
976 5502 1048 5554 sit
1088 5521 1114 5548 ‹‹
1151 5501 1506 5571 temporibus
1553 5498 1780 5553 aeternis

98 5591 351 5658 tacitum;
407 5604 516 5642 nec
565 5587 688 5641 aliis
751 5588 1215 5658 generationibus
1281 5587 1414 5641 ﬁliis
1479 5586 1778 5642 hominum

1883 4443 2021 4512 quia
2046 4459 2114 4496 ex
2146 4445 2261 4497 Deo
2287 4459 2406 4498 non
2453 4444 2589 4498 estis
2630 4448 2804 4512 (Joan.
2858 4461 2972 4512 vui,
3006 4447 3117 4516 47),
3165 4466 3192 4497 »
3228 4446 3309 4499 eis
3357 4446 3573 4499 dictum

1885 4536 1986 4600 est,
2039 4531 2139 4602 qui
2172 4549 2288 4585 non
2337 4534 2520 4586 solum
2553 4540 2782 4602 peccato
2827 4535 3013 4587 vitiosi
3064 4539 3228 4588 erant
3280 4535 3428 4601 (nam
3468 4533 3575 4587 hoc

1886 4621 2099 4673 malum
2149 4636 2454 4674 commune
2504 4630 2624 4674 erat
2674 4622 2986 4690 omnibus),
3019 4623 3115 4676 sed
3165 4622 3338 4676 etiam
3367 4637 3574 4691 praeco-

1885 4708 2030 4777 gniti
2074 4709 2226 4778 quod
2271 4725 2382 4762 non
2413 4709 2639 4762 fuerant
2681 4709 2971 4763 credituri.
3021 4711 3381 4780 Quapropter
3427 4726 3572 4780 prm-

1885 4794 2096 4847 sciebat
2124 4793 2271 4858 illos,
2297 4794 2505 4864 quibus
2533 4794 2670 4847 talia
2701 4794 2943 4861 dicebat,
2967 4795 3027 4848 in
3053 4812 3120 4848 co
3147 4812 3573 4865 permansuros,

1886 4881 2041 4950 quod
2072 4898 2136 4935 ex
2183 4881 2408 4935 diabolo
2443 4886 2621 4945 erant,
2670 4881 2726 4934 id
2758 4885 2841 4934 est
2881 4882 2939 4933 in
2973 4883 3090 4936 suis
3134 4884 3379 4952 peccatis
3404 4887 3575 4954 atque

1884 4969 2180 5038 impietate
2231 4969 2558 5028 morituros,
2610 4983 2713 5020 nec
2755 4973 3024 5020 venturos
3073 4969 3138 5021 ad
3189 4971 3575 5039 regeneratio-

1885 5073 2038 5122 nem,
2090 5057 2148 5109 in
2181 5073 2293 5126 qua
2323 5060 2511 5108 essent
2555 5055 2659 5108 ﬁlii
2700 5055 2821 5120 Dei,
2856 5056 2962 5108 hoc
3010 5061 3094 5108 est
3123 5072 3187 5109 ex
3225 5058 3340 5110 Deo
3372 5058 3512 5116 nati.
3544 5072 3578 5110 a

1887 5161 2001 5214 quo
2035 5148 2197 5196 erant
2246 5142 2508 5196 homines
2548 5143 2742 5196 creati.
2795 5143 3118 5196 Secundum
3164 5144 3310 5196 hanc
3355 5144 3576 5213 praede-

1887 5231 2253 5284 stinatiouem
2321 5231 2541 5283 locutus
2609 5233 2693 5284 est
2758 5229 3049 5296 Dominus,
3101 5229 3234 5300 ctc.]
3306 5232 3448 5283 Item
3498 5231 3577 5284 ibi

1885 5321 2085 5388 (Tract.
2116 5318 2202 5384 43)
2236 5334 2247 5370 :
2278 5317 2374 5370 Isti
2397 5323 2587 5370 autem
2621 5318 3008 5388 indignantes,
3045 5317 3276 5385 mortui,
3319 5322 3373 5369 et
3403 5319 3577 5371 morti

1887 5406 2249 5476 sempiterna:
2314 5406 2704 5475 przedestinati
2777 5405 3197 5476 respondebant
3261 5405 3577 5460 conviciose

1887 5501 1941 5549 et
1981 5495 2285 5549 dicebant:
2325 5514 2352 5544 ί(
2399 5495 2561 5549 Modo
2606 5495 2999 5565 cognovimus,
3046 5494 3181 5565 quia
3226 5493 3578 5548 dmmonium

1889 5585 2066 5638 habes
2120 5583 2296 5653 (Joan.
2352 5599 2466 5647 Vill,
2506 5584 2620 5655 5'2).
2676 5606 2700 5632 ιι
2750 5585 2888 5636 ltcm
2922 5584 3029 5637 alio
3080 5584 3200 5637 loco
3229 5583 3436 5652 (Tract.
3489 5583 3579 5648 48)
