3884 6218
322 362 453 414 H03

1447 354 1501 408 S.
1545 354 1813 409 REMIGII
1851 353 2329 409 LUGDUNENSIS
2368 351 2675 408 EPISCOPI

3683 353 3810 405 H051

318 510 607 564 exponens
652 493 822 546 verba
872 490 1098 545 Domini
1149 489 1355 560 quibus
1404 490 1484 543 ait
1524 490 1591 543 de
1624 490 1821 544 ovibus
1866 489 2000 554 suis,
2041 492 2086 541 A
2118 493 2305 541 autem
2369 504 2499 542 cum
2562 503 2679 541 non
2730 488 3038 551 secederet,
3089 486 3308 553 cecidit,
3350 492 3671 555 negaturus
3722 502 3814 537 re-

324 607 344 631 α
379 586 447 636 Et
470 598 585 635 non
612 581 797 651 rapiet
828 579 1131 650 quisquam
1165 594 1259 631 eas
1288 579 1356 631 de
1391 594 1563 631 manu
1595 595 1740 631 mea.
1777 598 1805 629 »
1840 577 2008 647 [Quid

318 675 522 740 potest,
576 669 782 737 inquit,
817 690 838 716 ε
888 669 1078 736 lupus,
1122 686 1149 717 ››
1184 666 1323 736 quid
1373 672 1559 736 potest
1591 667 1682 719 fur
1730 672 1786 719 et
1816 664 2007 718 latro?

318 761 439 813 Non
473 758 720 828 perdunt
748 756 858 808 uisi
905 756 977 808 ad
1011 754 1307 808 interitum
1350 754 1832 823 praedestinatosj
1866 756 2007 807 Item

316 847 427 900 alio
459 847 582 899 loco
620 845 835 915 (Tract.
900 846 1055 911 107):
1093 841 1219 915 [Qui
1251 842 1425 905 enim,
1460 842 1667 911 inquit,
1731 841 1898 894 certis
1956 846 2011 894 et

316 933 777 987 immutabilibus
823 931 1006 984 causis
1070 930 1265 983 omnia
1314 930 1504 982 futura
1561 927 2005 998 praedestinavit,

316 1021 598 1093 quidquid
632 1021 885 1074 facturus
932 1024 1016 1072 est
1045 1018 1196 1071 fecit.
1240 1019 1378 1071 Nam
1428 1023 1483 1070 et
1514 1033 1617 1086 per
1666 1017 2009 1086 prophetam

317 1112 385 1165 de
415 1111 513 1164 illo
546 1110 759 1164 dictum
788 1113 874 1162 est
906 1125 919 1163 :
955 1130 973 1155 α
1012 1107 1119 1170 Qui
1161 1105 1287 1160 fecit
1317 1122 1445 1175 quae.
1495 1105 1685 1158 futura
1716 1109 1851 1158 sunt
1875 1106 2006 1173 (Isa.

315 1214 439 1264 XLV,
476 1202 561 1265 ll,
606 1213 706 1252 sec.
743 1196 951 1266 LXX)].
1007 1217 1026 1243 ι
1077 1196 1141 1248 Et
1175 1193 1308 1247 alibi
1340 1210 1350 1245 :
1390 1192 1458 1264 [«
1493 1192 1687 1259 Filius,
1723 1212 1749 1244 »
1799 1192 2008 1262 inquit,

318 1305 345 1337 «
377 1286 719 1357 perditionis
752 1307 779 1334 »
813 1285 998 1339 dictus
1042 1289 1127 1336 est
1158 1282 1400 1335 traditor
1429 1282 1663 1349 Christi,
1699 1280 2011 1350 perditioni

315 1374 778 1443 praedestinatus,
831 1372 1143 1427 secundum
1178 1370 1553 1439 Scripturam,
1587 1386 1699 1440 qua
1729 1371 1797 1423 de
1823 1369 1922 1423 illo
1950 1369 2010 1422 in

313 1465 535 1532 psalmo
564 1462 873 1516 centesimo
902 1465 1097 1513 octavo
1129 1458 1377 1512 maxime
1404 1456 1830 1528 prophetatur.]

389 1595 466 1647 De
498 1592 692 1647 divina
738 1608 968 1663 quoque
998 1591 1382 1660 praescientia,
1433 1606 1545 1660 qua
1577 1590 1771 1643 omnia
1822 1590 2011 1643 futura

314 1683 401 1736 vel
450 1682 602 1735 bona
648 1682 737 1735 vel
769 1681 919 1734 mala
956 1679 1400 1733 immutabiliter
1443 1679 1602 1732 novit
1630 1694 1642 1731 :
1673 1695 1777 1731 nec
1819 1686 2011 1731 tamen

316 1788 382 1824 ea
417 1770 668 1838 aliquem
718 1769 787 1822 ad
818 1768 1167 1838 peccandum
1199 1767 1512 1835 compellit,
1565 1766 1622 1819 in
1656 1766 1869 1819 eisdem
1902 1772 2008 1818 tra-

316 1858 560 1912 ctatibus
611 1858 692 1910 ita
740 1856 998 1927 loquitur
1046 1858 1253 1923 (Tract.
1311 1855 1395 1925 £53)
1432 1869 1443 1908 :
1481 1854 1629 1924 [Non
1678 1854 1830 1907 enim
1880 1870 2014 1923 pro-

316 1952 512 2018 pterea
564 1948 709 2000 Deus
766 1960 1116 2015 quemquam
1166 1944 1235 1997 ad
1275 1943 1624 2013 peccandum
1674 1942 1847 2012 cogit,
1880 1942 2017 2012 quia

320 2035 513 2087 futura
562 2032 866 2086 hominum
912 2037 1139 2100 peccata
1176 2030 1297 2098 jam
1332 2030 1505 2084 novit.
1556 2031 1834 2083 Fecerunt
1881 2045 2015 2099 ergo

317 2128 617 2191 peceatum
651 2120 855 2183 Judaei,
889 2120 1044 2189 quod
1090 2135 1186 2171 eos
1228 2120 1413 2171 facere
1457 2134 1573 2171 non
1599 2118 1898 2188 compulit,
1927 2119 2018 2171 cui

318 2215 618 2281 peccatum
672 2225 788 2261 non
845 2209 1051 2277 placet,
1097 2206 1196 2260 sed
1255 2206 1505 2259 facturos
1551 2223 1673 2260 esse
1731 2207 2015 2276 praedixit,

321 2314 493 2368 quem
526 2297 670 2350 nihil
719 2297 874 2349 latet.
911 2297 973 2349 Et
1005 2296 1131 2349 ideo
1163 2294 1209 2347 si
1240 2312 1355 2348 non
1386 2296 1624 2363 malum,
1659 2295 1756 2348 sed
1801 2295 2018 2348 bonum

320 2387 504 2439 facere
549 2385 881 2449 voluissent,
913 2400 1028 2437 non
1078 2384 1543 2453 prohiberentur,
1580 2388 1635 2436 et
1667 2384 1771 2437 hoc
1814 2383 2019 2436 facturi

320 2473 776 2543 praeviderentur
834 2472 905 2525 ab
961 2488 1047 2533 eo,
1100 2472 1199 2541 qui
1257 2472 1413 2525 novit
1464 2471 1601 2541 quid
1656 2472 1729 2524 sit
1776 2472 2019 2542 quisque

319 2562 592 2627 facturus,
663 2564 719 2614 et
756 2559 894 2630 quid
965 2560 1047 2613 eis
1102 2560 1172 2613 sit
1238 2576 1344 2630 pro
1403 2559 1526 2629 ejus
1592 2576 1765 2630 opere
1827 2560 2017 2614 reddi-

319 2650 526 2719 turus.)

392 2782 545 2832 Hanc
576 2778 783 2832 divinae
829 2778 1350 2849 praedestinationis
1384 2779 1678 2832 veritatem
1730 2794 1834 2848 per
1862 2778 2018 2832 Scri—

322 2872 519 2936 pturas
586 2866 986 2935 multipliciter
1046 2866 1411 2934 declaratam,
1462 2869 1518 2919 et
1564 2883 1596 2919 a
1659 2866 2016 2920 sanctissimo

320 2958 549 3010 doctore
580 2955 827 3007 ﬁdeliter
874 2956 1336 3008 commendatam
1377 2955 1547 3007 etiam
1582 2955 2018 3025 antiquissimus

321 3049 377 3097 et
407 3043 772 3097 beatissimus
822 3043 1036 3103 doctor,
1071 3046 1126 3095 et
1165 3042 1439 3111 magister
1469 3042 1782 3111 Cyprianus
1827 3043 2016 3096 claris-

319 3132 461 3184 sime
493 3132 681 3195 docet,
715 3130 908 3184 dicens
944 3146 955 3183 :
993 3130 1123 3199 [Qui
1155 3146 1325 3183 omne
1351 3129 1632 3199 judicium
1664 3147 1696 3183 a
1726 3132 1890 3184 Patre
1922 3148 2014 3184 so-

320 3221 407 3272 lus
470 3219 705 3288 accepit,
752 3223 807 3271 et
836 3218 973 3288 quid
1017 3223 1288 3271 venturus
1326 3223 1411 3270 est
1468 3217 1844 3286 judicaturus,
1893 3220 2012 3288 jam

314 3307 518 3377 judicii
575 3310 629 3359 et
691 3305 1037 3376 cognitionis
1099 3306 1305 3359 futurae
1356 3307 1699 3360 sententiam
1755 3308 2014 3377 protulit,

320 3394 715 3464 praenuntiatus
746 3400 802 3447 et
853 3399 1178 3447 contestans
1214 3414 1238 3443 (ι
1285 3393 1677 3447 confessurum
1710 3411 1769 3448 se
1823 3412 2016 3448 coram

322 3485 488 3537 Patre
522 3500 623 3535 suo
657 3483 1011 3543 conﬁtentes,
1037 3488 1093 3536 et
1123 3487 1465 3552 negaturum
1488 3487 1765 3551 negantes
1797 3484 2014 3549 (Matth.

322 3588 375 3637 χ,
408 3574 516 3636 32).
556 3570 603 3639 >>]
636 3572 777 3623 Item
809 3585 940 3622 cum
972 3570 1041 3623 de
1075 3569 1182 3635 his,
1218 3570 1315 3639 qui
1347 3570 1403 3622 in
1429 3571 1827 3639 persecutione
1861 3588 2019 3626 com—

323 3657 589 3728 prehensi
621 3673 723 3726 pro
756 3657 977 3711 Christo
1026 3673 1205 3727 usque
1236 3656 1307 3710 ad
1340 3662 1579 3710 mortem
1635 3658 1930 3725 dimicant,
1966 3663 2020 3711 et

322 3747 389 3799 de
438 3746 548 3810 his,
600 3744 700 3814 qui
730 3744 1083 3798 infirmitatis
1110 3761 1227 3798 suae
1257 3745 1469 3797 conscii
1519 3748 1682 3799 caute
1729 3746 2017 3811 secedunt,

324 3834 660 3903 disputaret,
717 3833 795 3886 sic
845 3834 972 3887 ait:
1016 3834 1153 3899 [Illic
1210 3833 1487 3887 fortitudo
1543 3834 1885 3904 promptior,
1928 3835 2021 3888 hic

324 3921 647 3974 sollicitudo
701 3921 974 3974 securior.
1024 3922 1146 3987 Ille,
1192 3922 1690 3991 appropinquante
1726 3923 1867 3976 hora
1898 3940 2018 3989 sua,

326 4010 449 4078 jam
495 4014 757 4062 maturus
790 4009 1050 4062 inventus
1096 4017 1208 4075 est;
1244 4010 1336 4063 hic
1383 4010 1621 4063 fortasse
1663 4011 1871 4064 dilatus
1917 4016 2019 4077 est,

326 4096 425 4165 qui
473 4097 826 4166 patrimonio
867 4097 1135 4150 derelicto
1188 4096 1394 4151 idcirco
1442 4098 1689 4163 secessit,
1745 4099 1879 4168 quia
1908 4116 2021 4153 non

324 4189 448 4237 erat
476 4190 789 4253 negaturus
826 4200 837 4235 :
876 4185 1247 4239 conﬁteretur
1279 4185 1478 4255 utique
1510 4193 1564 4240 et
1594 4187 1715 4255 ipse
1748 4187 1793 4240 si
1824 4188 2025 4241 fuisset

331 4270 634 4342 detentus]
670 4273 809 4324 Item
845 4272 999 4337 alibi,
1042 4289 1171 4325 cum
1203 4278 1460 4343 tempore
1495 4275 1859 4328 mortalitatis
1885 4292 2023 4329 con-

2116 576 2375 645 mansit.]

2193 665 2349 718 Hanc
2399 663 2771 733 praescientiae
2814 670 2867 717 et
2898 663 3417 731 praedestinationis
3461 663 3675 715 divinae
3706 661 3817 713 im-

2117 751 2391 805 mobilem
2419 751 2750 804 ﬁrmitatem
2784 751 2984 805 beatus
3010 768 3239 821 quoque
3283 752 3552 817 Hilarius,
3612 751 3697 803 ita
3730 750 3819 802 do-

2117 845 2205 892 cet
2235 839 2427 892 dicens
2461 856 2473 892 :
2511 839 2648 909 [Deo
2684 855 2932 909 namque
2973 840 3372 910 complectenti
3419 841 3477 892 in
3508 855 3566 891 se
3597 838 3817 901 omnia,

2115 926 2309 980 futura
2358 943 2463 997 pro
2495 927 2657 981 factis
2688 932 2837 979 sunt.
2877 928 3046 996 Cujus
3090 933 3207 980 tam
3239 928 3423 981 ﬁdelis
3455 926 3822 994 praescientia

2118 1021 2223 1084 est,
2256 1022 2318 1070 ut
2343 1033 2471 1088 qua:
2508 1017 2767 1070 nondum
2800 1022 2958 1085 gesta
3001 1022 3157 1085 sunt,
3189 1022 3378 1071 tamen
3405 1018 3527 1087 jam
3560 1017 3631 1070 ab
3672 1034 3739 1069 eo
3770 1021 3820 1069 et

2117 1122 2221 1175 pro
2252 1105 2557 1175 praeteritis
2606 1105 2929 1158 habeantur
2960 1110 3015 1158 et
3044 1106 3263 1175 gestis.]
3296 1106 3368 1160 Et
3397 1106 3609 1159 iterum
3652 1122 3666 1157 :
3709 1102 3820 1175 [Di-

2117 1211 2298 1265 gnum
2326 1199 2411 1247 est
2431 1193 2610 1257 enim,
2633 1193 2839 1263 inquit,
2876 1198 2935 1246 ut
2960 1193 3347 1248 miserabilem
3368 1194 3567 1264 populi
3596 1209 3817 1257 casum,

2118 1290 2177 1338 et
2237 1282 2521 1353 impietati
2589 1282 2710 1351 ejus
2760 1281 3014 1335 debitam
3044 1298 3291 1351 poenam,
3329 1288 3385 1336 et
3442 1287 3571 1354 post
3634 1283 3821 1352 longa:

2117 1370 2407 1425 servitutis
2455 1370 2834 1424 sufﬁcientem
2889 1372 3136 1441 peccatis
3185 1372 3448 1440 gravibus
3486 1371 3821 1425 satisfactio-

2119 1476 2251 1515 nem
2320 1464 2376 1513 et
2410 1458 2840 1512 misericordem
2872 1458 2931 1511 in
2998 1475 3095 1513 eos
3140 1459 3241 1512 Dei
3312 1459 3559 1529 (iudulto
3608 1460 3823 1525 reditu)

2118 1550 2492 1615 voluntatem,
2544 1548 2855 1600 secundum
2906 1547 3299 1616 providentem
3343 1548 3643 1601 scientiam
3689 1563 3823 1616 pro-

2118 1637 2332 1707 phetiae
2358 1636 2590 1706 spiritus
2633 1635 2942 1705 loquatur.]
2978 1637 3118 1688 Item
3152 1652 3281 1688 cum
3316 1636 3457 1689 illud
3489 1636 3560 1688 de
3592 1635 3823 1688 Psalmo

2120 1729 2469 1794 exponeret:
2506 1724 2551 1793 [ιι
2588 1725 2656 1777 Et
2700 1724 2918 1776 surrexi
2947 1728 3001 1775 et
3033 1724 3219 1777 adhuc
3259 1728 3447 1776 tecum
3495 1738 3626 1775 sum
3660 1724 3819 1791 (Psal.

2123 1829 2378 1875 cxxxvm,
2438 1814 2545 1879 18),
2612 1833 2638 1861 »
2690 1812 2930 1877 surrexi,
2992 1812 3203 1881 inquit,
3252 1812 3318 1865 ad
3382 1812 3823 1864 resurrectionis

2123 1902 2366 1971 gloriam
2425 1904 2668 1970 spectat;
2720 1901 2815 1953 sed
2873 1900 3189 1953 secundum
3240 1900 3671 1969 praescientiam
3707 1898 3819 1964 Dei,

2125 1990 2181 2043 id
2213 1988 2368 2058 quod
2398 1988 2655 2041 futurum
2699 1992 2801 2051 est,
2837 1992 3110 2057 tanquam
3142 1988 3499 2057 praeteritum
3544 1988 3820 2057 loquitur,

2124 2078 2257 2147 quia
2304 2078 2415 2130 Deo
2450 2076 2522 2129 ob
2557 2076 2852 2129 scientiam
2897 2081 2952 2128 et
2980 2077 3251 2129 virtutem
3285 2092 3413 2145 quae
3448 2076 3643 2129 futura
3677 2082 3818 2141 sunt,

2124 2166 2268 2219 facta
2302 2170 2462 2231 sunt;
2501 2168 2560 2217 ut
2605 2164 2779 2217 etiam
2827 2165 3165 2234 nosmetipsi
3210 2164 3352 2218 facta
3385 2181 3506 2217 esse
3538 2164 3821 2217 existima-

2125 2270 2274 2319 mus,
2309 2269 2437 2323 qum
2485 2252 2678 2305 futura
2722 2268 2841 2305 esse
2874 2252 3263 2321 conﬁdimus.]
3315 2254 3458 2305 Item
3492 2268 3626 2305 cum
3665 2269 3822 2321 expo-

2126 2345 2288 2394 neret
2316 2340 2477 2393 illum
2510 2340 2698 2393 locum
2727 2340 2935 2393 Psalmi
2968 2340 3061 2392 ubi
3092 2340 3296 2393 dicitur
3327 2357 3339 2392 :
3371 2361 3397 2387 ‹‹
3435 2339 3819 2393 Dinumerabo

2126 2446 2240 2496 eos,
2279 2434 2336 2482 et
2375 2444 2545 2498 super
2576 2444 2807 2481 arenam
2859 2427 3395 2497 multiplicabuntur
3439 2429 3657 2497 (Ibid.),
3693 2449 3718 2478 ι)
3759 2429 3820 2480 de

2126 2522 2280 2571 certo
2345 2521 2399 2569 et
2446 2516 2848 2586 praedestinato
2900 2517 3211 2570 electorum
3247 2532 3490 2570 numero
3553 2518 3634 2570 sic
3698 2517 3816 2568 ait:

2129 2603 2423 2676 [Nunquid
2459 2621 2732 2658 numerus
2759 2604 3009 2658 incertus
3040 2610 3143 2671 est,
3178 2604 3277 2675 qui
3312 2605 3371 2657 in
3401 2605 3549 2658 libro
3578 2604 3678 2658 Dei
3703 2604 3819 2656 scri-

2126 2692 2379 2746 buntur?
2410 2693 2556 2762 Ergo
2578 2694 2735 2746 nulla
2757 2697 2841 2745 est
2874 2693 3177 2747 difﬁcultas
3202 2692 3261 2746 in
3289 2708 3555 2759 numero,
3581 2709 3816 2763 quorum

2130 2781 2333 2835 veritas
2367 2785 2560 2834 manet
2585 2782 2645 2834 in
2676 2781 2929 2851 scripto]

2200 2870 2353 2922 Hanc
2382 2869 2559 2922 divini
2596 2869 2799 2938 judicii
2830 2869 2890 2922 in
2922 2874 3226 2939 utramque
3258 2874 3481 2939 partem
3508 2874 3629 2922 tam
3662 2868 3813 2921 boni-

2127 2962 2328 3025 tatem,
2377 2973 2552 3026 quam
2585 2957 2942 3011 severitatem
2976 2957 3146 3010 etiam
3192 2957 3557 3010 beatissimus
3587 2957 3815 3010 Ambro-

2052 3076 2094 3131 Ο
2130 3044 2247 3097 sius
2278 3061 2347 3097 ex
2389 3043 2574 3097 verbis
2626 3045 2887 3114 Epistolm
2938 3044 3007 3097 ad
3043 3046 3326 3097 Romanos
3358 3045 3416 3096 in
3469 3044 3815 3114 expositione

2124 3131 2335 3185 Psalmi
2371 3131 2668 3185 centesimi
2716 3132 2921 3185 decimi
2954 3133 3156 3198 octavi,
3208 3132 3287 3185 ita
3316 3132 3569 3185 breviter
3617 3132 3814 3185 conﬁr-

2124 3224 2242 3273 mat
2285 3220 2480 3273 dicens
2514 3237 2526 3273 :
2560 3221 2607 3290 [ε
2650 3222 2793 3289 Ergo
2836 3222 2999 3290 cujus
3030 3221 3151 3273 vult
3198 3220 3525 3287 miseretur,
3564 3228 3621 3275 et
3656 3238 3815 3292 quem

2124 3310 2245 3362 vult
2290 3308 2520 3363 indurat
2567 3312 2733 3376 (Rom.
2780 3325 2853 3376 1x,
2894 3311 2999 3377 l8).
3034 3328 3060 3359 ι)
3109 3310 3291 3377 Hunc,
3332 3309 3543 3379 inquit,
3597 3311 3815 3363 misera-

2127 3400 2213 3448 tus
2262 3395 2528 3448 hortatur
2561 3411 2573 3448 :
2609 3394 2772 3448 illum
2819 3411 2933 3449 non
2982 3400 3208 3449 revocat
3262 3395 3629 3465 exsecratus}
3688 3399 3814 3450 Item

2125 3483 2260 3536 alibi
2294 3500 2305 3535 :
2344 3481 2538 3554 [Deus,
2571 3483 2778 3553 inquit,
2814 3484 3184 3553 omnipotens
3222 3486 3407 3548 Pater,
3442 3485 3503 3537 in
3540 3486 3713 3554 Moysi
3741 3486 3813 3537 fa-

2126 3571 2209 3625 cie
2264 3590 2290 3622 ‹‹
2332 3571 2635 3624 excaecavit
2663 3572 2942 3641 populum
2989 3572 3319 3626 Iudaeorum
3362 3594 3387 3620 ››
3423 3588 3542 3625 non
3594 3574 3811 3629 duritia.

2127 3660 2223 3713 sed
2273 3660 2654 3730 prmscientia;
2712 3676 2813 3713 nec
2870 3660 3108 3727 malitia,
3173 3662 3269 3714 sed
3318 3661 3590 3730 aequitate
3656 3667 3811 3730 atque

2121 3748 2363 3817 justitia.
2397 3747 2508 3817 Ipsi
2541 3748 2694 3800 enim
2749 3748 2859 3801 sibi
2889 3765 3131 3817 posuere
3176 3749 3457 3813 velamen,
3509 3748 3609 3818 qui
3639 3751 3812 3817 legem

2128 3835 2452 3905 intelligere
2481 3835 2841 3906 noluerunt]
2876 3838 3012 3889 Item
3045 3836 3103 3889 in
3136 3835 3297 3889 libris
3341 3836 3413 3889 de
3444 3836 3558 3889 ﬁde
3586 3838 3653 3889 ad
3688 3838 3809 3889 Gra-

2128 3924 2350 3976 tianum
2387 3924 2456 3977 de
2487 3923 2686 3977 eadem
2730 3940 2792 3977 re
2825 3925 2902 3976 sic
2941 3924 3078 3977 dicit
3112 3940 3123 3977 :
3158 3925 3309 3993 [Haec
3354 3926 3706 3978 consuetudo
3737 3929 3814 3977 est

2130 4011 2468 4081 prophetiae,
2501 4018 2566 4065 ut
2606 4028 2734 4081 quae
2765 4011 2957 4065 futura
2987 4017 3135 4079 sunt,
3170 4014 3254 4066 vel
3287 4013 3450 4080 quasi
3498 4014 3809 4082 praesentia,

2130 4101 2215 4153 vel
2250 4099 2410 4169 quasi
2427 4099 2621 4177 futura
2644 4100 2907 4154 dicantur
2931 4117 2943 4154 :
2972 4102 3083 4153 Deo
3105 4101 3280 4165 enim,
3306 4118 3434 4171 quae
3460 4107 3591 4154 sunt
3611 4102 3810 4167 futura,

2129 4188 2436 4259 praesentia
2494 4193 2652 4257 sunt;
2687 4194 2744 4242 et
2775 4189 2847 4255 ei,
2899 4190 2989 4242 cui
3037 4190 3387 4259 praecognita
3426 4196 3559 4243 sunt
3611 4190 3809 4247 omnia.

2132 4281 2372 4329 ventura
2410 4293 2514 4345 pro
2562 4276 2724 4329 factis
2773 4282 2927 4340 sunt,
2975 4276 3119 4329 sicut
3168 4278 3446 4347 scriptum
3478 4283 3605 4331 est:
3644 4298 3671 4328 α
3717 4277 3811 4340 Qui

338 4361 617 4413 solaretur
657 4375 810 4425 eum,
840 4360 940 4429 qui
985 4376 1042 4413 se
1076 4361 1301 4414 dolebat
1348 4368 1530 4415 morte
1584 4364 1903 4432 praeveniri,
1955 4380 2024 4417 ne
2062 4370 2106 4423 D
2134 4365 2266 4417 fecit
2295 4380 2420 4433 qua:
2450 4364 2644 4417 futura
2670 4370 2803 4418 sunt
2832 4364 2962 4433 (Isa.
3000 4381 3125 4431 XLV,
3164 4368 3246 4433 ll,
3287 4381 3389 4419 sec.
3426 4364 3616 4437 LXX).]
3657 4386 3682 4415 ι›

327 4464 384 4501 se
415 4448 619 4501 offerre
669 4452 858 4517 posset
904 4448 971 4501 ad
1002 4448 1328 4517 passionem
1382 4451 1664 4519 martyrii,
1711 4450 1789 4504 ita
1835 4453 2014 4507 dicit:

326 4536 542 4605 [Primo
590 4536 649 4588 in
683 4536 803 4589 loco
838 4551 955 4589 non
1001 4540 1083 4589 est
1119 4536 1178 4588 in
1222 4540 1321 4588 tua
1346 4541 1645 4605 potestate,
1696 4538 1791 4590 sed
1825 4538 1885 4591 in
1918 4538 2017 4591 Dei

323 4624 654 4694 dignatione
704 4624 1096 4693 martyrium:
1134 4639 1237 4677 nec
1284 4630 1446 4693 potes
1478 4629 1535 4678 te
1593 4624 1779 4678 dicere
1826 4625 2016 4694 perdi-

323 4712 490 4778 disse,
537 4712 690 4782 quod
732 4712 913 4764 nescis
955 4728 1028 4764 an
1064 4712 1333 4765 merearis
1386 4712 1659 4781 accipere,
1698 4712 1830 4784 etc.]
1877 4714 2017 4766 Item

325 4800 434 4853 alio
476 4801 596 4853 loco
633 4816 645 4853 :
676 4800 895 4870 [Neque
946 4800 1122 4864 enim,
1175 4800 1383 4870 inquit,
1418 4806 1608 4869 potest
1648 4801 1855 4869 perire,
1908 4801 2018 4854 nisi

326 4904 495 4958 quem
564 4892 781 4941 constat
840 4904 962 4941 esse
1030 4888 1401 4957 periturum:
1438 4906 1568 4942 cum
1626 4889 1901 4942 Dominus
1957 4890 2018 4943 in

326 4976 629 5046 Evangelio
679 4993 779 5029 suo
811 4976 962 5029 dicat
994 4993 1006 5029 :
1041 5000 1061 5025 ι
1099 4978 1296 5031 Omnis
1344 4978 1646 5046 plantatio,
1696 4995 1868 5047 quam
1902 4994 2018 5032 non

323 5065 603 5135 plantavit
644 5066 813 5118 Pater
856 5081 1018 5117 meus
1066 5066 1327 5130 caelestis,
1373 5065 1757 5119 eradicabitur
1797 5066 2015 5135 (Matth.

323 5170 436 5222 XIX,
476 5153 609 5223 13).]
646 5173 672 5204 »
721 5153 861 5207 Item
896 5153 1032 5206 alibi
1078 5154 1257 5208 dicit:
1296 5153 1599 5225 [Dominus
1646 5155 1707 5208 in
1745 5171 2018 5224 persecu-

326 5244 479 5295 tione
523 5240 787 5295 secedere
837 5245 894 5293 et
936 5241 1134 5311 fugere
1166 5242 1478 5308 mandavit,
1518 5248 1691 5313 atque
1722 5247 1784 5297 ut
1814 5242 1871 5296 id
1921 5243 2022 5297 ﬁe-

325 5333 413 5381 ret
442 5334 497 5382 et
547 5328 738 5382 docuit
777 5333 833 5381 et
882 5328 1033 5382 fecit.
1086 5329 1225 5382 Nam
1255 5345 1383 5383 cum
1425 5346 1638 5383 corona
1682 5331 1749 5383 de
1783 5330 1881 5383 Dei
1933 5330 2021 5384 di-

326 5416 595 5484 gnatione
643 5416 967 5483 descendat,
1035 5431 1141 5469 nec
1199 5417 1379 5487 possit
1422 5418 1619 5486 accipi,
1674 5418 1783 5471 nisi
1847 5418 2021 5473 fuerit

326 5503 470 5556 hora
519 5503 803 5568 sumendi,
852 5501 1114 5572 quisquis
1143 5502 1204 5556 in
1254 5504 1476 5557 Christo
1510 5521 1747 5558 manens
1789 5505 2021 5561 interim

328 5589 496 5657 cedit,
528 5604 648 5642 non
692 5589 865 5642 ﬁdem
900 5596 1092 5658 negat,
1140 5590 1236 5643 sed
1283 5596 1509 5661 tempus
1560 5598 1885 5663 exspectat:
1921 5595 2020 5665 qui

2202 4453 2405 4505 Beatus
2436 4452 2608 4505 etiam
2658 4452 3035 4522 Hieronymus
3082 4452 3152 4506 de
3185 4453 3387 4506 eadem
3437 4470 3497 4505 re
3532 4455 3813 4522 disputans

2128 4540 2187 4593 in
2234 4540 2588 4610 expositione
2624 4540 2887 4609 Epistulae
2934 4541 2999 4594 ad
3050 4541 3345 4610 Ephesios,
3382 4542 3463 4593 ita
3511 4542 3810 4594 clarissime

2127 4627 2308 4681 dicit:
2345 4627 2855 4697 [Considerandum
2904 4629 3059 4697 quod
3119 4634 3175 4681 et
3222 4628 3315 4681 hic
3366 4634 3717 4701 προώρισμος,
3764 4632 3811 4680 et

2126 4716 2427 4787 προσθεσις,
2462 4714 2518 4768 id
2553 4720 2637 4767 est
2678 4714 3125 4783 prmdestin'alio,
3171 4719 3228 4767 et
3265 4716 3625 4784 propositum
3656 4716 3810 4768 simul

2127 4804 2309 4873 posita
2344 4807 2495 4868 sunt,
2522 4803 2683 4871 juxta
2734 4818 2864 4872 quas
2896 4807 3167 4871 operatur
3200 4803 3394 4857 omnia
3439 4805 3589 4857 Deus
3632 4821 3811 4857 secun-

2128 4892 2267 4945 dum
2297 4890 2604 4944 consilium
2637 4891 2946 4944 voluntatis
2979 4907 3095 4943 suae
3129 4907 3141 4943 :
3175 4908 3288 4944 non
3322 4908 3437 4961 quo
3469 4893 3666 4946 omnia
3698 4908 3809 4962 quae

2126 4979 2187 5032 in
2219 4979 2436 5033 mundo
2468 4979 2627 5042 ﬁant,
2664 4978 2765 5031 Dei
2799 4979 3094 5032 voluntate
3121 4983 3177 5032 et
3206 4979 3443 5033 consilio
3477 4987 3809 5050 peragantur

2129 5066 2406 5137 (alioquin
2439 5071 2494 5120 et
2526 5067 2675 5120 mala
2723 5068 2838 5120 Deo
2873 5072 3148 5136 poterunt
3198 5066 3525 5136 imputari),
3572 5071 3665 5122 sed
3709 5084 3807 5138 quo

2130 5156 2393 5207 universa
2428 5171 2556 5226 quae
2589 5155 2757 5207 faciat
2785 5171 2913 5208 cum
2957 5155 3192 5208 consilio
3226 5156 3395 5209 faciat
3424 5163 3481 5210 et
3513 5158 3802 5217 voluntate,

2131 5259 2259 5311 quae
2289 5243 2501 5296 scilicet
2547 5243 2769 5297 ratione
2818 5244 2989 5313 plena
3017 5243 3089 5296 sit
3120 5248 3174 5296 et
3214 5247 3495 5312 potestate
3546 5244 3801 5298 facientis.

2130 5333 2240 5384 Nos
2271 5331 2532 5385 homines
2576 5333 2850 5402 pleraque
2893 5332 3155 5385 volumus
3200 5332 3386 5385 facere
3419 5332 3677 5397 consilio,
3724 5332 3804 5385 sed

2130 5436 2495 5490 nequaquam
2525 5421 2877 5473 voluntatem
2915 5420 3175 5489 sequitur
3206 5420 3439 5474 effectus
3475 5437 3487 5473 :
3518 5422 3603 5475 illi
3633 5426 3801 5475 autem

2129 5508 2321 5561 nullus
2348 5508 2613 5562 resistere
2656 5512 2863 5579 potest,
2896 5509 3036 5578 quin
3068 5509 3261 5562 omnia
3290 5525 3418 5579 quae
3458 5510 3703 5565 voluerit
3739 5509 3803 5561 fa-

2128 5595 2256 5649 ciat.
2292 5596 2424 5649 Vult
2470 5600 2661 5651 autem
2691 5613 2758 5650 ea
2809 5612 2935 5667 quae
2970 5603 3107 5651 sunt
3149 5598 3321 5667 plena
3369 5598 3608 5653 rationis
3653 5606 3799 5667 atque
