3884 6218
90 324 205 373 ΗΟὸ

1167 325 1256 379 DE
1297 325 1619 379 TENENDA
1660 324 2070 380 SCRIPTUR/E
2110 326 2481 381 VEBITATE.

3436 330 3569 381 1106

84 449 332 523 consilii]
356 452 503 505 Item
525 452 738 505 alibiin
752 453 1009 523 ejusdem
1030 454 1289 523 Epistolas
1304 454 1758 507 commentariis:
1800 458 1846 508 A
1872 454 2124 524 profecto
2148 455 2205 508 in
2236 456 2341 509 hac
2370 455 2771 509 obscurissima
2802 455 3117 526 quaestione
3155 456 3223 510 de
3256 456 3568 525 prtescien-

88 539 246 609 :Quod
281 544 503 605 autem,
548 540 753 610 inquit,
785 561 811 587 ‹‹
843 542 1049 595 electos
1088 559 1212 607 nos,
1262 547 1324 595 ut
1353 559 1605 595 essemus
1637 558 1766 595 san-

83 628 143 680 cti
174 632 229 680 et
256 628 615 682 immaculati
665 646 854 683 coram
904 630 1027 699 ipso
1079 632 1252 699 (Eph.
1288 647 1324 695 ι,
1352 632 1426 695 4),
1455 654 1479 677 ››
1523 632 1631 684 hoc
1662 636 1765 697 est,

83 732 261 769 coram
312 718 453 782 Deo,
508 722 637 770 ante
690 718 962 771 fabricam
1015 719 1213 771 mundi
1264 724 1505 772 testatus
1551 725 1651 783 est,
1698 720 1765 772 ad

83 804 494 874 praescientiam
532 806 631 858 Dei
662 807 927 876 pertinet,
963 808 1053 859 cui
1086 808 1281 861 omnia
1310 808 1504 861 futura
1527 807 1647 876 jam
1679 808 1768 861 fa-

82 900 155 945 cta
183 898 342 958 sunt,
379 898 434 945 et
457 899 766 964 antequam
787 894 947 960 fiant,
982 896 1243 948 universa
1267 900 1398 949 sunt
1424 901 1556 949 nota
1583 912 1595 949 :
1624 896 1768 949 sicut

84 988 128 1033 et
157 982 371 1034 Paulus
420 982 539 1051 ipse
592 983 1037 1050 praedestinatur
1084 985 1142 1036 in
1199 990 1358 1037 utero
1405 985 1603 1037 matris
1651 1002 1767 1038 suae.

86 1070 215 1135 (Gul.
257 1069 299 1139 ι)
328 1088 340 1135 ;
369 1074 422 1122 et
451 1072 724 1124 Jeremias
757 1072 815 1124 in
848 1073 1013 1125 vulva
1046 1073 1242 1125 matris
1283 1090 1399 1126 suae
1447 1074 1768 1127 sanctifica-

84 1164 182 1225 tur,
209 1158 467 1228 eligitur,
522 1159 843 1226 roboratur,
876 1164 932 1212 et
968 1159 1025 1212 in
1058 1164 1192 1230 typo
1240 1161 1449 1215 Christi
1489 1162 1769 1230 propheta

84 1247 339 1315 gentibus
371 1247 619 1301 mittitur
663 1247 789 1317 (Jer.
847 1266 878 1311 ι,
938 1248 1036 1319 5).]
1071 1249 1139 1301 Et
1187 1253 1313 1317 post
1358 1249 1584 1317 aliqua:
1624 1250 1769 1319 [Non

85 1334 148 1386 ait
181 1335 419 1401 Paulus,
454 1336 662 1405 inquit,
691 1358 709 1383 α
760 1337 931 1406 elegit
970 1354 1074 1390 nos
1124 1344 1253 1390 ante
1298 1338 1766 1390 constitutionem

85 1422 297 1486 mundi,
332 1440 462 1476 cum
496 1440 747 1476 essemus
777 1424 954 1477 sancti
987 1431 1041 1477 et
1063 1425 1419 1478 immaculati
1458 1448 1476 1474 ι
1510 1425 1611 1479 hoc
1643 1430 1763 1478 est:

83 1512 204 1580 quia
239 1512 423 1565 sancti
452 1519 508 1565 et
540 1512 889 1565 immaculati
918 1518 1047 1566 ante
1069 1530 1182 1566 non
1210 1514 1443 1577 fuimus,
1479 1519 1540 1567 ut
1570 1519 1768 1582 postea

85 1614 330 1652 essemus
374 1600 688 1653 constituit.
743 1602 863 1654 Non
914 1601 1066 1655 enim
1118 1602 1410 1670 eliguntur
1452 1603 1677 1665 Paulus,
1711 1608 1769 1655 et

86 1689 170 1757 qui
202 1688 256 1741 ei
284 1688 502 1742 similes
536 1693 688 1753 sunt,
720 1688 854 1758 quia
884 1695 1047 1743 erant
1084 1690 1263 1743 sancti
1294 1696 1350 1743 et
1388 1690 1763 1757 immaculati,

84 1776 165 1828 sed
200 1777 500 1845 eliguntur
547 1782 601 1829 et
641 1778 1146 1846 praedestinantur,
1181 1783 1244 1832 ut
1291 1779 1349 1831 in
1399 1779 1769 1849 consequenti

85 1866 184 1916 vita
214 1880 320 1933 per
365 1881 541 1935 opera
586 1871 756 1935 atque
798 1866 1036 1919 virtutes
1089 1867 1269 1920 sancti
1315 1871 1371 1920 et
1418 1867 1766 1921 immaculati

85 1951 253 2022 ﬁant]

141 2040 247 2093 Sed
280 2044 338 2092 et
380 2040 581 2093 beatus
626 2042 735 2094 Leo
784 2042 853 2094 de
900 2041 1199 2111 utriusque
1247 2043 1767 2111 prmdestinationis

86 2132 287 2180 aeterno
321 2128 474 2196 apud
516 2130 695 2181 Deum
743 2129 1001 2189 consilio,
1054 2129 1111 2181 in
1147 2130 1506 2184 sermonibus
1548 2131 1665 2184 suis
1699 2132 1765 2185 ad

82 2216 351 2284 populum
404 2216 480 2268 ita
526 2216 818 2270 evidenter
852 2217 1036 2281 docet,
1088 2218 1323 2271 dicens:
1359 2220 1443 2287 [In
1481 2219 1766 2273 salvandis

84 2304 225 2356 enim
274 2304 545 2356 omnibus
594 2321 697 2374 per
745 2321 969 2358 crucem
1022 2305 1230 2359 Christi
1279 2308 1602 2359 communis
1646 2313 1768 2361 erat

84 2392 333 2445 voluntas
388 2392 572 2445 Patris
611 2398 663 2445 et
711 2393 876 2447 Filii:
930 2409 1239 2446 commune
1291 2395 1615 2463 consilium,
1663 2413 1766 2450 nec

86 2481 187 2532 ulla
210 2484 439 2550 poterat
459 2481 677 2533 ratione
701 2481 938 2547 turbari,
965 2482 1118 2551 quod
1142 2486 1272 2535 ante
1297 2486 1513 2536 aeterna
1534 2486 1761 2550 saecula,

85 2574 129 2621 et.
165 2569 613 2622 misericorditer
633 2573 753 2621 erat
798 2570 1136 2638 dispositum
1186 2576 1240 2623 et
1279 2571 1764 2625 incommutabili-

84 2660 158 2709 ter
188 2656 588 2726 praeﬁnitum]
632 2659 772 2711 Item
804 2658 917 2710 alio
964 2659 1120 2711 loco:
1172 2656 1332 2731 [Cum
1379 2675 1515 2729 ergo
1550 2662 1762 2728 omnia,

85 2762 199 2814 quae
232 2746 290 2799 in
326 2746 573 2799 Domino
611 2746 921 2815 majestatis
945 2747 1178 2800 Iudaica
1209 2748 1439 2802 admisit
1476 2749 1763 2818 impietas,

84 2839 226 2886 tanto
270 2838 406 2887 ante
459 2834 731 2903 praedicta
788 2834 922 2899 sint,
979 2839 1039 2887 ut
1087 2851 1201 2888 non
1246 2841 1364 2889 tam
1413 2837 1481 2890 de
1538 2838 1763 2903 futuris,

86 2938 244 2991 quam
276 2923 348 2975 de
383 2922 690 2991 praeteritis
722 2923 1088 2992 propheticus
1132 2923 1205 2976 sit
1232 2940 1419 2977 sermo
1452 2931 1763 2994 contextus,

1879 543 1960 595 tia
2004 545 2057 596 et
2110 544 2612 611 prmdestinatione
2658 544 2847 598 divina
2892 545 3028 614 (Deo
3071 543 3356 613 aspirante
3402 549 3571 614 atque

1878 631 2258 697 illuminante)
2294 633 2451 685 nulla
2482 634 2689 686 erroris
2732 632 2912 701 caligo
2943 632 3003 684 in
3052 647 3253 685 eorum
3306 633 3571 687 cordibus

1878 720 2262 773 remansisset.
2294 720 2385 772 Ait
2434 736 2677 790 namque
2723 722 2993 789 praefatus
3044 721 3241 774 doctor
3274 722 3424 775 inter
3455 738 3565 776 cae-

1878 813 1999 862 tera
2032 808 2089 861 in
2122 809 2264 862 libro
2286 810 2406 878 jam
2449 809 2635 862 dicto:
2671 808 2848 880 [Quod
2881 826 3016 879 ergo
3061 816 3190 863 ante
3241 810 3566 879 gehennam

1880 897 2012 951 mali
2052 903 2316 966 pereunt,
2361 914 2480 951 non
2530 902 2613 951 est
2659 898 2837 951 divini
2885 897 3095 965 operis,
3148 899 3245 950 sed
3286 898 3562 952 humani:

1876 987 2025 1054 quod
2055 990 2247 1039 autem
2289 987 2348 1039 in
2379 987 2644 1056 gehenna
2677 986 2915 1055 perituri
2966 990 3116 1050 sunt,
3165 986 3273 1038 hoc
3303 986 3437 1039 facit
3466 987 3567 1040 Dei

1876 1074 2135 1143 mquitas,
2171 1074 2261 1128 cui
2302 1075 2458 1127 nulla
2486 1075 2667 1144 placet
2694 1074 2978 1143 peccantis
3012 1072 3326 1145 iniquitas]
3368 1075 3431 1126 Et
3460 1074 3568 1127 ite-

1876 1178 2005 1215 rum
2055 1162 2597 1232 praedestinationis,
2651 1162 2859 1233 inquit,
2922 1161 3157 1214 nomine
3210 1178 3326 1213 non
3376 1162 3568 1232 aliqua

1877 1250 2188 1304 voluntatis
2232 1251 2502 1304 humana:
2546 1251 2806 1304 coactitia
2858 1250 3160 1303 necessitas
3207 1250 3567 1318 exprimitur,

1878 1338 1976 1391 sed
2007 1339 2324 1391 misericors
2377 1344 2429 1391 et
2467 1328 2620 1407 justa
2671 1338 2849 1391 futuri
2896 1338 3089 1407 operis
3126 1337 3315 1391 divina
3359 1338 3566 1407 sempi-

1877 1430 2039 1479 terna
2063 1426 2356 1496 dispositio
2389 1426 2734 1497 praedicatur
2761 1444 2772 1480 :
2805 1446 2830 1476 ‹‹
2857 1429 2967 1480 Deo
2986 1442 3256 1495 namque,
3288 1431 3361 1491 et,
3396 1427 3567 1480 mise-

1877 1513 2179 1566 ricordiam
2215 1518 2271 1565 et
2314 1513 2595 1582 judicium
2636 1519 2823 1566 cantat
2854 1514 3101 1566 Ecclesia
3140 1513 3306 1582 (Psal.
3340 1530 3388 1579 c,
3442 1516 3511 1583 t).
3541 1536 3561 1562 ι

1949 1601 2089 1654 Item
2127 1600 2235 1653 ibi:
2270 1599 2554 1669 [Proinde,
2584 1599 2793 1670 inquit,
2816 1601 3001 1669 potuit
3034 1600 3178 1653 sicut
3199 1601 3380 1654 voluit
3412 1618 3566 1670 prte-

1879 1688 2163 1742 destinare
2195 1688 2470 1758 quosdam
2494 1690 2563 1741 ad
2593 1689 2857 1758 gloriam,
2890 1689 3167 1758 quosdam
3201 1689 3273 1741 ad
3300 1705 3564 1758 poenam:

1880 1778 1975 1831 sed
2010 1794 2150 1847 quos
2181 1777 2610 1847 praedestinavit
2640 1777 2709 1829 ad
2758 1778 2995 1846 gloriam
3045 1778 3470 1846 praedestinavit
3499 1779 3567 1832 ad

1872 1865 2153 1936 justitiam
2180 1882 2192 1931 ;
2228 1882 2369 1935 quos
2392 1870 2584 1917 autem
2622 1865 3049 1933 praedestinavit
3094 1865 3166 1917 ad
3195 1882 3423 1935 poenam
3454 1882 3567 1919 non

1876 1953 2303 2024 praedestinavit
2352 1955 2422 2006 ad
2469 1955 2715 2022 culpam.
2767 1955 2828 2006 In
2872 1954 2985 2006 illis
3054 1970 3188 2022 ergo
3247 1970 3420 2023 opera
3468 1970 3569 2007 sua

1877 2042 2191 2113 glorificat;
2224 2042 2281 2094 in
2312 2041 2433 2094 istis
2463 2047 2657 2094 autem
2706 2058 2880 2110 opera
2909 2057 3023 2094 non
3066 2058 3168 2094 sua
3199 2041 3562 2095 condemnat.

1879 2133 1993 2185 Hoc
2031 2132 2225 2200 itaque
2273 2129 2698 2199 praedestinavit
2744 2132 2911 2195 Deus,
2964 2130 3113 2199 quod
3157 2134 3277 2182 erat
3320 2130 3442 2198 ipse
3480 2132 3564 2183 fa-

1874 2224 2085 2287 cturus,
2110 2222 2209 2271 aut
2227 2219 2374 2289 quod
2398 2218 2583 2271 fuerat
2613 2220 2923 2287 largiturus
2948 2234 2961 2283 ;
2995 2218 3135 2270 illud
3161 2234 3292 2271 vero
3322 2219 3563 2271 nullate-

1876 2324 1983 2362 nus
2015 2307 2458 2377 prasdestinavit,
2493 2307 2642 2375 quod
2693 2308 2807 2359 sive
2854 2323 2958 2375 per
3000 2306 3265 2375 gratiam,
3317 2307 3431 2359 sive
3462 2323 3563 2376 per

1868 2396 2153 2467 justitiam
2214 2396 2465 2459 facturus
2505 2397 2625 2464 ipse
2676 2411 2790 2447 non
2838 2396 2986 2462 fuit]
3048 2398 3184 2448 Item
3236 2395 3348 2449 ibi:
3401 2396 3567 2465 [Mala

1877 2485 2089 2555 quippe
2114 2485 2377 2537 voluntas
2400 2500 2514 2536 non
2546 2484 2795 2553 pertinet
2815 2484 2883 2537 ad
2913 2485 3195 2553 Optimum
3219 2490 3560 2537 creatorem:

1870 2575 2025 2644 justa
2051 2590 2183 2627 vero
2213 2573 2411 2643 injusti
2455 2572 2663 2640 angeli,
2716 2572 3077 2642 hominisque
3108 2572 3400 2625 damnatio
3438 2588 3565 2641 per-

1878 2664 2024 2716 tinet
2090 2663 2157 2715 ad
2210 2661 2604 2731 zequissimum
2665 2660 3040 2729 cognitorem.
3084 2660 3168 2712 Ad
3214 2660 3563 2712 voluntatem

1875 2751 2054 2819 igitur
2102 2750 2310 2803 malam
2380 2750 2527 2802 Deus
2572 2748 2865 2801 hominem
2936 2764 3053 2800 non
3120 2748 3560 2817 praedestinavit,

1876 2839 2012 2909 quia
2042 2838 2261 2891 homini
2307 2853 2431 2890 eam
2475 2838 2711 2890 daturus
2740 2836 2860 2906 ipse
2892 2852 3006 2889 non
3036 2835 3184 2905 fuit]
3223 2837 3283 2888 Et
3311 2835 3519 2887 iterum
3549 2850 3559 2889 :

1878 2928 2097 2997 [Neque
2129 2927 2280 2979 enim
2313 2932 2398 2979 est
2446 2926 2551 2978 alia
2604 2926 2726 2995 ejus
2779 2924 3226 2995 prmdestinatio,
3268 2924 3379 2977 nisi
3415 2924 3564 2977 futu-

84 3011 213 3079 quid
253 3011 408 3063 aliud
460 3011 646 3075 nobis,
697 3028 871 3081 quam
924 3013 1403 3081 sempiteruarum
1450 3014 1765 3082 dispositio-
1804 3023 1845 3079 ο
1875 3032 2068 3069 rorum
2102 3030 2340 3083 operum
2372 3014 2493 3083 ejus
2522 3018 2739 3067 aeterna
2777 3013 3140 3083 praeparatio,
3174 3014 3232 3065 in
3264 3028 3376 3082 qua
3406 3013 3565 3065 nulla

85 3113 211 3151 num
241 3099 341 3152 Dei
372 3098 861 3153 incommutabilis
883 3101 1022 3152 ordo
1054 3106 1377 3154 reseratur:
1410 3104 1560 3170 apud
1594 3119 1766 3172 quem

85 3184 453 3238 discernenda
508 3187 628 3254 jam
671 3185 947 3256 judicata,
987 3187 1178 3239 futura
1237 3188 1359 3257 jam
1410 3189 1553 3241 facta
1610 3196 1763 3243 sunt.

84 3274 215 3327 Cum
248 3276 406 3327 enim
439 3281 496 3328 et
522 3275 824 3343 qualitates
852 3275 1140 3328 actionum
1170 3280 1516 3341 nostrarum,
1543 3282 1599 3330 et
1633 3277 1766 3331 effe-

82 3366 193 3415 ctus
222 3362 487 3415 omnium
534 3362 894 3416 voluntatum
937 3363 1172 3416 scicntia
1207 3363 1397 3417 divina
1433 3365 1763 3433 praeveniat,

82 3456 286 3518 quanto
322 3452 506 3518 magis
538 3456 671 3503 nota
701 3456 835 3504 sunt
859 3452 971 3505 Deo
1004 3467 1177 3520 opera
1206 3467 1307 3504 sua
1327 3451 1354 3503 ?
1386 3456 1443 3504 et
1469 3457 1617 3505 recte
1642 3453 1766 3522 pla-

82 3540 187 3590 cuit
230 3539 398 3608 quasi
431 3538 578 3592 facta
630 3539 823 3607 recoli,
873 3555 1000 3609 quas
1052 3556 1167 3593 non
1217 3544 1482 3609 poterant
1526 3541 1763 3595 omnino

84 3643 188 3679 non
210 3626 385 3697 fieri]

145 3716 348 3768 Beatus
375 3732 605 3786 quoque
636 3715 872 3769 antistes
903 3721 958 3769 et
988 3717 1272 3785 gloriosus
1313 3716 1603 3770 confessor
1634 3719 1763 3772 Ful-

80 3804 322 3873 gentius,
375 3806 444 3857 de
492 3805 595 3857 hac
637 3804 839 3874 judicii
893 3804 951 3857 in
993 3810 1296 3875 utramque
1346 3809 1565 3874 partem
1615 3821 1766 3874 prte-

82 3892 325 3958 scientia,
358 3897 415 3945 et
445 3893 949 3962 praedestinatione
972 3893 1270 3963 egregium
1292 3892 1501 3946 librum
1529 3893 1761 3948 scribit:

83 3980 191 4049 qui,
235 3980 382 4033 sicut
429 3985 484 4033 et
531 3986 737 4034 caetera
786 3981 905 4049 ejus
953 3981 1287 4035 admiranda
1337 3986 1393 4035 et
1442 3983 1765 4036 veneranda

82 4068 302 4136 scripta,
356 4085 582 4137 semper
630 4071 703 4123 ab
771 4070 1017 4123 Ecclesia
1082 4070 1329 4123 fideliter
1377 4075 1659 4140 receptus,
1709 4074 1766 4124 et

81 4155 222 4209 inter
271 4156 575 4226 scriptores
617 4157 1029 4211 ecclesiasticos
1064 4157 1429 4210 laudabiliter
1478 4174 1765 4211 annume-

83 4250 231 4296 ratus
261 4250 365 4298 est.
399 4246 468 4298 Et
497 4261 647 4298 nunc
676 4246 961 4298 nescimus
988 4261 1098 4316 qua
1134 4245 1371 4308 ratione,
1405 4246 1521 4299 imo
1555 4246 1764 4300 inﬁde-

1876 3120 2044 3157 causa
2074 3104 2208 3156 mali
2257 3104 2541 3156 ullatenus
2589 3102 2802 3172 poterit
2842 3102 3128 3155 inveniri:
3164 3101 3297 3170 quia
3345 3117 3410 3154 ex
3463 3116 3561 3153 vo-

1876 3192 2095 3244 luntate
2126 3190 2220 3244 Dei
2257 3206 2552 3259 nunquam
2584 3190 2859 3259 processit
2889 3190 3048 3259 origo
3080 3189 3314 3258 peccati.
3350 3210 3375 3237 ‹‹
3408 3190 3565 3243 Mise-

1875 3280 2053 3333 ricors
2078 3280 2231 3332 enim
2259 3280 2530 3333 Dominus
2559 3285 2615 3332 et
2636 3279 2826 3348 justus
2848 3280 3011 3347 (Psal.
3034 3294 3173 3341 cxrv,
3304 3300 3323 3324 ι
3349 3279 3425 3332 De
3448 3294 3561 3347 quo

1876 3368 1986 3422 alio
2018 3369 2138 3420 loco
2181 3368 2456 3437 scriptum
2491 3371 2611 3420 est:
2651 3389 2669 3415 ι
2705 3366 3151 3420 Misericordiam
3181 3372 3237 3419 et
3265 3367 3561 3418 veritatem

1875 3455 2063 3526 diligit
2092 3455 2369 3508 Dominus
2403 3457 2549 3507 Deus
2582 3455 2750 3520 (Psal.
2780 3470 2992 3519 Lxxx1v,
3023 3455 3127 3522 12).
3152 3474 3178 3501 »
3205 3455 3266 3505 In
3297 3452 3564 3505 omnibus

1874 3560 2011 3614 ergo
2034 3544 2301 3614 operibus
2319 3543 2441 3611 ejus
2459 3542 2723 3611 autjusta
2742 3542 2949 3595 veritas
2974 3541 3308 3601 custoditur,
3338 3544 3436 3593 aut
3464 3540 3561 3609 pia

1873 3631 2265 3685 misericordia
2295 3627 2697 3701 prmrogatur]
2734 3631 2871 3683 Item
2904 3629 3020 3682 ibi:
3071 3627 3191 3700 [Dei
3221 3628 3374 3681 enim
3407 3644 3560 3697 prae-

1874 3720 2253 3774 destinatione
2294 3724 2392 3772 aut
2438 3723 2796 3788 peccatorum
2842 3721 3164 3786 prteparata
3198 3720 3283 3769 est
3331 3715 3426 3784 pia
3465 3730 3560 3768 re-

1872 3805 2089 3872 missio,
2127 3810 2222 3858 aut
2250 3811 2610 3874 peccatorum
2636 3802 2793 3872 justa
2821 3802 3064 3872 punitio.
3102 3804 3407 3871 Nunquam
3452 3801 3559 3870 igi-

1874 3898 1967 3947 tur
1998 3894 2144 3947 Deus
2175 3893 2468 3946 hominem
2502 3892 2569 3944 ad
2600 3892 2704 3944 hoc
2735 3890 2923 3960 potuit
2952 3890 3381 3959 praedestinare,
3408 3888 3561 3958 quod

1871 3980 1994 4050 ipse
2036 3980 2395 4049 disposuerat
2438 3982 2493 4030 et
2539 3981 2825 4047 praecepto
2872 3975 3194 4046 prohibere,
3243 3980 3298 4027 et
3336 3975 3558 4028 miseri-

1872 4068 2067 4121 cordia
2126 4068 2365 4134 diluere,
2425 4071 2482 4119 et
2527 4064 2752 4135 justitia
2811 4063 3060 4133 punire]
3126 4064 3383 4132 Itemque
3443 4063 3558 4116 ibi:

1873 4156 2045 4226 [Deus
2074 4156 2269 4225 itaque
2296 4155 2489 4208 omnia
2517 4153 2819 4207 hominum
2850 4167 3024 4221 opera
3072 4151 3187 4203 sive
3230 4151 3397 4213 bona,
3446 4151 3561 4203 sive

1872 4243 2021 4295 mala
2051 4241 2349 4311 praescivit,
2374 4240 2511 4311 quia
2535 4256 2668 4294 eum
2693 4240 2865 4292 latere
2893 4238 3033 4292 nihil
3064 4237 3250 4308 potuit
3277 4254 3291 4303 ;
3319 4239 3418 4291 sed
3439 4238 3559 4291 sola

82 4332 234 4385 litate
265 4338 323 4387 et
353 4334 721 4387 contentione
753 4335 923 4386 simul
960 4350 1089 4387 cum
1122 4334 1285 4386 beato
1316 4336 1639 4403 Augustino
1664 4335 1762 4389 ab-
1803 4317 1846 4371 D
1874 4330 2024 4384 bona
2056 4329 2499 4400 praedestinavit,
2534 4344 2663 4399 quae
2696 4343 2752 4380 se
2796 4327 2857 4380 in
2881 4327 3015 4380 filiis
3045 4326 3244 4396 gratias
3282 4327 3563 4380 facturum

78 4419 265 4487 jicitur
293 4438 307 4475 :
339 4427 394 4475 et
416 4422 485 4474 ab
517 4422 598 4474 eis
630 4423 729 4492 qui
769 4421 1033 4475 catholici
1076 4421 1253 4474 videri
1284 4423 1499 4487 volunt,
1532 4423 1673 4475 tales
1704 4439 1766 4475 ac

82 4509 219 4562 tanti
250 4510 357 4561 viri
398 4509 494 4563 Dei
537 4509 900 4579 iniquissime
950 4510 1228 4579 injuriati,
1281 4514 1335 4563 et
1384 4511 1581 4578 spreti,
1616 4512 1769 4565 velut

84 4598 401 4667 quisquilias
432 4603 489 4651 et
526 4603 907 4667 purgamenta
939 4598 1209 4651 vilissima
1243 4599 1669 4652 conculcantur.
1707 4601 1771 4652 Et

84 4690 159 4737 est
191 4685 361 4737 nimis
394 4684 655 4738 mirabile
705 4686 821 4738 imo
867 4685 1137 4738 horribile
1188 4686 1499 4755 quomodo,
1548 4692 1611 4739 ut
1653 4687 1770 4740 suis

84 4774 582 4828 adinventionibus
642 4779 699 4826 et
741 4774 973 4843 ineptiis
1016 4774 1299 4840 credatur,
1340 4774 1587 4844 exigant,
1638 4791 1769 4829 cum

85 4863 186 4931 ipsi
227 4862 583 4916 beatissimos
631 4864 844 4928 Patres,
911 4866 969 4915 et
1034 4862 1446 4915 illustrissimos
1511 4863 1769 4916 doctores

86 4951 339 5005 Ecclesia:
372 4950 714 5020 abjecerint;
748 4966 812 5003 ac
849 4966 953 5019 per
984 4950 1091 5003 hoc
1118 4950 1229 5003 nisi
1264 4967 1322 5004 se
1373 4949 1539 5004 citius
1586 4951 1769 5003 corri-

86 5055 215 5108 gere
263 5039 530 5092 studeant
583 5038 873 5091 verissime
919 5038 1169 5092 haeretici
1197 5038 1442 5108 judicari
1489 5042 1765 5109 possunt:

88 5127 179 5197 qui
211 5126 363 5193 ﬁdei,
415 5132 473 5180 et
518 5126 801 5192 charitati,
850 5130 905 5179 et
952 5126 1347 5180 sincerissimae
1398 5128 1630 5180 Patrum
1670 5127 1767 5181 do-

88 5212 275 5265 ctrinae
326 5228 444 5265 non
500 5212 966 5277 communicant;
1017 5213 1115 5265 sed
1172 5213 1411 5282 insuper
1456 5228 1586 5266 cum
1634 5213 1771 5281 ipsis

88 5300 253 5353 etiam
293 5300 602 5369 Scripturae
638 5304 845 5353 sancta:
890 5301 1177 5353 caelestem
1206 5301 1604 5354 auctoritatem
1633 5316 1767 5353 con-

88 5391 360 5443 temnunt.
395 5389 535 5441 Nam
570 5388 615 5440 si
651 5387 813 5441 illum
858 5388 1256 5441 fidelissimum
1309 5387 1770 5457 copiosissimum

90 5481 141 5526 et
170 5476 638 5529 ﬂorentissimum
669 5475 879 5528 librum
927 5475 1077 5529 beati
1130 5475 1415 5543 Fulgentii
1465 5491 1596 5527 eum
1647 5475 1771 5543 pie-

89 5566 195 5615 tate
224 5569 280 5617 et
316 5563 648 5618 obedientia
688 5564 879 5633 legere
929 5568 983 5616 et
1026 5562 1349 5631 intelligere
1402 5562 1768 5628 studuissent,

1876 4434 1997 4472 esse
2051 4417 2371 4488 praescivit;
2431 4417 2582 4470 mala
2642 4432 2776 4469 vero
2831 4416 3048 4481 gfutura
3107 4431 3280 4483 opera
3334 4415 3561 4467 illorum

1877 4522 2021 4575 quos
2052 4521 2169 4558 non
2200 4505 2629 4575 prmdestinavit
2672 4504 2741 4557 ad
2787 4518 3055 4573 regnum,
3109 4503 3203 4555 sed
3249 4502 3317 4554 ad
3370 4502 3563 4554 interi-

1876 4598 2023 4661 tum,
2084 4593 2367 4662 prmscivit
2422 4591 2817 4661 potentissima
2883 4590 3109 4652 deitate,
3174 4588 3462 4641 ordinavit
3507 4593 3565 4642 et

1878 4681 2114 4751 provida
2147 4681 2449 4751 bonitate.]
2497 4682 2564 4732 Et
2612 4681 2858 4733 iterum:
2914 4675 3221 4748 [Przescivit
3260 4676 3413 4729 enim
3463 4691 3562 4728 vo-

1879 4772 2125 4823 luntates
2146 4770 2444 4822 hominum
2473 4768 2650 4821 bonas
2683 4773 2739 4819 et
2770 4766 2968 4830 malas,
2990 4763 3416 4834 praedestinavit
3449 4780 3562 4816 non

1881 4857 2079 4921 malas,
2114 4856 2210 4909 sed
2235 4857 2383 4909 solas
2420 4856 2618 4909 bonas.
2655 4856 2721 4908 Et
2768 4853 2899 4906 licet
2930 4853 2990 4905 in
3022 4852 3144 4921 ejus
3194 4850 3562 4921 prmdestina-

1878 4945 2033 4997 tione
2069 4959 2181 4996 non
2208 4942 2395 5009 fuerit,
2430 4948 2492 4994 ut
2524 4940 2800 4994 malitiam
2840 4939 3121 4993 voluntati
3165 4940 3432 4991 humanae
3465 4938 3562 4991 de-

1879 5032 2071 5095 disset,
2106 5032 2213 5084 fuit
2241 5035 2431 5082 tamen
2462 5031 2522 5081 in
2562 5029 2685 5099 ejus
2732 5027 3234 5097 praedestinatioue
3283 5026 3421 5096 quid
3456 5026 3561 5079 hu-

1880 5135 2066 5172 manas
2099 5117 2404 5171 voluntatis
2433 5117 2667 5170 malitiae
2698 5115 3079 5184 reddidisset.]

2550 5241 2775 5295 CAPUT
2814 5240 2900 5294 ΙΧ.
3542 5264 3549 5292 l

2197 5347 2456 5415 Sequitur
2482 5346 2547 5399 de
2579 5347 2759 5400 eodem
2789 5346 3025 5415 capitulo
3044 5348 3243 5415 primo.
3538 5342 3551 5381 Ῑ

1954 5472 2083 5524 Haec
2126 5471 2397 5540 praefatus
2446 5470 2786 5525 venerabilis
2833 5470 3026 5524 doctor
3075 5469 3134 5521 in
3176 5468 3340 5534 libro,
3395 5464 3566 5564 quem

1882 5576 2055 5629 supra
2098 5557 2561 5624 memoravimus,
2604 5560 2770 5626 juxta
2814 5557 3117 5627 Scripturaa
3163 5561 3368 5610 sancta:
3419 5536 3567 5648 veni;-
