3884 6218
329 347 460 398 1107

1458 347 1513 398 S.
1558 343 1823 399 REMIGII
1866 346 2338 400 LUGDUNENSIS
2378 346 2694 401 EPISCOPI

3710 348 3722 395 ί
3743 349 3825 396 Hl‘s‘

324 482 524 544 tatem,
552 482 606 531 et
648 478 1097 547 prwcedentium
1149 479 1375 529 Patrum
1424 478 1791 530 reverendam
1828 483 2017 531 aucto-
2054 482 2099 531 A
2130 477 2386 547 ejusdem
2422 477 2717 546 scripturae
2762 476 2863 528 iste
2910 476 2982 529 sit
3030 476 3266 529 titulus:
3315 477 3415 545 (De
3468 480 3679 528 sancto
3710 475 3825 543 epi-

326 566 556 618 ritatem
584 569 639 617 et
670 564 851 616 multa
883 564 1014 630 alia,
1067 580 1193 633 quae
1245 564 1315 617 ad
1364 570 1705 633 praesentem
1750 566 2020 634 quaestio-

329 670 459 706 nem
512 653 801 705 sufﬁciunt
849 653 1001 705 claro
1049 668 1313 705 sermone
1357 654 1635 707 disseruit.
1683 656 1862 718 Quem
1916 671 2019 707 nos

330 741 578 794 ﬁdeliter
626 742 1034 811 disputantem,
1084 748 1139 794 et
1183 742 1465 812 majorum
1517 744 1749 812 vestigia
1797 744 1890 812 pie
1935 759 2015 795 se-

330 836 602 900 quentem
652 830 1002 896 obedienter,
1056 836 1111 882 et
1150 830 1445 883 sinceriter
1492 832 1653 901 sequi
1705 832 2015 885 debemus:

332 919 463 987 quia
499 923 552 970 et
582 918 687 970 hoc
718 919 789 972 ad
821 918 955 971 ﬁdei
995 924 1203 971 nostra:
1235 919 1624 987 integritatem
1654 920 1922 989 pertinet,
1961 927 2022 973 ut

330 1006 475 1059 sicut
508 1007 563 1058 in
597 1006 838 1069 caeteris,
869 1022 997 1076 quas
1033 1007 1097 1060 :le
1143 1008 1257 1060 Deo
1300 1008 1602 1074 credimus,
1638 1008 1716 1060 ita
1743 1014 1799 1061 et
1826 1008 1883 1060 in
1918 1009 2021 1061 hac

331 1099 491 1164 parte
517 1095 657 1148 nihil
690 1095 990 1165 indignum
1022 1095 1210 1148 divina
1260 1098 1571 1165 majestate,
1622 1097 1763 1149 nihil
1812 1098 2020 1150 falsum

332 1184 401 1236 de
437 1184 642 1237 divinis
676 1184 907 1253 judiciis
948 1185 1283 1238 sentiamus.
1329 1186 1647 1237 Prmsertim
1682 1202 1810 1238 cum
1852 1187 2022 1256 hujus

331 1272 851 1341 praedestinationis
892 1273 1117 1339 veritas,
1172 1278 1227 1326 et
1274 1273 1406 1326 ﬁdei
1460 1274 1517 1326 in
1568 1274 1729 1327 uobis
1782 1275 2024 1328 aediﬁcet

334 1360 737 1423 sinceritatem,
798 1368 854 1413 et
901 1361 1042 1413 nulli
1088 1362 1340 1429 praebeat
1389 1362 1805 1430 desperationis
1845 1362 2025 1416 offen-

331 1448 575 1513 sionem,
609 1454 663 1500 et
703 1448 920 1501 cunctis
971 1450 1069 1519 qui
1116 1450 1174 1502 in
1225 1449 1341 1502 suis
1391 1450 1540 1503 vitiis
1586 1451 1924 1520 perniciose,
1967 1456 2025 1505 et

329 1534 702 1605 pertinaciter
758 1538 945 1589 vivere
1007 1538 1381 1601 delectantur,
1455 1538 1897 1592 saluberrimum
1946 1541 2023 1592 ti-

331 1639 551 1675 morem
599 1628 838 1693 ingerat.
892 1626 1030 1678 Nam
1080 1626 1149 1679 de
1194 1631 1544 1695 contemptu,
1600 1633 1653 1679 et
1705 1627 2023 1696 abjeetione

329 1712 787 1765 beatissimorum
841 1718 1010 1783 atque
1061 1714 1575 1767 illustrissimorum
1627 1717 1872 1780 Patrum,
1927 1716 2025 1787 qui

334 1817 362 1853 a
398 1801 593 1853 multis
635 1801 805 1853 nimis
855 1802 1167 1856 insolenter
1216 1808 1386 1872 atque
1430 1803 1747 1873 irreligioso
1791 1804 2021 1857 concul-

333 1894 552 1954 cantur,
587 1889 723 1959 quid
760 1890 926 1943 nobis
963 1891 1115 1944 aliud
1158 1892 1541 1958 sentiendum,
1578 1892 1686 1944 nisi
1716 1898 1781 1945 ut
1826 1898 2024 1946 contra

333 1978 454 2029 haec
481 1978 661 2047 magis
704 1978 1023 2044 audiamus,
1070 1983 1126 2031 et
1156 1979 1520 2031 observemus
1561 1980 1694 2049 quid
1731 1980 2024 2049 Scriptura

334 2065 401 2117 de
436 2064 648 2118 eisdem
683 2067 890 2119 sanctis
920 2067 1180 2121 Patribus
1212 2068 1487 2137 praecepit
1518 2068 1711 2121 dicens
1738 2086 1749 2122 :
1784 2091 1809 2116 ‹‹
1844 2070 2021 2122 Inter-

332 2168 470 2222 roga
501 2157 720 2221 patrem
749 2159 934 2221 tuum,
969 2161 1025 2208 et
1051 2156 1416 2210 annuntiabit
1443 2156 1565 2221 tibi,
1595 2157 1837 2227 majores
1867 2164 2023 2220 tuos,

331 2246 388 2293 et
413 2242 603 2294 dicent
633 2242 735 2294 tibi
782 2241 959 2311 (Deut.
1011 2260 1178 2311 xxxu,
1215 2245 1305 2314 7);
1357 2265 1382 2294 »
1435 2262 1506 2298 ne
1556 2246 1915 2298 incurramus
1964 2246 2022 2299 in

336 2328 474 2380 illud
527 2328 679 2397 quod
742 2345 844 2398 per
891 2330 1252 2385 Salomonem
1302 2332 1552 2385 dicitur:
1608 2352 1635 2381 κ
1688 2333 1892 2386 Malum
1944 2337 2027 2385 est

333 2416 553 2468 homini
613 2417 868 2486 dejerare
925 2424 1170 2486 sanctos,
1240 2424 1295 2473 et
1346 2425 1473 2489 post
1540 2424 1667 2472 vota
1718 2424 2025 2474 retractare

336 2504 516 2571 (Prov.
550 2520 641 2569 xx,
692 2505 784 2573 5);
839 2526 865 2551 ››
918 2505 1209 2574 simusque
1254 2506 1587 2574 parentibus
1636 2507 2025 2577 spiritualibus

337 2593 605 2661 (quorum
637 2591 767 2655 ﬁde,
821 2592 1080 2645 doctrina
1126 2594 1184 2646 in
1229 2594 1448 2647 Christo
1485 2596 1738 2663 generati
1770 2613 1831 2648 ac
1861 2612 2025 2666 rege-

338 2678 518 2731 nerati
566 2680 781 2748 sumus)
825 2680 1244 2747 inobedientes,
1298 2687 1353 2735 et
1406 2690 1830 2753 contemptores
1871 2685 2025 2739 Scri-

338 2771 539 2836 pturm,
569 2784 697 2837 quae
735 2768 909 2821 dicit:
944 2791 970 2817 ‹‹
1006 2770 1174 2835 Audi,
1208 2770 1289 2823 ﬁli
1323 2771 1419 2837 mi,
1465 2771 1821 2841 disciplinam
1848 2774 2025 2843 patris

337 2856 436 2922 tui,
475 2878 492 2902 υ
530 2857 584 2909 id
611 2862 694 2909 est
722 2858 1135 2928 omnipotentis
1169 2860 1288 2925 Dei,
1328 2866 1525 2913 «etne
1559 2862 1810 2915 dimittas
1839 2864 2025 2932 legem

336 2944 534 2997 matris
565 2950 677 2998 tum
710 2948 888 3013 (Prov.
915 2964 953 3013 ι,
986 2948 1065 3014 8),
1102 2968 1128 2997 ››
1164 2947 1217 2999 id
1256 2955 1338 3001 est
1383 2952 1589 3001 sanctae
1624 2949 1883 3002 Ecclesia:
1916 2951 2024 3003 do-

2127 582 2299 634 scopo
2332 565 2656 634 Augustino
2690 564 2833 617 mira
2866 564 3052 618 laudis
3093 565 3328 617 assertio
3354 585 3368 630 ;
3390 570 3445 617 et
3481 564 3627 617 huic
3677 564 3828 615 titulo

2129 655 2551 723 subjungantnr
2592 654 2765 707 verba
2813 654 3035 724 praefati
3084 653 3395 719 Pontiﬁcis,
3461 669 3601 723 quae
3658 652 3735 704 ita
3780 669 3830 703 se

2130 743 2377 796 habent:
2441 744 2824 812 Augustinum
2899 748 3102 796 sanctae
3178 743 3605 796 recordationis
3657 742 3832 793 virum

2130 846 2232 899 pro
2264 832 2377 883 vita
2411 848 2534 895 sua,
2576 836 2746 900 atque
2798 832 3019 883 meritis
3064 831 3120 883 in
3176 836 3367 883 nostra
3415 830 3831 882 communione

2131 935 2357 987 semper
2405 918 2751 972 habuimUs:
2800 938 2899 971 me
2953 936 3207 990 unquam
3250 920 3402 972 hunc
3437 919 3696 971 sinistrae
3742 934 3832 969 su-

2131 1007 2398 1076 spicionis
2430 1008 2630 1060 saltem
2677 1022 2874 1059 rumor
2903 1006 3164 1075 aspersit,
3207 1022 3379 1075 quem
3424 1011 3609 1059 tanta:
3658 1005 3832 1057 scien-

2130 1096 2223 1148 tia:
2250 1095 2386 1147 olim
2425 1096 2592 1148 fuisse
2628 1094 3020 1160 meminimus,
3055 1101 3117 1147 ut
3155 1095 3304 1147 inter
3347 1095 3669 1163 magistros
3701 1093 3835 1162 opti-

2133 1200 2255 1236 mos
2285 1188 2455 1236 etiam
2516 1200 2547 1236 a
2584 1184 2726 1237 meis
2766 1200 2991 1253 semper
3053 1184 3447 1237 decessoribus
3486 1184 3826 1236 haberetur.

2133 1274 2281 1325 Bene
2314 1288 2449 1341 ergo
2479 1272 2547 1325 de
2599 1289 2665 1325 eo
2719 1288 2887 1325 omne
2919 1273 2976 1325 in
3010 1288 3340 1324 communes
3376 1276 3715 1339 senserunt,
3749 1278 3830 1323 nt-

2131 1364 2264 1429 pote
2297 1360 2395 1430 qui
2428 1360 2640 1430 ubique
2672 1361 2907 1427 cunctis,
2949 1366 3002 1414 et
3045 1360 3225 1413 amori
3266 1359 3454 1425 fuerit,
3498 1365 3556 1413 et
3592 1360 3829 1412 honori:

2134 1447 2284 1499 unde
2317 1447 2613 1500 resistatur
2635 1448 2865 1513 talibus,
2907 1464 3051 1517 quos
3082 1449 3228 1501 male
3259 1463 3510 1501 crescere
3544 1448 3828 1501 videmus.

2133 1535 2299 1587 Nefas
2330 1542 2413 1587 est
2449 1536 2570 1588 hazc
2603 1536 2722 1604 pati
2769 1536 3062 1604 religiosas
3110 1536 3350 1599 animas,
3400 1551 3656 1605 quarum
3695 1538 3833 1587 atlli-

2133 1622 2397 1687 ctatione,
2428 1622 2525 1692 qui
2570 1624 2825 1676 membra
2871 1628 3059 1675 nostra
3109 1628 3258 1687 sunt,
3308 1639 3407 1675 nos
3440 1640 3680 1693 quoque
3710 1640 3831 1675 con-

2136 1710 2291 1762 venit
2325 1711 2619 1763 macerari.
2654 1710 2921 1773 Quamvis
2963 1718 3187 1763 maneat
3218 1713 3321 1763 hos
3378 1712 3680 1765 beatitudo
3710 1729 3832 1781 pro-

2068 1777 2105 1829 B
2136 1798 2327 1861 missa,
2361 1799 2687 1869 quicunque
2720 1800 3037 1869 probantur
3084 1798 3539 1868 persecutionem
3598 1808 3833 1869 propter

2125 1888 2407 1955 justitiam
2444 1887 2723 1940 sustinere
2760 1888 2972 1955 (Matth.
3021 1904 3071 1954 v,
3130 1890 3231 1951 10).
3266 1888 3482 1950 Quibus
3517 1889 3663 1958 quid
3700 1906 3830 1957 pro-

2135 1975 2320 2027 mittat
2344 1976 2621 2029 Dominus
2661 1976 2719 2028 in
2756 1976 3014 2029 futurum
3047 1992 3289 2045 sequens
3321 1994 3507 2030 sermo
3553 1977 3826 2029 declarat.

2134 2064 2254 2117 Non
2277 2070 2360 2115 est
2393 2064 2686 2132 agentium
2718 2080 2889 2117 causa
2944 2064 3215 2119 solorum.
3271 2065 3615 2118 Universalis
3652 2066 3827 2117 Eccle-

2132 2149 2214 2202 sia
2259 2166 2601 2221 quacunque
2652 2154 2897 2206 novitate
2938 2154 3217 2222 pulsatur,
3268 2155 3660 2223 intelligamus
3714 2156 3826 2206 lure

2133 2240 2254 2309 ipsa
2282 2240 2453 2301 vobis,
2488 2258 2616 2312 qua:
2648 2242 2810 2295 nobis
2840 2259 2956 2295 non
3008 2244 3250 2312 placent,
3298 2244 3600 2312 displicere
3629 2260 3640 2295 :
3676 2244 3821 2313 quod

2130 2328 2208 2380 ita
2243 2328 2476 2381 demum
2510 2330 2749 2398 probare
2793 2330 3132 2400 poterimus,
3167 2331 3212 2382 si
3250 2330 3518 2401 imposito
3552 2332 3821 2400 improbis

2133 2415 2355 2468 silentio
2382 2416 2449 2469 de
2477 2416 2574 2469 tali
2612 2434 2669 2470 re
2702 2417 3075 2487 imposterum
3109 2420 3341 2488 querela
3371 2420 3657 2485 cessabit]

2205 2504 2366 2557 Hunc
2402 2505 2577 2573 igitur
2621 2506 3010 2559 beatissimum
3046 2511 3101 2559 et
3151 2507 3550 2560 ﬁdelissimum
3606 2510 3817 2560 Patrem

2134 2608 2359 2662 semper
2380 2592 2435 2645 in
2462 2594 2870 2646 communione
2903 2594 3052 2647 sedis
3091 2596 3419 2664 apostolicae
3466 2596 3738 2651 habitum.
3768 2602 3819 2645 et

2136 2681 2204 2733 ab
2235 2682 2356 2749 ejus
2395 2682 2568 2735 etiam
2612 2683 2976 2751 pontiﬁcibus
3022 2684 3172 2736 inter
3212 2684 3515 2755 magistros
3562 2684 3692 2737 ﬁdei
3721 2684 3817 2735 do-

2135 2769 2329 2822 ctrinaa
2360 2771 2766 2824 venerabiliter
2801 2777 3115 2840 receptum,
3150 2776 3203 2823 et
3234 2772 3303 2825 ab
3339 2773 3475 2842 ipsis
3506 2780 3619 2824 tam
3652 2772 3814 2835 Clare,

2137 2863 2190 2910 et
2223 2858 2533 2911 honoriﬁce
2564 2864 2761 2912 contra
2800 2860 3183 2913 obtrectantes
3214 2866 3271 2913 et
3320 2861 3694 2930 obloquentes
3723 2861 3817 2911 de-

2133 2946 2377 3013 fensum,
2407 2947 2485 3000 ita
2511 2952 2567 3000 ut
2602 2948 2872 3018 imposito
2902 2948 3175 3017 improbis
3208 2948 3460 3015 silentio,
3493 2964 3716 3001 omnem
3749 2948 3813 2999 de

336 3038 527 3103 gmata
560 3039 615 3086 et
643 3039 851 3087 statuta
883 3036 1097 3102 ﬁdelia,
1128 3053 1253 3105 quae
1280 3053 1391 3089 non
1415 3041 1636 3090 tantum
1667 3043 1727 3091 ut
1749 3038 2023 3107 legitima,
2067 3072 2105 3123 Ο
2137 3052 2202 3085 eo
2256 3036 2712 3088 mussitationem
2761 3036 3276 3106 comprimendam,
3323 3053 3387 3089 ac
3438 3037 3815 3107 repellendam

337 3122 434 3174 sed
487 3138 635 3189 vere,
696 3127 757 3175 ut
798 3124 980 3191 legem
1046 3122 1341 3176 observare
1386 3124 1688 3177 debemus:
1742 3126 1877 3195 quia
1926 3143 2029 3196 per

337 3210 614 3278 Spiritum
642 3215 897 3263 sanctum
934 3211 1085 3263 edita
1117 3211 1351 3264 minime
1384 3212 1731 3267 dubitamus.

410 3299 663 3367 Denique
714 3300 781 3352 de
828 3300 978 3353 beati
1035 3301 1339 3369 Augustini
1390 3301 1549 3353 libris
1596 3306 1651 3354 et
1694 3302 1919 3372 scriptis
1968 3304 2026 3357 in

339 3385 547 3454 quibus
579 3404 641 3440 ex
675 3389 1006 3441 necessitate
1039 3405 1223 3455 novre,
1257 3388 1314 3442 id
1356 3394 1439 3441 est
1490 3389 1810 3459 Pelagiana:
1842 3391 2027 3443 haere-

335 3474 410 3525 sis
436 3474 791 3529 destruenda}
822 3482 875 3528 et
904 3476 1037 3529 ﬁdei
1080 3476 1371 3529 catholicae
1402 3477 1774 3531 defendenda:
1809 3479 2024 3532 instan-

334 3562 551 3615 tissima
586 3564 899 3618 intentione
942 3565 1010 3617 de
1055 3571 1261 3618 natura
1301 3569 1356 3617 et
1398 3566 1603 3635 gratia,
1657 3567 1725 3619 de
1757 3568 1941 3637 gratia
1972 3573 2028 3621 et

333 3650 516 3703 libero
548 3650 804 3711 arbitrio,
837 3652 904 3704 de
949 3652 1304 3721 correptione
1334 3657 1392 3704 et
1432 3653 1634 3722 gratia,
1684 3654 1751 3705 de
1798 3655 2024 3723 praede-

335 3737 640 3791 stinatione
669 3747 995 3793 sanctorum
1041 3746 1097 3793 et
1148 3741 1297 3793 bono
1336 3742 1796 3809 perseverantiae,
1831 3758 1894 3795 ac
1923 3744 2023 3797 ba-

335 3827 544 3895 ptismo
577 3829 963 3897 parvulorum,
1009 3830 1173 3898 juxta
1223 3829 1669 3899 profunditatem
1722 3830 2024 3901 Scripturae

335 3920 564 3976 sanctae.
618 3922 673 3969 et
730 3918 1070 3986 evangelicae
1122 3923 1293 3987 atque
1363 3919 1684 3988 apostolicae
1749 3920 2023 3974 doctrinm

332 4005 590 4074 regulam
622 4006 1016 4075 multipliciter
1047 4007 1395 4077 disputavit;
1420 4006 1604 4060 adhuc
1638 4006 2021 4077 ipsovivente,

334 4093 479 4145 sicut
509 4095 753 4163 Prosper
801 4099 857 4147 et
916 4095 1160 4147 Hilarius
1209 4096 1276 4148 ad
1326 4095 1594 4148 eumdem
1644 4095 1935 4149 scribunt:
1970 4101 2025 4149 et

335 4182 514 4233 multo
546 4183 729 4251 magis
765 4188 894 4251 post
925 4184 1145 4236 obitum
1187 4184 1310 4253 ejus
1354 4189 1588 4253 propter
1618 4184 2022 4238 obscuritatem

334 4284 549 4335 rerum,
605 4275 660 4322 et
710 4271 1039 4324 tarditatem
1084 4271 1272 4324 minus
1320 4272 1790 4343 intelligentium,
1824 4273 2021 4327 multi-

2138 3123 2525 3189 decernerent,
2579 3125 2752 3177 etiam
2802 3141 2902 3177 nos
2954 3129 3073 3177 tota
3122 3125 3254 3177 ﬁdei
3301 3125 3603 3178 devotione
3645 3125 3815 3177 hono-

2136 3226 2346 3272 remus,
2384 3216 2502 3264 toto
2544 3212 2732 3265 studio
2766 3218 2823 3266 et
2870 3213 3186 3267 intentione
3237 3214 3467 3283 pietatis
3498 3229 3805 3283 sequamur.

2138 3300 2201 3351 Et
2232 3299 2287 3351 in
2318 3300 2523 3369 quibus
2572 3306 2808 3370 propter
2861 3302 3265 3356 obscuritatem
3320 3319 3536 3368 rerum,
3592 3308 3644 3353 et
3688 3302 3810 3354 sub-

2136 3388 2396 3440 tilitatem
2429 3388 2885 3458 disputationum
2918 3390 3109 3443 minus
3149 3407 3281 3443 eum
3322 3392 3645 3459 intelligere
3689 3406 3808 3459 pos-

2135 3492 2351 3544 sumus,
2378 3478 2462 3529 vel
2494 3495 2525 3530 a
2557 3479 2802 3532 Domino
2851 3478 3293 3549 intelligentiam
3326 3480 3695 3548 postulemus,
3724 3479 3805 3529 vel

2134 3565 2203 3617 ab
2233 3566 2332 3631 eis,
2377 3582 2521 3635 quos
2555 3566 2673 3636 ipse
2714 3584 2817 3619 suo
2852 3568 3003 3620 dono
3039 3568 3365 3620 illuminare
3404 3568 3669 3637 dignatus
3704 3572 3801 3631 est,

2135 3652 2430 3706 humiliter
2458 3670 2560 3706 nos
2588 3654 2776 3707 doceri
2812 3655 3099 3724 patiamur
3128 3671 3191 3707 ac
3222 3656 3614 3725 deprecemur.

2208 3744 2344 3795 Nam
2379 3744 2533 3813 quod
2567 3747 2649 3797 est
2682 3744 2862 3813 magis
2905 3744 3235 3809 dolendum,
3287 3750 3342 3796 et
3390 3760 3587 3797 amore
3617 3743 3803 3797 divina:

2134 3831 2384 3884 veritatis
2416 3833 2642 3901 penitus
2688 3833 3085 3886 detestandum
3136 3834 3547 3886 circumferunt
3592 3832 3803 3903 quidem

2132 3920 2387 3973 libellum
2419 3923 2571 3973 velut
2601 3920 2779 3990 ipsius
2810 3922 3044 3974 nomine
3084 3921 3400 3986 titulatum,
3429 3938 3597 3991 quem
3628 3922 3800 3974 Greco

2131 4010 2408 4063 vocabulo
2475 4010 2860 4080 ὑπομνηστικὸν
2908 4011 3218 4079 appellant,
3271 4026 3445 4079 quem
3494 4026 3672 4080 neque
3715 4009 3799 4060 ille

2132 4104 2359 4151 sanctus
2382 4097 2703 4167 episcopus,
2737 4098 2835 4168 qui
2884 4098 3082 4167 utique
3116 4098 3299 4150 Vitam
3350 4098 3533 4167 ipsius
3578 4097 3795 4166 scripsit,

2131 4193 2184 4240 et
2218 4186 2465 4240 indicem
2516 4186 2777 4239 omnium
2814 4185 3088 4239 librorum
3134 4186 3253 4239 sive
3287 4186 3654 4255 epistolarum
3691 4186 3797 4253 ejus

2132 4273 2566 4344 diligentissime
2598 4274 2655 4327 in
2689 4274 2802 4327 ﬁne
2851 4274 3104 4343 ejusdem
3154 4273 3451 4341 scripturm
3510 4274 3793 4343 subjunxit,

334 4356 462 4425 plex
512 4358 763 4426 querela,
812 4358 1059 4411 maxime
1105 4358 1255 4412 intra
1302 4360 1507 4414 Gallias
1548 4367 1740 4415 exorta
1772 4367 1893 4431 est;
1926 4364 2020 4417 sed
2064 4366 2105 4418 D
2140 4363 2237 4433 qui
2264 4364 2461 4432 utique
2492 4362 2683 4415 omnia
2713 4363 2834 4431 ejus
2866 4363 3075 4431 scripta
3103 4362 3318 4430 optime
3347 4369 3601 4427 noverat,
3626 4366 3796 4430 utpote

334 4445 606 4497 continuo
650 4462 752 4514 per
796 4446 1000 4499 divinae
1050 4446 1451 4501 misericordiae
1501 4451 1940 4519 providentiam,
1972 4457 2027 4505 et

334 4533 588 4587 conciliis
620 4549 683 4586 ac
732 4534 956 4587 statutis
1006 4534 1469 4590 beatissimorum
1530 4540 1783 4605 Patrum,
1837 4544 1893 4592 et
1922 4541 2017 4593 de-

333 4624 499 4676 cretis
545 4627 718 4693 atque
759 4624 1094 4676 auctoritate
1132 4624 1457 4693 apostolicae
1499 4627 1647 4679 sedis
1690 4627 2024 4697 pontiﬁcum

333 4711 700 4765 solertissime
742 4714 955 4778 sedata,
1004 4717 1177 4783 atque
1230 4719 1465 4768 sanata:
1522 4715 1599 4768 ita
1646 4722 1709 4768 ut
1752 4716 1938 4768 stultis
1970 4722 2023 4770 et

330 4797 771 4868 indisciplinatis
824 4800 1236 4869 quaestionibus
1281 4800 1571 4853 silentium
1607 4802 2021 4871 imponeretur,

332 4891 387 4939 et
412 4886 753 4939 sanctissimi
794 4903 857 4939 ac
897 4888 1268 4942 sincerissimi
1315 4888 1563 4943 doctoris
1610 4890 1919 4942 auctoritas
1963 4890 2024 4943 in

331 4975 597 5028 omnibus
660 4976 936 5042 Ecclesiis,
1008 4983 1178 5048 atque
1245 4980 1303 5030 in
1360 4978 1486 5047 ipsa
1543 4978 1674 5031 sede
1716 4979 2025 5047 apostolica

330 5066 787 5119 conﬁrmaretur.
842 5067 1097 5137 Denique
1152 5067 1508 5121 beatissimus
1571 5084 1717 5137 papa
1765 5068 2025 5123 leesti-

330 5169 457 5222 nus,
490 5155 652 5224 cujus
691 5156 1027 5209 auctoritate
1076 5160 1131 5209 et
1186 5157 1467 5209 industria
1526 5156 1856 5210 Nestoriana
1907 5157 2022 5210 bae-

330 5241 467 5294 resis
498 5258 759 5311 surgens,
794 5258 923 5295 cum
958 5260 1061 5296 suo
1110 5250 1341 5297 auctore
1374 5260 1645 5314 oppressa
1686 5250 1789 5311 est,
1823 5252 2022 5298 contra

330 5330 473 5381 tanti
512 5330 618 5383 viri
668 5332 1133 5400 reprehensores,
1185 5333 1271 5385 vel
1321 5334 1513 5402 potius
1556 5333 2018 5400 calumniatores,

331 5416 474 5469 sicut
495 5418 552 5470 in
584 5418 744 5471 libris
773 5419 1071 5473 Canonum
1106 5420 1256 5472 inter
1286 5420 1514 5475 decreta
1544 5422 1879 5491 pontiﬁcum
1911 5424 2019 5477 Ro—

332 5520 630 5558 manorum
664 5507 1074 5573 contineretur,
1108 5508 1335 5577 scripsit
1365 5510 1433 5562 ad
1482 5510 1777 5580 episcopos
1812 5512 2019 5566 Gallia-

328 5608 478 5658 rum,
510 5597 667 5646 tanta
696 5595 1013 5648 reverentia
1034 5601 1091 5649 et
1110 5597 1275 5649 laude
1299 5597 1459 5649 illum
1494 5600 1924 5665 commendans,
1957 5604 2022 5653 ut

2134 4452 2201 4504 ab
2235 4451 2357 4521 ipso
2390 4451 2658 4516 nutritus,
2706 4456 2760 4503 et
2789 4466 2919 4503 cum
2951 4467 3017 4503 eo
3054 4450 3248 4502 multis
3295 4451 3594 4503 curriculis
3633 4466 3798 4502 anno-

2133 4555 2257 4591 rum
2291 4545 2653 4591 conversatus
2683 4539 2833 4591 inter
2879 4544 3107 4591 caeteros
3153 4538 3326 4591 libros
3367 4540 3491 4607 ejus
3521 4542 3793 4592 memorat.

2136 4629 2327 4697 Neque
2372 4628 2519 4679 ullus
2572 4627 2687 4680 fere
2738 4627 3151 4679 ecclesiasticus
3207 4628 3452 4696 scriptor
3500 4628 3619 4697 ejus
3667 4642 3797 4677 men-

2132 4715 2344 4767 tionem
2376 4716 2559 4768 facere
2584 4715 2890 4779 invenitur,
2925 4719 2981 4767 et
3013 4715 3139 4767 ideo
3175 4715 3313 4766 falsa
3335 4712 3793 4784 superseriptiune

2130 4805 2419 4856 titulatum
2451 4804 2685 4857 minime
2713 4802 2952 4856 dubium
2985 4810 3085 4855 est.
3122 4804 3281 4855 Hunc
3311 4819 3449 4871 ergo
3498 4803 3588 4856 isti
3614 4800 3791 4856 relictis

2131 4894 2251 4959 ejus
2284 4892 2644 4957 authenticis,
2680 4898 2737 4945 et
2786 4891 3113 4944 clarissimis
3164 4892 3341 4955 libris,
3374 4909 3520 4962 quos
3563 4891 3789 4943 universa

2134 4980 2375 5033 Ecclesia
2407 4980 2686 5050 sequitur,
2724 4980 3062 5049 conﬁngunt
3094 4996 3196 5032 suo
3226 4997 3417 5033 errore
3468 4986 3631 5051 atque.
3663 4993 3789 5031 men-

2132 5069 2312 5131 dacio,
2346 5069 2500 5122 velut
2531 5075 2658 5137 post
2690 5085 2890 5122 omnes
2924 5068 3101 5121 libros
3142 5086 3269 5121 suos
3303 5072 3597 5138 praefatum
3630 5067 3785 5138 ponti-

2130 5158 2294 5210 ficem
2368 5159 2634 5210 ultimum
2710 5157 3130 5227 conscripsisse,
3194 5162 3248 5209 et
3291 5164 3575 5223 asserunt,
3660 5151 3783 5224 quod

2130 5246 2407 5318 quidquid
2465 5246 2525 5299 in
2583 5246 3037 5316 praecedentibus
3081 5245 3239 5299 libris
3291 5246 3405 5297 suis
3456 5246 3526 5299 de
3556 5246 3718 5315 gratia
3744 5246 3783 5289 et

2131 5336 2307 5389 libero
2360 5335 2616 5400 arbitrio,
2667 5335 2735 5388 de
2779 5333 3285 5405 przedestinatioue
3335 5339 3391 5387 et
3465 5331 3783 5403 praascientia

2130 5424 2229 5478 Dei
2261 5440 2563 5494 perperam
2590 5423 2833 5488 dixerat,
2872 5424 2929 5474 in
2955 5423 3061 5474 isto
3084 5421 3346 5475 correxit.
3378 5422 3538 5485 Quod
3579 5420 3780 5474 omnino

2128 5512 2273 5565 absit
2303 5529 2332 5565 a
2370 5512 2554 5575 nobis,
2590 5517 2652 5565 ut
2701 5516 2817 5564 tam
2873 5510 3153 5563 nefarium
3205 5515 3590 5563 commentum
3637 5507 3779 5560 susci-

2127 5616 2262 5669 pere
2310 5600 2631 5668 patiamur:
2685 5604 2749 5651 nt
2797 5602 3035 5667 propter
3082 5597 3403 5651 istiusmodi
3437 5598 3638 5651 librum
3681 5592 3778 5662 (qui
