3884 6218
143 255 273 305 1109

1235 258 1325 313 DE
1367 257 1701 312 TENENDA
1740 257 2146 312 SCRIPTURA‘I
2183 259 2556 313 VERITATE.

3505 262 3637 312 litt)

139 399 326 454 neque
374 383 436 437 in
483 386 742 455 catalogo
793 386 1067 440 librorum
1119 387 1262 456 ejus,
1325 403 1510 457 neque
1559 387 1621 441 in
1673 387 1832 440 libris
1872 389 2110 457 Aplexa
2154 389 2466 459 quaestione
2506 390 2575 444 de
2628 390 2986 460 presscientia
3033 395 3087 443 et
3137 390 3634 460 praedestinatione

141 472 618 528 Retractationum
661 475 801 544 ejus,
846 491 1032 546 neque
1074 475 1132 529 in
1183 477 1403 545 scriptis
1451 477 1689 545 alicujus
1729 477 1836 530 viri

135 561 502 615 ecclesiastici
551 563 696 617 forte
746 569 1093 617 memoratus
1142 565 1444 634 reperitur,
1490 571 1546 618 et
1597 565 1834 618 manife-

135 649 385 702 stissime
438 651 700 720 praedicti
748 652 994 705 doctoris
1046 655 1330 721 sensibus,
1375 654 1490 706 imo
1540 655 1834 707 catholicae

134 737 455 790 sinceritati
502 740 779 807 probatur
842 742 1130 807 adversus,
1184 757 1287 794 nec
1337 742 1461 811 ipso
1508 743 1651 812 style
1697 743 1836 794 ulla-

135 830 300 877 tenus
345 841 476 879 cum
527 827 649 895 ejus
706 829 934 898 eloquio
983 830 1297 899 consonat),
1342 830 1678 900 abjiciamus
1728 831 1835 883 cla-

133 913 363 966 rissima
389 914 640 968 veritatis
669 916 960 986 dogmata,
997 934 1124 986 quas
1150 917 1208 970 in
1256 917 1567 970 verissimis
1612 922 1666 970 et
1697 935 1832 986 pro-

132 1001 443 1055 batissimis
491 1004 649 1056 libris
691 1006 812 1074 ejus
848 1021 965 1058 non
1023 1008 1207 1058 solum
1254 1006 1310 1059 in
1362 1006 1582 1059 czeteris
1631 1007 1832 1060 mundi

134 1090 414 1158 partibus,
465 1093 561 1145 sed
603 1093 772 1146 etiam
820 1094 879 1146 in
920 1094 1044 1163 ipsa
1089 1095 1221 1154 sede
1280 1095 1610 1163 apostolica,
1645 1095 1831 1147 omnis

133 1179 415 1232 catholica
475 1181 714 1251 suscipit
779 1187 833 1233 ct
889 1187 1070 1235 servat
1129 1183 1392 1238 Ecclesia.
1453 1183 1589 1246 Quae
1640 1182 1833 1236 omnia

134 1265 341 1318 idcirco
410 1271 528 1320 tam
615 1269 920 1338 diligenter
995 1270 1324 1340 replicanda
1403 1272 1706 1338 credimus,
1772 1275 1832 1323 ut

135 1360 360 1407 tantum
403 1357 618 1408 malum
663 1358 732 1409 de
780 1364 1114 1427 contemptu
1150 1365 1205 1412 et
1249 1359 1563 1427 abjectione
1603 1360 1831 1412 sanctis-

134 1443 413 1497 simorum
452 1447 702 1506 Patrum,
731 1451 956 1500 tantum
989 1448 1351 1500 mendacium
1383 1449 1451 1501 de
1500 1448 1656 1500 libris
1689 1448 1818 1501 lide-

135 1531 337 1584 lissimi
372 1537 429 1586 et
460 1533 828 1587 sincerissimi
860 1536 1126 1600 doctoris,
1153 1552 1253 1604 per
1274 1535 1424 1606 quod
1455 1536 1828 1589 clarissimam

135 1621 428 1674 veritatem
500 1623 902 1691 respuendam,
961 1629 1016 1676 et
1072 1624 1423 1678 fallaciarum
1473 1624 1700 1678 umbras
1767 1639 1829 1677 ac

133 1709 373 1762 nebulas
431 1711 748 1780 sequendas
805 1711 897 1764 isti
952 1713 1318 1782 persuadent,
1362 1713 1594 1782 penitus
1647 1731 1678 1765 a
1725 1729 1824 1766 no-

134 1797 262 1849 stris
297 1797 508 1850 animis
545 1799 910 1868 repellamus.
940 1801 1084 1863 Quia
1111 1801 1157 1852 si
1192 1801 1510 1854 istiusmodi
1544 1801 1828 1854 fallaciam

133 1883 356 1938 incaute
406 1887 767 1957 suscipimus,
818 1888 994 1941 intrat
1044 1889 1288 1957 putredo
1339 1888 1408 1942 de
1455 1905 1674 1942 veneno
1713 1904 1829 1942 ser-

132 1974 336 2042 pentis,
380 1981 437 2027 et
466 1974 609 2029 nihil
638 1976 926 2045 integrum
961 1976 1295 2030 remanebit.

198 2061 504 2116 Proferunt
535 2068 591 2117 et
615 2064 791 2117 alium
828 2065 1112 2132 libellum,
1154 2066 1310 2118 velut
1351 2064 1457 2117 sub
1506 2065 1737 2117 nomine
1770 2065 1823 2118 S.

137 2149 463 2218 Hieronymi
531 2151 598 2203 de
662 2150 838 2203 libero
885 2151 1120 2204 arbitrio
1183 2152 1588 2221 conscriptum,
1657 2167 1828 2221 quem

139 2237 332 2308 utique
363 2237 575 2290 clarius
602 2238 812 2292 debent
843 2240 1164 2305 ostendere,
1199 2244 1258 2292 ut
1287 2241 1576 2310 probetur,
1609 2241 1670 2310 [si
1701 2257 1829 2293 vere

135 2327 318 2394 ipsius
343 2343 469 2379 esse
496 2327 811 2381 credendus
843 2328 932 2380 sit.
971 2329 1080 2380 Nos
1122 2329 1274 2382 enim
1325 2329 1533 2381 scimus
1562 2329 1828 2382 eumdem

137 2420 391 2468 sanctum
453 2415 861 2485 Hieronymum
903 2418 963 2468 in
1009 2417 1258 2486 quodam
1309 2433 1483 2486 opere
1525 2417 1594 2470 de
1649 2417 1828 2471 libero

136 2503 422 2572 scripsisse
493 2503 746 2567 arbitrio,
807 2509 862 2556 et
926 2505 1181 2573 posuisse
1246 2505 1384 2558 duas
1446 2505 1827 2575 quorumdam

135 2591 453 2661 opiniones,
485 2607 730 2661 quarum
782 2609 953 2645 unam
1000 2593 1280 2663 sequitur,
1317 2594 1552 2646 alteram
1589 2594 1826 2646 omnino

137 2681 352 2748 respuit
399 2680 662 2732 Ecclesia.
697 2681 1007 2734 Caveamus
1061 2681 1255 2751 itaque
1304 2680 1669 2752 (inquautum
1717 2683 1827 2735 Deo

135 2767 444 2820 auxiliante
493 2769 822 2837 possumus)
872 2768 1170 2822 mendacia
1232 2770 1502 2822 adversus
1548 2769 1722 2822 fidem
1774 2773 1828 2822 et

133 2857 429 2908 veritatem
500 2856 795 2924 surgentia
859 2872 871 2908 :
930 2861 986 2909 et
1054 2857 1296 2910 maxime
1357 2857 1464 2910 hoc
1544 2862 1823 2926 tempore,

135 2944 362 3012 quando
396 2943 644 2995 terribili
678 2943 776 2996 Dei
800 2943 1038 3012 judicio,
1086 2949 1141 2996 et
1187 2944 1515 3014 ignorantia
1555 2945 1738 3014 major
1768 2945 1826 2998 in

137 3028 462 3082 hominibus
520 3030 690 3099 coepit
757 3045 1131 3093 succrescere,
1190 3036 1242 3083 et
1311 3032 1611 3101 multiplex
1665 3048 1826 3085 error

135 3117 365 3169 liberius
398 3117 702 3186 pullulare.
740 3117 845 3171 Sed
892 3123 946 3170 et
978 3118 1022 3170 si
1065 3118 1192 3187 quis
1221 3118 1278 3170 in
1315 3119 1533 3172 ratione
1575 3118 1706 3172 ﬁdei
1737 3120 1825 3172 vel

133 3210 298 3267 errat,
332 3205 422 3257 vel
453 3220 643 3257 errare
690 3209 944 3275 putatur,
982 3205 1180 3275 utique
1227 3222 1342 3259 non
1377 3207 1673 3259 mendacio
1700 3207 1827 3260 vin-

133 3293 337 3345 cendus
369 3297 475 3357 est,
509 3293 606 3346 sed
657 3293 915 3359 veritate,
959 3294 1106 3347 sicut
1150 3300 1203 3347 et
1247 3295 1447 3348 beatus
1478 3296 1825 3365 Augustinus

135 3381 196 3432 ad
262 3381 575 3450 quemdam
637 3382 972 3451 scriptorem
1028 3383 1414 3452 improvidum
1468 3384 1824 3437 Vincentium

136 3469 409 3522 Victorem
442 3468 581 3522 dicit
612 3485 625 3522 :
683 3470 818 3538 [Nos
849 3476 902 3523 te
936 3470 1014 3522 ita
1061 3470 1325 3524 volumus
1365 3487 1483 3525 esse
1526 3471 1821 3539 victorem,

135 3561 196 3609 ut
229 3557 480 3610 veritatis
511 3557 699 3610 vincat
739 3574 1013 3623 errorem,
1062 3574 1177 3612 non
1211 3575 1370 3613 error
1417 3576 1692 3627 errorem,
1745 3565 1821 3627 et,

136 3646 283 3715 quod
309 3651 395 3699 est
427 3646 610 3716 pejus,
642 3647 826 3716 major
853 3647 1179 3716 minorem]

203 3734 332 3788 Haec
379 3734 450 3788 de
504 3735 690 3804 primo
741 3735 990 3805 capitulo
1051 3735 1454 3790 definitionum
1505 3737 1822 3791 necessario

135 3821 276 3874 dicta
326 3822 465 3888 sint,
520 3827 583 3875 ut
634 3828 690 3875 et
734 3823 779 3876 si
817 3823 975 3893 quid,
1021 3829 1291 3893 surgente
1335 3824 1572 3877 obscura
1601 3830 1656 3878 et
1694 3841 1823 3894 pcr-

1942 475 2153 539 divina,
2188 478 2661 530 inconsideratius
2692 485 2862 549 atque
2890 478 3386 532 inconvenientius
3416 478 3632 532 dictum

1944 569 2048 630 est,
2089 580 2201 617 non
2231 566 2580 619 contentiosa
2621 566 2977 634 defendatur,
3029 582 3131 620 nec
3164 567 3426 636 synodali
3457 567 3629 619 etiam

1941 653 2276 706 auctoritate
2302 654 2651 707 fulciendum
2688 661 2918 723 putetur
2946 671 2958 707 :
2985 656 3083 708 sed
3119 655 3308 723 potius
3342 656 3535 724 agnita
3555 656 3632 709 di-

1942 742 2075 793 vina
2106 742 2364 807 veritate,
2415 748 2470 794 et
2505 745 2727 810 recepta
2769 743 3061 796 humiliter
3108 749 3345 812 paterna
3384 743 3630 796 auctori-

1945 833 2077 894 tate,
2110 831 2360 883 velocius
2381 835 2436 882 et
2468 831 2738 883 attentius
2766 831 3105 899 corrigatur.

2643 936 2863 989 CAPUT
2902 938 2960 990 Χ.

1941 1026 2177 1079 Censura
2226 1025 2456 1092 capituli
2510 1025 2754 1079 secundi.
2806 1027 2878 1078 De
2921 1040 3048 1077 vera
3099 1025 3303 1080 Christi
3350 1027 3536 1091 gratia
3581 1029 3630 1075 ct
3697 1076 3710 1081 _

2562 1097 2727 1148 libero
2758 1097 3008 1148 arbitrio.

2007 1181 2274 1251 Sequitur
2301 1183 2611 1236 secundum
2665 1183 2999 1236 earumdem
3033 1181 3429 1235 definitionum
3476 1179 3630 1248 capi-

1939 1270 2146 1336 tulum,
2181 1271 2339 1339 cujus
2376 1272 2549 1324 verba
2581 1272 2700 1346 haec
2730 1276 2864 1324 sunt
2896 1288 2908 1324 :

2011 1381 2037 1407 ‹‹
2071 1360 2414 1414 Libertatem
2476 1360 2696 1413 arbitrii
2745 1361 2802 1413 in
2853 1360 3042 1429 primo
3103 1357 3335 1412 homine
3384 1355 3631 1425 perdidi-

1939 1463 2081 1511 mus,
2123 1464 2295 1517 quam
2329 1464 2432 1516 per
2462 1448 2751 1501 Christum
2799 1449 3104 1501 Dominum
3137 1452 3396 1500 nostrum
3427 1444 3632 1512 recipi-

1939 1552 2084 1602 mus,
2119 1542 2170 1589 et
2198 1537 2473 1590 habemus
2505 1536 2743 1590 liberum
2777 1536 3078 1589 arbitrium
3112 1535 3179 1588 ad
3211 1535 3449 1596 bonum,
3481 1549 3632 1601 pra:-

1939 1630 2192 1689 ventum,
2242 1632 2299 1677 et.
2357 1626 2615 1692 adjutum
2663 1624 2888 1694 gratia:
2939 1630 2994 1676 et
3049 1623 3321 1677 habemus
3381 1623 3627 1675 liberum

1937 1713 2237 1766 arbitrium
2271 1713 2340 1765 ad
2391 1713 2627 1776 malum,
2672 1714 2956 1766 desertum
3000 1713 3199 1782 gratia.
3231 1710 3499 1764 Liberum
3529 1727 3629 1763 au-

1938 1806 2053 1854 tem
2094 1801 2371 1854 habemus
2420 1801 2745 1866 arbitrium,
2796 1801 2932 1870 quia
2983 1799 3168 1869 gratia
3214 1799 3542 1863 liberatum,
3577 1803 3631 1849 et

1937 1889 2121 1958 gratia
2153 1888 2222 1942 de
2251 1894 2524 1957 corrupto
2557 1895 2842 1941 sanatum.
2879 1909 2899 1935 ι

2633 1991 2936 2030 CENSURA.

2007 2064 2209 2119 Mirum
2242 2068 2327 2116 est
2364 2063 2560 2132 igitur,
2592 2080 2695 2117 cur
2737 2080 2840 2134 per
2870 2064 2976 2116 hoc
3015 2067 3130 2116 tam
3177 2060 3406 2114 confuse
3435 2065 3491 2114 et
3521 2061 3627 2114 ob-

1935 2157 2080 2218 tuse,
2131 2170 2193 2205 ac
2242 2152 2530 2206 decurtata
2585 2153 2652 2206 de
2691 2152 2870 2205 libero
2919 2151 3160 2204 arbitrio
3201 2149 3502 2203 deﬁnitum
3533 2150 3624 2213 sit,

1935 2256 2063 2294 cum
2126 2241 2363 2294 Domino
2419 2240 2694 2310 largiente
2752 2239 3044 2292 abundent
3101 2238 3159 2291 in
3202 2236 3448 2290 Ecclesia
3499 2236 3626 2305 ejus

1936 2335 2259 2382 sanctorum
2314 2332 2483 2398 atque
2531 2328 2982 2380 orthodoxorum
3026 2327 3257 2379 Patrum
3305 2325 3372 2376 de
3413 2323 3518 2376 hac
3563 2341 3621 2376 re

1935 2418 2284 2487 plenissimae
2311 2423 2369 2470 et
2397 2417 2725 2470 clarissimae
2753 2415 3116 2469 deﬁnitiones
3141 2431 3155 2466 :
3197 2414 3256 2466 in
3283 2413 3491 2484 quibus
3522 2428 3625 2464 nec

1935 2506 2256 2560 addendum
2310 2506 2528 2575 aliquid
2575 2506 2782 2571 fuerat,
2821 2520 2923 2557 nec
2968 2502 3441 2567 subtrahendum,
3489 2502 3626 2571 quia

1934 2599 1992 2647 et
2031 2593 2182 2664 quod
2215 2593 2346 2646 fidei
2391 2593 2683 2646 catholicae
2729 2592 3110 2645 necessarium
3150 2597 3254 2656 est,
3298 2589 3625 2660 plenissime

1934 2683 2248 2748 continent,
2282 2686 2337 2734 et
2366 2683 2411 2734 si
2444 2682 2570 2750 quis
2603 2681 2735 2734 inde
2769 2680 3154 2744 subtrahatur,
3189 2677 3441 2731 veritatis
3475 2678 3623 2730 inte-

1935 2770 2112 2841 gritas
2171 2771 2434 2823 violatur.
2483 2770 2522 2821 E
2579 2769 2785 2838 quibus
2827 2768 3077 2837 paternis
3118 2772 3175 2820 et
3234 2765 3626 2819 ecclesiasticis

1936 2857 2385 2923 deﬁnitionibus,
2402 2857 2650 2926 exempli
2675 2857 2877 2924 gratia,
2897 2857 3015 2909 haec
3029 2872 3208 2925 pauca
3221 2854 3618 2923 proponimus.

2011 2951 2057 3000 t.
2113 2949 2220 3012 (Ea:
2250 2949 2428 3014 Epist.
2477 2947 2746 3000 Caalestini
2793 2961 2923 3013 pap.
2973 2961 3020 2996 c.
3064 2944 3142 3011 4.)
3185 2945 3247 2995 In
3298 2941 3626 3012 praivarica-

1931 3034 2090 3088 tione
2138 3035 2269 3087 Adae
2319 3049 2518 3086 omnes
2568 3033 2830 3086 homines
2859 3042 2882 3068 ει
2916 3034 3230 3084 naturalem
3278 3029 3625 3099 possibilita-

1936 3127 2051 3177 tem
2083 3128 2139 3175 et
2169 3121 2553 3176 innocentiam
2591 3121 2904 3190 perdidisse
2938 3137 2951 3173 :
2985 3126 3041 3172 et
3063 3120 3356 3172 neminem
3390 3118 3458 3170 de
3498 3133 3626 3185 pro-

1936 3211 2114 3264 fundo
2143 3212 2296 3264 illius
2324 3211 2503 3263 ruinae
2537 3226 2639 3279 per
2671 3210 2915 3262 liberum
2947 3208 3244 3262 arbitrium
3285 3221 3451 3276 posse
3480 3220 3622 3258 con-

1936 3312 2192 3368 surgere,
2224 3299 2334 3352 nisi
2364 3315 2494 3351 eum
2527 3298 2708 3366 gratia
2741 3297 2839 3350 Dei
2867 3297 3190 3349 miserantis
3221 3294 3481 3348 erexerit.

2006 3389 2057 3439 2.
2092 3386 2288 3455 (lbid.,
2349 3404 2394 3438 c.
2449 3389 2527 3449 '7.)
2577 3385 2736 3448 Quod
2795 3401 2962 3437 nemo
3021 3384 3130 3436 nisi
3177 3398 3281 3451 per
3339 3381 3627 3435 Christum

1935 3472 2116 3526 libero
2147 3473 2290 3525 bene
2325 3477 2516 3525 utatur
2547 3471 2802 3525 arbitrio.

2015 3562 2066 3614 3.
2099 3560 2285 3628 (lbid.,
2321 3576 2369 3612 c.
2404 3562 2482 3624 8.)
2519 3558 2680 3621 Quod
2709 3558 2904 3611 omnia
2933 3558 3119 3610 studia
3146 3561 3201 3609 et
3231 3556 3426 3609 omnia
3451 3572 3626 3625 opera

1937 3665 1999 3703 ac
2030 3649 2232 3702 merita
2259 3654 2581 3700 sanctorum
2630 3647 2698 3699 ad
2742 3646 2836 3698 Dei
2885 3645 3125 3714 gloriam
3167 3644 3511 3713 laudemque
3544 3660 3626 3696 re-

1934 3737 2168 3792 ferenda
2202 3737 2333 3800 sint,
2365 3735 2500 3805 quia
2542 3750 2710 3787 nemo
2755 3733 2986 3787 aliunde
3036 3733 3085 3786 ei
3125 3733 3366 3801 placeat,
3419 3730 3526 3784 nisi
3557 3748 3624 3785 ex

1936 3842 2002 3879 eo
2036 3826 2190 3896 quod
2211 3825 2332 3894 ipse
2355 3823 2667 3879 donaverit.

1196 3951 1394 4007 ΝΟΤᾸΞ
1435 3951 1758 4008 DUVALLII
1801 3952 2140 4009 DOCTOBIS
2180 3952 2561 4009 SORBONICI.

199 4063 220 4087 ³
244 4055 406 4126 lianc
437 4052 574 4126 dicit
604 4069 707 4106 nos
736 4070 838 4124 per
871 4059 1168 4123 peccatum
1195 4055 1327 4109 Adae
1367 4055 1644 4109 amisisse.
1669 4056 1824 4112 Sicut
1862 4059 1906 4113 D
1935 4063 2145 4120 catum,
2198 4058 2312 4111 sive
2367 4057 2693 4126 praecedens
2745 4055 2858 4107 sive
2908 4053 3282 4123 subsequens,
3326 4067 3432 4126 nos
3477 4053 3623 4126 Deus

134 4127 184 4174 et
220 4123 585 4196 leestinus
622 4123 786 4193 papa,
838 4141 961 4195 cap.
994 4126 1026 4178 4
1057 4127 1356 4194 Apologia:
1407 4143 1508 4196 pro
1543 4128 1822 4196 Prospero

135 4197 188 4245 et
218 4195 452 4266 Hilario.
485 4195 590 4248 Sed
627 4211 727 4266 per
757 4211 880 4248 eam
929 4196 1198 4266 intelligit
1235 4195 1484 4250 sanctam
1531 4195 1826 4266 cogitatio-

138 4279 286 4336 nem,
317 4265 479 4332 pium
512 4265 815 4319 consilium
858 4265 1205 4336 omnemque
1235 4267 1400 4320 bona;
1431 4273 1487 4320 et
1525 4265 1692 4320 rectas
1724 4285 1822 4321 vo-

137 4334 370 4407 luntatis
411 4341 652 4407 motum,
700 4352 828 4405 qua:
876 4341 1006 4390 ante
1049 4334 1347 4406 peccatum
1391 4353 1495 4406 per
1537 4338 1822 4407 justitiam

139 4405 478 4473 originalem
522 4405 751 4478 inerant
797 4405 1062 4471 homini,’
1096 4405 1489 4478 nonrquidem
1540 4405 1824 4478 tanquam

140 4480 355 4528 natura:
389 4476 790 4545 proprietates,
814 4478 932 4532 .sed
963 4479 1145 4530 solum
1189 4477 1258 4531 ab
1298 4478 1536 4530 instanti
1575 4476 1820 4531 creatio-

139 4546 218 4598 nis
255 4545 437 4618 ipsius
482 4551 748 4600 naturae:
795 4563 910 4618 quo
960 4564 1128 4601 sensu
1177 4548 1246 4601 ab
1301 4549 1550 4602 Ecclesia
1596 4550 1821 4618 Lugdu-

137 4617 292 4669 nensi
323 4617 530 4669 dicitur
560 4617 836 4670 naturalis
864 4618 1227 4687 possibilitas.
1261 4619 1356 4671 Vel
1387 4618 1558 4672 dicito
1590 4617 1826 4673 nomine

140 4687 413 4758 naturalis
446 4687 622 4758 illius
689 4689 1078 4756 possibilitatis
1163 4688 1475 4758 signiﬁcari
1545 4690 1825 4758 justitiam

139 4756 316 4824 ipsam
366 4757 732 4828 originalem,
775 4759 910 4828 quia
950 4775 1151 4812 omnes
1194 4756 1490 4812 facultates
1538 4756 1826 4814 naturales

136 4831 245 4880 tam
272 4827 458 4900 animi
491 4843 665 4900 quam
710 4827 966 4900 corporis
1010 4829 1069 4882 in
1109 4829 1300 4882 debito
1348 4830 1592 4900 quodam
1640 4832 1826 4885 ofﬁcio

137 4897 483 4964 continebat,
515 4903 570 4950 et
596 4897 890 4971 hominem
923 4899 981 4952 in
1027 4905 1175 4952 statu
1226 4897 1446 4953 naturae
1489 4902 1730 4971 integra;
1773 4907 1828 4955 et

137 4983 233 5035 per
260 4974 559 5037 peccatum
590 4970 825 5022 minime
859 4971 1063 5024 saucias
1095 4971 1492 5024 constituebat.

201 5038 316 5092 Sub
385 5039 560 5092 tinem
615 5039 842 5092 videtur
905 5041 1207 5094 admittere
1258 5040 1826 5110 praedestinationem

140 5114 393 5182 respectu
423 5114 804 5182 peccatorum.
839 5110 947 5163 Sed
1005 5111 1112 5164 hoc
1151 5111 1514 5182 velintellige
1561 5112 1628 5165 de
1694 5127 1828 5180 pec-

139 5179 268 5232 catis
311 5179 810 5249 subsequentibus,
847 5196 975 5248 quae
1017 5187 1078 5234 ut
1119 5179 1664 5251 plurimum'pcena:
1695 5179 1828 5235 sunt

139 5251 614 5321 praecedentium;
674 5257 808 5303 tunc
852 5251 1004 5304 enim
1062 5267 1178 5304 non
1223 5253 1282 5304 in
1323 5253 1543 5305 ratione
1588 5253 1823 5321 peccati.

140 5320 232 5373 sed
261 5321 321 5373 in
355 5319 578 5372 ratione
611 5337 786 5388 preme
830 5322 1059 5375 decerni
1089 5326 1144 5375 et
1171 5323 1567 5391 praedestinari
1591 5319 1756 5391 posse
1789 5339 1821 5375 a

142 5391 248 5443 Deo
281 5391 532 5444 afﬁrmat
565 5392 807 5444 Ecclesia
852 5393 1244 5460 Lugdunensis
1281 5409 1294 5445 :
1328 5394 1436 5446 hoc
1466 5394 1618 5446 enim
1653 5393 1820 5445 modo

141 5461 385 5530 aliquam
430 5461 716 5530 aequitatis
765 5468 821 5514 et
851 5463 1089 5530 justitiaa
1137 5463 1491 5516 vindicativae
1538 5463 1820 5516 rationem

143 5532 500 5602 participant.
541 5533 745 5585 Verum
781 5535 909 5602 quia
936 5549 1230 5602 nunquam
1269 5535 1340 5587 ad
1368 5533 1662 5604 quodlibet
1693 5549 1818 5602 pec-

1931 4129 2280 4198 praaordiuat
2327 4124 2684 4197 (sequeretur
2724 4126 2876 4179 enim
2924 4126 3072 4198 Deus
3106 4139 3226 4198 esse
3257 4124 3458 4198 saltem
3491 4124 3624 4175 sub-

1932 4194 2300 4269 sequentium
2336 4194 2710 4268 peccatorum
2755 4195 3091 4269 auctorem),
3145 4195 3271 4247 ideo
3300 4194 3490 4269 satius
3518 4198 3626 4269 _est

1931 4264 2276 4338 res-pondere
2345 4264 2646 4322 Ecclesiam
2697 4268 3138 4338 Lugdunensem
3199 4265 3452 4334 accipere
3517 4264 3626 4316 hoc

1932 4337 2053 4393 loco
2118 4339 2647 4408 praedestinationem
2718 4354 2822 4408 pro
2885 4337 3232 4406 providentia
3289 4341 3624 4408 tantumque

1931 4410 2077 4463 velle
2128 4411 2308 4463 Deum
2358 4410 2566 4462 habere
2615 4407 3031 4478 providentiam
3064 4411 3448 4478 peccatorum,
3491 4407 3626 4478 quia

1931 4485 2000 4554 ut
2049 4480 2264 4550 aliquid
2311 4481 2414 4534 sub
2463 4475 2824 4554 providentia
2869 4479 3033 4554 cadat
3069 4475 3358 4554 isatis_est
3407 4476 3451 4526 si
3505 4475 3626 4554 hzec

1932 4551 2042 4604 tria
2106 4545 2531 4604 concurrant':
2603 4553 2658 4603 to
2721 4553 2782 4601 ut
2846 4565 2877 4600 a
2937 4549 3048 4599 Deo
3113 4545 3285 4598 fuerit
3345 4561 3413 4597 ex
3469 4545 3625 4598 omni

1932 4622 2250 4676 aeternitate
2293 4621 2634 4690 praevisum;
2691 4622 2754 4671 2ο
2812 4623 2875 4690 ut
2919 4617 3132 4685 absque
3185 4615 3286 4668 Dei
3330 4617 3623 4690 voluntate

1933 4693 2137 4745 saltem
2171 4686 2502 4762 permissiva
2532 4706 2645 4762 non
2691 4688 2911 4762 eveniat
2928 4691 3034 4762 ;__2°
3091 4690 3154 4738 ut
3183 4701 3315 4762 cum
3347 4686 3620 4762 evenerit,

1934 4755 2346 4816 ordinet-illud
2391 4763 2537 4814 Deus
2579 4761 2648 4812 ad
2691 4758 2862 4811 ﬁnem
2911 4757 3160 4826 aliquem
3212 4755 3450 4809 bonum.
3481 4758 3622 4810 Cum

1934 4849 2072 4903 ergo
2101 4839 2325 4903 peccata
2357 4828 2746 4903 sintpraevisa
2786 4834 2853 4903 et
2904 4827 3179 4903 permissa
3228 4842 3261 4877 a
3293 4827 3406 4903 Deo
3453 4831 3623 4903 atque

1935 4895 2398 4956 etivam'ordinata
2429 4895 2749 4974 ad'bonum
2779 4895 2974 4974 tinem,
3010 4896 3286 4974 nimirum
3320 4901 3380 4948 ut
3404 4912 3507 4974 per
3528 4898 3624 4974 illa

1933 4974 2181 5027 declaret
2223 4974 2568 5044 Deus‘suam
2609 4969 2892 5044 justitiam
2934 4967 3068 5020 dum
3122 4967 3181 5019 in
3211 4967 3328 5044 _il|a
3373 4967 3625 5044 animad-

1936 5045 2119 5106 vertit,
2183 5048 2278 5095 aut
2329 5039 2796 5105 misericordiam,
2859 5039 2994 5092 dum
3061 5037 3321 5106 quaedam
3378 5037 3624 5104 benigne

1936 5115 2150 5166 relaxat
2185 5128 2196 5165 :
2231 5111 2425 5180 negari
2456 5127 2570 5164 non
2601 5114 2784 5180 potest
2817 5108 2957 5180 quin
2980 5113 3223 5180 peccata
3249 5106 3457 5160 divina!
3491 5122 3622 5175 pro-

1932 5177 2555 5255 videntiaesubjaceant
2597 5177 2694 5255 seu
2729 5177 3342 5255 prafdestinationizf-
3382 5180 3620 5255 August.

1933 5255 1994 5306 in
2044 5247 2388 5315 Enchiridio,
2437 5268 2560 5321 cap.
2597 5252 2682 5314 11,
2737 5256 2793 5321 et
2819 5249 2980 5321 libi!
3031 5247 3099 5300 de
3139 5247 3328 5321 Civit.,
3372 5263 3496 5315 cap.
3526 5250 3625 5321 _l_7,

1938 5326 2001 5376 18
2033 5328 2088 5375 et
2117 5325 2216 5388 '23;
2249 5318 2582 5376 Ambros-1.
2615 5338 2631 5374 1
2661 5321 2730 5374 de
2761 5318 2992 5381 Ofticiis,
3035 5334 3157 5386 cap.
3207 5319 3270 5371 14
3302 5322 3360 5370 et
3393 5321 3487 5384 t6;
3525 5319 3625 5370 Eu-

1931 5393 2050 5449 seb.
2099 5393 2196 5446 lib.
2246 5409 2321 5446 vn
2367 5389 2808 5462 Praeparationis
2855 5389 3216 5462 evangelicae,
3271 5403 3396 5462 cap.
3445 5391 3510 5452 5;
3567 5393 3622 5440 et

1934 5465 1996 5517 D.
2029 5463 2291 5526 Thomas,
2328 5458 2530 5533 quaest.
2564 5466 2652 5528 22,
2689 5479 2704 5514 ι
2738 5465 2905 5532 part.,
2941 5458 3096 5511 artic.
3133 5462 3187 5525 2,
3221 5458 3287 5511 ad
3320 5459 3372 5510 2.
