3884 6218
230 229 356 281 illi

1343 223 1396 275 S.
1440 219 1719 274 REMIGII
1761 219 2242 277 LUGDUNENSIS
2282 221 2593 276 EPISCOPI

3600 225 3735 276 ill?

295 358 349 412 4.
380 356 568 428 (Ibid,
601 372 649 410 c.
686 356 762 424 9.)
813 355 976 419 Quod
1015 354 1091 407 ita
1132 356 1276 408 Deus
1319 353 1377 405 in
1415 352 1679 406 cordibus
1718 351 1911 405 homi-
1949 354 1994 404 A
2096 353 2235 406 Cum
2268 352 2390 406 haec
2422 353 2498 406 ita
2543 352 2676 417 sint,
2721 357 2775 407 et
2824 352 3068 407 liberum
3111 354 3416 409 arbitrium
3461 354 3738 408 omnibus

226 462 388 511 num,
422 450 590 515 atque
617 444 676 497 in
707 444 829 513 ipso
859 443 1040 496 libero
1063 446 1329 511 operetur
1358 440 1619 505 arbitrio,
1642 445 1706 493 ut
1724 444 1918 493 sancta

226 535 514 605 cogitatio,
572 533 733 602 pium
783 531 1090 585 consilium
1144 530 1450 600 omnisque
1511 536 1696 583 motus
1752 529 1918 582 bonae

226 622 537 676 voluntatis
581 637 644 674 ex
686 622 799 674 Deo
849 620 917 673 sit
952 636 964 672 :
996 619 1131 689 quia
1170 634 1293 688 per,
1325 619 1486 672 illum
1538 617 1754 688 aliquid
1786 618 1920 671 boni

227 726 552 781 possumus,
585 709 710 762 sine
742 725 855 778 quo
885 708 1031 762 nihil
1064 723 1387 777 possumus.

300 803 349 851 5.
387 798 578 863 (Ibid.,
626 814 673 850 c.
722 795 829 865 12.)
866 795 1137 851 Omnium
1189 794 1505 848 studiorum
1545 793 1922 862 omniumque

231 887 530 951 virtutum,
580 884 790 955 quibus
832 884 901 937 ab
952 883 1117 937 initio
1161 883 1293 936 ﬁdei
1338 882 1407 935 ad
1450 882 1754 935 Dominum
1798 886 1921 934 ten-

228 974 401 1040 ditur,
446 976 626 1028 Deum
657 972 999 1042 proﬁtemur
1028 976 1349 1033 auctorem;
1383 974 1437 1022 et
1466 985 1575 1022 non
1598 970 1924 1022 dubitamus

232 1063 300 1117 ad
331 1063 512 1132 ipsius
540 1063 725 1132 gratia
755 1060 951 1114 omnia
981 1058 1229 1113 hominis
1253 1059 1459 1111 merita
1488 1057 1791 1128 praeveniri
1823 1073 1927 1126 per

232 1168 405 1222 quem
446 1152 510 1204 ﬁt
540 1155 603 1203 ut
632 1149 847 1220 aliquid
877 1148 1011 1202 boni
1034 1153 1090 1201 et
1110 1149 1252 1200 velle
1271 1147 1614 1215 incipiamus
1637 1146 1921 1199 etfacere.

233 1240 356 1303 Quo
386 1238 585 1308 utique
617 1237 830 1289 auxilio
865 1241 919 1288 et
948 1234 1333 1287 misericordia
1368 1234 1469 1288 Dei
1500 1250 1614 1286 non
1671 1234 1928 1286 aufertur

238 1327 480 1381 liberum
531 1325 855 1391 arbitrium,
899 1324 996 1377 sed
1038 1323 1345 1392 {liberatum
1400 1326 1464 1375 ut
1512 1322 1580 1375 de
1626 1322 1926 1375 tenebroso

235 1414 616 1481 lucidumyde
662 1429 836 1483 pravo
882 1416 1119 1475 rectum,
1152 1411 1220 1465 de
1265 1410 1537 1480 languido
1586 1426 1810 1475 sanum,
1858 1410 1928 1463 de

235 1502 599 1572 imprudente
630 1501 702 1555 sit
731 1500 1057 1571 providum.
1087 1502 1267 1553 Tanta
1307 1500 1460 1552 enim
1510 1503 1592 1552 est
1635 1515 1772 1568 erga
1819 1514 1931 1551 om-

235 1608 336 1646 nes
366 1591 627 1644 homines
655 1589 882 1642 bonitas
911 1589 1027 1653 Dei,
1064 1593 1129 1642 ut
1163 1592 1360 1641 nostra
1392 1588 1526 1641 velit
1564 1603 1684 1640 esse
1727 1588 1931 1640 merita

237 1696 365 1751 quae
398 1684 529 1733 sunt
558 1678 738 1748 ipsius
784 1678 931 1731 dona
964 1694 976 1730 :
1020 1681 1077 1730 et
1123 1692 1226 1746 pro
1272 1676 1362 1729 his
1394 1692 1521 1745 quae
1559 1675 1798 1745 largitus
1826 1679 1927 1740 est,

237 1773 451 1822 aeterna
480 1766 721 1837 praemia
748 1765 823 1818 sit
864 1766 1198 1819 donaturus.
1228 1764 1361 1833 Agit
1399 1763 1613 1833 quippe
1645 1764 1703 1815 in
1742 1762 1926 1829 nobis,

236 1861 303 1911 ut
334 1855 486 1926 quod
515 1856 653 1921 vult,
689 1858 745 1905 et
770 1852 1031 1915 velimus,
1064 1856 1121 1904 et
1150 1866 1407 1920 agamus.

310 1948 360 1997 6.
401 1944 508 2013 (Em
539 1943 840 2009 Augustini
863 1942 1020 2008 epist.
1060 1938 1207 2007 107.)
1242 1939 1505 1992 Fatemur
1534 1936 1779 2005 gratiam
1834 1937 1930 1991 Dei

240 2036 297 2086 et
321 2030 673 2101 adjutorium
708 2030 881 2082 etiam
910 2028 978 2081 ad
1023 2027 1274 2096 singulos
1302 2030 1458 2079 actus
1497 2025 1647 2089 dari;
1682 2041 1930 2095 namque

241 2135 356 2173 non
388 2118 509 2172 dari
541 2117 856 2170 secundum
886 2114 1089 2168 merita
1120 2118 1335 2178 nostra,
1371 2118 1435 2166 ut
1458 2129 1589 2165 vera
1625 2113 1695 2165 sit
1723 2114 1930 2182 gratia,

237 2207 296 2261 id
326 2211 409 2259 est
447 2206 620 2276 gratis
651 2205 803 2269 data,
836 2219 940 2273 per
970 2203 1093 2273 ejus
1132 2201 1585 2255 misericordiam
1619 2201 1719 2270 qui
1744 2201 1883 2255 dixit
1916 2218 1928 2254 :

247 2318 265 2343 α
298 2294 603 2349 Miserebor
642 2292 733 2346 cui
780 2292 1045 2345 misertus
1090 2307 1187 2344 ero
1232 2290 1403 2360 (Rom.
1456 2306 1526 2356 lx,
1583 2289 1688 2357 15).
1743 2310 1770 2336 ››
1817 2290 1929 2342 Et:

243 2403 272 2435 «
328 2380 770 2437 Misericordiam
837 2380 1140 2450 praestabo,
1219 2379 1313 2432 cui
1388 2377 1710 2432 misericors
1776 2376 1934 2430 fuero

243 2472 442 2540 (Exod.
480 2486 598 2534 LIII,
636 2470 737 2538 l9).
772 2489 798 2516 ››

313 2566 367 2613 7.
400 2561 667 2613 Fatemur
699 2574 820 2611 esse
850 2557 1096 2611 liberum
1128 2555 1429 2609 arbitrium
1474 2553 1701 2607 etiamsi
1745 2552 1935 2607 divino

244 2647 467 2716 indiget
494 2645 801 2715 adjutorio.

316 2737 367 2788 8.
406 2733 515 2803 (Ea:
569 2734 765 2787 Concil.
824 2731 1079 2785 Arausic.
1139 2745 1261 2781 can.
1332 2728 1437 2798 t3.)
1472 2728 1785 2782 Arbitrium
1845 2744 1939 2797 vo:

246 2821 479 2875 luntatis
506 2822 565 2874 in
597 2821 783 2890 primo
812 2818 1046 2872 homine
1080 2816 1456 2883 inﬁrmatum,
1495 2817 1604 2870 nisi
1652 2832 1755 2888 per
1802 2832 1936 2887 gra-

244 2911 381 2963 tiam
414 2909 683 2980 baptismi
715 2924 828 2961 non
860 2910 1045 2976 potest
1074 2905 1348 2975 reparari.

318 3004 368 3054 9.
399 2999 712 3054 Arbitrium
739 2995 1049 3050 voluntatis
1078 3000 1213 3049 tunc
1242 2999 1326 3048 est
1350 3010 1479 3048 vere
1510 2994 1779 3061 liberum,
1807 3012 1939 3050 cum

247 3088 398 3141 vitiis
426 3086 784 3157 peccatisque
827 3100 944 3137 non
988 3083 1177 3137 servit.
1215 3084 1345 3137 Tale
1380 3083 1576 3136 datum
1616 3087 1699 3136 est
1737 3099 1769 3135 a
1802 3086 1936 3151 Deo,

249 3177 446 3246 utique
478 3174 699 3229 homini
728 3172 914 3243 primo
940 3188 953 3225 :
989 3171 1142 3242 quod
1172 3171 1466 3238 amissum,
1493 3172 1603 3224 nisi
1638 3191 1670 3226 a
1700 3189 1813 3243 quo
1844 3189 1942 3243 po-

249 3264 359 3317 tuit
412 3263 557 3322 dari,
606 3277 723 3315 non
787 3260 974 3330 potuit
1018 3258 1199 3313 reddi.
1263 3260 1421 3313 Unde
1484 3259 1700 3313 Veritas
1761 3261 1931 3315 dicit:

251 3369 277 3403 α
312 3352 368 3405 Si
410 3368 510 3403 vos
544 3350 717 3404 Filius
768 3347 1105 3412 liberaverit,
1156 3363 1284 3400 vere
1333 3346 1501 3400 liberi
1561 3347 1715 3401 eritis
1757 3348 1937 3416 (Joan.

249 3456 372 3507 VIII,
401 3437 510 3509 36).
547 3459 574 3485 »

323 3530 456 3581 Ecce
503 3523 842 3580 sanctissimi
892 3526 1083 3578 Patres
1140 3538 1255 3577 non
1300 3528 1516 3593 negant
1561 3523 1805 3577 liberum
1855 3540 1940 3577 ar-

250 3616 486 3671 bitrium
543 3630 664 3667 esse
704 3612 762 3666 in
802 3611 1155 3675 hominibus,
1202 3610 1300 3664 sed
1347 3611 1553 3664 docent
1587 3612 1645 3664 in
1669 3613 1941 3681 praevari-

251 3705 473 3760 catione
528 3703 662 3757 Adae
713 3700 1032 3754 naturalem
1092 3698 1530 3769 possibilitatem
1580 3704 1635 3752 et
1677 3700 1942 3754 innocen-

252 3793 390 3846 tiam
422 3790 755 3863 perdidisse.

326 3883 448 3935 Non
496 3884 713 3949 negant
761 3879 1006 3931 liberum
1056 3876 1292 3929 humani
1346 3875 1573 3944 generis
1616 3874 1939 3941 arbitrium,

253 3970 349 4024 sed
380 3970 583 4023 docent
614 3967 761 4038 quod
797 3980 964 4019 nemo
999 3964 1107 4017 nisi
1139 3979 1243 4033 per
1272 3962 1559 4017 Christum
1588 3963 1767 4017 libero
1798 3962 1942 4017 bene

252 4063 443 4112 utatur
471 4056 704 4110 arbitrio
741 4070 753 4107 :
788 4070 906 4107 non
955 4056 1168 4121 negant
1210 4052 1453 4105 liberum
1489 4051 1815 4115 arbitrium,
1848 4051 1943 4105 sed

253 4148 457 4201 docent
498 4143 648 4214 quod
680 4142 761 4195 ita
802 4143 946 4194 Deus
998 4141 1056 4193 in
1087 4140 1212 4209 ipso
1260 4139 1440 4193 libero
1492 4145 1763 4209 operetur
1801 4139 1946 4192 arbi-

2026 441 2215 494 inesse
2249 441 2580 495 hominibus
2622 441 2821 511 negari
2862 442 3187 496 nullatenus
3238 444 3465 509 debeat,
3500 459 3574 497 ne
3615 448 3739 496 tan-

2028 533 2145 582 tam
2178 530 2603 585 multitudinem
2638 531 2939 584 hominum
2973 530 3316 595 inﬁdelium,
3353 548 3482 601 quae
3514 532 3743 584 exstitit

2031 618 2099 670 ab
2130 617 2294 670 initio
2326 618 2519 670 saeculi
2556 633 2740 687 usque
2780 617 2849 671 ad
2884 617 3193 671 adventum
3229 618 3459 684 Christi,
3493 624 3548 671 et
3582 633 3747 670 nunc

2031 704 2215 757 adhuc
2249 704 2454 769 existit,
2498 710 2553 758 et
2594 705 2796 758 existet
2834 722 3017 776 usque
3067 706 3137 760 ad
3170 707 3744 760 consummationem

2031 793 2252 856 mundi,
2300 798 2593 846 excusatos
2632 795 2736 846 faui
2762 810 2927 855 mins,
2977 794 3128 862 quod
3176 794 3444 848 videlicet
3479 810 3601 847 non
3641 794 3751 846 ha-

2032 880 2263 934 buerint
2314 882 2403 934 vel
2460 881 2711 935 habeant
2773 881 2994 935 arbitrii
3054 882 3374 936 libertatem
3433 898 3612 953 quam
3677 882 3747 933 in

2034 969 2208 1022 Adam
2254 968 2630 1039 perdiderint,
2691 974 2746 1023 et
2794 970 2919 1023 ideo
2966 986 3070 1023 nec
3110 971 3262 1040 juste
3318 972 3629 1040 culpentur
3682 970 3747 1022 in

2034 1057 2218 1122 malis,
2252 1073 2379 1126 quae
2403 1062 2599 1127 agunt,
2635 1074 2737 1110 nec
2776 1074 2880 1127 pro
2909 1059 3124 1111 eisdem
3158 1059 3322 1111 malis
3347 1059 3501 1127 juste
3559 1058 3626 1111 in
3655 1058 3747 1111 di-

2034 1144 2165 1197 vino
2194 1144 2407 1214 judicio
2443 1145 2860 1198 condemnandi
2890 1152 3040 1200 sunt.
3074 1148 3274 1199 Contra
3295 1146 3447 1199 hunc
3478 1162 3746 1216 namque

2036 1248 2291 1285 errorem
2337 1237 2393 1285 et
2420 1248 2623 1285 vanam
2675 1233 3101 1286 excusationem
3150 1236 3207 1287 Β.
3252 1234 3612 1302 Augustinus
3648 1249 3751 1283 ve-

2034 1321 2263 1374 ritatem
2295 1320 2428 1375 ﬁdei
2478 1321 2813 1387 defendens,
2851 1321 2932 1374 ita
2971 1322 3147 1375 dicit:
3188 1322 3401 1391 [Primo
3443 1321 3605 1374 enim
3641 1322 3752 1374 Do-

2038 1408 2225 1462 minus
2268 1410 2449 1476 Jesus,
2494 1409 2640 1462 sicut
2684 1410 2958 1479 scriptum
3009 1415 3092 1462 est
3135 1410 3193 1462 in
3237 1409 3540 1480 Evangelio
3572 1410 3753 1463 Joan-

2037 1498 2127 1550 nis
2154 1497 2412 1567 apostoli,
2448 1514 2559 1549 non
2592 1498 2750 1551 venit
2781 1503 2844 1551 ut
2880 1498 3165 1567 judicaret
3205 1498 3513 1558 mundum,
3549 1497 3654 1550 sed
3686 1502 3752 1548 ut

2040 1586 2350 1639 salveretur
2382 1586 2631 1638 mundus
2665 1602 2765 1655 per
2794 1586 2983 1656 ipsum
3037 1588 3206 1652 (Joan.
3261 1604 3339 1650 Ill,
3387 1586 3490 1652 t7).
3536 1587 3750 1638 Postea

2038 1690 2191 1741 vero,
2253 1675 2399 1727 sicut
2459 1675 2655 1728 scribit
2723 1675 3014 1744 apostolus
3071 1676 3299 1739 Paulus,
3363 1696 3383 1722 α
3450 1673 3752 1727 Judicabit

2040 1764 2187 1815 Deus
2219 1763 2502 1817 mundum
2550 1763 2779 1833 quando
2814 1768 3085 1816 venturus
3136 1768 3218 1816 est
3250 1763 3433 1832 (Rom.
3471 1778 3555 1819 ιιι,
3603 1765 3677 1829 6),
3720 1781 3749 1811 θ

2038 1850 2184 1904 sicut
2212 1855 2331 1904 tota
2384 1850 2629 1904 Ecclesia
2666 1850 2725 1903 in
2764 1850 3033 1921 Symbolo
3074 1851 3379 1904 conﬁtetur
3417 1869 3443 1900 α
3474 1850 3750 1903 Judicare

2039 1938 2194 1990 vivos
2225 1944 2280 1992 et
2323 1942 2596 1991 mortuos.
2635 1960 2662 1986 »
2695 1938 2753 1992 Si
2794 1954 2930 2009 ergo
2967 1955 3084 1992 non
3116 1944 3199 1991 est
3230 1938 3330 1992 Dei
3361 1938 3572 2007 gratia,
3598 1955 3749 2007 quo-

2042 2026 2210 2080 modo
2259 2027 2435 2079 salvat
2478 2026 2796 2095 mundum?
2833 2032 2888 2079 et
2919 2027 2967 2079 si
3008 2043 3125 2079 non
3173 2031 3258 2080 est
3298 2027 3547 2079 liberum
3592 2026 3747 2079 arbi-

2040 2114 2237 2179 trium,
2262 2117 2551 2184 quomodo
2577 2114 2797 2183 judicat
2820 2114 3162 2186 mundum?)

2110 2206 2251 2259 Cum
2300 2218 2437 2271 ergo
2470 2202 2715 2256 liberum
2766 2202 3069 2257 arbitrium
3120 2204 3324 2257 habeat
3365 2207 3522 2257 totus
3568 2218 3744 2256 mun-

2042 2291 2166 2356 dus,
2208 2296 2261 2343 et
2292 2291 2421 2345 ideo
2476 2291 2793 2360 Deusjuste
2838 2291 3055 2361 judicet
3093 2293 3392 2346 mundum.
3442 2290 3745 2362 quomodo

2041 2378 2101 2431 in
2132 2378 2237 2431 hac
2270 2395 2413 2431 nova
2439 2378 2774 2432 deﬁnitione
2815 2379 3029 2433 dictum
3061 2384 3145 2433 est
3178 2394 3189 2433 :
3239 2398 3266 2429 a
3299 2380 3460 2443 Quod
3508 2379 3745 2432 liberta-

2044 2471 2158 2520 tem
2191 2467 2413 2520 arbitrii
2454 2467 2514 2520 in
2557 2468 2744 2537 primo
2794 2468 3027 2521 homine
3080 2468 3453 2537 perdidimus.
3488 2489 3517 2515 »
3554 2466 3745 2521 Sancti

2046 2557 2239 2608 Patres
2297 2555 2493 2608 dicunt
2530 2556 2773 2609 liberum
2820 2556 3121 2609 arbitrium
3165 2557 3225 2609 in
3274 2556 3747 2627 praevaricatione

2044 2643 2182 2696 Adae
2243 2644 2620 2710 inﬁrmatum,
2668 2644 2863 2697 dicunt
2914 2644 3234 2699 naturalem
3294 2643 3745 2712 possibilitatem

2047 2736 2105 2786 et
2150 2732 2534 2785 innocentiam
2581 2732 2913 2801 perdidisse.
2977 2734 3181 2785 Dicunt
3227 2733 3377 2803 quod
3413 2748 3499 2797 eo,
3554 2732 3612 2784 id
3662 2736 3748 2783 est

2045 2820 2228 2874 libero
2294 2820 2550 2885 arbitrio,
2610 2836 2780 2873 nemo
2830 2821 2976 2873 bene
3044 2823 3238 2873 utatur
3304 2821 3425 2873 sine
3492 2820 3739 2873 Christo.

1976 2936 2016 2988 ρ
2048 2909 2256 2963 Dicunt
2294 2909 2539 2962 liberum
2570 2926 2691 2963 esse
2732 2909 3054 2975 arbitrium,
3092 2908 3316 2963 etiamsi
3357 2908 3552 2961 divino
3591 2907 3744 2960 indi—

2047 3002 2177 3068 geat
2205 2998 2272 3050 ad
2273 2998 2511 3066 jutorio.

2722 3122 2947 3176 CAPUT
2975 3123 3063 3177 XI.

2050 3244 2196 3311 Quid
2223 3247 2399 3314 possit
2428 3245 2655 3297 liberum
2692 3244 2984 3299 arbitrium
3015 3260 3116 3313 per
3139 3259 3210 3298 se.
3248 3245 3405 3309 Quod
3444 3260 3551 3299 non
3569 3246 3741 3313 possit

2430 3316 2658 3368 liberum
2689 3316 2981 3368 arbitrium
3012 3319 3127 3369 sine
3155 3319 3359 3384 gratia.

2120 3438 2339 3492 Habent
2360 3436 2550 3507 itaque
2564 3452 2762 3491 omnes
2782 3438 3069 3503 homines,
3093 3437 3263 3490 etiam
3289 3438 3387 3507 qui
3416 3436 3592 3489 alieni
3613 3439 3740 3488 sunt

2050 3543 2079 3579 a
2113 3526 2358 3595 Christo,
2382 3525 2627 3580 liberum
2652 3526 2949 3580 arbitrium
2976 3543 2989 3592 ;
3009 3526 3106 3579 sed
3124 3527 3235 3579 tale
3250 3526 3419 3596 quale
3440 3526 3535 3578 isti
3553 3526 3740 3578 Patres

2048 3615 2373 3679 ostendunt,
2407 3614 2461 3668 id
2494 3621 2579 3668 est
2607 3615 2667 3667 in
2697 3614 3163 3684 praevaricatione
3196 3614 3332 3668 Adae
3362 3613 3736 3671 inﬁrmatum.

2049 3703 2299 3756 naturali
2339 3702 2715 3773 possibilitate
2763 3707 2818 3755 et
2864 3702 3192 3756 innocentia
3239 3703 3573 3772 spoliatum,
3625 3701 3739 3755 sine

2050 3791 2273 3848 Christo
2318 3792 2462 3845 nulli
2508 3792 2657 3845 bono
2706 3790 2835 3843 usui
2877 3797 3093 3860 aptum.
3127 3791 3351 3844 Habent
3392 3807 3596 3844 omnes
3647 3791 3739 3843 ho-

2051 3880 2234 3934 mines
2290 3880 2629 3933 naturaliter
2678 3884 2929 3932 mentem
2988 3881 3327 3933 rationalem
3377 3884 3433 3932 et
3489 3879 3739 3932 intellec-

2049 3968 2287 4033 tualem,
2322 3983 2435 4037 qua
2474 3966 2693 4036 possint
2749 3966 3072 4019 discernere
3124 3983 3186 4019 ac
3236 3966 3575 4036 dijudicare,
3618 3982 3737 4019 cum

2050 4056 2119 4109 ad
2156 4055 2465 4109 rationales
2515 4070 2694 4107 annos
2742 4055 3023 4122 venerint,
3088 4054 3235 4107 inter
3288 4054 3442 4107 bona
3482 4060 3539 4107 et
3576 4056 3739 4119 mala,

2050 4144 2199 4197 inter
2222 4144 2376 4213 justa
2418 4147 2474 4196 et
2500 4142 2730 4211 injusta.
2765 4143 2984 4197 Habent
3019 4142 3188 4196 etiam
3232 4144 3569 4196 naturaliter
3608 4142 3738 4195 insi-

254 4234 365 4289 trio
408 4236 471 4285 ut
510 4234 703 4283 sancta
751 4228 1041 4296 cogitatio,
1084 4228 1242 4297 pium
1282 4227 1599 4295 consilium,
1635 4226 1937 4298 omnisque
1979 4235 2021 4286 D
2049 4236 2174 4286 tum
2205 4231 2505 4285 arbitrium
2548 4231 2855 4285 voluntatis
2896 4237 2957 4285 ut
2984 4232 3185 4285 eodem
3238 4231 3477 4284 arbitrio
3529 4232 3739 4299 possint

255 4323 442 4372 motus
473 4318 637 4371 bona:
664 4316 969 4369 voluntatis
997 4331 1062 4369 ex
1096 4317 1210 4368 Deo
1246 4315 1336 4368 sit.

326 4407 452 4460 Non
489 4408 701 4475 negant
740 4403 980 4457 liberum
1026 4402 1349 4469 arbitrium,
1383 4403 1481 4456 sed
1524 4404 1748 4468 docent,
1790 4403 1944 4473 quod

253 4494 465 4548 auxilio
520 4497 577 4547 et
616 4507 855 4546 munere
905 4492 1005 4545 Dei
1048 4506 1164 4544 non
1212 4490 1469 4543 aufertur
1515 4491 1755 4544 liberum
1786 4490 1943 4545 'arbi-

252 4583 451 4650 trium,
504 4582 601 4636 sed
647 4581 963 4647 liberatur;
994 4584 1058 4633 ut
1098 4579 1166 4633 de
1218 4578 1519 4633 tenebroso
1563 4578 1833 4644 lucidum,
1875 4580 1943 4632 de

253 4688 426 4743 pravo
464 4675 705 4736 rectum,
754 4669 822 4724 de
862 4667 1136 4739 languido
1186 4682 1410 4732 sanum,
1462 4667 1530 4720 de
1577 4666 1944 4736 imprudente

253 4761 326 4814 sit
352 4758 676 4830 providum.

324 4850 449 4902 Non
487 4849 700 4916 negent
736 4845 978 4898 liberum
1028 4842 1351 4909 arbitrium,
1397 4844 1494 4897 sed
1553 4843 1760 4897 docent
1790 4844 1945 4913 quod

253 4936 311 4989 in
342 4936 530 5006 primo
563 4932 797 4987 homine
818 4931 1192 4997 inﬁrmatam,
1228 4931 1338 4984 nisi
1368 4946 1473 5000 per
1492 4930 1736 5001 gratiam
1768 4931 1945 5002 bapti-

254 5024 362 5078 smi
392 5039 509 5077 non
542 5026 730 5092 potest
750 5019 1017 5090 reparari.

326 5114 453 5167 Non
508 5114 720 5180 negent
770 5109 1016 5162 liberum
1069 5108 1396 5173 arbitrium,
1428 5108 1525 5163 sed
1557 5109 1763 5163 docent
1808 5113 1945 5163 tunc

253 5217 372 5255 esse
397 5215 527 5253 vere
556 5199 823 5265 liberum,
855 5212 985 5250 cum
1017 5196 1166 5250 vitiis
1200 5198 1551 5267 peccatisque
1598 5212 1713 5250 non
1744 5196 1942 5264 servit;

254 5290 455 5343 docent
482 5288 593 5341 tale
624 5285 819 5339 datum
852 5301 972 5338 esse
1001 5302 1031 5337 a
1064 5286 1199 5338 Deo.
1227 5286 1440 5338 Docent
1470 5285 1623 5354 quod
1646 5285 1942 5352 amissum,

254 5376 363 5428 nisi
384 5392 418 5428 a
441 5391 553 5445 quo
574 5374 768 5443 potuit
788 5372 933 5439 dari,
962 5388 1077 5426 non
1099 5373 1288 5442 potuit
1321 5372 1503 5426 reddi.
1536 5372 1693 5426 Unde
1724 5373 1945 5427 Veritas

256 5462 395 5516 dicit
424 5478 436 5515 :
474 5479 501 5512 α
534 5461 593 5515 Si
624 5477 721 5513 vos
752 5460 925 5513 Filius
953 5460 1302 5526 liberaverit,
1334 5475 1468 5514 vere
1497 5459 1667 5514 liberi
1696 5460 1873 5514 eritis.
1913 5480 1941 5510 η

2049 4322 2193 4374 velle
2227 4320 2396 4385 mala,
2444 4319 2668 4389 possint
2712 4320 2854 4372 velle
2896 4319 3070 4371 etiam
3112 4318 3374 4388 quaedam
3415 4318 3613 4371 bona:
3647 4318 3735 4371 sed

2050 4410 2305 4463 humana
2359 4407 2655 4461 affectione
2703 4408 2775 4461 ad
2833 4408 3143 4460 humanam
3204 4407 3537 4460 societatem
3566 4411 3737 4477 atque

2051 4497 2407 4551 honestatem
2456 4495 2823 4566 pertinentia.
2885 4496 3021 4559 Quae
3065 4496 3263 4549 eadem
3305 4495 3563 4548 humana
3612 4496 3737 4549 atie-

2053 4586 2264 4651 ctione,
2297 4585 2380 4638 vel
2426 4588 2658 4653 propter
2695 4584 2889 4653 aliqua
2919 4583 3261 4652 temporalia
3312 4584 3621 4637 commoda
3649 4600 3738 4652 ap—

2053 4678 2351 4743 petuntur,
2383 4674 2466 4725 vel
2516 4677 2750 4743 propter
2780 4672 2963 4741 ipsam
2996 4672 3358 4726 solummodo
3405 4672 3541 4725 vitae
3574 4674 3736 4725 hone-

2055 4766 2276 4815 statem.
2309 4761 2413 4814 Sed
2447 4761 2780 4830 hujusmodi
2816 4761 3067 4814 humana
3106 4761 3277 4825 bona,
3330 4776 3463 4830 quae
3492 4761 3735 4814 humana

2054 4848 2351 4902 affectione
2401 4853 2586 4918 potest
2633 4849 2797 4915 velle,
2855 4853 3042 4917 potest
3089 4849 3261 4901 etiam
3324 4865 3736 4919 nonnunquam

2056 4952 2223 5006 agere
2250 4937 2504 4990 humana
2537 4939 2742 4990 natura
2775 4952 2787 4989 :
2820 4952 2951 4990 enm
2983 4942 3218 5006 propter
3246 4938 3737 5005 temporaliabena

2054 5027 2424 5093 appetuntur,
2458 5023 2579 5075 sine
2597 5022 2769 5077 dubio
2800 5022 3140 5092 cupiditates
3170 5028 3333 5088 sunt;
3368 5039 3502 5077 cum
3524 5028 3736 5093 propter

2054 5111 2234 5163 solam
2262 5110 2390 5165 vitae
2406 5110 2782 5177 honestatem,
2804 5109 2925 5162 sine
2952 5110 3338 5164 dubioinﬁata
3351 5114 3405 5163 et
3432 5113 3581 5163 elata
3595 5116 3729 5163 sunt.

2052 5197 2261 5251 Tamen
2289 5200 2475 5268 potest
2512 5214 2578 5251 ea
2604 5197 2944 5263 discernere,
2973 5203 3161 5267 potest
3179 5199 3349 5252 etiam
3371 5199 3542 5263 velle,
3567 5203 3733 5268 potest

2053 5285 2220 5339 etiam
2254 5286 2482 5353 habere,
2505 5286 2849 5357 inquantum
2872 5286 3118 5339 naturali
3150 5287 3301 5341 bono
3334 5287 3656 5356 adjuvetur,
3687 5290 3733 5338 et

2057 5374 2155 5427 Dei
2203 5374 2575 5444 dispositione
2621 5374 2972 5443 permittitur
3027 5374 3281 5429 humana
3322 5379 3550 5428 natura.
3595 5375 3731 5427 Talia

2056 5478 2303 5531 namque
2329 5463 2474 5515 bona
2518 5467 2574 5515 et
2601 5462 2660 5515 in
2690 5462 2907 5516 caeteris
2949 5463 3129 5517 videri
3179 5464 3359 5516 solent
3392 5463 3730 5517 hominibus,
