3884 6218
98 289 231 340 1113

1183 289 1275 343 DE
1313 287 1638 343 TENENDA
1676 288 2085 346 SCRIPTURE
2126 287 2501 346 VERITATE.

3456 293 3588 345 1114

95 428 149 475 et
214 424 467 479 maxime
534 425 591 478 in
634 425 829 479 multis
866 425 1230 498 philosophis
1284 426 1563 494 gentium,
1629 431 1683 479 et
1726 427 1785 479 in
1824 426 1869 479 A
1896 442 1999 494 per
2029 426 2317 480 Christum
2365 427 2424 479 in
2456 428 2622 481 nobis
2676 428 2738 481 ﬁt
2782 427 3060 490 liberum,
3121 431 3335 498 quanto
3397 427 3588 481 minus

96 512 323 580 magnis
375 513 530 577 viris,
565 514 663 584 qui
709 513 767 567 in
798 514 1093 583 republica
1138 514 1396 583 praeclari
1428 516 1786 581 exstiterunt,

94 602 271 654 etiam
306 602 649 656 mirabiliter
673 604 1058 668 commendat,
1092 608 1145 655 et
1172 603 1363 655 laudat
1386 602 1643 655 historia.

166 691 247 743 De
283 706 398 760 qua
424 692 538 743 vita
586 691 838 744 humana
880 694 1040 760 juxta
1071 692 1382 744 humanam
1428 690 1790 744 affectionem

94 782 149 829 et
179 779 684 840 consuetudinem,
714 782 868 832 velut
914 779 1063 833 bona
1089 784 1144 831 et
1176 779 1450 832 laudabili
1499 781 1555 833 Β.
1592 783 1790 847 Augu-

92 867 281 919 stinus
302 867 363 920 in
391 869 722 921 tractatibus
755 868 1041 937 Evangelii
1066 868 1376 921 secundum
1416 870 1691 921 Joannem
1715 868 1793 920 sic

95 960 295 1023 aperte
326 961 757 1022 commemorat,
804 956 997 1009 dicens
1031 958 1213 1025 (tract.
1255 957 1343 1025 40)
1379 974 1390 1009 :
1428 957 1605 1026 [Multi
1636 956 1791 1008 enim

94 1048 252 1106 sunt,
286 1043 383 1112 qui
410 1046 721 1096 secundum
753 1044 1057 1113 quamdam
1088 1045 1217 1097 vitae
1246 1045 1416 1114 hujus
1438 1044 1795 1097 consuetudi-

96 1145 230 1181 nem
265 1130 533 1183 dicuutur
558 1130 693 1183 boni
726 1131 1002 1192 homines,
1036 1131 1171 1183 boni
1205 1132 1331 1197 viri,
1354 1132 1519 1184 bonae
1540 1131 1789 1197 feminae,

95 1220 454 1283 innocentes,
488 1225 542 1271 et
576 1220 737 1288 quasi
771 1219 1133 1272 observantes
1164 1236 1229 1271 ea
1257 1236 1383 1289 quae
1412 1221 1467 1272 in
1504 1223 1623 1289 lege
1654 1237 1795 1289 prie-

95 1312 266 1376 cepta
321 1312 480 1367 sunt;
539 1307 855 1361 deferentes
929 1308 1207 1361 honorem
1269 1309 1602 1377 parentibus
1656 1310 1790 1375 suis,

96 1410 215 1447 non
262 1394 631 1461 mcechantes,
682 1412 798 1448 non
831 1394 1203 1448 homicidium
1236 1401 1649 1466 perpetrantes,
1681 1414 1795 1450 non

97 1483 319 1535 furtum
377 1484 668 1547 facientes,
712 1500 826 1536 non
874 1483 1079 1536 falsum
1134 1485 1399 1537 adversus
1447 1501 1793 1555 quemquam

99 1570 496 1624 testimonium
557 1572 942 1641 perhibentes,
1005 1578 1060 1625 et
1116 1577 1318 1625 caetera
1369 1589 1498 1643 qum
1549 1574 1608 1626 in
1672 1575 1796 1643 lege

98 1660 374 1712 mandata
429 1664 561 1711 sunt
614 1660 765 1711 velut
826 1659 1145 1725 observant,
1199 1664 1253 1711 et
1311 1660 1613 1714 Christiani
1679 1678 1794 1713 non

98 1752 257 1800 sunt.
293 1746 439 1810 Quid
474 1762 609 1815 ergo
659 1747 764 1799 ista
796 1747 988 1800 omnia
1020 1763 1145 1817 qum
1178 1748 1404 1814 faciant,
1437 1749 1699 1803 nesciunt
1729 1751 1797 1803 ad

98 1850 277 1903 quem
326 1833 500 1886 ﬁnem
536 1834 804 1899 referant,
849 1834 1099 1887 inaniter
1140 1834 1375 1887 faciunt.
1422 1835 1621 1889 Dicant
1664 1852 1798 1906 ergo

96 1921 315 1991 pagani
350 1938 364 1974 :
395 1922 543 1975 Bene
593 1921 856 1974 vivimus.
907 1921 963 1975 Si
1012 1938 1117 1991 per
1145 1921 1353 1977 ostium
1393 1939 1511 1976 non
1560 1924 1794 1990 intrant,

99 2010 242 2080 quid
271 2009 351 2061 eis
380 2010 612 2079 prodest
641 2009 789 2063 unde
820 2010 1179 2079 gloriantur?
1202 2010 1282 2063 Ad
1314 2010 1417 2064 hoc
1445 2012 1612 2065 debet
1643 2013 1797 2067 enim

101 2096 311 2166 cuique
358 2097 627 2165 prodesse
682 2098 826 2150 bene
879 2099 1088 2163 vivere,
1125 2105 1188 2151 ut
1221 2099 1389 2152 detur
1438 2100 1519 2152 illi
1575 2118 1799 2171 semper

99 2185 294 2238 vivere
332 2202 343 2238 :
384 2202 516 2238 nam
550 2186 643 2238 cui
673 2202 785 2238 non
818 2186 984 2239 datur
1013 2202 1239 2256 semper
1270 2189 1474 2248 vivere,
1498 2189 1637 2259 quid
1664 2206 1796 2258 pro-

99 2271 225 2324 dest
260 2272 403 2324 bene
430 2273 660 2327 vivere?
690 2273 830 2336 Quia
861 2290 965 2327 nec
992 2274 1135 2327 bene
1169 2274 1357 2328 vivere
1388 2276 1614 2331 dicendi
1646 2285 1795 2345 sunt,

100 2361 197 2429 qui
239 2360 413 2413 ﬁnem
462 2361 607 2414 bene
652 2362 892 2427 vivendi,
949 2363 1035 2415 vel
1083 2364 1333 2416 cmcitate
1380 2366 1660 2432 nesciunt,
1712 2368 1797 2420 vel

102 2447 403 2501 inﬂatione
434 2454 830 2503 contemnunt.
881 2452 1002 2505 Non
1041 2456 1123 2504 est
1154 2458 1346 2505 autem
1378 2454 1642 2523 cuiquam
1673 2472 1800 2525 spes

101 2552 260 2599 vera,
288 2542 345 2589 et
384 2540 538 2590 certa
580 2553 809 2607 semper
840 2536 1093 2601 vivendi,
1138 2540 1249 2591 nisi
1277 2546 1549 2609 agnoscat
1602 2542 1796 2605 vitam,

104 2625 261 2694 quod
319 2629 405 2677 est
438 2626 717 2693 Christus,
766 2630 822 2679 et
853 2642 953 2696 per
1008 2628 1249 2696 januam
1296 2628 1468 2682 intret
1518 2630 1579 2682 in
1628 2631 1795 2684 ovile.

103 2714 362 2766 Fuerunt
408 2714 641 2784 quidam
692 2714 1024 2785 philosophi
1062 2716 1131 2769 de
1188 2717 1489 2770 virtutibus
1529 2723 1585 2770 et
1652 2718 1801 2773 vitiis

103 2803 339 2856 subtilia
396 2803 580 2855 multa
638 2808 968 2869 tractantes,
1020 2804 1372 2871 dividentes,
1422 2806 1799 2873 deﬁnientes,

102 2891 201 2959 qui
255 2892 426 2944 etiam
473 2892 660 2945 dicere
712 2892 989 2945 auderent
1029 2892 1360 2946 hominibus
1398 2910 1409 2947 :
1446 2895 1556 2947 Nos
1606 2897 1801 2966 sequi-

1899 514 2054 566 vitiis
2088 515 2445 585 peccatisque
2492 516 2764 569 servierit.
2816 517 2971 569 Tunc
3002 521 3190 569 autem
3224 517 3333 569 erit
3371 532 3499 568 vere
3532 520 3589 568 et

1900 603 2068 671 plene
2116 603 2393 666 liberum,
2439 605 2663 673 quando
2704 605 2821 674 jam
2873 606 3119 674 perfecte
3166 605 3494 669 liberatum,
3531 603 3589 657 in

1900 690 2033 743 vita:
2081 696 2310 743 mternm
2342 692 2692 744 beatitudine
2745 693 2916 745 nullis
2945 694 3149 745 serviet
3193 693 3343 744 vitiis
3374 698 3430 745 et
3459 708 3590 761 pec-

1902 778 2057 829 catis.
2094 779 2296 847 Sicque
2325 780 2421 831 illa
2452 779 2681 831 Domini
2712 781 2959 847 benigna
2991 780 3295 849 promissio
3332 796 3445 849 qua
3477 780 3589 831 ait:

1904 884 1929 914 (ι
1966 865 2021 919 Si
2069 881 2165 918 vos
2216 867 2389 919 Filius
2440 866 2783 930 liberaverit,
2837 883 2967 919 vere
2999 867 3161 919 liberi
3207 867 3365 918 eritis
3415 866 3591 935 (Joan.

1901 971 2017 1018 VIII,
2051 957 2172 1021 36);
2212 977 2231 1001 ι
2292 955 2382 1008 hic
2427 955 2731 1008 inchoatur
2784 955 2841 1008 in
2891 956 3258 1009 innovatione
3307 956 3588 1023 fidelium,

1900 1042 1979 1095 ibi
2007 1044 2334 1112 perﬁcietur
2367 1045 2425 1096 in
2458 1044 2888 1113 incorruptione
2918 1044 3304 1113 regnantium.

1972 1132 2027 1185 Si
2059 1148 2193 1202 ergo
2239 1139 2545 1202 propterea
2592 1133 2806 1186 dictum
2857 1138 2940 1185 est
2987 1132 3046 1184 in
3099 1133 3203 1185 hac
3236 1132 3591 1197 definitione,

1906 1239 1932 1269 (ι
1971 1220 2310 1273 Libertatem
2344 1221 2565 1273 arbitrii
2590 1221 2647 1273 in
2675 1221 2861 1291 primo
2892 1221 3127 1273 homine
3160 1220 3533 1289 perdidimus,
3571 1241 3589 1266 ιι

1906 1308 2088 1378 [quasi
2116 1314 2243 1377 post
2289 1309 2443 1361 illius
2485 1309 2735 1361 hominis
2780 1308 3318 1377 transgressionem,
3372 1308 3595 1360 nullum

1902 1395 1961 1447 in
1993 1394 2324 1447 hominibus
2357 1395 2698 1447 remanserit
2728 1395 2971 1447 liberum
3004 1394 3331 1461 arbitrium,
3363 1398 3599 1463 apparet

1906 1482 2057 1552 quod
2096 1498 2212 1535 non
2241 1483 2312 1536 sit
2342 1499 2658 1535 consonum
2693 1483 2913 1535 veritati
2956 1499 2968 1535 :
3005 1483 3141 1551 quia
3181 1482 3226 1534 si
3260 1483 3486 1535 nullum
3515 1484 3598 1534 est

1905 1570 2143 1623 humani
2194 1572 2417 1640 generis
2467 1572 2708 1624 liberum
2759 1572 3080 1636 arbitrium,
3135 1572 3426 1641 quomodo
3460 1570 3600 1640 «ju-

1907 1658 2118 1711 dicabit
2167 1660 2314 1711 Deus
2347 1659 2622 1711 mundum
2649 1658 2675 1711 ?
2720 1658 2895 1725 (Rom.
2944 1658 3047 1727 ιιι.)
3083 1678 3108 1706 ι)
3155 1658 3207 1709 Si
3244 1663 3436 1710 autem
3467 1672 3598 1727 pro-

1906 1751 2103 1816 pterea
2136 1746 2352 1799 dictum
2402 1750 2506 1810 est,
2540 1746 2675 1816 quia
2706 1747 3025 1799 naturalem
3067 1746 3500 1816 possibilitatem
3544 1748 3603 1798 et.

1908 1836 2174 1887 virtutem
2209 1834 2373 1887 liberi
2409 1834 2651 1900 arbitrii,
2705 1834 2889 1904 qualis
2922 1835 2980 1887 in
3011 1834 3108 1887 illo
3140 1834 3325 1903 primo
3367 1834 3600 1886 homine

1909 1923 2137 1977 condita
2186 1928 2287 1987 est,
2323 1922 2529 1975 merito
2563 1923 2718 1975 illius
2767 1922 3251 1993 praevaricationis
3282 1921 3599 1988 amisimus,

1908 2012 2222 2066 cavendum
2255 2016 2339 2064 est
2369 2011 2630 2077 omnino,
2662 2027 2733 2063 ne
2774 2011 2882 2063 hoc
2913 2012 3067 2080 quod
3099 2011 3167 2064 de
3209 2010 3415 2063 amissa
3446 2011 3603 2079 ejus-

1909 2099 2040 2152 dem
2073 2098 2294 2151 arbitrii
2325 2097 2584 2150 libertate
2616 2098 2987 2173 subjungitur
3020 2113 3031 2149 :
3066 2116 3091 2147 ‹‹
3118 2097 3298 2160 Quam
3324 2112 3428 2166 per
3453 2096 3603 2150 Chri-

1909 2193 2060 2239 stum
2094 2185 2397 2239 Dominum
2422 2193 2679 2238 nostrum
2704 2186 3045 2255 recepimus,
3083 2186 3130 2254 ι]
3166 2187 3241 2238 ita
3273 2186 3343 2238 sit
3364 2185 3597 2248 dictum,

1908 2274 2071 2344 quasi
2115 2290 2179 2327 ex
2229 2290 2341 2343 quo
2386 2274 2446 2325 in
2494 2273 2718 2328 Christo
2771 2274 3094 2342 regenerati
3142 2289 3376 2336 sumus,
3430 2274 3603 2326 talem

1910 2367 2145 2428 statum,
2193 2367 2251 2414 et
2294 2361 2566 2415 virtutem
2609 2361 2773 2415 liberi
2806 2360 3025 2413 arbitrii
3070 2360 3503 2430 receperimus:
3538 2362 3602 2411 ut

1910 2450 2115 2503 exinde
2160 2449 2219 2502 in
2262 2450 2529 2519 presenti
2574 2449 2687 2502 vita
2730 2450 2871 2502 tales
2910 2464 3031 2501 esse
3062 2448 3366 2518 possimus,
3417 2446 3602 2515 qualis

1912 2537 2006 2590 ille
2037 2538 2209 2590 homo
2248 2542 2370 2589 erat
2405 2542 2531 2590 ante
2580 2543 2905 2606 peccatum;
2940 2541 3002 2589 ut
3034 2536 3177 2588 sicut
3223 2534 3345 2604 ipse
3379 2533 3602 2587 vivebat

1909 2626 1968 2678 in
2000 2625 2264 2695 paradiso
2310 2625 2525 2695 absque
2562 2626 2675 2677 ullo
2708 2630 2956 2695 peccato,
3004 2623 3081 2676 ita
3125 2629 3179 2677 et
3210 2623 3405 2676 ﬁdeles
3440 2637 3603 2690 rege-

1912 2713 2091 2766 nerati
2123 2713 2180 2765 in
2222 2713 2446 2767 Christo
2492 2713 2703 2783 absque
2748 2718 2976 2781 peccato
3025 2712 3213 2764 vivant
3242 2710 3300 2763 in
3332 2709 3549 2763 mundo
3583 2725 3598 2763 :

1910 2801 2062 2871 quod
2116 2800 2415 2854 manifeste
2459 2817 2575 2854 non
2633 2801 2884 2871 pertinet
2926 2800 2995 2852 ad
3040 2805 3249 2852 statum
3304 2796 3601 2867 prmsentis

1910 2892 2061 2955 vitae,
2093 2891 2191 2943 sed
2248 2890 2317 2942 ad
2354 2890 2681 2942 felicitatem
2738 2888 2861 2940 vitm
2910 2892 3155 2940 aeternas.
3212 2887 3351 2938 Nam
3386 2884 3443 2936 in
3493 2882 3600 2935 hac

103 2979 267 3043 mini,
303 2986 517 3033 sectam
548 2985 802 3033 nostram
834 2985 1043 3045 tenete,
1094 2980 1141 3033 si
1183 2981 1350 3034 vultis
1378 2981 1543 3036 beate
1574 2984 1795 3048 vivere;
1840 3008 1880 3063 ε
1910 2979 2024 3032 vita
2053 2999 2079 3025 ί(
2112 2977 2159 3031 si
2190 2978 2520 3043 dixerimus,
2550 2978 2686 3047 quia
2716 2982 3007 3046 peccatum
3040 2990 3153 3027 non
3178 2974 3478 3035 habemus,
3503 2986 3604 3023 nos

104 3066 200 3120 sed
230 3082 341 3119 non
371 3067 657 3121 intrarant
679 3083 783 3137 per
803 3068 1011 3121 ostium
1046 3083 1059 3121 :
1094 3069 1335 3138 perdere
1358 3070 1643 3138 volebant,
1669 3075 1801 3147 etc.]

174 3156 243 3206 In
276 3156 483 3209 talibus
514 3156 691 3226 igitur
720 3156 887 3209 bonis
917 3162 971 3209 et
1002 3158 1177 3227 viget,
1210 3161 1264 3211 et
1286 3159 1509 3212 excellit
1538 3160 1807 3217 humanas

106 3242 417 3295 voluntatis
444 3243 769 3307 arbitrium,
802 3243 861 3296 in
895 3249 1195 3313 quantum,
1230 3249 1295 3298 ut
1323 3245 1537 3299 dictum
1570 3252 1671 3314 est,
1710 3266 1809 3302 na-

105 3330 277 3383 turali
312 3333 464 3385 bono
501 3332 821 3402 adjuvatur.
866 3332 973 3386 Sed
1003 3337 1066 3385 ut
1098 3333 1283 3403 ipsum
1315 3336 1625 3389 voluntatis
1656 3338 1809 3391 arbi-

106 3420 284 3472 trium
320 3419 513 3472 divina
557 3419 855 3473 affectione
899 3420 1089 3474 divina
1118 3422 1269 3474 bona
1300 3428 1471 3489 amet,
1505 3424 1804 3493 intelligat,

109 3508 387 3577 recipiat,
447 3513 744 3573 exerceat,
813 3513 867 3561 et
904 3515 1338 3578 perseveranter
1393 3516 1622 3582 teneat,
1689 3530 1806 3567 non

108 3602 347 3665 propter
394 3596 587 3666 aliqua
635 3597 975 3665 temporalia
1038 3598 1358 3664 commoda,
1412 3600 1509 3653 sed
1571 3606 1810 3671 propter

110 3684 350 3753 praemia
392 3689 635 3749 aeterna;
674 3701 776 3738 nec
830 3690 1062 3755 propter
1108 3687 1286 3739 solam
1334 3687 1463 3741 vitae
1514 3691 1807 3759 praesentis

110 3774 491 3837 honestatem,
521 3773 617 3826 sed
654 3778 892 3842 propter
934 3775 1109 3827 solam
1142 3775 1269 3828 vitae
1304 3780 1532 3829 aeternae
1563 3778 1808 3831 beatitu-

111 3862 353 3915 dinem:
388 3866 449 3915 ut
497 3861 618 3915 hec
666 3861 950 3932 (inquam)
999 3862 1305 3916 arbitrium
1352 3865 1660 3919 voluntatis
1702 3866 1808 3920 hu-

111 3966 299 4003 mana:
332 3950 510 4019 possit
538 3950 703 4016 velle,
740 3950 918 4018 possit
956 3966 1287 4020 agnoscere,
1322 3953 1501 4020 possit
1530 3954 1807 4024 accipere,

111 4039 293 4107 possit
334 4038 564 4099 habere,
608 4038 937 4091 nullatenus
983 4039 1133 4091 valet
1163 4039 1271 4091 nisi
1317 4039 1527 4094 divinae.
1560 4042 1809 4112 inspira-

111 4126 286 4179 tionis
323 4126 509 4193 gratia
556 4124 844 4190 incitetur,
887 4125 1248 4178 illuminetur
1292 4132 1346 4179 et
1390 4128 1711 4197 adjuvetur,
1748 4146 1810 4183 ac

114 4216 270 4267 velut
316 4231 379 4267 ex
448 4213 689 4266 mortuis
750 4213 819 4266 ad
868 4214 1045 4266 vitam
1104 4216 1471 4268 resnscitetur
1512 4232 1524 4270 :
1560 4222 1692 4287 quia
1755 4223 1812 4272 et

1913 3068 2067 3137 ipsos
2112 3066 2453 3129 seducimus,
2511 3070 2566 3119 et
2592 3066 2799 3119 veritas
2837 3064 2898 3117 in
2932 3064 3095 3117 nobis
3134 3078 3252 3115 non
3286 3066 3370 3114 est
3423 3060 3601 3130 (Joan.

1914 3174 1950 3216 ι,
1990 3157 2063 3224 8).
2106 3178 2126 3203 ι
2167 3157 2232 3208 Et
2269 3157 2416 3208 sicut
2453 3155 2566 3208 alia
2597 3154 2893 3224 Scriptura
2941 3153 3022 3206 ait
3053 3170 3065 3206 :
3109 3175 3127 3199 ι
3168 3153 3293 3205 Non
3323 3155 3408 3203 est.
3434 3151 3605 3202 homo

1908 3246 2096 3314 justus
2145 3260 2316 3315 super
2348 3248 2558 3296 terram
2603 3242 2702 3313 qui
2740 3243 2909 3296 faciat
2959 3243 3197 3305 bonum,
3233 3242 3287 3291 et
3334 3253 3450 3290 non
3480 3251 3611 3306 pec-

1914 3338 2004 3387 cet
2048 3333 2235 3403 (Eccli.
2269 3348 2366 3398 vn,
2400 3335 2473 3401 ‘2).
2512 3352 2533 3379 ι
2586 3330 2741 3384 Unde
2773 3336 2830 3383 et
2869 3329 3167 3383 Psalmista
3196 3327 3265 3380 ad
3301 3325 3611 3379 Dominum

1914 3422 2053 3475 dicit
2087 3438 2098 3474 :
2130 3442 2155 3469 «ι
2213 3422 2337 3474 Νοη
2383 3420 2791 3489 jnstiﬁcabitnr
2837 3418 2897 3470 in
2928 3422 3231 3486 conspectu
3278 3421 3378 3468 tuo
3424 3412 3611 3466 omnis

1912 3510 2109 3563 vivens
2164 3510 2330 3579 (Psal.
2368 3524 2527 3573 CXLII,
2585 3509 2662 3575 2).
2714 3528 2740 3554 ››
2789 3507 2855 3559 Et
2888 3505 3149 3575 quotidie
3198 3504 3255 3555 in
3316 3500 3613 3555 Dominica

1914 3598 2171 3651 oratione
2218 3597 2404 3649 dicere
2468 3595 2780 3664 jubemur:
2836 3613 2861 3644 (ι
2911 3593 3140 3646 Dimitte
3208 3591 3370 3643 nobis
3422 3588 3614 3642 debita

1917 3690 2125 3749 nostra,
2170 3684 2314 3738 sicut
2357 3688 2411 3737 et
2441 3700 2545 3737 nos
2599 3683 2941 3736 dimittimus
2985 3678 3338 3734 debitoribus
3398 3676 3612 3730 nostris

1916 3774 2133 3843 (Matth.
2171 3788 2245 3838 v1,
2282 3775 2393 3839 l2).
2432 3790 2458 3822 ››

1987 3861 2319 3915 Cavendum
2352 3864 2435 3913 est
2467 3859 2659 3927 igitur,
2697 3862 2759 3909 ut
2794 3855 2915 3925 jam
2957 3854 3224 3917 diximus,
3259 3868 3329 3907 ne
3378 3852 3480 3906 sub
3512 3852 3614 3905 tali

1917 3949 2322 4020 prmdicatioue
2390 3948 2586 4017 gratia“:
2649 3944 2879 4008 Christi,
2938 3960 3052 4012 qua
3111 3957 3259 4006 eam,
3315 3956 3488 4011 quam
3553 3940 3614 3993 in

1916 4039 2093 4091 Adam
2129 4037 2504 4107 perdidimus,
2532 4035 2650 4104 jam
2681 4032 2961 4101 recepisse
2994 4031 3240 4083 dicimur
3283 4029 3607 4082 libertatem

1919 4126 2138 4179 arbitrii
2188 4126 2451 4195 impietas
2484 4124 2753 4192 subrepat
2782 4119 2991 4174 erroris
3027 4117 3339 4185 Pelagiani,
3375 4122 3438 4170 ut
3468 4116 3614 4169 sicut

1918 4216 2013 4268 ille
2060 4216 2320 4278 asseruit,
2355 4214 2474 4266 sola
2504 4214 2713 4265 virtute
2761 4210 2928 4264 liberi
2969 4208 3191 4261 arbitrii
3223 4207 3489 4260 credatur
3519 4205 3615 4258 ho-

112 4318 311 4355 revera
354 4302 451 4355 illa
483 4302 737 4354 humana
764 4301 878 4354 vita
906 4302 1159 4355 humana
1198 4302 1494 4355 affectione
1526 4311 1668 4369 acta,
1697 4305 1806 4358 ho-
1849 4306 1893 4359 D
1925 4319 2017 4355 mo
2064 4319 2185 4356 esse
2228 4319 2387 4372 posse
2430 4301 2643 4371 absque
2692 4305 2945 4369 peccato,
2996 4298 3241 4350 maxime
3292 4310 3420 4348 cum
3453 4299 3509 4346 et
3557 4292 3616 4344 in

114 4390 370 4443 minibus
422 4389 603 4443 videri
650 4393 835 4459 potest
882 4390 1047 4458 quasi
1091 4390 1225 4451 vita,
1280 4391 1376 4443 sed
1427 4392 1537 4444 Deo
1589 4398 1815 4446 mortua

116 4486 225 4531 est.
260 4480 367 4532 Hac
397 4477 620 4531 ratione
653 4482 711 4530 et
738 4481 955 4530 bonum
1004 4477 1170 4530 liberi
1198 4478 1420 4531 arbitrii
1468 4480 1529 4531 in
1560 4481 1812 4533 homini-

116 4568 227 4620 bus
268 4566 613 4635 agnoscitur,
655 4570 710 4617 et
760 4565 860 4617 Dei
891 4566 1076 4634 gratia
1122 4567 1463 4619 omnimodis
1494 4569 1815 4622 necessaria

116 4655 457 4721 declaratur,
491 4670 592 4723 per
623 4670 795 4723 quam
824 4654 1076 4707 humana
1103 4659 1305 4707 natura
1332 4657 1541 4708 merito
1565 4657 1814 4727 antiquae

117 4744 599 4813 praevaricationis
649 4742 958 4807 inﬁrmata,
990 4758 1093 4812 per
1134 4742 1305 4796 ﬁdem
1340 4744 1547 4796 Christi
1577 4760 1811 4814 regene-

118 4838 245 4885 rata
287 4838 456 4902 atque
500 4832 793 4896 innovate,
832 4836 886 4884 et
943 4831 1010 4884 ad
1063 4832 1341 4884 honorem
1387 4832 1475 4885 sui
1505 4834 1814 4887 reformata

120 4920 407 4991 principii,
474 4920 712 4990 recipiat
782 4919 1221 4988 possibilitatem
1286 4926 1343 4972 et
1404 4922 1810 4988 innocentiam,

121 5024 292 5079 quam
324 5010 380 5062 in
411 5008 591 5062 Adam
626 5007 890 5077 perdidit,
926 5012 982 5060 et
1010 5024 1111 5076 per
1143 5007 1428 5061 Christum
1458 5009 1635 5062 libero
1669 5010 1812 5063 bene

123 5096 208 5148 uti
246 5096 481 5167 incipiat
510 5095 747 5148 arbitrio
783 5111 795 5148 :
834 5099 897 5147 ut
921 5095 1042 5164 ejus
1090 5096 1273 5164 gratia
1301 5096 1476 5165 possit
1506 5097 1565 5150 in
1596 5115 1661 5151 eo
1692 5115 1812 5152 esse

123 5188 313 5237 sancta
354 5183 651 5253 cogitatio,
703 5182 860 5251 pium
911 5183 1233 5249 consilium,
1272 5184 1575 5254 omnisque
1625 5192 1812 5239 motus

124 5274 287 5326 bona:
334 5272 663 5338 voluntatis,
698 5272 891 5342 sicque
922 5272 1203 5325 efﬁciatur
1232 5272 1499 5325 humanm
1544 5273 1811 5327 volunta-

120 5362 195 5415 tis
250 5362 548 5415 arbitrium
598 5377 715 5414 non
769 5361 1021 5414 ablatum
1081 5362 1176 5415 sed
1221 5361 1565 5427 liberatum;
1636 5369 1693 5415 et
1742 5362 1811 5414 de

121 5449 418 5502 tenebroso
469 5449 746 5510 lucidum,
797 5449 867 5501 de
921 5465 1094 5517 pravo
1144 5456 1385 5516 rectum,
1421 5451 1489 5504 de
1543 5451 1811 5517 languido

122 5552 343 5601 sanum,
380 5537 449 5591 de
480 5536 845 5606 imprudente
874 5536 1198 5605 providum.
1249 5538 1407 5601 Quod
1439 5541 1596 5591 tanto
1630 5536 1812 5609 magis

1924 4392 2109 4460 primo
2159 4392 2407 4461 capitulo
2457 4391 2693 4443 istarum
2741 4388 3162 4445 deﬁnitionum.
3220 4385 3296 4437 ita
3338 4385 3395 4437 in
3429 4383 3616 4452 primo

1922 4481 2019 4532 illo
2056 4480 2288 4533 homine
2322 4480 2565 4533 liberum
2601 4478 2902 4531 arbitrium
2936 4476 3261 4539 definiatur,
3298 4477 3357 4523 ut
3381 4471 3617 4523 omnino

1925 4569 2023 4622 Dei
2058 4568 2243 4637 gratia
2272 4572 2545 4622 taceatur.
2576 4566 2736 4630 Quod
2776 4566 2823 4617 si
2854 4564 3185 4631 simpliciter
3218 4560 3616 4612 tantummodo

1924 4657 2138 4709 dictum
2179 4662 2284 4721 est,
2321 4662 2381 4709 ut
2430 4661 2663 4725 propter
2719 4652 3139 4706 inchoationem
3188 4649 3408 4716 gratias,
3441 4663 3615 4717 quam

1922 4745 1982 4798 in
2017 4745 2447 4811 regeneratione
2474 4742 2845 4813 percipimus,
2874 4740 2992 4809 jam
3024 4738 3338 4790 libertatem
3371 4736 3611 4799 arbitrii,

1923 4850 2093 4904 quam
2126 4834 2184 4886 in
2233 4833 2406 4886 Adam
2440 4831 2751 4900 perdidisse
2786 4828 3054 4893 dicimur,
3100 4824 3377 4893 recepisse
3422 4824 3612 4876 videa-

1924 4939 2071 4983 mur,
2105 4938 2233 4975 cum
2286 4928 2473 4974 tamen
2510 4920 2631 4988 ejus
2680 4917 2977 4987 plenitudo
3026 4920 3194 4984 atque
3236 4912 3508 4982 perfectio
3554 4912 3614 4963 in

1922 5010 2115 5063 futura
2181 5010 2293 5061 vita
2358 5009 2603 5061 fideliter
2677 5004 3055 5075 exspectanda
3117 5003 3398 5065 credatur,
3475 5000 3616 5069 quid

1924 5114 2146 5151 necesse
2173 5098 2280 5150 fuit
2322 5102 2480 5149 tanta
2511 5094 2908 5163 ambiguitate,
2942 5098 2997 5145 et
3028 5090 3361 5145 confusione
3404 5088 3615 5141 verbo-

1919 5202 2047 5239 rum
2082 5185 2455 5237 clarissimam
2506 5185 2807 5237 obscurare
2842 5182 3137 5233 veritatem
3176 5195 3187 5230 :
3218 5192 3347 5229 cum
3381 5180 3615 5246 possent

1921 5290 1988 5327 ex
2048 5272 2417 5341 praefatorum
2482 5274 2709 5325 Patrum
2760 5268 3209 5332 deﬁnitionibus,
3271 5266 3356 5318 vel
3408 5280 3610 5327 unum,

1918 5363 2006 5414 vel
2039 5362 2232 5430 aliqua
2260 5362 2508 5431 capitula
2538 5360 2747 5413 assumi
2782 5364 2835 5411 et
2870 5359 3026 5428 poni,
3060 5357 3269 5426 quibus
3300 5358 3357 5408 et
3388 5351 3609 5407 arbitrii

1920 5451 2170 5509 libertas,
2206 5456 2259 5502 et
2292 5449 2392 5504 Dei
2452 5450 2635 5519 gratia
2675 5449 2897 5519 plenius
2941 5463 3005 5505 ac
3055 5443 3406 5503 manifestius
3446 5458 3611 5503 com-

1919 5538 2350 5593 mendarentur.
