3884 6218
289 309 420 360 lilii

933 442 1158 496 CAPUT
1200 443 1310 496 XII.

283 587 412 638 Item
441 585 506 636 dc
537 583 766 638 secundo
815 584 1068 651 capitulo.
1108 613 1174 622 —
1207 584 1296 638 Ad
1343 583 1507 652 ﬁdem
1541 589 1590 637 et
1635 586 1771 638 alios
1813 583 1971 636 bonos

717 659 868 708 actus
893 657 1077 722 gratia
1103 659 1182 708 est
1205 658 1529 708 necessaria.

349 795 470 847 Jam
507 799 720 864 quanta
759 794 1082 848 absurditas
1114 799 1198 848 est
1224 795 1282 847 in
1313 811 1379 848 eo
1413 796 1562 865 quod
1599 797 1877 866 sequitur,
1912 803 1974 852 ut

281 889 582 953 postquam
616 884 830 937 dictum
864 887 945 936 est
979 899 992 936 :
1028 904 1054 932 ‹‹
1087 883 1426 936 Libertatem
1452 885 1674 936 arbitrii
1701 885 1756 938 in
1781 887 1969 954 primo

279 971 514 1025 homine
555 972 935 1040 perdidimus,
979 987 1152 1042 quam
1195 989 1296 1041 per
1324 973 1606 1026 Christum
1661 974 1968 1029 Dominum

279 1065 536 1113 nostrum
567 1061 905 1130 recepimus,
941 1081 966 1108 n
1003 1061 1192 1112 statim
1231 1061 1690 1130 subjungeretur,
1727 1082 1752 1112 (ι
1784 1068 1838 1116 et
1867 1062 1968 1116 ha~

279 1148 482 1204 bemus
512 1149 757 1202 liberum
788 1149 1090 1202 arbitrium
1137 1149 1204 1201 ad
1239 1149 1474 1214 bonum,
1525 1157 1878 1218 pra-ventum
1915 1157 1972 1206 et

280 1236 542 1306 adjutum
590 1237 802 1306 gratia;
832 1241 886 1290 et
931 1237 1207 1290 habemus
1254 1237 1500 1290 liberum
1547 1238 1848 1292 arbitrium
1900 1241 1970 1294 ad

281 1325 498 1377 malum
531 1326 818 1378 desertum
865 1325 1066 1393 gratia.
1103 1347 1128 1372 n
1163 1325 1330 1388 Quasi
1363 1331 1668 1396 postquam
1709 1344 1811 1396 per
1841 1345 1971 1398 gra-

279 1415 418 1464 tiam
459 1413 665 1466 Christi
700 1413 922 1466 Domini
957 1413 1277 1482 regenerati
1313 1431 1528 1480 sumus,
1567 1419 1698 1468 tunc
1726 1417 1971 1486 coeperi—

281 1515 406 1552 mus
445 1499 676 1566 habere,
708 1501 850 1552 sicut
879 1501 1120 1554 liberum
1168 1501 1468 1554 arbitrium
1503 1503 1568 1556 ad
1613 1504 1852 1570 bonum,
1888 1506 1971 1561 ita

281 1593 336 1640 et
363 1587 603 1640 liberum
632 1589 932 1642 arbitrium
965 1589 1032 1641 ad
1067 1589 1280 1642 malum
1314 1607 1325 1643 :
1363 1591 1522 1659 quasi
1573 1607 1638 1643 ex
1674 1591 1770 1644 illa
1801 1610 1969 1663 rege—

281 1675 576 1728 neratione
606 1692 735 1728 cum
766 1676 951 1746 gratia
973 1676 1359 1746 pra‘venimur
1386 1683 1442 1729 et
1471 1677 1826 1746 adjuvantur,
1861 1680 1968 1734 ha—

281 1763 519 1816 beamus
551 1763 794 1816 liberum
827 1763 1126 1816 arbitrium
1155 1764 1222 1816 ad
1253 1763 1490 1828 bonum,
1526 1771 1580 1818 et
1611 1781 1739 1818 cum
1771 1768 1969 1821 eadem

283 1851 601 1904 deserimur
661 1851 864 1920 gratia,
913 1851 1224 1904 habeamus
1265 1852 1512 1905 liberum
1561 1853 1860 1908 arbitrium
1901 1857 1972 1910 ad

281 1939 516 1992 malum.
552 1939 686 2003 Quae
735 1939 824 1992 hic
857 1941 1002 1992 ratio
1046 1945 1100 1992 et
1138 1941 1542 2009 consequentia
1590 1959 1787 1996 sensus
1815 1945 1966 1998 inve-

283 2027 388 2082 niri
423 2028 644 2096 potest?
677 2027 942 2097 Nunquid
979 2033 1108 2080 ante
1135 2029 1288 2080 illam
1319 2031 1814 2098 regenerationem
1843 2033 1970 2086 nul-

279 2115 400 2168 lum
449 2116 684 2169 omnino
731 2117 972 2170 liberum
1023 2117 1336 2170 habeamus
1385 2117 1704 2186 arbitrium,
1748 2137 1854 2174 nec
1901 2122 1972 2175 ad

281 2203 518 2268 bonum,
547 2219 651 2257 nec
675 2205 743 2258 ad
769 2207 1027 2258 malum?
1057 2205 1322 2275 N'mquid
1347 2205 1498 2258 illius
1525 2209 1974 2276 regenerationis

280 2291 464 2360 gratia
493 2291 599 2343 hoc
632 2291 748 2362 egit
779 2291 836 2344 in
865 2291 1047 2356 nobis,
1081 2297 1140 2344 ut
1171 2292 1376 2346 exinde
1409 2294 1794 2364 acciperemus
1832 2298 1976 2352 sicut

281 2378 349 2430 ad
381 2379 616 2444 bonum,
657 2379 736 2432 ita
781 2379 951 2432 etiam
997 2381 1062 2432 ad
1101 2381 1312 2432 malum
1349 2381 1594 2434 liberum
1627 2383 1974 2439 arbitrium?

279 2467 402 2518 Jam
433 2465 574 2520 illud
613 2467 768 2537 quod
799 2467 856 2520 in
905 2469 1102 2521 eadem
1135 2468 1469 2522 deﬁnitione
1501 2471 1736 2539 ponitur
1770 2489 1782 2524 :
1817 2495 1842 2520 «
1879 2474 1973 2527 Li-

279 2553 482 2607 berum
513 2554 815 2608 arbitrium
858 2555 926 2609 ad
959 2557 1198 2622 bonum,
1231 2563 1582 2625 praeventum
1627 2564 1682 2610 et
1713 2561 1973 2628 adjutum

280 2643 482 2710 gratia,
534 2648 589 2695 et
639 2642 884 2696 liberum
936 2644 1237 2696 arbitrium
1290 2645 1354 2696 ad
1392 2647 1626 2712 malum,
1679 2647 1972 2702 desertum

280 2731 483 2800 gratia,
519 2751 546 2780 ι)
582 2733 872 2801 quomodo
927 2731 1170 2802 intelligi
1201 2733 1427 2801 potest?
1467 2733 1524 2788 Si
1555 2735 1708 2788 enim
1741 2737 1970 2806 quando

279 2819 599 2888 regenerati
631 2835 828 2872 sumus
857 2820 918 2873 in
957 2819 1262 2889 baptismo,
1293 2825 1429 2874 tunc
1459 2821 1782 2876 libertatem
1811 2825 1969 2877 arbi—

278 2905 372 2958 trii
405 2906 461 2958 in
509 2907 686 2960 Adam
719 2907 1022 2977 perditam,
1072 2907 1133 2960 in
1161 2908 1383 2962 Christo
1437 2910 1776 2978 recepimus,
1827 2928 1972 2964 nun-

1393 311 1446 362 S.
1493 307 1765 362 ltEMlGll
1807 305 2292 363 LUCDUNENSIS
2335 303 2653 362 EPISCOPI

3647 309 3782 358 illﬁ

2011 441 2057 492 A
2087 439 2355 509 Apostolo
2387 455 2398 492 :
2436 461 2460 486 ‹‹
2495 440 2616 492 Non
2667 455 2730 492 ex
2765 419 3036 508 operibus
3074 437 3336 508 justitias,
3379 453 3508 507 quae
3539 437 3786 490 fecimus

2081 545 2204 592 nos,
2252 529 2348 582 sed
2398 529 2704 582 secundum
2748 545 2910 581 suam
2959 527 3412 581 misericordiam
3459 527 3646 580 salvos
3675 543 3788 579 nos

2081 617 2212 669 fecit
2271 632 2374 686 per
2425 618 2709 670 lavacrum
2775 615 3223 685 regenerationis
3285 621 3342 668 et
3395 613 3790 668 renovationis

2081 705 2325 774 Spiritus
2377 705 2556 758 sancti
2589 707 2714 774 (Tit.
2773 722 2853 770 Ill,
2906 704 2978 774 3).
3015 725 3041 754 ι)
3085 703 3414 774 lndigemus
3461 704 3650 772 gratia
3681 703 3790 756 Dei

2080 793 2148 847 ad
2193 794 2382 846 omnia
2414 799 2470 846 et
2500 793 2724 862 singula
2757 793 2912 846 bona
2941 808 3040 862 per
3093 793 3349 862 singulos
3378 791 3520 856 dies,
3551 791 3792 844 dicente

2079 881 2380 934 Psalmista
2409 898 2421 934 :
2458 904 2484 930 ‹‹
2525 883 2587 934 ln
2614 897 2958 951 quacunque
2988 881 3078 934 die
3110 882 3446 933 invocavero
3473 885 3549 944 te,
3575 879 3794 932 exaudi

2080 985 2170 1023 me
2223 969 2386 1036 (Psal.
2424 987 2492 1034 ei,
2527 973 2596 1032 3)..
2635 991 2661 1016 ››
2721 971 2782 1022 Et
2823 969 3033 1022 iterum
3067 985 3079 1022 :
3122 987 3148 1018 ί(
3181 969 3244 1021 In
3295 983 3644 1038 quacunque
3689 967 3792 1019 die

2079 1059 2346 1122 tribulor,
2397 1058 2609 1111 inclina
2637 1057 2704 1110 ad
2737 1073 2827 1110 me
2871 1073 3066 1110 aurem
3097 1061 3255 1109 tuam
3287 1057 3497 1126 (Ibid.).
3533 1077 3558 1102 υ
3593 1055 3792 1118 Quam

2078 1149 2318 1216 gratiam
2377 1147 2769 1217 quotidianam
2811 1149 2866 1198 et
2913 1145 3199 1198 assiduam
3255 1145 3535 1198 Dominus
3582 1148 3794 1196 noster

2081 1237 2336 1289 Ecclesia:
2403 1251 2518 1288 suae
2619 1234 2948 1304 promittere
3024 1233 3289 1302 dignatus
3358 1239 3462 1298 est,
3535 1233 3790 1285 dicens:

2081 1345 2109 1374 ‹‹
2143 1327 2280 1378 Ecce
2313 1341 2417 1393 ego
2451 1323 2737 1376 vobiscum
2773 1339 2898 1376 sum
2947 1321 3209 1374 omnibus
3241 1321 3444 1374 diebus
3475 1336 3663 1390 usque
3709 1321 3788 1372 ad

2079 1412 2632 1466 consummationem
2683 1411 2876 1464 surculi
2925 1411 3139 1480 (Matth.
3187 1410 3495 1478 xxvui,20).
3543 1429 3567 1460 υ
3619 1409 3788 1462 Indi-

2079 1518 2277 1571 gemus
2311 1517 2376 1554 ea
2419 1500 2486 1553 ad
2539 1499 2894 1553 excitandam
2927 1499 2985 1552 in
3031 1497 3191 1552 nobis
3239 1499 3450 1550 bonam
3503 1498 3788 1550 volunta-

2077 1593 2214 1652 tem,
2274 1588 2417 1641 sicut
2466 1588 2770 1657 Apostolus
2819 1587 2958 1640 dicit
3000 1602 3012 1639 :
3048 1607 3074 1634 (ί
3116 1585 3336 1638 Gratias
3383 1591 3576 1638 autem
3635 1585 3786 1651 Deo,

2078 1677 2175 1748 qui
2219 1677 2376 1730 dedit
2423 1676 2680 1730 eamdem
2731 1675 3172 1728 sollicitudinem
3217 1675 3274 1726 in
3325 1675 3492 1726 corde
3537 1673 3652 1726 Titi
3706 1673 3794 1740 (Il

2081 1767 2220 1836 (Cor.
2257 1783 2372 1830 vnn,
2426 1763 2528 1834 16).
2566 1787 2592 1812 ››
2629 1765 2692 1818 Et
2723 1765 2779 1818 Β.
2817 1763 2988 1816 David
3037 1769 3160 1816 erat
3189 1778 3292 1832 pro
3327 1762 3564 1832 populo,
3598 1777 3792 1832 quem

2079 1855 2276 1908 devote
2325 1857 2379 1906 et
2411 1853 2674 1906 alacriter
2705 1853 2816 1906 Deo
2862 1851 3012 1904 dona
3055 1851 3390 1904 offerentem
3434 1850 3685 1910 videbat,
3719 1853 3794 1902 ut

2081 1943 2364 1996 eamdem"
2391 1942 2602 1995 bonam
2659 1941 3030 2006 voluntatem,
3075 1955 3248 2010 quam
3303 1939 3538 1992 dederat
3591 1938 3654 1990 in
3701 1937 3792 1991 eis

2082 2033 2254 2096 Deus,
2307 2034 2686 2090 conservaret,
2737 2029 2974 2081 dicens:
3013 2050 3038 2075 ‹‹
3077 2027 3352 2081 Dominus
3405 2027 3552 2080 Deus
3595 2026 3790 2078 Abra-

2082 2121 2238 2186 ham,
2272 2125 2328 2172 et
2361 2121 2529 2182 lsaac,
2564 2123 2619 2170 et
2651 2117 2818 2170 Israel
2847 2116 3026 2169 Patris
3057 2116 3256 2182 nostri,
3287 2115 3507 2168 custodi
3539 2115 3598 2168 in
3643 2131 3796 2166 sern-

2085 2209 2372 2278 piternum
2404 2207 2550 2260 hanc
2580 2207 2928 2259 voluntatem
2963 2205 3148 2259 cordis
3186 2221 3408 2270 eorum,
3442 2209 3498 2256 et
3547 2219 3792 2272 semper

2081 2298 2140 2351 in
2190 2297 2616 2350 venerationem
2665 2295 2748 2346 tui
2799 2311 2961 2347 mens
3013 2293 3122 2346 ista
3175 2297 3512 2361 permaneat
3561 2293 3612 2356 (I
3649 2293 3786 2344 Par.

2083 2403 2227 2450 xxxx,
2267 2385 2368 2454 18).
2407 2405 2432 2432 ››
2483 2383 2808 2450 lndigemus
2851 2381 3036 2450 gratia
3085 2381 3182 2434 Dei
3213 2381 3284 2434 ad
3333 2381 3486 2434 bona
3519 2385 3574 2432 et
3619 2382 3790 2434 salu-

2081 2475 2207 2526 bria
2234 2473 2544 2542 loquenda,
2589 2471 2733 2524 sicut
2776 2471 2896 2540 ipse
2931 2471 3208 2524 Dominus
3251 2469 3312 2522 in
3347 2469 3660 2538 Evangelia
3703 2469 3792 2522 di-

2083 2561 2196 2614 cit:
2234 2581 2258 2610 «
2295 2561 2418 2613 Non
2459 2559 2614 2612 enim
2649 2575 2745 2612 vos
2777 2559 2909 2610 estis
2957 2559 3056 2628 qui
3089 2557 3416 2628 loquimini,
3467 2557 3566 2610 sed
3597 2557 3788 2626 Spiri-

2083 2655 2172 2702 tus
2223 2649 2400 2702 Patris
2455 2647 2623 2700 vestri
2657 2647 2756 2717 qui
2809 2647 3066 2716 loquitur
3117 2646 3178 2699 in
3225 2645 3382 2699 vobis
3440 2645 3672 2714 (Matth.
3729 2661 3787 2709 Χ,

2083 2737 2189 2806 20).
2225 2757 2253 2786 n
2293 2736 2400 2800 Qui
2447 2736 2616 2788 etiam
2667 2734 2802 2787 alibi
2855 2734 3140 2803 promittit
3172 2751 3184 2786 :
3214 2753 3240 2784 ct
3270 2733 3444 2802 Aperi
3485 2749 3548 2784 os
3589 2739 3788 2798 tuum,

2083 2831 2140 2879 et
2169 2841 2276 2894 ego
2325 2823 2652 2894 adimplebo
2710 2823 2850 2876 illud
2897 2824 3069 2890 (Psat.
3115 2838 3274 2886 Lxxx,
3331 2825 3438 2888 tt).
3479 2843 3497 2867 -
3553 2821 3790 2888 lndige-

2085 2929 2210 2966 mus
2257 2913 2354 2966 Dei
2411 2911 2594 2980 gratia
2634 2911 2704 2963 ad
2753 2927 2951 2963 omnes
3001 2909 3117 2964 vias
3173 2927 3416 2978 operum
3465 2909 3786 2962 bonorum.

279 2991 418 3062 quid
449 2997 585 3046 tunc
617 2999 840 3047 tantum
887 2996 1186 3063 praevenit,
1221 3001 1274 3048 et
1312 2996 1530 3066 adjuvit
1574 3015 1676 3050 nos
1713 3001 1806 3052 Dei
1839 3016 1962 3070 gra-
2012 3007 2052 3060 C
2085 3001 2292 3055 Paulus
2323 3001 2626 3070 Apostolus
2666 3004 2861 3068 optare
2911 3015 2968 3051 se
2999 2998 3150 3060 dicit,
3201 2997 3298 3050 ubi
3331 2999 3407 3050 ait
3442 3015 3454 3050 :
3485 3017 3510 3046 ιι
3553 2998 3702 3050 Nam
3733 3003 3792 3050 et

279 3078 356 3131 tia
393 3094 405 3133 :
439 3085 538 3132 aut
587 3081 784 3134 eadem
831 3083 931 3135 Dei
961 3083 1159 3152 gratia,
1198 3083 1344 3137 sicut
1388 3085 1564 3138 semel
1603 3101 1706 3138 nos
1758 3087 1975 3155 adjuvit

279 3171 343 3219 ut
371 3167 731 3222 efﬁceremur
761 3170 925 3222 liberi
953 3171 1019 3223 ad
1043 3171 1283 3234 bonum,
1315 3171 1390 3224 ita
1415 3173 1586 3225 semel
1609 3189 1712 3226 nos
1743 3175 1972 3238 deserit,

283 3259 344 3307 ut
373 3255 689 3309 efﬁciamur
755 3259 918 3310 liberi
963 3260 1034 3311 ad
1084 3259 1338 3311 malum?
1403 3261 1538 3323 Quae
1586 3266 1669 3314 est
1715 3259 1814 3326 ita,
1859 3269 1972 3315 tam

281 3341 521 3395 obscura
551 3349 604 3397 et
631 3345 918 3415 ambigua,
943 3363 1006 3398 ac
1032 3363 1176 3416 pene
1205 3347 1358 3400 nulla
1381 3349 1578 3416 gratiae.
1601 3349 1974 3417 praedicatio?

281 3429 480 3483 Nonne
531 3434 736 3486 melius
785 3441 926 3502 erat,
979 3443 1040 3488 ut
1073 3435 1439 3505 praefatorum
1487 3438 1720 3490 Patrum
1751 3445 1975 3491 senten-

280 3518 370 3572 tize
403 3535 532 3590 quae
562 3521 630 3574 de
663 3521 768 3576 hac
789 3539 846 3575 re
877 3523 1208 3593 plenissime
1239 3531 1294 3576 et
1325 3525 1637 3578 clarissime
1667 3525 1969 3593 deliniant,

277 3615 723 3676 assumerentur,
771 3613 856 3664 vel
906 3628 1106 3665 eorum
1155 3613 1336 3666 verbis
1369 3614 1476 3666 ista
1526 3613 1787 3667 delinitio
1839 3631 1972 3668 con-

279 3699 592 3765 texeretur;
631 3705 686 3752 et
730 3705 925 3770 aperte
971 3701 1050 3754 ibi
1089 3707 1234 3754 esset
1265 3703 1537 3770 positum,
1591 3703 1839 3772 qualiter
1870 3719 1973 3756 nos

279 3788 590 3854 praeveniat
631 3793 688 3841 et
737 3789 965 3859 adjuvet
1017 3789 1138 3843 haec
1171 3790 1269 3843 Dei
1299 3791 1504 3860 gratia,
1561 3790 1618 3845 id
1651 3808 1678 3843 c
1721 3796 1740 3844 t
1781 3797 1974 3845 utrum

279 3873 455 3926 semel
499 3875 662 3928 nobis
691 3875 750 3929 in
783 3877 1127 3948 baptismate
1177 3883 1333 3930 tanta
1381 3878 1688 3942 tribuatur,
1741 3895 1869 3948 quae
1903 3880 1972 3933 ad

279 3966 460 4015 totum
501 3967 730 4034 tempus
759 3965 886 4019 vitae,
919 3973 1130 4020 nostra:
1165 3967 1426 4033 sufﬁciat,
1473 3983 1546 4020 an
1578 3967 1830 4037 quotidie
1865 3967 1970 4021 im-

281 4050 558 4118 ploranda
604 4057 660 4106 et
701 4054 1028 4123 accipienda
1069 4055 1168 4119 sit;
1231 4061 1286 4108 et
1315 4061 1509 4108 utrum
1557 4071 1622 4108 ea
1654 4057 1722 4108 ad
1776 4056 1975 4126 aliqua

277 4137 450 4204 bona,
491 4156 566 4192 an
612 4141 680 4193 ad
713 4141 906 4194 omnia
935 4142 1335 4212 indigeamus?
1377 4143 1539 4198 Certe
1573 4143 1716 4196 nihil
1765 4144 1973 4198 horum

280 4223 338 4276 in
371 4225 477 4278 hac
529 4225 865 4282 deﬁnitione
924 4234 1194 4297 apparet;
1249 4233 1303 4282 et
1352 4229 1478 4282 ideo
1529 4230 1735 4283 melius
1787 4231 1976 4286 fuerat

280 4319 488 4381 tacere,
538 4330 712 4384 quam
769 4317 836 4368 de
881 4333 940 4368 re
983 4321 1138 4369 tanta
1187 4325 1302 4371 tam
1335 4318 1524 4388 inepte
1583 4325 1638 4372 et
1689 4319 1972 4374 inutiliter
2011 4339 2054 4393 ι)

281 4403 464 4472 loqui.

351 4489 686 4560 lndigemus
752 4509 1003 4563 namque
1055 4493 1234 4562 gratia
1303 4493 1424 4560 Dei,
1494 4511 1606 4548 non
1653 4495 1834 4548 solum
1902 4497 1974 4550 ad

281 4595 425 4648 opus
470 4580 708 4650 bonum,
771 4583 918 4636 sicut
973 4583 1030 4636 in
1081 4583 1186 4636 hoc
1247 4583 1497 4651 capitulo
1546 4583 1833 4652 deﬁnitur,
1877 4585 1974 4638 sed

282 4668 454 4722 etiam
524 4670 594 4723 ad
673 4670 862 4741 ipsum

280 4773 582 4825 possumus
647 4761 914 4813 accedere
979 4761 1049 4814 ad
1124 4761 1574 4831 regenerationis
1652 4777 1974 4814 sacramen-

283 4850 434 4912 tum;
503 4847 647 4901 sicut
685 4851 988 4918 Apostolus
1044 4849 1180 4902 dicit
1234 4851 1301 4904 de
1363 4849 1549 4920 seipse
1603 4866 1616 4904 :
1673 4871 1700 4898 «
1759 4851 1978 4903 Miseri-

281 4933 530 4988 cordiam
574 4943 908 4990 consecutus
942 4953 1089 5004 sum,
1119 4943 1182 4991 ut
1211 4938 1396 4992 ﬁdelis
1428 4954 1610 4992 essem
1644 4941 1690 5006 (Ι
1727 4940 1844 4994 Cor.
1879 4955 1973 5007 vn,

285 5025 396 5092 235).
433 5043 460 5071 »
495 5026 560 5077 Et
598 5025 862 5079 ﬁdelibus
901 5027 1158 5096 loquitur
1191 5044 1202 5080 :
1246 5051 1265 5075 ι
1302 5027 1446 5091 Quia
1493 5028 1648 5080 vobis
1697 5028 1974 5081 donatum

283 5116 368 5164 est
401 5129 503 5182 pro
535 5113 782 5180 Christo,
816 5130 930 5168 non
961 5115 1146 5168 solum
1180 5119 1240 5168 ut
1269 5116 1328 5168 in
1358 5131 1489 5168 eum
1531 5117 1772 5169 credatis
1807 5119 1972 5186 (Phil.

287 5215 322 5262 ι,
365 5203 478 5268 529),
530 5207 634 5253 etc.
701 5203 763 5254 Et
814 5201 952 5256 alibi
1014 5203 1092 5256 ait
1125 5219 1137 5256 :
1169 5223 1196 5252 (ι
1263 5203 1614 5272 Aspicientes
1665 5204 1722 5256 in
1779 5210 1977 5257 aucto-

287 5303 404 5341 rem
459 5290 610 5352 ﬁdei,
667 5295 722 5343 et
789 5297 1314 5344 conseurimatorem
1377 5293 1589 5360 Jcsum,
1652 5293 1980 5362 indigemus

287 5375 470 5442 gratia
502 5378 598 5430 Dei
631 5379 688 5430 in
733 5379 856 5447 ipso
889 5379 1334 5448 regenerationis
1383 5379 1604 5434 lavacro
1647 5381 1845 5450 (Hebr.
1880 5399 1977 5448 xu,

288 5465 340 5526 2)
377 5478 387 5513 :
423 5483 448 5509 ››
479 5465 614 5531 quia
663 5467 784 5518 sine
837 5467 928 5516 iila
991 5483 1094 5518 nec
1151 5467 1562 5536 indulgentiam
1617 5475 1978 5538 peccatorum

289 5550 580 5620 consequi,
615 5567 716 5604 nec
749 5553 854 5604 lilii
891 5554 988 5607 Dei
1035 5555 1156 5606 ﬁeri
1195 5555 1472 5620 valemus;
1519 5557 1741 5610 dicente
1777 5558 1980 5611 eodem

949 4672 1180 4726 initium
1247 4672 1421 4736 ﬁdei,
1491 4672 1611 4726 sine
1680 4689 1794 4742 qua
1858 4690 1986 4726 non-

2085 3090 2184 3160 qui
2231 3105 2426 3142 sumus
2458 3089 2518 3140 in
2567 3087 2932 3140 tabernaculo
2979 3085 3411 3156 ingemiscimus
3457 3085 3682 3155 gravati
3729 3085 3790 3138 in

2085 3195 2150 3232 eo
2196 3177 2348 3247 quod
2398 3177 2665 3229 nolumus
2715 3175 3047 3245 exspoliari,
3101 3177 3197 3228 sed
3255 3175 3668 3243 supervestiri,
3731 3179 3790 3228 ut

2084 3266 2458 3319 absorbeatur
2491 3264 2639 3334 quod
2676 3269 2758 3316 est
2803 3265 3044 3316 mortale
3075 3279 3108 3316 a
3133 3263 3246 3316 vita
3283 3265 3354 3333 (Il
3401 3265 3520 3319 Cor.
3561 3279 3614 3328 v,
3643 3265 3722 3328 4).
3761 3285 3780 3308 ι

2155 3355 2272 3424 (Hic
2319 3355 2560 3421 plurima
2609 3353 2821 3418 deszmt,
2871 3354 3070 3406 scilicet
3107 3367 3308 3418 magna
3353 3367 3488 3420 pars
3537 3353 3790 3406 Censura:

2085 3445 2247 3512 hujus
2291 3441 2517 3497 secundi
2557 3443 2807 3510 capituli,
2845 3445 2895 3494 ct
2925 3443 3169 3494 maxime
3197 3455 3330 3508 pars
3361 3455 3606 3494 censura:
3636 3441 3790 3492 tertii

2083 3547 2202 3600 cap.
2237 3531 2381 3599 quod
2411 3529 2702 3598 sequitur.)

2623 3667 2692 3704 DE
2729 3666 2914 3704 TERTIO
2953 3665 3014 3702 CA
3023 3665 3212 3704 PITULO
3221 3691 3232 3702 .

2157 3781 2184 3810 ‹‹
2235 3761 2382 3814 Deus
2445 3756 2814 3826 omnipotens
2868 3771 3064 3808 omnes
3113 3753 3380 3807 homines
3441 3753 3568 3806 sine
3627 3769 3788 3804 exce-

2081 3850 2280 3919 ptione
2309 3849 2432 3900 vult
2479 3848 2662 3900 salvos
2693 3845 2838 3910 ﬁeri,
2881 3847 3012 3898 licet
3051 3861 3162 3898 non
3215 3859 3416 3896 omnes
3467 3843 3784 3896 salvent—ur.

2081 3938 2238 4002 Quod
2271 3941 2461 3990 autem
2497 3935 2732 4004 quidam
2769 3935 3080 4000 salvantur,
3113 3931 3384 3986 salvantis
3413 3935 3498 3983 est
3529 3930 3784 3992 donum;

2081 4026 2234 4097 quod
2263 4029 2452 4079 autem
2501 4023 2735 4094 quidam
2781 4027 3044 4092 pereunt,
3079 4021 3448 4092 pereuntium
3494 4026 3582 4073 est
3615 4019 3786 4072 meri-

2083 4119 2226 4168 tum.
2261 4132 2288 4164 ι)

2623 4215 2874 4253 (ΖΕΝΒΗΗΕ
2912 4213 3229 4252 CONCLUSIO.

2349 4324 2490 4379 Cum
2527 4339 2663 4394 ergo
2711 4322 2800 4376 ha:
2828 4321 2954 4375 dua:
2996 4320 3301 4392 Opiniones
3333 4321 3390 4373 in
3433 4319 3676 4390 praefato
3715 4319 3786 4372 li-

2085 4413 2233 4466 bello
2287 4413 2376 4482 (de
2427 4411 2599 4466 tribus
2649 4411 2938 4480 Epistolis)
2989 4411 3057 4464 de
3107 4409 3212 4463 hac
3263 4425 3324 4462 re
3371 4409 3684 4479 proposita:
3734 4413 3790 4460 et

2087 4501 2354 4572 exposita:
2407 4499 2665 4564 fuissent,
2732 4499 3100 4568 subjunctum
3161 4503 3245 4550 est
3299 4497 3568 4565 protinus
3625 4496 3786 4548 valde

2088 4589 2322 4654 utiliter,
2355 4593 2410 4641 et
2436 4587 2648 4641 dictum
2684 4602 2697 4639 :
2735 4608 2761 4635 ‹‹
2793 4585 3057 4649 Quolibet
3078 4584 3206 4654 quis
3236 4585 3560 4654 acquiescat
3591 4583 3784 4652 modo,

2087 4695 2200 4732 non
2235 4682 2318 4731 est
2366 4675 2700 4730 ha’reticum
2746 4674 2850 4727 nisi
2903 4675 3194 4728 contentio
3239 4673 3572 4726 liazreticum
3605 4673 3722 4725 ﬁat.
3755 4691 3782 4718 ιι

2085 4765 2340 4820 Similem
2409 4779 2636 4834 quoque
2703 4762 3043 4816 sententiam
3107 4763 3164 4815 Β.
3241 4776 3388 4830 papa
3445 4761 3786 4814 Caelestinus

2085 4855 2153 4908 de
2241 4851 2586 4923 quibusdam
2673 4850 3146 4920 profundioribus
3227 4849 3644 4920 quaestionibus
3727 4848 3784 4900 in

2089 4941 2336 4995 Deeretis
2411 4942 2526 4994 suis
2582 4940 2792 5009 posuit,
2871 4939 3065 4993 dicens
3131 4938 3202 4992 de
3261 4938 3342 5014 eis
3411 4939 3616 5007 (Epist.
3715 4936 3788 4989 ad

2089 5031 2268 5098 Episc.
2303 5030 2463 5096 Gell.)
2501 5045 2512 5080 :
2547 5027 2683 5090 Quae
2734 5027 2880 5079 sicut
2909 5043 3022 5080 non
3069 5026 3348 5079 audemus
3390 5031 3784 5088 contemnere,

2087 5119 2166 5172 ita
2213 5133 2326 5170 non
2377 5131 2607 5170 necesse
2661 5115 2941 5169 habemus
2989 5105 3263 5167 astruere.
3309 5115 3396 5168 Sit
3451 5129 3590 5184 ergo
3639 5115 3790 5166 inter

2090 5223 2193 5260 nos
2224 5205 2393 5259 etiam
2426 5205 2494 5258 de
2539 5205 2644 5258 hac
2673 5219 2734 5257 re
2763 5203 3086 5256 istiusmodi
3117 5203 3212 5272 pia
3241 5203 3466 5256 cautela
3507 5206 3563 5256 et
3591 5202 3787 5256 mode-

2087 5295 2254 5360 ratio,
2309 5299 2588 5364 quatenus
2624 5297 2680 5345 et
2726 5292 2934 5345 sanctis
2983 5291 3243 5346 Patribus
3271 5295 3529 5344 servetur
3579 5291 3786 5356 honor,

2091 5391 2146 5438 et
2177 5383 2435 5454 quolibet
2478 5382 2606 5452 quis
2647 5381 2968 5451 acquiescat
3015 5381 3188 5433 modo
3222 5395 3290 5432 ex
3335 5379 3448 5432 illis
3502 5378 3786 5444 sensibus,

2091 5471 2190 5540 qui
2221 5469 2290 5522 de
2319 5471 2424 5522 hac
2463 5468 2746 5522 sententia
2795 5469 2864 5521 ab
2899 5467 2980 5520 eis
3009 5467 3186 5536 positi
3231 5473 3384 5532 sunt,
3421 5483 3532 5520 non
3561 5466 3786 5535 judice-

2093 5575 2218 5612 mus
2249 5573 2370 5611 esse
2401 5557 2761 5622 haereticum;
2787 5557 2882 5610 sed
2915 5556 3107 5626 potius
3137 5555 3382 5610 vitemus
3403 5555 3788 5608 contentionis
