3884 6218
168 322 308 373 1117

1261 322 1352 376 DE
1395 321 1722 375 TENENDA
1761 321 2170 376 SCRIPTURzE
2208 321 2581 377 VERITATE.

3656 189 3670 210 ἵ

3534 322 3667 374 1118

161 451 410 517 malum,
444 467 551 521 per
581 451 734 521 quod
763 451 933 504 etiam
981 450 1049 503 dc
1094 449 1344 520 paciﬁcis
1393 455 1447 503 et
1478 449 1866 503 ecclesiasticis
1905 459 1948 508 Α
1983 451 2384 504 misericordiae
2415 468 2529 503 suae
2563 451 2682 522 ipse
2711 455 2982 522 operatur
3023 451 3281 504 eamdem
3315 449 3524 503 bonam
3572 467 3668 503 vo-

164 539 432 593 sensibus
467 545 655 610 potest
693 539 791 609 qui
840 537 1228 591 contentiosus
1265 555 1383 591 esse
1433 539 1696 607 voluerit,
1749 539 1871 591 hae-

166 627 413 680 reticum
449 629 676 681 efﬁcere
699 627 851 696 quod
887 629 1077 681 sentit.
1115 629 1312 697 Itaque
1361 627 1421 679 in
1466 627 1633 680 rebus
1662 627 1872 680 talibus

163 715 544 770 cohibeamus
596 732 699 768 nos
742 706 898 786 ipsos
939 716 1153 769 salubri
1197 716 1614 775 moderatione,
1666 721 1726 768 ut
1768 730 1871 766 nec

163 809 539 858 contemnere
586 805 918 871 audeamus,
980 820 1084 858 nec
1131 804 1291 874 quasi
1343 803 1659 857 necessario
1715 804 1866 856 afﬁr-

162 902 329 941 mare
375 906 678 956 conemur,
735 907 1018 944 memores
1067 907 1293 961 semper
1345 892 1497 945 illius
1547 891 1870 962 apostolicus

165 977 507 1030 sementim:
569 1001 595 1027 ‹‹
646 978 701 1032 Si
771 980 899 1048 quis
968 985 1158 1032 autem
1214 980 1438 1033 videtur
1488 981 1870 1033 contentiosus

169 1081 315 1131 esse,
352 1082 453 1117 nos
487 1068 657 1120 talem
691 1068 1164 1121 consuetudinem
1199 1085 1315 1121 non
1346 1069 1642 1132 habemus,
1681 1085 1868 1138 neque

167 1152 417 1205 Ecclesia
465 1153 565 1207 Dei
613 1156 657 1224 (Ι
699 1157 816 1210 Cor.
875 1171 948 1220 xi,
1006 1158 1110 1219 16).
1152 1176 1176 1204 ι
1225 1155 1502 1225 Legamus
1548 1171 1682 1225 ergo
1725 1155 1870 1225 paci-

165 1240 295 1307 ﬁce,
316 1246 373 1292 et
395 1248 678 1311 quantum
713 1243 986 1296 Dominus
1007 1244 1581 1313 donatintelligamus
1603 1245 1870 1314 dogmata

167 1329 690 1384 ecclesiasticorum
743 1332 1015 1397 virorum,
1059 1348 1163 1384 nec
1209 1349 1311 1401 pro
1368 1332 1494 1384 aliis
1543 1332 1868 1385 doctoribus

166 1417 442 1470 adversus
476 1418 619 1471 alios
663 1418 994 1489 litigemus;
1037 1421 1173 1490 quia
1203 1425 1257 1473 et
1291 1421 1399 1490 ipsi
1432 1420 1588 1473 inter
1631 1436 1688 1472 se
1714 1419 1869 1488 paci-

165 1506 284 1558 Iici.
320 1527 345 1556 cc
384 1507 786 1578 Unusquisque
808 1509 867 1561 in
891 1525 988 1562 suo
1021 1525 1190 1562 sensu
1223 1510 1657 1564 abundaverunt
1691 1511 1865 1578 (Rom.

169 1609 288 1659 xxv,
325 1597 411 1662 5);
465 1617 486 1641 ι
541 1596 685 1648 alius
730 1597 962 1665 quidem
1007 1596 1105 1664 sic,
1159 1598 1302 1650 alius
1347 1614 1480 1649 vero
1522 1598 1620 1662 sic,
1669 1613 1868 1667 exspe-

166 1688 383 1736 ctantes
446 1683 695 1737 ﬁdeliter
759 1688 928 1753 atque
990 1685 1289 1739 humiliter
1350 1686 1500 1755 quod
1561 1687 1868 1755 Apostolus

163 1771 476 1838 promittit,
525 1771 754 1825 dicens:
818 1793 844 1822 ι(
898 1773 962 1825 Et
1007 1773 1054 1825 si
1099 1773 1239 1842 quid
1288 1773 1454 1826 aliter
1489 1773 1706 1842 sapitis,
1761 1772 1866 1825 hoc

167 1875 403 1928 quoque
449 1860 608 1913 vobis
662 1861 807 1914 Deus
861 1861 1136 1915 revelabit
1180 1862 1343 1929 (Phil.
1399 1877 1476 1927 ιιι,
1527 1864 1626 1928 15).
1665 1881 1691 1910 ι)
1728 1862 1867 1913 Nam

173 1947 276 2016 qui
310 1962 428 2000 non
451 1948 759 2016 tranquille
793 1954 850 2002 et
892 1949 1126 2016 paciﬁce
1177 1949 1514 2002 moderatur
1560 1951 1709 2018 quod
1741 1966 1870 2002 sen-

169 2036 263 2101 tit,
296 2036 395 2089 sed
429 2037 620 2090 statim
651 2043 886 2106 paratus
940 2045 1024 2092 est
1069 2039 1136 2090 ad
1184 2038 1596 2104 contentiones,
1653 2037 1868 2092 dissen-

168 2122 364 2176 siones
414 2129 468 2176 et
510 2124 792 2188 scandala,
847 2125 1072 2178 etiamsi
1131 2142 1246 2178 non
1288 2125 1491 2179 habeat
1537 2126 1869 2178 haereticum

166 2227 403 2265 sensum
434 2212 748 2265 certissime
779 2213 954 2266 habet
984 2213 1312 2266 haereticum
1347 2214 1625 2268 animum.

241 2299 422 2363 Quam
468 2301 696 2370 pietatis
758 2302 1210 2355 moderationem
1265 2303 1310 2354 si
1365 2303 1535 2355 etiam
1593 2303 1684 2356 isti
1730 2303 1869 2356 boni

167 2389 299 2449 viri,
329 2390 428 2459 qui
461 2391 608 2442 hanc
657 2406 863 2443 novam
917 2390 1310 2444 definitionem
1363 2396 1704 2456 statuerunt,
1750 2408 1864 2444 ser-

166 2493 299 2530 vare
331 2477 666 2543 voluissent,
693 2479 899 2532 melius
927 2479 1073 2532 hanc
1110 2496 1232 2532 rem
1283 2480 1507 2533 silentio
1555 2480 1866 2550 praeteriis-

167 2571 332 2632 sent;
370 2571 426 2619 et
459 2565 775 2636 unicuique
823 2567 892 2619 de
942 2582 1008 2619 ea
1047 2567 1360 2621 secundum
1409 2568 1583 2621 ﬁdem
1620 2585 1781 2621 suam
1812 2574 1865 2621 et

168 2654 591 2720 auctoritatem,
650 2655 739 2707 cui
811 2655 993 2725 magis
1066 2655 1544 2726 acquiescendnm
1618 2660 1862 2725 putaret,

167 2743 537 2796 sentiendum
601 2744 1022 2813 permitterent,
1088 2746 1366 2814 ﬁnitoque
1406 2745 1557 2797 inter
1607 2761 1703 2797 eos
1749 2751 1864 2797 tam

167 2829 355 2900 longae
405 2837 463 2884 et
520 2832 849 2902 perniciosae
905 2835 1286 2888 contentionis
1356 2833 1570 2903 jurgio,
1649 2851 1752 2903 pax
1812 2839 1868 2886 et

169 2921 357 2973 unitas
390 2922 604 2975 Christi
641 2922 898 2976 Ecclesiae
932 2923 1360 2977 reformaretur.
1411 2924 1543 2976 Ecce
1575 2923 1728 2976 enim
1761 2923 1862 2975 ali-

1982 539 2256 592 luntatem
2293 555 2474 604 suam,
2510 545 2573 593 ut
2617 546 2670 592 et
2699 540 2807 609 ipsi
2854 540 3056 592 salvari
3105 540 3299 604 velint,
3351 545 3517 608 atque
3555 539 3670 590 sal-

1982 632 2206 680 ventur.
2242 627 2513 690 Qualibus
2549 635 2604 680 et
2625 629 2928 696 Apostolus
2957 628 3113 692 dicit,
3151 651 3176 677 ‹‹
3210 629 3350 682 Cum
3384 628 3590 680 timore
3614 633 3670 679 et

1980 719 2231 769 tremore
2289 723 2533 768 vestram
2614 717 2854 769 salutem
2942 717 3303 786 operamini:
3367 718 3514 770 Deus
3586 720 3671 768 est

1981 804 2159 868 enim,
2192 805 2290 874 qui
2324 811 2593 873 Operatur
2643 805 2700 855 in
2751 804 2931 868 vobis,
2989 810 3044 855 et
3095 805 3257 868 velle,
3312 810 3366 857 et
3392 804 3668 872 perlicere

1980 909 2084 962 pro
2115 892 2264 945 bona
2291 894 2585 944 voluntate
2614 892 2778 960 (Phil.
2825 907 2883 952 ιι,
2935 895 3013 959 12,
3070 894 3178 959 13).
3225 911 3250 941 ι›
3310 893 3368 944 In
3423 892 3668 945 aliorum

1980 985 2170 1032 autem
2204 981 2476 1032 cordibus
2518 979 2814 1032 severitate
2839 979 2982 1048 justi
3019 985 3070 1031 et
3116 979 3319 1031 occulti
3348 978 3549 1047 judicii
3582 977 3670 1029 sui

1981 1085 2096 1120 non
2122 1073 2393 1137 operatur
2421 1069 2568 1121 hanc
2595 1070 2904 1121 salutarem
2941 1068 3309 1132 voluntatem,
3351 1067 3443 1118 sed
3477 1066 3666 1119 dimit-

1980 1156 2044 1209 tit
2074 1172 2167 1208 cos
2194 1173 2294 1209 suo
2329 1157 2562 1208 arbitrio
2589 1172 2602 1209 :
2636 1162 2696 1209 ut
2727 1156 2861 1226 quia
2903 1157 3210 1207 noluerunt
3237 1156 3487 1218 credere,
3514 1155 3670 1222 justa

1983 1244 2198 1297 ultione
2229 1244 2592 1298 damnentur.
2631 1246 2697 1296 Et
2729 1246 2833 1296 hoc
2865 1243 3093 1314 quidem
3147 1243 3214 1295 de
3258 1242 3367 1296 illis
3419 1242 3528 1294 dici
3575 1259 3671 1311 po-

1979 1337 2107 1396 test,
2140 1333 2238 1402 qui
2269 1333 2504 1385 verbum
2544 1333 2830 1401 Evangelii
2859 1332 3182 1395 audierunt,
3222 1330 3317 1384 sed
3350 1331 3561 1384 duritia
3590 1330 3671 1382 in-

1979 1421 2333 1473 credulitatis
2366 1437 2484 1474 sute.
2511 1421 2765 1490 recipere
2798 1422 3126 1473 noluerunt.

2051 1509 2193 1572 Quid
2228 1525 2359 1562 vero
2389 1509 2690 1562 dicendum
2733 1515 2817 1562 est
2865 1509 2931 1561 de
2966 1515 3118 1560 tanta
3158 1506 3522 1560 multitudine
3554 1505 3668 1559 im-

1980 1598 2230 1667 piorum,
2264 1598 2361 1667 qui
2391 1598 2620 1650 fuerunt
2650 1598 2718 1650 ab
2751 1597 2980 1649 exordio
3012 1597 3210 1649 mundi
3243 1611 3422 1665 usque
3469 1595 3534 1647 ad
3567 1595 3666 1646 ad-

1981 1691 2214 1738 ventum
2247 1686 2471 1740 Christi.
2525 1688 2587 1739 Et
2636 1685 2822 1738 adhuc
2861 1701 2976 1736 non
3009 1684 3254 1751 negandi
3295 1687 3427 1735 sunt
3458 1698 3576 1735 esse
3609 1682 3668 1736 in

1979 1774 2246 1827 extremis
2294 1775 2556 1844 partibus
2604 1774 2757 1826 orbis
2802 1777 2990 1839 terrae,
3040 1774 3110 1825 ad
3160 1788 3300 1842 quos
3343 1773 3533 1824 nullus
3561 1787 3665 1823 nn-
3705 1801 3716 1808 -

1978 1879 2150 1933 quam
2186 1853 2522 1933 praedicator
2571 1862 2823 1928 ECLGSSII,
2871 1862 3093 1913 nullum
3143 1876 3398 1930 unquam
3433 1859 3669 1912 verbum

1977 1951 2107 2004 ﬁdei
2156 1952 2632 2020 audierunt,.qui
2698 1952 2895 2019 utique
2962 1951 3288 2002 nullatenus
3356 1951 3671 2018 potuerunt

1980 2060 2007 2089 «
2037 2041 2265 2093 credere
2297 2040 2349 2092 ei
2375 2056 2546 2110 quem
2575 2055 2694 2092 non
2726 2040 3051 2100 audierunt,
3093 2053 3280 2107 neque
3317 2037 3515 2090 audire
3547 2035 3668 2088 sine

1977 2130 2318 2199 praedicante
2371 2130 2546 2184 (Rom.
2600 2145 2653 2193 x,
2699 2129 2785 2190 I4,
2853 2127 2959 2196 15),
3014 2148 3032 2174 υ
3102 2142 3169 2178 ne
3232 2125 3668 2195 praedicatorem

1963 2219 2251 2288 recipere,
2284 2218 2384 2290 qui
2412 2218 2604 2270 nullus
2634 2217 2706 2270 ad
2745 2235 2837 2269 eos
2890 2217 3094 2268 missus
3137 2220 3257 2268 est:
3316 2214 3581 2284 nunquid
3614 2218 3669 2266 et

1975 2308 2114 2359 tales
2146 2312 2451 2376 propterea
2499 2306 2944 2370 damnabuntur,
2989 2306 3122 2374 quia
3157 2321 3269 2357 non
3305 2303 3670 2357 crediderunt

1975 2397 2126 2465 quod
2163 2412 2456 2465 nunquam
2492 2395 2685 2448 audire
2714 2393 3074 2464 potuerunt?
3107 2396 3168 2446 Et
3204 2400 3392 2446 tamen
3426 2393 3664 2445 omnino

1976 2483 2404 2536 damuabuntur
2438 2500 2538 2551 pro
2569 2483 2692 2536 aliis
2737 2482 2976 2552 peccatis
3008 2483 3144 2546 suis,
3180 2488 3233 2535 et
3271 2480 3666 2551 principaliter

1973 2588 2078 2641 pro
2113 2573 2208 2624 illo
2265 2572 2451 2641 primo
2483 2578 2540 2625 et
2568 2571 2835 2640 originali
2875 2575 3127 2639 peccato,
3167 2592 3193 2616 ‹‹
3227 2571 3282 2622 in
3320 2587 3434 2640 quo
3467 2585 3667 2622 omnes

1974 2664 2350 2729 peccaverunt
2398 2662 2572 2729 (Rom.
2615 2676 2663 2726 ν,
2715 2663 2815 2727 12),
2867 2681 2885 2705 υ
2931 2659 3063 2728 quia
3110 2674 3224 2710 non
3273 2657 3480 2709 frustra
3533 2655 3665 2708 scri-

1972 2752 2135 2818 ptum
2163 2754 2247 2800 est
2272 2765 2283 2802 :
2327 2771 2346 2797 ε
2385 2748 2624 2801 Είῖιιιιάε
2643 2748 2787 2800 iram
2811 2752 2964 2799 tuam
2992 2748 3044 2798 in
3070 2751 3287 2815 gentes,
3311 2761 3440 2814 qua:
3465 2749 3518 2797 te
3549 2760 3666 2796 non

1972 2842 2293 2900 noverunt;
2327 2842 2382 2889 et
2414 2837 2473 2889 in
2506 2852 2701 2905 regna,
2733 2852 2860 2906 quae
2911 2851 3118 2887 nomen
3154 2840 3313 2886 tuum
3347 2848 3463 2884 non
3497 2834 3664 2884 invo~

1970 2931 2243 2979 caverunt.
2306 2927 2469 2994 (Psal.
2534 2941 2750 2991 Lxxvm,
2797 2925 2872 2990 6).
2928 2945 2954 2970 η
3009 2925 3073 2976 Et
3121 2922 3425 2992 Apostolus
3488 2921 3660 2973 dicit:

164 3010 294 3079 quis
326 3011 538 3070 sentiat
570 3017 626 3064 et
655 3011 824 3078 dicat,
871 3011 1014 3064 sicut
1046 3013 1216 3066 etiam
1253 3011 1588 3082 antiquitus,
1638 3017 1691 3064 et
1735 3027 1862 3064 sen-
1903 3029 1942 3084 ς
1975 3033 2001 3063 ‹‹
2037 3015 2232 3067 Dantis
2263 3013 2570 3066 vindictam
2594 3013 2651 3065 in
2677 3011 3133 3080 Ilammamignis
3165 3011 3272 3074 his,
3304 3009 3402 3080 qui
3435 3024 3551 3061 non
3574 3024 3666 3060 no-

163 3115 288 3150 sum
321 3105 426 3164 est,
477 3105 535 3153 et
572 3100 826 3153 dictum:
875 3101 994 3152 Non
1038 3099 1177 3153 dixit
1227 3100 1526 3168 Apostolus
1580 3099 1864 3152 universa-

165 3186 296 3239 liter
327 3193 382 3240 et
431 3189 802 3259 generaliter,
852 3193 908 3242 et
939 3193 999 3241 ut
1042 3189 1135 3241 isti
1165 3188 1508 3242 addiderunt
1543 3188 1663 3240 sine
1697 3204 1862 3240 exce~

163 3275 380 3344 ptione,
435 3296 462 3323 ‹‹
515 3275 623 3340 Qui
673 3277 793 3329 vult
833 3293 1032 3330 omnes
1080 3277 1342 3330 homines
1409 3278 1593 3330 salvos
1656 3276 1778 3328 ﬁeri
1813 3275 1870 3342 (I

169 3365 301 3416 Tim.
334 3379 391 3427 ιι,
424 3364 499 3432 4),
537 3383 564 3416 n
599 3363 691 3417 sed
727 3365 1046 3434 specialiter
1075 3365 1142 3418 ad
1175 3380 1272 3418 eos
1300 3364 1514 3429 retulit,
1552 3365 1620 3416 de
1654 3363 1862 3434 quibus

161 3468 336 3521 supra
371 3452 614 3519 dixerat,
651 3472 677 3502 ‹‹
710 3469 813 3523 pro
845 3453 1130 3520 omnibus,
1165 3453 1515 3517 hominibus,
1557 3469 1661 3522 pro
1706 3453 1862 3522 regi—

161 3540 287 3604 bus,
325 3546 382 3593 et
402 3540 489 3593 his
512 3541 610 3610 qui
635 3541 691 3594 in
710 3542 1060 3596 sublimitate
1088 3547 1223 3596 sunt
1254 3543 1415 3604 (Ibid.
1447 3546 1499 3606 2)
1525 3557 1540 3611 ;
1575 3561 1600 3591 ι)
1625 3542 1858 3612 utquod

163 3627 305 3681 dixit
337 3649 359 3676 σ
399 3644 601 3682 omnes
637 3649 664 3676 »
700 3629 892 3682 omnia
919 3646 1132 3700 genera
1159 3629 1462 3684 hominum
1496 3629 1738 3699 intelligi
1774 3646 1862 3681 vo-

160 3716 352 3782 luerit,
395 3718 656 3771 omnium
707 3718 919 3772 scilicet
965 3719 1242 3788 gentium,
1282 3735 1545 3785 sexuum,
1578 3718 1861 3772 conditio-

164 3821 322 3871 num,
357 3806 650 3871 ordinum,
688 3807 1056 3876 dignitatum.
1093 3808 1237 3870 Quid
1287 3807 1461 3860 habet
1497 3807 1617 3860 hsec
1649 3806 1860 3859 intelli-

161 3895 355 3963 gentia
385 3894 811 3965 inconsequens
863 3900 962 3949 aut
1004 3896 1353 3948 contrarium
1402 3895 1630 3948 veritati
1661 3895 1689 3948 ?
1721 3895 1860 3947 Item

161 3981 305 4035 alius
334 3983 490 4037 dicat
520 3988 576 4036 et
606 3983 833 4050 sentiat,
866 3983 1011 4036 sicut
1041 3984 1211 4037 etiam
1245 4000 1276 4036 a
1308 3984 1650 4054 quibusdam
1680 3983 1860 4052 majo-

163 4071 317 4124 ribus
351 4071 592 4138 dictum,
637 4075 694 4125 et
722 4089 954 4126 sensum
986 4072 1308 4142 reperitur:
1359 4072 1688 4142 Apostolus,
1729 4087 1861 4124 cum

162 4160 424 4228 superius
458 4161 611 4213 orari
648 4161 909 4230 jussisset
954 4180 981 4212 α
1030 4177 1132 4231 pro
1195 4161 1462 4214 omnibus
1503 4158 1855 4226 hominibus,

165 4263 267 4316 pro
300 4249 538 4318 regibus
570 4253 624 4304 et
663 4249 751 4301 his
804 4249 904 4319 qui
945 4249 1005 4302 in
1061 4249 1410 4302 sublimitate
1463 4253 1616 4316 sunt,
1659 4267 1685 4298 ι)
1733 4252 1861 4317 post

163 4336 254 4390 illa
291 4337 490 4390 omnia
538 4337 886 4406 generaliter
921 4337 990 4390 de
1039 4337 1300 4389 universo
1342 4351 1550 4406 genere
1601 4338 1854 4390 humano

164 4425 492 4495 snbjunxit:
529 4446 555 4474 α
584 4425 689 4488 Qui
739 4426 862 4479 vult
909 4441 1107 4478 omnes
1139 4425 1403 4478 homines
1433 4427 1615 4478 salvos
1645 4426 1788 4478 ﬁeri.
1826 4447 1855 4474 ››

163 4515 307 4578 Quid
337 4515 512 4568 habet
537 4514 674 4566 mali
705 4519 803 4567 aut
833 4513 1072 4583 periculi
1099 4513 1270 4567 etiam
1294 4515 1398 4566 ista
1426 4513 1804 4583 intelligentia
1830 4513 1867 4564 ?'

164 4603 356 4673 Neque
385 4604 539 4656 enim
581 4603 680 4673 qui
731 4603 811 4655 ita
843 4601 1016 4654 sentit
1063 4607 1227 4671 putat
1273 4602 1554 4654 voluntati
1617 4601 1712 4654 Dei
1746 4618 1859 4672 qua

165 4712 188 4736 ‹‹
217 4692 338 4745 vult
371 4707 576 4743 omnes
603 4691 864 4743 homines
887 4690 1071 4742 salvos
1088 4690 1234 4757 ﬁeri,
1257 4710 1282 4740 η
1310 4690 1563 4760 aliquem
1592 4691 1858 4743 resistere

163 4784 212 4831 et
241 4780 554 4843 contraire,
601 4785 666 4832 ut
710 4795 824 4832 non
874 4779 1054 4848 possit
1099 4779 1343 4847 implere
1391 4779 1540 4849 quod
1594 4780 1767 4844 velit;
1803 4784 1857 4832 et

162 4868 325 4920 ambo
359 4867 470 4919 sibi
503 4871 559 4920 et
587 4867 693 4921 iste
745 4867 1006 4920 videlicet
1045 4873 1102 4920 et
1147 4867 1262 4934 ille,
1297 4868 1428 4920 licet
1473 4867 1695 4920 diversa
1725 4883 1855 4919 sen-

160 4957 386 5015 tientes,
417 4955 668 5008 ﬁdeliter
698 4959 867 5025 atque
901 4955 1255 5007 unanimiter
1292 4955 1659 5008 concordant.
1697 4955 1857 5018 Quod

160 5045 420 5115 quolibet
454 5045 624 5097 modo
657 5044 865 5096 dixerit
899 5044 1202 5112 Apostolus
1233 5043 1302 5096 de
1338 5044 1474 5110 Deo,
1509 5064 1534 5091 «
1583 5043 1687 5106 Qui
1741 5045 1858 5097 vult

159 5150 356 5186 omnes
409 5132 679 5186 homines
726 5133 907 5185 salvos
952 5132 1076 5185 ﬁeri
1111 5153 1131 5179 ι
1187 5137 1380 5184 tamen
1430 5133 1620 5185 nullus
1669 5133 1856 5185 homi-

158 5238 311 5288 num,
349 5221 464 5274 nisi
496 5221 748 5290 gratuita
787 5221 910 5290 ejus
937 5220 1325 5273 misericordia
1359 5220 1627 5287 solvetur,
1665 5221 1855 5273 nullus

161 5311 260 5363 nisi
286 5311 445 5380 justo
477 5311 600 5378 ejus
623 5309 839 5378 judicio
874 5309 1061 5378 perire
1093 5309 1478 5378 permittatur.
1519 5311 1680 5363 Certe
1712 5310 1850 5363 illud

160 5398 212 5451 in
245 5399 350 5451 hac
383 5396 704 5468 quaestione
737 5396 1102 5449 manifestum
1123 5402 1225 5459 est,
1251 5397 1400 5465 quod
1432 5397 1654 5450 etiamsi
1687 5413 1855 5466 gene-

159 5489 371 5553 raliter,
406 5493 465 5540 et
511 5485 901 5539 indifferenter
937 5505 962 5535 α
996 5502 1194 5538 omnes
1241 5485 1504 5538 homines
1543 5487 1687 5538 Deus
1734 5487 1854 5538 vult

158 5573 333 5627 salvos
365 5573 514 5636 ﬁeri,
549 5591 577 5622 »
613 5573 671 5626 in
703 5573 945 5625 aliorum
977 5577 1172 5626 tamen
1204 5572 1466 5626 cordibus
1497 5573 1852 5644 benignitate

1971 3108 2176 3155 verunt
2229 3103 2534 3155 Dominum
2566 3103 2649 3171 (Il
2689 3103 2872 3155 Thess.
2920 3118 2956 3162 I,
2994 3104 3074 3168 8).
3122 3121 3147 3146 »
3199 3099 3254 3152 Si
3304 3093 3431 3167 quis
3478 3097 3545 3150 de
3577 3102 3661 3149 ta-

1972 3191 2120 3243 libus
2159 3189 2495 3260 interroget,
2549 3190 2683 3260 quid
2739 3190 2794 3242 in
2857 3190 2937 3241 eis
2996 3187 3178 3257 egerit
3230 3188 3488 3239 voluntas
3538 3185 3658 3251 Dei,

1973 3297 2001 3329 α
2036 3279 2136 3349 qui
2166 3295 2367 3332 omnes
2407 3279 2668 3331 homines
2717 3277 2838 3330 vult
2884 3278 3064 3329 salvos
3113 3276 3255 3341 ﬁeri,
3305 3280 3358 3327 et
3407 3274 3476 3327 ad
3506 3273 3663 3342 agni-

1970 3367 2182 3420 tionem
2211 3367 2461 3418 veritatis
2488 3367 2697 3430 venire,
2732 3387 2759 3413 ››
2786 3366 2919 3435 quid
2949 3365 3387 3434 I‘CSI'JOIldPIflitlII‘
3407 3363 3431 3412 ‘l
3465 3362 3663 3414 Nonne

1971 3455 2146 3507 homo
2179 3461 2376 3507 cautus
2410 3460 2462 3507 et
2508 3455 2633 3524 pius
2683 3454 2865 3523 magis
2915 3454 3085 3522 eliget
3132 3458 3333 3517 tacere,
3386 3456 3483 3502 aut
3513 3455 3665 3502 certe

1969 3559 2097 3595 cum
2134 3543 2418 3614 PrOpheta
2448 3547 2502 3594 et
2541 3543 2817 3611 Apostolo
2854 3543 3169 3594 exclamare
3197 3555 3208 3593 :
3241 3564 3260 3587 ιι
3307 3539 3528 3593 Iudicia
3568 3543 3664 3590 tua

1969 3632 2203 3700 abyssus
2233 3632 2407 3684 multa
2439 3631 2601 3701 (Psal.
2639 3647 2801 3696 xxxv,
2837 3635 2936 3696 7);
2970 3652 2988 3675 ιω
3028 3634 3118 3681 et:
3155 3649 3176 3678 (ι
3227 3629 3268 3682 Ο
3316 3627 3662 3696 profundum

1970 3718 2299 3772 divitiarum
2335 3719 2632 3788 sapientia:
2668 3725 2724 3770 et
2768 3718 3017 3770 scientia:
3052 3717 3167 3769 Dei.
3219 3716 3398 3779 Quam
3448 3715 3662 3768 incom-

1969 3807 2374 3876 prehensibilia
2409 3812 2542 3860 sunt
2574 3806 2785 3877 judicia
2828 3807 2950 3876 ejus
2985 3811 3058 3870 et,
3105 3804 3527 3874 investigabiles
3557 3804 3662 3856 viae

1968 3897 2088 3965 ejus
2135 3897 2313 3964 (Rom.
2349 3913 2424 3964 x1,
2460 3899 2566 3964 33).
2605 3918 2624 3944 ι
2665 3898 2738 3950 De
2787 3897 2893 3949 hoc
2947 3912 3084 3964 ergo
3134 3895 3385 3965 capitulo
3437 3894 3541 3946 iste
3587 3891 3662 3944 sit

1969 3986 2119 4039 ﬁnis.

2617 4110 2840 4164 CAPUT
2882 4110 3018 4164 XIII.

1968 4237 2228 4304 Sequitur
2279 4233 2522 4301 deﬁnitio
2575 4241 2808 4358 qum-fias
2853 4249 2970 4302 qua:
3025 4239 3074 4288 et
3126 4233 3320 4287 υιιίηια
3360 4235 3456 4296 est,
3493 4232 3574 4284 ita
3605 4245 3658 4283 se

2742 4321 2775 4358 a
2813 4320 2923 4358 ens.

2742 4320 2923 4359 αοθης.

2041 4427 2360 4482 «Christus
2405 4429 2566 4481 Iesus
2634 4427 2910 4481 Dominus
2987 4433 3194 4492 noster,
3265 4425 3408 4478 sicut
3470 4424 3660 4477 nullus

1968 4518 2139 4571 homo
2170 4523 2271 4582 est,
2307 4517 2434 4582 fuit,
2469 4518 2554 4570 vel
2583 4517 2711 4583 erit,
2744 4517 2904 4585 cujus
2936 4514 3210 4566 naturain
3243 4515 3339 4566 illo
3369 4518 3660 4581 assumpta

1968 4623 2085 4659 non
2115 4606 2310 4671 fuerit,
2346 4607 2424 4658 ita
2457 4606 2645 4658 nullus
2678 4610 2780 4670 est,
2815 4604 2926 4656 fuit
2949 4605 3033 4655 vel
3060 4602 3166 4654 erit
3190 4603 3384 4665 homo,
3420 4617 3522 4670 pro
3547 4617 3658 4670 quo

1967 4711 2166 4765 passus
2207 4711 2323 4747 non
2368 4694 2562 4759 fuerit,
2620 4693 2746 4745 licet
2803 4707 2918 4743 non
2971 4706 3171 4742 omnes
3215 4689 3495 4758 passionis
3538 4690 3660 4757 ejus

1968 4783 2238 4853 mysterio
2269 4782 2642 4835 redimantur.
2678 4781 2835 4844 Quod
2887 4785 3079 4832 autem
3128 4794 3246 4830 non
3295 4794 3494 4830 omnes
3526 4794 3658 4846 pas-

1965 4870 2144 4923 sionis
2205 4869 2324 4937 ejus
2382 4868 2650 4938 mysterio
2709 4866 3085 4929 redimantur,
3143 4881 3256 4916 non
3309 4864 3539 4932 respicit
3587 4865 3657 4918 ad

1966 4957 2443 5026 magnitudinem,
2481 4962 2536 5008 et
2576 4956 2742 5025 pretii
2773 4955 3188 5021 copiositatem,
3219 4953 3316 5006 sed
3345 4955 3412 5005 ad
3449 4953 3657 5006 intide-

1965 5047 2128 5113 lium,
2169 5051 2223 5099 et
2253 5046 2322 5099 ad
2358 5062 2474 5098 non
2506 5044 2858 5097 credentium
2895 5064 2922 5094 ι)
2957 5060 3022 5095 ea
3049 5044 3161 5096 ﬁde
3190 5066 3207 5090 α
3247 5059 3375 5112 qua)
3401 5058 3501 5112 per
3523 5042 3658 5094 dile-

1963 5135 2208 5187 ctionem
2243 5140 2513 5203 operatur
2545 5134 2693 5203 (Gal.
2731 5150 2781 5197 v,
2815 5133 2891 5201 6),
2931 5154 2954 5181 »
2989 5163 3052 5171 —-
3089 5150 3113 5183 α
3159 5132 3386 5201 respicit
3414 5137 3652 5200 partem,

1964 5223 2098 5292 quia
2128 5223 2398 5291 poculum
2435 5223 2699 5275 humanas
2744 5222 2959 5287 salutis,
3012 5221 3165 5292 quod
3223 5221 3541 5273 confectum
3574 5224 3657 5272 est

1963 5311 2294 5364 inﬁrmitate
2325 5317 2519 5364 nostra
2550 5317 2605 5363 et
2641 5311 2847 5363 virtute
2887 5310 3098 5376 divina,
3129 5310 3301 5362 habet
3331 5308 3566 5377 quidem
3599 5307 3657 5360 in

1963 5416 2039 5466 se,
2076 5405 2139 5452 ut
2166 5399 2432 5452 omnibus
2477 5399 2696 5469 prosit;
2730 5400 2845 5464 sed,
2879 5399 2925 5451 si
2970 5417 3082 5452 non
3115 5398 3354 5458 bibitur,
3393 5413 3505 5450 non
3539 5413 3655 5449 me-

1962 5489 2146 5543 detur.
2181 5510 2199 5532 ο
