3884 6218
218 282 352 333 ill!)

903 428 1217 467 CENSURA.

457 502 711 554 Christus
745 515 848 553 non
879 516 946 553 ea:
976 503 1290 554 necessitate
1320 502 1657 554 incarnatus.

288 590 350 641 Et
379 588 437 641 in
464 588 566 640 hac
596 604 741 641 nova
790 593 847 641 et
885 588 1157 642 inusitata
1204 588 1539 642 deﬁnitione
1585 594 1697 642 tres
1741 588 1903 642 nobis

213 676 554 746 qumstiones
592 680 1029 744 proponuntur:

284 764 495 831 Prima,
528 765 682 833 quod
714 764 959 816 dicitur:
998 786 1018 811 ι
1055 764 1199 827 Quia
1232 765 1420 817 nullus
1442 765 1613 817 homo
1636 769 1739 829 est,
1774 766 1901 833 fuit,

215 849 296 901 vel
354 852 480 915 erit,
533 853 695 921 cujus
758 857 963 905 natura
1030 852 1087 905 in
1161 852 1384 905 Christo
1449 859 1739 922 assumpta
1787 868 1903 905 non

212 936 402 991 fuerit.
440 960 465 985 ››

286 1026 565 1091 Secunda,
596 1027 746 1096 quod
776 1028 1123 1081 afﬁrmatur:
1151 1052 1175 1073 ‹‹
1210 1028 1370 1091 Quod
1423 1029 1610 1080 nullus
1642 1033 1743 1093 est,
1778 1029 1902 1096 fuit,

214 1113 299 1165 vel
332 1114 441 1166 erit
474 1114 666 1179 homo,
702 1131 804 1184 pro
835 1131 947 1183 quo
994 1114 1247 1167 Christus
1294 1132 1493 1183 passus
1549 1132 1659 1168 non
1705 1117 1901 1183 fuerit,

214 1202 343 1254 licet
375 1218 490 1255 non
532 1219 729 1255 omnes
779 1203 1059 1273 passionis
1112 1203 1235 1272 ejus
1286 1204 1557 1273 mysterio
1614 1205 1904 1257 rediman-

214 1296 327 1343 tur.

283 1380 487 1443 Tertia,
524 1380 673 1448 quod
707 1379 1059 1449 adjungitur,
1090 1400 1115 1430 α
1153 1380 1293 1444 Quia
1340 1381 1592 1449 ejusdem
1628 1382 1907 1451 passionis

214 1467 337 1536 ejus
387 1468 655 1536 mysterio
703 1468 1077 1521 redimantur.
1130 1490 1157 1517 »
1208 1470 1332 1521 Non
1385 1469 1566 1523 solum
1623 1470 1905 1537 inﬁdeles,

214 1556 313 1609 sed
341 1571 526 1624 neque
560 1556 665 1625 ipsi
714 1557 931 1620 ﬁdeles,
973 1575 999 1603 α
1038 1556 1145 1610 nisi
1178 1557 1263 1611 illi
1294 1559 1416 1618 soli,
1454 1559 1552 1627 qui
1583 1574 1705 1611 eam
1735 1560 1906 1612 ﬁdem

212 1644 444 1709 habent,
479 1660 606 1713 quae
634 1660 737 1713 per
766 1644 1126 1697 dilectionem
1170 1651 1458 1715 operatur.
1486 1665 1513 1696 »

283 1734 361 1785 De
388 1732 574 1801 prima
604 1748 740 1801 ergo
767 1737 1081 1802 quaestione
1115 1735 1219 1787 hoc
1265 1734 1425 1787 nobis
1472 1735 1822 1789 credendum
1852 1738 1908 1789 et

214 1821 527 1873 tenendum
578 1820 821 1884 videtur,
873 1821 1007 1890 quia
1058 1824 1343 1890 susceptio
1394 1822 1488 1873 illa
1529 1828 1747 1876 naturae
1796 1823 1904 1876 hu-

213 1924 401 1961 manas
450 1908 507 1959 in
551 1908 774 1961 Christo
824 1924 939 1961 non
1003 1909 1110 1962 fuit
1152 1926 1214 1961 ex
1264 1911 1598 1962 necessitate
1642 1910 1904 1980 originis,

215 1996 312 2049 sed
344 2012 410 2048 ex
444 2000 742 2064 potestate,
778 2002 833 2049 et
862 1998 1067 2065 gratia,
1102 2004 1156 2049 et
1178 1998 1588 2063 misericordia,
1615 2004 1670 2051 et
1700 2000 1907 2069 digna-

215 2083 372 2137 tione
415 2084 793 2152 suscipientis.
844 2086 1039 2137 Caeteri
1078 2102 1325 2155 namque
1376 2086 1659 2155 homines,
1691 2103 1808 2139 non
1841 2104 1907 2140 ex

215 2188 313 2224 sua
350 2172 640 2224 voluntate
670 2176 725 2224 et
758 2177 1057 2241 potestate,
1090 2174 1187 2227 sed
1219 2190 1286 2227 ex
1324 2175 1423 2228 Dei
1461 2176 1675 2244 judicio
1702 2180 1759 2229 et
1790 2176 1905 2229 dis-

215 2258 521 2327 positione,
554 2260 820 2329 originali
852 2263 1183 2314 necessitate
1219 2268 1273 2314 ct
1306 2264 1627 2316 conditione
1664 2280 1905 2317 nascun-

215 2352 345 2413 tur;
381 2368 408 2395 ‹‹
456 2348 730 2401 Dominus
774 2354 966 2402 autem
996 2351 1158 2403 Jesus
1198 2351 1471 2417 Christus,
1520 2352 1618 2421 qui
1673 2357 1910 2421 propter

219 2450 323 2487 nos
354 2436 637 2502 homines,
679 2442 734 2490 et
783 2443 1019 2507 propter
1048 2444 1300 2492 nostram
1337 2441 1577 2493 salutem
1614 2441 1909 2495 descendit

219 2523 287 2575 de
346 2524 523 2589 coelis,
566 2531 621 2577 et
673 2524 998 2579 incarnatus
1057 2532 1143 2580 est
1193 2528 1262 2580 de
1323 2527 1535 2596 Spiritu
1597 2532 1792 2581 sancto
1841 2546 1909 2582 ex

220 2611 395 2664 Maria
424 2612 665 2679 virgine,
705 2635 724 2660 ι
779 2630 892 2667 non
945 2616 1278 2668 necessitate
1329 2622 1383 2669 et
1430 2616 1755 2669 conditione
1807 2618 1910 2669 hu-

220 2715 401 2753 manm
452 2700 711 2770 originis,
764 2703 862 2756 sed
910 2708 1187 2772 potestate
1238 2710 1293 2757 et
1356 2704 1748 2758 misericordia
1790 2722 1907 2758 sum

216 2788 521 2841 voluntatis
545 2810 571 2837 ‹‹
606 2791 786 2843 Homo
835 2791 1016 2845 factus
1065 2797 1167 2843 est.
1203 2812 1230 2841 ι)
1286 2793 1443 2846 Unde
1473 2798 1530 2846 et
1579 2796 1634 2847 Β.
1669 2810 1909 2864 evange-

217 2876 344 2928 lista
393 2877 703 2943 Mattheeus,
747 2895 876 2933 cum
928 2880 1132 2933 seriem
1198 2882 1549 2949 genealogia:
1596 2882 1718 2952 ejus
1768 2904 1794 2930 «
1836 2883 1907 2937 ab

215 2964 503 3019 Abraham
538 2982 716 3037 usque
748 2969 817 3021 ad
855 2969 1050 3033 David,
1078 2974 1131 3021 et
1157 2986 1188 3021 a
1218 2970 1395 3022 David
1419 2986 1596 3039 usque
1628 2971 1698 3023 ad
1731 2975 1910 3023 trans-

216 3052 623 3123 migrationem
668 3056 1016 3125 Babyloniae,
1073 3063 1125 3110 et
1175 3074 1205 3109 a
1249 3058 1752 3127 transmigratione
1802 3061 1906 3113 Ba-

214 3140 462 3211 byloniae
515 3160 694 3213 usque
744 3145 812 3197 ad
861 3145 1040 3213 ipsius
1099 3146 1451 3199 nativitatem
1486 3164 1509 3197 ι
1565 3147 1909 3201 describeret

218 3231 439 3299 (Matth.
476 3231 535 3299 1),
602 3236 834 3285 crateras
917 3249 1115 3285 omnes
1201 3234 1602 3303 generationes
1659 3237 1908 3290 naturali

215 3334 383 3372 cursu
416 3325 472 3372 et
515 3320 839 3374 conditione
891 3322 1158 3375 humanae
1206 3323 1624 3393 procurationis
1672 3341 1735 3377 ac
1775 3341 1906 3395 pro-

215 3407 537 3477 pagationis
568 3408 820 3478 digessit,
854 3409 1073 3462 dicens:
1113 3430 1137 3459 ‹‹
1184 3410 1465 3464 Abraham
1506 3412 1703 3480 genuit
1734 3413 1903 3479 Isaac,

216 3496 372 3550 Isaac
411 3497 609 3565 genuit
664 3497 856 3563 Jacob,
911 3498 1080 3551 Jacob
1123 3499 1326 3567 genuit
1368 3500 1571 3553 Judam
1609 3505 1663 3553 et
1706 3501 1908 3554 fratres

216 3586 415 3654 ejus,»
450 3594 507 3639 et
539 3592 742 3640 caetera
781 3587 1062 3640 similiter.
1117 3588 1258 3641 Cum
1318 3588 1562 3642 venisset
1614 3596 1807 3643 autem
1838 3591 1904 3643 ad

218 3676 443 3727 unicam
478 3680 534 3727 et
570 3675 917 3743 singularem
969 3675 1321 3729 nativitatem
1373 3677 1599 3744 Christi,
1643 3678 1909 3732 discrevit

216 3778 341 3815 eam
373 3762 715 3816 mirabiliter
745 3780 775 3815 a
810 3764 1028 3817 caeteris
1069 3765 1356 3830 omnibus,
1392 3771 1445 3819 et
1474 3766 1587 3819 ait:
1626 3786 1653 3817 (ι
1698 3767 1908 3821 Christi

217 3856 409 3904 autem
440 3852 736 3919 generatio
769 3852 849 3905 sic
879 3857 1019 3918 erat,
1058 3871 1082 3901 η
1119 3853 1224 3905 hoc
1255 3858 1339 3905 est
1368 3870 1481 3907 non
1514 3855 1659 3908 sicut
1687 3856 1909 3925 priores

216 3940 614 4007 generationes
645 3941 893 3994 naturali
924 3957 1115 4004 cursu,
1150 3948 1205 3993 et
1233 3942 1561 3996 conditione
1592 3950 1903 4007 currentes,

214 4043 279 4079 ac
312 4027 420 4080 sibi
454 4028 698 4081 invicem
741 4030 1126 4095 succedentes,
1170 4030 1264 4083 sed
1300 4030 1576 4101 singulari
1607 4038 1906 4106 potestate,

216 4122 272 4168 et
317 4116 548 4182 virtute,
596 4122 652 4169 et
704 4117 887 4185 gratia
948 4118 1243 4171 excellens.
1298 4120 1359 4171 Et
1408 4119 1601 4172 statim
1650 4120 1907 4188 ejusdem

215 4204 606 4274 generationis
636 4204 939 4272 specialem
961 4205 1196 4258 modum
1219 4207 1466 4276 qualiter
1495 4208 1567 4261 sit
1598 4208 1744 4261 facta
1776 4210 1907 4263 sub-

1345 280 1397 331 S.
1444 278 1712 332 REMIGII
1747 279 2227 335 LUGDUNENSIS
2258 279 2567 335 EPISCOPI

3577 283 3712 333 “20

1940 412 1986 463 A
2018 413 2113 465 sed
2161 415 2281 467 sola
2324 415 2446 483 ejus
2498 418 2796 485 potestate,
2861 419 2918 468 et
2968 415 3171 484 gratia,
3215 420 3271 469 et
3316 412 3711 469 misericordia

2010 500 2155 554 facta
2185 506 2287 565 est,
2324 503 2401 555 sic
2432 519 2533 572 per
2580 519 2778 556 omnes
2826 504 2951 557 illas
3003 504 3404 574 generationes
3434 504 3714 557 veraciter

2012 606 2141 642 caro
2173 591 2292 659 ejus
2332 591 2645 655 descendit,
2677 592 2757 645 sic
2786 608 2851 645 ex
2883 592 2963 644 eis
3015 592 3289 645 veraciter
3335 598 3506 645 natus
3543 608 3715 644 verus

2011 678 2181 731 homo
2211 679 2390 732 factus
2436 684 2537 745 est,
2575 686 2635 733 ut
2688 680 2837 749 quod
2899 681 2950 733 ei
2989 681 3225 750 placuit,
3282 680 3613 733 miserando
3656 684 3717 731 et

2012 768 2289 835 sanando,
2322 784 2383 821 ac
2413 768 2749 822 redimendo
2772 768 2907 821 inde
2942 775 3294 833 assumeret;
3326 770 3478 839 quod
3514 774 3713 821 autem

2012 871 2129 908 non
2161 857 2394 925 placuit,
2431 856 2783 926 reprobaret.
2815 856 2972 910 Sicut
3004 856 3330 910 admirabili
3360 855 3627 926 potentia
3659 858 3718 906 et

2012 944 2312 997 veritatem
2355 950 2578 997 natura),
2652 945 2918 998 humanae
2963 944 3288 1013 assumpsit,
3340 950 3397 997 et
3448 942 3716 1013 ejusdem

2012 1036 2248 1095 naturae,
2287 1032 2486 1084 vitium
2530 1049 2647 1085 non
2695 1032 3022 1101 assumpsit,
3060 1038 3119 1085 ut
3148 1032 3306 1085 illam
3346 1030 3719 1100 suscipiendo

2013 1120 2275 1182 salvaret,
2311 1125 2368 1173 et
2396 1120 2535 1173 illud
2580 1136 2695 1173 non
2748 1119 3112 1189 suscipiendo
3156 1120 3495 1173 damnaret:
3528 1119 3613 1171 ita
3655 1116 3721 1168 in

2010 1207 2111 1260 illo
2133 1206 2407 1261 ineffabili
2438 1206 2845 1259 incarnationis
2874 1223 2991 1259 sum
3016 1207 3283 1275 mysterio
3317 1207 3526 1259 electos
3551 1220 3718 1266 suos,

2013 1300 2250 1365 propter
2280 1312 2421 1365 quos
2446 1295 2813 1347 redimendos
2835 1300 2887 1347 et
2906 1294 3297 1364 justilicandos
3317 1310 3381 1346 ac
3409 1292 3722 1345 salvandos

2014 1384 2342 1449 advenerat,
2374 1384 2817 1437 misericorditer
2865 1384 3145 1452 suscepit:
3183 1400 3324 1454 quos
3380 1388 3575 1436 autem
3636 1383 3723 1433 in-

2016 1470 2221 1537 dignos
2265 1471 2361 1523 illa
2433 1471 2826 1525 misericordia
2873 1477 2927 1525 et
2976 1470 3372 1539 redemptione
3406 1468 3722 1539 judicavit,

2014 1558 2233 1611 alienos
2277 1559 2347 1609 ab
2379 1558 2477 1611 illa
2527 1558 2777 1612 mirabili
2832 1559 3189 1626 susceptione
3236 1558 3559 1625 dereliquit.
3601 1556 3725 1609 De-

2022 1646 2193 1716 nique
2234 1647 2293 1699 in
2334 1647 2446 1699 illis
2496 1648 2985 1717 generationibus,
3018 1648 3170 1699 unde
3199 1663 3329 1699 caro
3359 1648 3481 1716 ejus
3512 1650 3726 1698 exorta

2020 1741 2125 1802 est,
2156 1740 2212 1788 et
2270 1735 2553 1789 Abraham
2606 1742 2661 1789 et
2698 1736 2873 1789 David
2922 1742 3258 1805 ponuntur;
3305 1740 3362 1788 et
3410 1735 3602 1788 Acha;
3666 1737 3727 1785 et

2014 1825 2291 1877 Manasses
2335 1823 2549 1894 pariter
2598 1829 3089 1877 annumerantur:
3123 1829 3179 1876 et
3226 1828 3419 1876 tamen
3475 1820 3725 1890 speciali

2014 1910 2200 1979 gratia
2236 1935 2259 1955 ‹‹
2293 1926 2489 1963 semen
2518 1910 2759 1964 Abrahae
2793 1932 2819 1960 ››
2857 1911 3083 1976 dicitur,
3125 1911 3364 1965 Domino
3383 1911 3433 1962 ei
3462 1908 3723 1979 promit-

2014 2001 2203 2051 tente:
2236 2017 2261 2047 «
2315 1999 2459 2062 Quia
2516 1998 2571 2051 in
2622 1998 2839 2051 semine
2894 2002 2994 2051 tuo
3048 1998 3459 2051 benedicentur
3507 2011 3724 2049 omnes

2015 2091 2214 2153 gentes
2254 2091 2421 2139 terrm
2451 2087 2612 2153 (Gen.
2665 2103 2798 2153 xxu,
2852 2087 2952 2153 18).
2993 2106 3016 2137 ι
3048 2086 3321 2140 Similiter
3355 2092 3411 2138 et
3440 2106 3467 2132 «
3510 2100 3721 2137 semen

2018 2175 2212 2240 David,
2252 2196 2278 2223 ››
2312 2176 2533 2228 dicente
2560 2176 2830 2244 Apostolo
2858 2192 2870 2228 :
2902 2197 2929 2222 ‹‹
2960 2175 3066 2238 Qui
3087 2176 3264 2228 factus
3287 2179 3370 2226 est
3392 2189 3456 2226 ex
3484 2173 3721 2225 semine

2016 2264 2191 2317 David
2233 2264 2543 2317 secundum
2576 2278 2804 2315 carnem
2828 2264 3000 2332 (Rom.
3037 2280 3070 2316 ι.
3099 2263 3188 2330 3).
3216 2284 3241 2310 »
3280 2262 3493 2315 Dicitur
3532 2261 3719 2313 etiam

2017 2372 2043 2399 (ι
2077 2352 2228 2404 ﬁlius
2260 2351 2431 2405 David
2467 2357 2521 2405 et
2552 2352 2703 2404 ﬁlius
2741 2352 3047 2415 Abraham,
3084 2373 3104 2397 ι
3163 2355 3405 2403 testante
3451 2350 3717 2417 Evange-

2015 2440 2143 2493 lista
2177 2457 2189 2494 :
2226 2462 2253 2489 ‹‹
2295 2440 2460 2495 Liber
2506 2440 2893 2510 generationis
2940 2441 3069 2493 Jesu
3117 2438 3323 2493 Christi
3360 2438 3461 2491 ﬁlii
3510 2438 3716 2503 David,

2015 2528 2121 2581 filii
2154 2528 2462 2582 Abraham.
2500 2548 2524 2578 »
2564 2529 2899 2598 Aliquorum
2935 2533 3125 2581 autem
3176 2526 3510 2596 impiorum,
3558 2531 3617 2576 et
3659 2524 3719 2574 in

2016 2632 2117 2669 sua
2150 2616 2443 2685 impietate
2476 2616 2826 2687 perditorum
2859 2616 3009 2669 ﬁlius
3055 2630 3418 2685 nequaquam
3450 2612 3673 2675 legitur
3701 2626 3716 2675 ;

2014 2706 2147 2759 licet
2175 2722 2303 2758 caro
2353 2706 2474 2775 ejus
2532 2721 2647 2757 non
2700 2706 2881 2757 solum
2923 2721 2991 2756 ex
3032 2704 3220 2773 justis,
3273 2703 3369 2755 sed
3429 2702 3607 2753 etiam
3648 2716 3718 2753 ex

2018 2794 2410 2865 peccatoribus
2442 2794 2715 2846 veraciter
2752 2793 2926 2845 fuerit
2956 2797 3259 2862 assumpta.
3291 2792 3367 2845 De
3410 2806 3527 2860 quo
3559 2792 3718 2858 Apo-

2017 2884 2193 2937 stolus
2244 2882 2380 2935 dicit
2428 2903 2454 2930 ‹‹
2526 2882 2661 2951 quia
2708 2876 2966 2935 Christus
3040 2882 3200 2934 Jesus
3247 2879 3401 2932 venit
3447 2878 3505 2931 in
3558 2878 3719 2930 hunc

1948 2996 1988 3050 ο
2020 2971 2297 3024 mundum
2326 2976 2649 3039 peccatores
2694 2970 2878 3022 salvos
2928 2968 3110 3021 facere
3142 2970 3189 3033 (Ι
3238 2970 3376 3033 Tim,
3430 2983 3482 3031 II,

2178 2971 2297 3023 ium
2326 2976 2649 3039 peccatores
2694 2970 2878 3022 salvos
2928 2968 3110 3021 facere
3142 2970 3189 3033 (Ι
3238 2970 3376 3033 Tim,
3430 2983 3488 3031 ιι,
3532 2968 3647 3031 15).
3686 2988 3712 3012 »ι

2088 3060 2378 3114 Manifeste
2418 3074 2555 3128 ergo
2600 3062 2838 3122 constat,
2874 3057 3007 3127 quia
3036 3055 3322 3124 susceptio
3353 3055 3451 3108 illa
3481 3054 3715 3107 redem-

2016 3149 2135 3219 ptio
2168 3148 2294 3210 fuit,
2352 3152 2412 3200 ut
2454 3148 2550 3217 qui
2603 3146 2849 3216 suscepti
2882 3150 3036 3211 sunt,
3074 3146 3187 3198 sint
3222 3148 3278 3197 et
3307 3144 3613 3212 redempti,
3660 3147 3717 3194 et

2016 3237 2115 3307 qui
2145 3236 2430 3305 redempti
2462 3235 2569 3303 ipsi
2598 3234 2863 3303 suscepti.
2904 3235 3058 3287 Unde
3086 3240 3143 3287 et
3170 3232 3363 3286 ﬁdeles
3390 3233 3452 3285 in
3481 3232 3713 3285 Christo

2017 3329 2168 3389 sunt,
2195 3330 2251 3378 et
2280 3325 2535 3379 Christus
2569 3324 2626 3376 in
2675 3323 2807 3376 illis.
2855 3323 3115 3377 [nfideles
3147 3339 3258 3375 non
3292 3330 3423 3374 sunt
3458 3321 3520 3374 in
3553 3319 3715 3374 Chri-

2016 3418 2123 3476 sto,
2158 3430 2262 3467 nec
2311 3414 2366 3465 in
2417 3414 2496 3465 eis
2544 3412 2817 3466 Christus.
2869 3412 3013 3466 Solis
3066 3412 3328 3465 ﬁdelibus
3376 3410 3531 3475 dicit,
3570 3426 3715 3479 quos

2016 3501 2123 3553 sibi
2146 3518 2246 3571 per
2273 3506 2694 3554 sacramentum
2721 3517 2870 3553 verae
2910 3500 3339 3565 Incarnationis,
3374 3504 3428 3551 et
3460 3500 3711 3568 gratiam

2017 3588 2426 3658 redemptionis
2455 3588 2635 3642 univit
2662 3605 2673 3642 :
2706 3610 2733 3636 ‹‹
2765 3590 2982 3641 Manete
3004 3588 3064 3641 in
3088 3604 3201 3651 me,
3231 3592 3287 3639 et
3315 3600 3421 3655 ego
3442 3587 3501 3638 in
3524 3586 3710 3638 vobis.

2016 3678 2171 3732 Sicut
2219 3678 2436 3747 palmes
2490 3694 2605 3730 non
2658 3682 2847 3747 potest
2898 3677 3046 3730 ferre
3086 3692 3118 3729 a
3168 3693 3225 3728 se
3270 3676 3543 3741 fructum,
3602 3674 3716 3726 nisi

2018 3767 2288 3819 manserit
2312 3766 2370 3817 in
2404 3766 2537 3832 vite,
2572 3766 2650 3818 sic
2681 3782 2783 3818 nec
2816 3782 2933 3829 vos,
2969 3765 3079 3818 nisi
3127 3764 3183 3818 in
3232 3780 3323 3816 me
3359 3762 3709 3815 manseritis.

2020 3854 2135 3922 Ego
2168 3869 2295 3905 sum
2352 3852 2499 3915 vitis,
2550 3869 2645 3905 vos
2686 3852 2967 3921 palmites.
3016 3850 3124 3914 Qui
3168 3854 3362 3903 manet
3408 3850 3466 3901 in
3518 3866 3634 3913 me,
3662 3854 3718 3901 et

2019 3957 2123 4011 ego
2154 3940 2213 3993 in
2245 3957 2333 4005 eo,
2363 3940 2453 3993 hic
2480 3942 2590 3994 fert
2611 3940 2857 3993 fructum
2891 3941 3134 3992 multum
3159 3940 3332 4009 (Joan.
3367 3953 3457 4001 xv,
3486 3939 3539 4001 4,
3574 3940 3649 4006 5).
3686 3957 3713 3986 ι)

2019 4031 2160 4083 Item
2191 4030 2260 4082 de
2294 4029 2427 4081 solis
2457 4029 2722 4081 ﬁdelibus
2747 4029 2917 4081 dicit:
2959 4051 2979 4076 ι
3016 4028 3124 4091 Qui
3146 4027 3450 4080 manducat
3480 4042 3716 4079 carnem

2020 4134 2229 4183 meam,
2266 4122 2324 4171 et
2372 4118 2514 4170 bibit
2555 4118 2898 4187 sanguinem
2951 4132 3141 4169 meum
3191 4114 3247 4167 in
3282 4131 3372 4168 me
3408 4120 3628 4177 manet,
3664 4120 3719 4166 et

2021 4224 2125 4277 ego
2157 4207 2215 4259 in
2270 4223 2336 4259 eo
2392 4208 2563 4273 (Joan.
2614 4222 2689 4273 VI,
2749 4206 2862 4271 52).
2927 4226 2947 4251 ι
3003 4205 3307 4274 Apostolus
3361 4218 3595 4273 quoque
3648 4203 3718 4255 de

210 4292 419 4362 junxit,
456 4292 678 4345 dicens:
716 4315 736 4339 ι
786 4294 927 4347 Cum
979 4300 1125 4347 esset
1182 4296 1520 4365 desponsata
1573 4302 1754 4349 mater
1783 4298 1906 4366 ejus
1946 4291 1990 4344 D
2024 4296 2246 4350 Christo
2287 4300 2343 4348 et
2396 4295 2685 4361 ﬁdelibus,
2731 4294 2801 4346 de
2850 4310 2917 4345 eo
2977 4293 3075 4363 qui
3136 4292 3471 4357 sanctiﬁcat,
3518 4297 3575 4344 et
3618 4292 3717 4361 qui

216 4381 383 4435 Maria
415 4381 647 4450 Joseph,
702 4387 1007 4452 antequam
1041 4384 1427 4446 convenirent,
1472 4386 1700 4439 inventa
1740 4392 1825 4439 est
1851 4387 1908 4439 in

217 4477 382 4525 utero
424 4470 639 4524 habens
672 4471 741 4524 de
773 4471 986 4541 Spiritu
1036 4479 1247 4525 sancto.
1286 4495 1311 4520 υ
1362 4474 1525 4537 Quod
1576 4480 1632 4528 et
1674 4477 1911 4543 angelus

219 4565 414 4629 postea
480 4560 817 4630 adJoseph
880 4562 1118 4630 loquens
1182 4562 1566 4629 commendat,
1629 4570 1684 4617 et
1737 4564 1905 4619 dicit:

222 4647 444 4710 «Quod
480 4647 631 4699 enim
667 4648 722 4699 in
757 4663 822 4700 ea
847 4653 1042 4700 natum
1077 4654 1182 4714 est,
1208 4648 1276 4701 de
1299 4649 1513 4717 Spiritu
1536 4656 1723 4702 sancto
1754 4655 1852 4704 est.
1883 4673 1908 4699 ››

222 4736 286 4787 Et
314 4735 571 4788 adhibito
609 4736 940 4805 prophetico
987 4737 1314 4789 testimonio
1350 4738 1559 4790 docens
1591 4755 1722 4791 eum
1753 4740 1913 4807 cujus

222 4822 515 4890 potestatis
541 4827 595 4875 et
623 4823 845 4874 virtutis
895 4827 1059 4885 esset,
1120 4824 1215 4893 qui
1268 4824 1617 4881 nascebatur.
1653 4826 1915 4879 videlicet

223 4910 374 4979 quod
414 4926 577 4962 verus
631 4911 965 4963 Emmanuel
1020 4913 1165 4966 Deus
1207 4913 1263 4964 in
1314 4913 1546 4965 homine
1599 4914 1910 4981 adveniret,

224 4998 337 5053 ait:
376 5019 402 5047 «
433 5000 545 5052 Hoc
573 5003 765 5051 autem
814 4998 1025 5051 factum
1066 5005 1170 5063 est,
1206 5007 1263 5053 ut
1314 5001 1728 5070 adimpleretur
1758 5003 1914 5072 quod

226 5086 437 5139 dictum
471 5089 573 5151 est,
608 5109 629 5133 »
666 5102 767 5156 per
798 5086 998 5139 Isaiam
1034 5090 1371 5156 prophetam
1398 5105 1409 5142 :
1447 5112 1465 5135 ι
1494 5091 1631 5143 Ecce
1662 5090 1821 5160 virgo
1854 5090 1915 5144 in

225 5180 388 5228 utero
428 5175 680 5240 habebit,
718 5178 775 5227 et
805 5176 988 5244 pariet
1016 5174 1221 5240 ﬁlium,
1274 5184 1327 5229 et
1379 5179 1663 5233 vocabunt
1708 5196 1915 5233 nomen

228 5262 348 5329 ejus
396 5263 755 5326 Emmanuel,
808 5264 959 5333 quod
1021 5270 1104 5317 est
1153 5265 1589 5335 interpretatum
1642 5268 1916 5323 nobiscum

231 5354 366 5403 Deus
401 5354 531 5419 (15a.
558 5369 649 5418 vn,
682 5353 787 5419 14).
820 5374 846 5400 ››

300 5440 437 5501 Quia
470 5455 605 5507 ergo
642 5440 750 5492 ista
782 5446 893 5492 tam
943 5440 1156 5507 divina,
1190 5444 1246 5494 et
1277 5447 1388 5495 tam
1418 5443 1723 5513 singularis
1750 5462 1920 5514 gene-

229 5525 375 5577 ratio
400 5526 648 5577 hominis
681 5527 885 5579 Christi
915 5545 1029 5580 non
1062 5530 1255 5600 aliqua
1279 5532 1525 5584 naturali
1554 5534 1915 5594 necessitate,

2018 4383 2464 4447 sanctiﬁcantur,
2500 4387 2556 4435 et
2597 4383 2667 4435 de
2712 4398 2859 4434 verae
2902 4380 3316 4434 lncarnationis
3350 4379 3473 4447 ejus
3507 4385 3720 4448 myste-

2020 4472 2123 4537 rio,
2159 4488 2331 4542 quam
2366 4488 2428 4524 ex
2481 4472 2653 4525 Adam
2709 4470 2984 4523 veraciter
3034 4469 3224 4534 traxit,
3278 4474 3335 4519 et
3386 4483 3489 4536 per
3536 4483 3719 4536 quam

2019 4560 2383 4614 credentibus
2433 4558 2771 4612 naturaliter
2829 4557 2976 4611 uniri
3039 4558 3305 4625 dignatus
3363 4560 3470 4619 est,
3535 4556 3715 4608 dicit:

2022 4670 2048 4697 ‹‹
2082 4649 2185 4712 Qui
2217 4648 2371 4701 enim
2401 4648 2715 4701 sanctificat
2760 4652 2817 4699 et
2852 4648 2951 4716 qui
3003 4647 3447 4707 sanctilicantur,
3501 4660 3571 4696 ex
3608 4659 3722 4695 uno

2021 4754 2220 4790 omnes
2254 4738 2431 4806 (Hebr.
2482 4754 2541 4803 ιι,
2596 4739 2699 4804 ll),
2737 4757 2763 4783 »
2817 4737 3056 4804 Propter
3102 4750 3273 4804 quam
3331 4748 3563 4785 causam
3608 4748 3721 4783 nou

2022 4826 2391 4889 confunditur
2438 4826 2638 4878 fratres
2700 4841 2798 4877 eos
2833 4840 3054 4886 vocare,
3118 4824 3351 4876 dicens:
3390 4840 3417 4871 ((
3465 4820 3724 4873 Narrabo

2024 4932 2235 4968 nomen
2284 4920 2447 4968 tuum
2506 4914 2775 4967 fratribus
2818 4913 2961 4965 meis
3008 4913 3180 4981 (1)εαί.
3216 4927 3330 4975 xxx,
3375 4911 3491 4977 23),
3541 4932 3561 4955 ι
3614 4916 3721 4961 etc.

2023 5004 2175 5068 Quos
2214 5020 2350 5074 ergo
2381 5003 2651 5071 suscepit,
2698 5001 2852 5071 ipsos
2902 5005 2957 5053 et
2997 5020 3024 5050 α
3078 5000 3470 5059 sanctiﬁcavit,
3505 5020 3532 5046 ››
3570 4998 3726 5064 ipsos

2024 5098 2079 5146 et
2112 5113 2138 5141 «
2170 5093 2371 5144 fratres
2403 5110 2429 5143 »
2455 5107 2585 5144 suos
2639 5091 2789 5155 fecit,
2839 5111 2866 5138 ‹‹
2899 5094 2963 5141 ut
3019 5089 3093 5141 sit
3139 5088 3258 5157 ipse
3301 5087 3726 5156 primogenitus

2027 5182 2083 5235 in
2116 5181 2311 5233 multis
2342 5180 2611 5233 fratribus
2638 5178 2817 5248 (Rom.
2848 5194 2965 5243 VIII,
2999 5179 3112 5243 29).
3160 5197 3185 5223 »
3219 5176 3358 5229 Nam
3391 5175 3436 5226 si
3467 5174 3725 5243 diligen-

2026 5275 2112 5323 ter
2142 5268 2555 5331 consideretur,
2596 5266 2877 5320 nescimus
2909 5266 2954 5318 si
3003 5266 3175 5318 etiam
3220 5265 3288 5317 de
3325 5263 3591 5332 quolibet
3622 5263 3725 5314 ho-

2026 5358 2182 5411 mine
2213 5357 2621 5410 convenienter
2650 5355 2759 5408 dici
2792 5355 2988 5423 possit,
3023 5354 3172 5423 quod
3225 5351 3490 5405 omnium
3535 5351 3724 5403 homi-

2028 5462 2164 5498 num
2224 5450 2487 5497 naturam
2562 5443 2846 5496 nascendo
2920 5439 3309 5509 assumpserit.
3370 5441 3514 5492 Cum
3571 5439 3723 5491 enim

2028 5538 2194 5587 natus
2233 5537 2334 5598 est,
2373 5532 2683 5600 assumpsit
2734 5531 2930 5599 utique
2979 5534 3243 5582 naturam
3291 5532 3629 5596 parentum,
3658 5525 3725 5578 de
