3884 6218
146 358 271 412 1121

141 598 295 647 111111,
350 583 421 635 de
454 598 701 652 quorum
761 582 937 652 stirpe
969 589 1053 635 est
1100 590 1471 653 propagatus.
1523 584 1846 653 Assumpsit

142 676 413 723 naturam
447 670 620 740 primi
648 670 916 733 hominis,
950 671 1103 724 unde
1147 672 1318 724 totius
1350 672 1586 724 humani
1622 673 1845 741 generis

144 759 312 824 origo
344 759 641 827 processit.

218 846 546 900 Secundum
591 846 693 898 hoc
726 861 861 915 ergo
892 851 1185 916 utcunque
1220 846 1330 900 dici
1372 852 1575 917 potest,
1604 848 1846 918 quilibet

144 936 323 989 homo
363 950 599 988 nascens
656 933 914 987 omnium
966 934 1267 988 hominum
1319 936 1630 1005 suscepisse
1675 942 1844 989 natu-

146 1040 296 1089 ram,
349 1023 484 1093 quia
518 1038 583 1075 ex
635 1021 735 1075 illo
769 1022 1050 1091 originem
1102 1023 1295 1084 trahit,
1330 1040 1393 1076 ex
1436 1040 1548 1093 quo
1584 1025 1841 1077 omnium

147 1117 360 1165 natura
408 1110 759 1181 principium
809 1111 1068 1180 sumpsit.
1120 1113 1194 1165 De
1227 1129 1340 1182 quo
1372 1113 1558 1182 primo
1610 1114 1844 1167 homine

143 1200 330 1253 Adam
372 1199 544 1252 etiarn
604 1198 877 1252 Dominus
928 1204 1123 1253 noster
1170 1201 1326 1253 .lesus
1370 1201 1626 1255 Christus
1679 1204 1846 1255 veris-

146 1288 293 1340 sime
324 1287 511 1340 carnis
542 1287 920 1340 substantiam
970 1287 1161 1341 traxit.
1201 1289 1358 1343 Unde
1390 1295 1444 1342 et
1474 1290 1543 1342 ab
1573 1291 1844 1359 Apostolo

148 1397 176 1423 «
222 1375 505 1429 secundus
560 1376 740 1428 Adam
792 1396 819 1423 »
878 1375 1109 1428 dicitur.
1166 1378 1231 1429 Et
1278 1376 1525 1445 seipsum
1583 1398 1609 1425 ‹‹
1661 1379 1844 1431 ﬁlium

145 1464 351 1527 Adam,
387 1484 414 1510 »
451 1463 559 1516 hoc
591 1468 677 1515 est
705 1482 731 1513 ‹‹
766 1464 947 1517 tilium
979 1463 1229 1517 hominis
1260 1484 1287 1514 »
1314 1465 1539 1518 assidue
1561 1482 1847 1520 commen-

148 1552 249 1605 dat
300 1552 355 1620 (Ι
408 1552 527 1607 Cor.
567 1566 658 1616 xv,
716 1552 805 1617 45,
855 1551 967 1619 47).
1031 1553 1093 1605 Ε1
1127 1553 1300 1605 Lucas
1350 1554 1694 1623 evangelista
1746 1571 1847 1623 per

146 1641 526 1710 Septuaginta
560 1646 615 1693 et
658 1645 875 1709 septem
908 1642 1307 1709 generationes
1354 1642 1423 1696 ab
1454 1643 1578 1711 ipso
1625 1644 1845 1697 Christo

148 1744 333 1799 usque
364 1730 544 1782 Adam
576 1728 904 1796 ascendens,
936 1745 1125 1782 veram
1164 1746 1231 1783 ex
1263 1730 1359 1782 illo
1393 1731 1847 1784 incarnationem

150 1817 276 1885 ejus
321 1816 569 1869 ﬁdeliter
598 1816 968 1869 demonstrat.
1004 1817 1149 1879 Quia
1191 1834 1325 1887 ergo
1360 1819 1632 1888 mysterii,
1668 1825 1721 1873 et
1752 1836 1847 1873 re-

151 1904 522 1974 demptionis,
574 1910 631 1957 et
671 1904 901 1973 pietatis
954 1904 1063 1958 fuit
1107 1905 1203 1959 illa
1248 1906 1305 1958 in
1349 1906 1573 1959 Christo
1631 1913 1849 1961 natura:

148 1992 422 2045 humanae
478 1994 782 2062 susceptio,
835 1992 1044 2045 idcirco
1092 1992 1149 2046 in
1197 1992 1293 2046 illo
1337 1994 1717 2048 sacratissimo
1757 1995 1847 2049 die

149 2082 358 2133 natalis
407 2081 531 2151 ejus
561 2097 625 2133 ex
680 2080 909 2150 Virgine
959 2081 1109 2133 inter
1146 2081 1267 2150 ipsa
1324 2098 1495 2135 sacra:
1547 2083 1849 2136 oblationis

152 2170 423 2238 mysteria
491 2174 614 2223 orat
660 2170 924 2235 Ecclesia,
991 2170 1181 2223 dicens
1234 2187 1246 2223 :
1303 2194 1324 2219 ι
1386 2172 1454 2224 Ut
1507 2176 1604 2224 tua
1670 2171 1849 2240 gratia

148 2256 431 2327 largiente
484 2273 586 2326 per
636 2257 758 2310 haec
800 2265 1158 2311 sacrosancta
1211 2258 1551 2311 commercia
1596 2259 1653 2310 in
1698 2258 1850 2311 illius

148 2344 518 2399 inveniamur
574 2346 777 2412 forma,
832 2346 893 2398 in
936 2362 1049 2416 quo
1098 2350 1286 2400 tecum
1331 2352 1416 2400 est
1465 2352 1657 2399 nostra
1717 2348 1849 2401 sub-

150 2434 377 2488 stantia.
438 2456 465 2483 »
532 2436 595 2488 Et
646 2435 993 2504 praecedenti
1052 2435 1161 2502 die,
1222 2452 1352 2487 cum
1410 2451 1582 2488 sacrae
1643 2434 1851 2505 vigiliae

150 2524 537 2592 celebrantur,
569 2524 648 2576 ita
695 2524 898 2593 incipit
938 2523 1117 2577 oratio
1154 2540 1165 2576 :
1207 2546 1227 2571 α
1284 2525 1431 2577 Deus
1469 2524 1565 2594 qui
1616 2540 1719 2576 nos
1770 2540 1853 2577 re-

152 2611 508 2680 demptionis
550 2616 761 2664 nostrae
803 2627 995 2664 annua
1045 2612 1465 2681 exspectatione
1514 2612 1784 2665 laetiﬁcas.
1821 2631 1848 2661 »

156 2700 417 2769 Itemque
468 2700 591 2769 ipso
635 2698 944 2753 Dominicae
988 2700 1306 2753 Nativitatis
1340 2700 1473 2753 die:
1517 2723 1535 2747 ι
1570 2700 1849 2766 Concede,

154 2804 510 2857 qumsumus,
565 2788 931 2856 omnipotens
988 2788 1152 2853 Deus,
1204 2793 1261 2841 ut
1292 2805 1395 2841 nos
1431 2788 1720 2857 Unigeniti
1770 2788 1852 2841 tui

154 2892 304 2929 nova
337 2891 440 2945 per
480 2890 707 2929 carnem
740 2876 1004 2929 nativitas
1048 2876 1270 2941 liberet,
1306 2893 1448 2946 quos
1492 2878 1598 2929 sub
1638 2877 1854 2945 peccati

154 2966 291 3035 iugo
344 2968 567 3017 vetusta
598 2964 838 3016 servitus
882 2967 1055 3017 tenet.
1093 2984 1119 3015 υ
1163 2966 1225 3017 Et
1256 2981 1427 3034 super
1456 2964 1801 3018 oblationem
1838 2980 1851 3018 :

1232 360 1321 412 DE
1360 360 1691 414 TENENDA
1730 360 2142 417 SCRIPTUR/E
2182 363 2557 420 VERITATE.

141 494 352 563 quibus
402 500 488 545 est
520 494 770 563 genitus.
830 494 1150 564 Assumpsit
1197 501 1457 548 naturam
1506 497 1838 565 progenito-
1879 504 1917 552 A

3513 366 3644 417 1122

1952 518 1978 543 ‹‹
2017 498 2079 549 Et
2110 499 2265 551 omni
2299 521 2323 545 ››
2382 499 2600 552 homini
2655 500 2970 553 renascenti
3028 522 3053 547 ‹‹
3098 515 3247 569 aqua
3288 499 3645 567 baptismatis

1954 584 2134 637 instar
2182 593 2266 637 est
2317 586 2464 639 uteri
2498 587 2809 656 virginalis,
2869 608 2894 637 »
2929 588 3125 641 eodem
3176 592 3370 639 sancto
3426 586 3641 656 Spiritu

1954 673 2212 742 replente
2254 674 2491 735 fontem,
2527 676 2623 744 qui
2657 678 2893 745 replevit
2925 681 2978 729 et
3010 676 3308 745 virginem,
3347 680 3405 728 ut
3439 691 3643 745 pecca-

1952 766 2094 825 tum,
2144 762 2296 830 quod
2327 760 2407 814 ibi
2440 763 2697 815 vacuavit
2727 780 2883 817 sacra
2926 764 3239 833 conceptio,
3278 763 3367 817 hic
3409 763 3643 832 mystica

1953 850 2116 902 tollat
2145 847 2404 921 ablutio.]

2025 939 2164 991 Item
2211 938 2323 991 alio
2356 939 2479 992 loco
2511 954 2524 991 :
2555 937 2836 1010 [Renovat
2867 940 3025 993 nobis
3065 940 3341 993 hodierna
3374 940 3645 993 festivitas

1952 1024 2070 1078 nati
2100 1027 2229 1085 Jesu
2263 1042 2325 1078 ex
2379 1026 2551 1079 Maria
2581 1026 2801 1089 virgine
2846 1043 3001 1079 sacra
3040 1027 3371 1095 primordia,
3423 1033 3479 1080 et
3506 1028 3643 1081 dum

1953 1113 2259 1167 Salvatoris
2313 1114 2491 1166 nostri
2545 1114 2853 1167 adoramus
2903 1120 3112 1179 ortum,
3170 1115 3492 1167 invenimus
3545 1131 3647 1167 nos

1951 1205 2212 1254 nostrum
2244 1201 2530 1255 celebrare
2560 1199 2931 1271 principium.
2963 1202 3263 1256 Generatio
3302 1202 3454 1255 enim
3484 1202 3647 1256 Chri-

1953 1288 2023 1341 sti
2076 1288 2235 1358 origo
2287 1293 2370 1342 est
2412 1289 2615 1358 populi
2672 1289 3006 1357 Christiani;
3062 1294 3118 1342 et
3172 1289 3375 1342 natalis
3426 1289 3655 1358 capitis,

1956 1375 2158 1429 natalis
2190 1382 2276 1430 est
2305 1378 2583 1446 corporis,
2615 1377 2862 1431 habeant
2900 1378 3028 1431 licet
3065 1377 3278 1447 singuli
3312 1377 3527 1447 quique
3558 1394 3651 1430 vo-

1954 1470 2208 1517 catorum
2276 1464 2538 1518 ordinem
2593 1481 2805 1519 suum:
2845 1470 2899 1517 et
2960 1482 3160 1518 omnes
3220 1466 3479 1517 Ecclesiae
3522 1464 3648 1533 ﬁlii,

1956 1558 2283 1621 temporum
2354 1554 2704 1606 successione
2773 1553 3045 1619 distincti,
3114 1554 3381 1606 universa
3454 1558 3648 1605 tamen

1957 1654 2182 1691 summa
2216 1639 2495 1706 ﬁdelium,
2541 1640 2693 1693 fonte
2726 1647 2849 1693 orta
2894 1641 3270 1710 baptismatis,
3324 1644 3468 1694 sicut
3518 1656 3647 1693 cum

1959 1727 2181 1780 Christo
2212 1727 2267 1780 in
2298 1729 2560 1797 passione
2592 1728 2867 1795 cruciﬁxi,
2903 1728 2960 1781 in
3004 1729 3419 1782 resurrectione
3468 1729 3650 1783 susci—

1893 1792 1930 1844 B
1961 1815 2083 1881 tati,
2132 1816 2458 1870 ascensione
2505 1817 2574 1869 ad
2626 1818 2804 1869 Patris
2854 1817 3142 1869 dexteram
3185 1817 3481 1881 collocati;
3517 1832 3650 1869 nam

1958 1920 2086 1956 cum
2122 1904 2245 1973 ipso
2296 1921 2493 1957 sumus
2532 1904 2591 1957 in
2626 1905 2730 1957 hac
2777 1904 3070 1958 nativitate
3116 1905 3424 1974 congeniti.
3478 1905 3655 1969 Quid-

1958 1992 2094 2061 quid
2126 1992 2279 2045 enim
2311 1992 2611 2045 hominum
2641 1993 2699 2045 in
2731 2009 3072 2063 quacunque
3106 1993 3307 2046 mundi
3336 1998 3497 2062 parte
3527 2009 3653 2045 cre-

1957 2081 2216 2133 dentium
2249 2086 2620 2150 regeneratur
2650 2081 2707 2133 in
2740 2081 2987 2147 Christo,
3040 2082 3306 2134 interciso
3351 2082 3650 2151 originalis

1958 2169 2185 2222 tramite
2241 2170 2536 2222 vetustatis
2584 2169 2787 2221 transit
2831 2169 2888 2221 in
2950 2186 3162 2222 novum
3211 2169 3506 2222 hominem
3560 2186 3647 2222 re-

1960 2255 2262 2309 nascendo.
2324 2258 2433 2309 Nec
2478 2256 2597 2325 jam
2638 2256 2696 2308 in
2744 2256 3061 2326 propagine
3118 2258 3361 2310 habetur
3410 2256 3652 2309 carnalis

1958 2343 2154 2413 patris,
2206 2344 2302 2397 sed
2358 2344 2415 2396 in
2466 2343 2724 2414 germine
2774 2344 3099 2397 Salvatoris.
3165 2344 3269 2407 Qui
3313 2343 3443 2397 ideo
3500 2343 3653 2396 ﬁlius

1959 2431 2209 2484 hominis
2240 2437 2324 2485 est
2350 2432 2550 2498 factus,
2584 2437 2646 2485 ut
2678 2448 2778 2484 nos
2808 2431 2910 2485 ﬁlii
2940 2432 3039 2484 Dei
3073 2448 3193 2484 esse
3218 2432 3503 2502 possimus
3537 2447 3550 2485 :
3587 2436 3653 2485 ut

1960 2524 2253 2589 susceptus
2315 2537 2347 2574 a
2395 2521 2638 2587 Christo,
2691 2520 3094 2589 Christumque
3160 2520 3491 2589 suscipiens,
3536 2535 3651 2572 non

1959 2606 2111 2661 idem
2163 2608 2235 2661 sit
2264 2614 2392 2678 post
2438 2610 2744 2674 lavacrum,
2798 2608 2895 2678 qui
2937 2614 3067 2662 ante
3125 2609 3474 2678 baptismum
3506 2608 3652 2673 fuit,

1960 2696 2057 2749 sed
2101 2712 2308 2766 corpus
2357 2697 2699 2767 regenerati,
2746 2713 2951 2767 corpus
2992 2697 3091 2750 ﬁat
3137 2697 3413 2750 cruciﬁxi.
3450 2720 3476 2745 ‹‹
3524 2697 3656 2751 Haec

1962 2784 2332 2837 commutatio
2405 2786 2650 2837 dexterae
2717 2788 2801 2835 est
2886 2783 3094 2836 Excelsi
3157 2784 3388 2851 (Psalm.
3457 2800 3652 2851 Lxxvi,

1969 2872 2071 2941 11).
2112 2870 2157 2943 ›]
2197 2874 2261 2925 Ε1
2290 2872 2401 2926 alio
2428 2872 2550 2925 loco
2583 2888 2595 2924 :
2631 2870 2780 2942 [Non
2812 2871 2965 2924 enim
2997 2872 3149 2925 aliud
3181 2872 3301 2942 agit
3345 2872 3656 2941 participa-

1961 2960 2039 3013 tio
2072 2961 2325 3029 corporis
2356 2966 2411 3015 et
2455 2960 2750 3031 sanguinis
2790 2960 3016 3027 Christi,
3070 2976 3264 3030 quam,
3300 2966 3361 3013 ut
3407 2960 3469 3013 in
3500 2960 3654 3030 quod

157 3071 184 3103 11
218 3052 441 3117 Oblata,
505 3052 765 3116 Domine,
815 3066 1057 3104 munera
1087 3067 1233 3104 nova
1265 3051 1553 3120 Unigeniti
1585 3051 1668 3104 tui
1704 3051 1853 3105 nati-
1894 3083 1934 3138 Ο
1965 3048 2267 3112 sumimus,
2298 3054 2657 3102 transeamus
2691 3065 2703 3101 :
2737 3053 2793 3102 et
2822 3049 2881 3101 in
2914 3065 3025 3118 quo
3054 3049 3399 3101 commortui
3428 3053 3483 3102 et
3513 3064 3656 3102 con-

155 3140 332 3193 vitate
364 3140 675 3205 sanctiﬁca,
708 3155 927 3209 nosque
957 3156 987 3191 a
1010 3146 1372 3208 peccatorum
1396 3145 1717 3192 nostrorum
1741 3156 1856 3193 ma-

156 3230 300 3281 culis
345 3228 618 3281 emunda.
654 3247 681 3279 »
716 3229 779 3281 Et
809 3229 866 3280 in
898 3228 1265 3281 conclusione
1297 3228 1598 3281 missarum
1629 3246 1646 3281 :
1683 3251 1703 3276 ι
1740 3230 1853 3282 Hu-

152 3318 247 3386 jus
278 3333 406 3376 nos.
442 3316 705 3378 Domine,
755 3315 1095 3368 sacramenti
1128 3331 1355 3385 semper
1396 3314 1617 3368 novitas
1651 3315 1855 3368 natalis

156 3407 457 3470 instauret,
511 3404 673 3473 cujus
721 3403 987 3457 nativitas
1034 3403 1342 3473 singularis
1394 3403 1706 3457 humanam
1755 3404 1850 3457 de-

155 3493 306 3563 pulit
333 3496 694 3545 vetustatem.
726 3513 753 3539 »

230 3582 389 3636 Hanc
440 3580 684 3649 gratiam
738 3578 1045 3633 Dominicaa
1096 3578 1519 3639 incarnationis,
1577 3578 1729 3649 quod
1771 3585 1857 3632 est.

157 3684 289 3722 vere
340 3666 673 3736 mysterium
728 3670 939 3719 nostra:
986 3666 1418 3735 redemptionis,
1469 3666 1668 3719 beatus
1718 3666 1854 3719 Gre-

159 3755 356 3825 gorius
384 3755 478 3824 pie
520 3754 929 3807 commendans
979 3754 1056 3807 ait
1086 3754 1337 3823 quodam
1382 3755 1505 3807 loco
1536 3755 1594 3807 in
1635 3754 1854 3823 exposi-

158 3843 318 3895 tione
352 3842 483 3896 libri
514 3841 616 3895 Job
652 3858 663 3894 :
704 3840 1051 3913 [Interpellat
1080 3846 1272 3895 autem
1306 3858 1409 3911 pro
1456 3842 1624 3895 nobis
1659 3842 1855 3895 Domi-

161 3948 287 3994 nus,
345 3947 459 3983 non
493 3947 628 3984 voce
682 3931 776 3984 sed
808 3931 1194 3998 miseratione,
1227 3931 1362 4000 quia
1408 3932 1561 4000 quod
1596 3931 1858 3984 damnari

160 4020 217 4072 in
251 4019 445 4072 electis
487 4019 687 4084 noluit,
739 4018 1100 4089 suscipiendo
1150 4019 1436 4089 servavit.]
1485 4019 1760 4073 Similiter
1803 4026 1860 4073 et

161 4109 218 4161 Β.
257 4108 505 4161 Hilarius
549 4124 841 4177 exponens
874 4107 971 4160 illa
1003 4107 1173 4160 verba
1226 4107 1454 4160 Domini
1493 4106 1700 4177 quibus
1732 4109 1811 4159 ait
1844 4123 1854 4159 :

166 4218 183 4243 1
221 4196 334 4260 Qui
365 4196 670 4250 manducat
717 4212 902 4249 meam
954 4212 1185 4249 carnem
1230 4202 1285 4249 et
1333 4195 1476 4249 bibit
1521 4196 1856 4265 sanguinem

160 4301 376 4350 meum,
413 4283 471 4337 in
516 4300 608 4338 me
641 4290 853 4349 manet,
900 4289 955 4338 et
985 4300 1091 4353 ego
1141 4284 1199 4336 in
1230 4300 1296 4337 eo
1329 4284 1503 4353 (Joan.
1542 4300 1616 4345 γι,
1668 4284 1776 4353 57),
1829 4303 1854 4333 11

161 4372 416 4443 idipsum
463 4372 771 4441 diligenter
810 4372 1195 4435 commendat,
1248 4371 1442 4425 dicens
1476 4387 1488 4424 :
1525 4372 1668 4441 [Non
1705 4372 1857 4424 enirn

161 4461 291 4531 quis
324 4460 382 4513 in
416 4476 481 4513 eo
524 4461 650 4526 erit,
688 4459 795 4512 nisi
828 4460 885 4511 in
918 4476 1030 4529 quo
1061 4459 1183 4527 ipse
1231 4459 1434 4525 fuerit;
1468 4462 1591 4529 ejus
1637 4464 1859 4512 tantum

160 4548 219 4601 in
250 4564 314 4600 se
351 4554 699 4616 assumptam
754 4547 968 4600 habens
1012 4564 1239 4600 carnem
1274 4548 1371 4617 qui
1402 4563 1562 4599 suam
1610 4563 1863 4617 sumpse-

159 4636 280 4705 rit.]
318 4635 423 4689 Sed
458 4640 513 4689 et
567 4636 624 4688 Β.
661 4636 769 4688 Leo
808 4635 1146 4689 mirabiliter
1192 4635 1297 4688 hoc
1328 4635 1664 4704 mysterium
1696 4652 1863 4705 expo-

162 4725 247 4777 nit
298 4729 472 4794 atque
524 4724 905 4789 commendat,
962 4723 1038 4775 ita
1078 4723 1267 4775 dicens
1301 4738 1313 4776 :
1348 4723 1613 4792 [NaSCL‘llS
1666 4724 1861 4794 itaque

167 4812 447 4866 Dominus
491 4812 651 4865 Jesus
698 4811 949 4864 Christus
980 4812 1152 4864 homo
1201 4828 1385 4877 verus,
1422 4811 1521 4881 qui
1564 4827 1861 4881 nunquam

163 4916 284 4952 esse
335 4899 553 4953 destitit
584 4900 730 4952 Deus
780 4915 967 4967 verus,
1020 4916 1181 4953 novre
1212 4904 1488 4953 creaturae
1537 4900 1594 4953 111
1627 4917 1684 4952 se
1732 4900 1863 4954 fecit

163 4988 466 5041 exordium
502 5003 513 5040 :
549 4992 605 5040 et
637 4986 696 5039 in
744 4992 900 5040 ortus
930 4986 1018 5039 sui
1066 4987 1249 5041 forma
1280 4987 1435 5041 dedit
1478 4989 1730 5041 humano
1762 5005 1861 5057 ge—

163 5076 287 5130 neri
339 5075 584 5145 speciale
634 5074 1015 5144 principium;
1066 5080 1121 5128 et
1179 5076 1257 5127 ita
1293 5092 1350 5128 se
1401 5076 1583 5141 nobis,
1641 5092 1862 5147 nosque

162 5165 414 5219 inseruit
460 5163 588 5229 sibi,
651 5168 713 5216 ut
762 5163 864 5216 Dei
904 5163 975 5216 ad
1034 5163 1288 5216 humana
1342 5164 1653 5231 descensio,
1700 5165 1865 5221 ﬁeret

164 5252 415 5307 hominis
446 5252 517 5305 ad
562 5250 752 5305 divina
789 5252 1125 5320 provectio.]
1170 5252 1237 5305 Et
1266 5251 1399 5305 alibi
1434 5268 1446 5307 :
1485 5252 1676 5321 [Terra
1708 5253 1862 5305 enim

164 5341 350 5395 carnis
381 5342 675 5406 humana},
709 5356 838 5410 quae
871 5340 929 5393 in
962 5340 1149 5409 primo
1202 5339 1387 5393 fuerat
1430 5341 1861 5410 praevaricatore

165 5430 491 5494 maledicta,
526 5429 588 5481 in
618 5428 723 5482 hoc
754 5429 876 5481 solo
905 5430 964 5483 Β.
998 5428 1246 5498 Virginis
1282 5432 1451 5497 partu
1482 5443 1718 5497 germen
1749 5427 1864 5480 edi-

167 5518 250 5572 dit
280 5516 670 5581 benedictum,
705 5522 759 5570 et
789 5532 822 5569 a
854 5516 993 5570 vitio
1023 5532 1138 5569 suae
1167 5515 1361 5585 stirpis
1394 5516 1666 5581 alienum,
1702 5516 1863 5585 cujus

167 5609 473 5678 specialem
518 5605 803 5675 originem
841 5606 901 5659 in
951 5603 1384 5675 regeneratione
1430 5604 1858 5673 consequimur.

1965 3138 2170 3206 sepulti
2208 3142 2263 3190 et
2293 3137 2725 3191 conresuscitati
2752 3153 2967 3203 sumus,
3011 3137 3196 3207 ipsum
3229 3152 3332 3206 per
3360 3137 3573 3201 omnia,
3603 3141 3659 3189 et

1965 3226 2188 3294 spiritu,
2226 3231 2281 3279 et
2307 3241 2474 3279 carne
2523 3224 2853 3295 gestemus.l
2886 3226 3024 3278 Item
3060 3226 3236 3279 alibi:
3278 3224 3457 3297 [Nihil
3503 3224 3658 3278 enim

1967 3313 2316 3383 Redemptor
2346 3318 2539 3367 noster
2568 3330 2680 3367 non
2725 3316 2793 3366 ad
2826 3320 3080 3367 nostram
3114 3314 3377 3379 salutem,
3422 3318 3518 3367 aut
3544 3312 3661 3383 egit

1966 3405 2062 3453 aut
2104 3402 2368 3470 pertulit;
2416 3407 2476 3454 ut
2510 3402 2706 3465 virtus,
2756 3418 2885 3471 quae
2937 3402 3125 3454 inerat
3155 3402 3326 3471 capiti
3365 3402 3577 3455 inesset
3606 3405 3663 3455 et

1964 3488 2211 3557 corpori.
2245 3492 2379 3543 Nam
2414 3488 2665 3560 primum
2712 3489 2834 3558 ipsa
2868 3489 2965 3541 illa
2997 3490 3331 3543 substantiae
3367 3495 3572 3543 nostra?
3604 3491 3660 3542 in

1965 3576 2175 3630 deitate
2220 3577 2521 3647 susceptio,
2561 3594 2673 3647 qua
2703 3599 2729 3627 ‹‹
2772 3578 3015 3630 Verbum
3067 3594 3194 3629 caro
3227 3577 3436 3630 factum
3468 3584 3571 3644 est,
3607 3582 3664 3631 et

1964 3665 2239 3718 habitavit
2288 3665 2346 3718 in
2401 3665 2568 3718 nobis
2628 3666 2806 3732 (Joan.
2842 3682 2876 3731 1,
2934 3666 3036 3733 1-1),
3084 3685 3111 3711 ››
3146 3681 3315 3734 quem
3364 3666 3660 3719 hominum

1970 3753 2372 3808 misericordia:
2405 3770 2542 3819 sure,
2592 3754 2700 3806 nisi
2746 3752 3036 3806 inﬁdelem
3069 3753 3302 3822 reliquit
3330 3759 3610 3808 exsortem
3634 3756 3663 3808 ‘P

1970 3845 2033 3896 Et
2062 3842 2159 3913 qui
2204 3859 2319 3896 non
2350 3842 2674 3895 communis
2706 3846 2907 3895 natura
2940 3857 3069 3894 cum
3104 3841 3327 3894 Christo
3358 3847 3462 3909 est,
3497 3843 3543 3895 si
3576 3860 3664 3896 as-

1968 3936 2291 3985 sumentem
2323 3931 2544 4000 recipit,
2592 3936 2646 3984 et
2674 3947 2738 3983 eo
2772 3930 2979 3999 spiritu
3009 3934 3091 3982 est
3119 3936 3508 3999 regeneratus,
3544 3948 3659 4001 quo

1968 4022 2061 4073 ille
2110 4019 2571 4091 primogenitus.]
2633 4019 2947 4072 Audiamus
3001 4018 3122 4071 haec
3174 4018 3343 4071 verba
3392 4019 3658 4073 ﬁdelissi-

1970 4124 2195 4161 morum
2263 4114 2317 4161 et
2382 4108 2841 4162 beatissimorum
2923 4109 3171 4174 Patrum,
3241 4111 3297 4159 et
3360 4107 3663 4176 adjuvante

1972 4197 2212 4250 Domino
2279 4197 2586 4266 diligenter
2650 4195 3038 4265 intelligamus
3100 4200 3267 4265 atque
3335 4199 3664 4261 teneamus;

1970 4291 2341 4354 agnoscentes
2374 4286 2672 4345 veraciter,
2719 4284 2866 4354 quod
2901 4285 2995 4337 illa
3044 4285 3310 4338 humanae
3357 4288 3575 4338 natura:
3606 4283 3665 4337 in

1904 4375 1943 4427 D
1976 4372 2199 4427 Christo
2246 4374 2527 4443 susceptio
2584 4373 2842 4427 inﬁdeles
2885 4374 3053 4442 hujus
3100 4372 3499 4425 misericordia:
3530 4372 3663 4425 reli-

1972 4460 2099 4531 quit
2126 4468 2392 4515 exsortes.
2443 4462 2508 4514 Et
2537 4462 2618 4514 eis
2650 4461 2785 4513 solis
2816 4461 3097 4529 praestitit,
3140 4465 3200 4512 ut
3230 4460 3479 4513 habeant
3510 4476 3663 4513 com-

1974 4564 2206 4601 munem
2241 4555 2508 4601 naturam
2558 4565 2687 4603 cum
2716 4549 2961 4613 Christo,
3009 4549 3105 4618 qui
3136 4554 3522 4601 assumentem
3568 4564 3664 4600 re-

1972 4636 2210 4706 cipiunt,
2262 4643 2316 4689 et
2347 4654 2413 4689 eo
2460 4636 2665 4706 spiritu
2718 4642 2849 4689 sunt
2894 4635 3233 4705 regenerati,
3289 4652 3401 4705 quo
3436 4640 3519 4688 est
3567 4635 3665 4687 ille

1973 4725 2327 4794 progenitus.
2364 4726 2662 4794 Cessetque
2694 4724 2801 4777 ista
2830 4726 3277 4793 supervacuitas,
3314 4740 3425 4795 qua
3457 4723 3669 4777 dicitur

1973 4818 2029 4865 et
2058 4812 2349 4877 deﬁnitur,
2392 4813 2599 4883 «quod
2646 4812 2836 4865 nullus
2886 4813 3185 4865 hominum
3218 4812 3358 4877 fuit,
3405 4818 3526 4877 est,
3579 4812 3667 4864 vel

1972 4902 2080 4953 erit
2110 4902 2272 4969 cujus
2320 4905 2578 4953 naturam
2612 4900 2705 4953 ille
2740 4916 2854 4953 non
2903 4901 3233 4969 susceperit.
3276 4922 3303 4947 ››
3350 4900 3491 4963 Quia
3523 4900 3669 4953 sicut

1972 4990 2276 5058 Apostolus
2306 4989 2470 5042 docet
2492 5008 2519 5039 α
2557 5004 2830 5058 magnum
2866 4994 2949 5041 est
2976 4988 3203 5057 pietatis
3224 4995 3664 5055 sacramentum,

1974 5078 2127 5148 quod
2184 5076 2606 5129 manifestatum
2669 5081 2754 5128 est
2796 5076 2855 5127 in
2904 5092 3108 5143 carne,
3153 5077 3530 5145 justiﬁcatnm
3581 5083 3667 5130 est

1972 5165 2031 5217 in
2060 5163 2293 5232 Spiritu,
2332 5183 2357 5210 ››
2406 5169 2537 5229 etc.,
2570 5178 2749 5232 usque
2804 5185 2823 5211 ι
2860 5167 3216 5232 assumptum
3263 5170 3347 5216 est
3376 5165 3435 5217 in
3486 5165 3668 5234 gloria

1973 5253 2012 5322 (1
2046 5254 2181 5305 Tim.
2218 5267 2297 5317 111,
2340 5252 2439 5317 16).
2468 5273 2495 5299 ››
2532 5252 2661 5305 Haec
2689 5251 2756 5304 de
2786 5252 2970 5321 prima
2994 5252 3314 5320 quaestione
3336 5252 3486 5305 dicta
3510 5258 3663 5307 sunt.

2620 5357 2843 5411 CAPUT
2887 5357 3015 5409 XIV.

2058 5448 2151 5499 An
2183 5445 2441 5499 Christus
2462 5460 2660 5515 passus
2690 5447 2761 5499 sit
2792 5460 2890 5513 pro
2920 5445 3165 5499 omnibus
3198 5447 3294 5513 qui
3322 5450 3447 5499 ante
3470 5447 3588 5515 ejus

2479 5518 2765 5570 adventum
2796 5519 2996 5569 mortui
3025 5521 3169 5569 sunt.

2048 5606 2123 5659 De
2159 5603 2408 5659 secunda
2452 5619 2607 5671 vero,
2641 5620 2756 5674 qua
2805 5603 2864 5657 in
2904 5604 3015 5658 illis
3052 5603 3319 5674 capitulis
3364 5604 3668 5660 deﬁnitum
