3884 6218
228 319 362 369 “‘23

1353 313 1409 366 s.
1453 310 1720 366 nemon
1753 309 2236 366 LUGDUNENSIS
2275 283 2582 365 EPISCDPI

3597 309 3722 362 H25

225 457 308 505 est
342 467 353 504 :
394 472 420 498 ‹‹
448 449 608 514 Quod
645 451 833 501 nullus
877 447 1176 500 hominum
1226 447 1352 510 fuit,
1396 453 1495 508 est,
1524 448 1606 499 vel
1641 445 1766 511 erit,
1810 462 1911 516 pro
1951 447 1996 498 A
2027 463 2058 497 a
2091 445 2300 515 quibus
2348 446 2780 515 exspectabatur
2817 446 2954 512 illic,
2999 445 3288 514 Scriptura
3331 446 3474 500 dicit
3509 463 3522 498 :
3561 467 3590 494 ‹‹
3632 447 3724 500 Bc-

224 556 338 608 quo
368 539 619 592 Christus
650 553 846 606 passus
893 552 1002 588 non
1032 534 1225 596 fuerit,
1261 557 1280 582 »
1319 535 1458 604 quid
1491 534 1641 588 aliud
1677 550 1914 603 respon-

225 629 358 680 dere
387 642 708 696 possumus,
747 624 858 677 nisi
893 629 952 676 ut
997 623 1250 692 primum
1281 623 1455 693 ipsos,
1487 623 1586 692 qui
1637 623 1744 676 hoc
1775 622 1915 674 deti-

223 716 470 778 nierunt,
517 715 714 766 sedulo
763 713 1201 781 interrogemus,
1252 717 1306 764 et
1347 713 1800 776 admoneamus,
1857 716 1912 762 ut

221 804 523 872 vigilanter
548 807 603 854 et
623 802 871 855 ﬁdeliter
893 817 1132 870 pensare
1157 801 1436 866 studeant,
1463 817 1532 854 ne
1565 801 1707 853 forte
1727 799 1914 852 minus

223 891 632 944 considerando
681 890 830 961 quod
874 889 1180 943 dicendum
1227 894 1367 955 erat,
1416 893 1614 941 contra
1659 887 1832 941 ﬁdem
1860 891 1918 940 et

224 979 628 1033 conscientiam
665 995 826 1031 suam
857 978 992 1031 talia
1022 977 1271 1030 dixerint
1302 981 1356 1029 et
1392 976 1738 1046 scripserint.
1775 977 1910 1028 Nam

221 1072 288 1121 ut
328 1073 614 1120 taceamus
661 1067 729 1120 de
775 1066 862 1118 his
893 1066 990 1136 qui
1025 1081 1174 1118 nunc
1205 1070 1358 1130 sunt,
1393 1065 1478 1117 vel
1519 1063 1704 1116 adhuc
1735 1079 1914 1132 usque

223 1157 292 1210 ad
319 1157 490 1209 ﬁnem
537 1155 729 1208 saeculi
761 1155 936 1207 futuri
970 1159 1122 1214 sunt,
1159 1154 1216 1205 in
1250 1152 1456 1222 quibus
1495 1153 1690 1222 utique
1723 1157 1778 1205 et
1801 1153 1916 1205 An-

221 1244 509 1298 tichristus
539 1243 662 1307 erit,
699 1247 846 1295 certe
881 1242 948 1294 de
979 1241 1074 1294 illa
1103 1241 1512 1294 innumerabili
1547 1239 1914 1294 multitudine

223 1332 554 1402 impiorum.
586 1331 684 1400 qui
721 1331 952 1383 fuerunt
983 1329 1051 1382 ab
1085 1328 1248 1381 initio
1281 1329 1480 1382 mundi
1509 1345 1679 1398 usque
1713 1329 1782 1382 ad
1815 1329 1917 1382 ad—

222 1425 454 1474 ventum
504 1419 706 1472 Christi
741 1423 796 1470 et
829 1418 886 1470 in
922 1433 1022 1470 sua
1055 1416 1344 1486 impietate
1389 1417 1618 1480 mortui,
1654 1417 1712 1468 in
1747 1421 1914 1468 aeter-

221 1510 310 1562 nis
340 1509 523 1579 poenis
546 1513 678 1560 sunt
711 1507 1110 1570 condemnati;
1149 1522 1250 1557 nec
1283 1505 1456 1575 ipsos,
1481 1505 1578 1574 qui
1609 1505 1734 1560 haec
1770 1505 1918 1558 dixe-

220 1603 375 1662 runt,
411 1597 638 1650 credere
667 1599 954 1664 putamus,
981 1593 1134 1664 quod
1169 1611 1270 1662 pro
1298 1595 1378 1646 eis
1405 1595 1462 1646 in
1493 1609 1594 1646 sua
1621 1593 1916 1662 impietate

219 1686 483 1752 mortuis,
515 1689 572 1738 et
615 1691 831 1737 interno
878 1683 996 1752 jam
1025 1683 1239 1752 judicio
1285 1683 1677 1735 condemnatis
1729 1682 1914 1735 Domi-

219 1792 326 1828 nus
357 1789 554 1844 passus
586 1789 703 1825 esse
737 1771 1052 1824 credendus
1079 1771 1168 1822 sit.
1204 1771 1260 1823 Si
1290 1770 1444 1822 enim
1473 1787 1574 1840 pro
1607 1771 1686 1822 eis
1714 1787 1912 1839 passus

222 1880 345 1916 esse
375 1861 642 1926 creditur,
676 1875 776 1912 cur
807 1875 920 1911 non
966 1857 1137 1910 etiam
1171 1873 1274 1926 pro
1323 1857 1548 1910 diabolo
1598 1862 1654 1910 et
1695 1857 1913 1927 angelis

221 1950 342 2018 ejus
375 1947 638 2000 similiter
685 1963 881 2016 passus
929 1962 1048 1998 esse
1103 1944 1410 1998 credatur"?
1459 1945 1604 2009 Quia
1660 1947 1803 1998 sicut
1844 1946 1911 1998 de

222 2037 436 2090 eisdem
469 2034 686 2104 refugis
738 2039 792 2086 et
821 2033 1134 2086 immundis
1179 2033 1472 2101 spiritibus
1504 2033 1776 2103 scriptum
1807 2037 1910 2100 est,

225 2146 252 2172 ‹‹
300 2124 454 2195 quod
507 2124 653 2176 Deus
685 2121 902 2191 angelis
953 2121 1316 2190 peccantibus
1365 2137 1476 2174 non
1505 2123 1776 2192 pepercit,
1815 2124 1911 2175 sed

221 2213 558 2268 rudentibus
611 2211 777 2264 inferi
827 2211 1110 2264 detractos
1156 2209 1256 2261 sub
1287 2210 1528 2278 caligine
1573 2211 1807 2264 tradidit
1855 2211 1910 2263 in

217 2302 496 2372 judicium
544 2299 876 2354 cruciandos
927 2299 1202 2351 reservari
1255 2299 1347 2362 (II
1379 2299 1522 2352 Pctr.
1563 2316 1620 2365 ιι,
1672 2299 1744 2366 4).
1787 2321 1814 2348 ››
1849 2301 1914 2352 Et

219 2390 427 2443 idcirco
467 2388 760 2441 verissime
793 2387 1103 2439 creduntur
1146 2386 1502 2438 irrevocabili
1541 2387 1733 2438 divino
1765 2387 1914 2456 judi-

222 2477 307 2530 cio
354 2478 419 2530 ad
451 2493 648 2546 poenas
683 2481 736 2528 et
781 2474 1074 2528 interitum
1112 2481 1451 2542 perpetuum
1499 2475 1908 2544 prmdestinati.

221 2567 304 2620 Ita
333 2571 388 2618 et
417 2565 500 2619 illi
532 2563 792 2618 homines
823 2561 987 2631 impii
1023 2563 1080 2614 in
1113 2579 1210 2614 sua
1235 2562 1528 2631 impietate
1563 2563 1796 2628 mortui,
1828 2581 1914 2616 eo-

220 2655 348 2708 dem
395 2653 754 2706 irrevocabili
805 2652 994 2705 divino
1055 2651 1274 2718 judicio
1336 2651 1455 2720 jam
1505 2655 1668 2706 crant
1730 2653 1912 2723 poenis

219 2741 512 2812 perpetuis
533 2739 918 2794 condemnati.
1637 2811 1642 2816 _

290 2831 444 2884 Sicut
474 2845 612 2898 ergo
671 2844 776 2897 pro
815 2827 928 2880 illis
983 2827 1196 2898 impiis,
1251 2832 1306 2879 et
1363 2827 1646 2880 damnatis
1692 2829 1912 2897 angelis

221 2919 548 2972 nullatenus
617 2916 894 2970 Dominus
957 2917 1117 2970 Jesus
1177 2916 1431 2968 Christus
1493 2915 1766 2970 dicendus
1829 2923 1914 2970 est

2023 533 2288 586 cordatus
2321 539 2404 586 est
2439 534 2714 587 Dominus
2745 539 2972 587 sanctus
3001 535 3170 586 Israel
3200 537 3566 588 mortuorum
3599 551 3724 586 suo-

2024 638 2152 675 rum
2186 623 2323 675 olim
2358 623 2768 676 dormientium
2819 623 2878 676 in
2909 623 3144 690 pulvere
3175 627 3358 676 terras.
3399 643 3420 670 ι
3459 625 3526 676 Et
3567 644 3596 671 ‹‹
3631 623 3722 676 de-

2025 713 2288 766 scendam
2340 715 2406 765 ad
2462 730 2558 765 eos
2620 713 2919 766 ostendere
2981 712 3094 765 illis
3163 713 3411 766 salutare
3467 729 3660 765 suum.
3701 733 3724 761 υ

2030 801 2183 855 Unde
2230 806 2286 854 et
2319 818 2420 871 per
2449 801 2607 855 Osca:
2657 801 3018 871 prophetiam
3047 801 3156 870 ipsi
3199 801 3368 854 morti
3399 805 3456 854 et
3501 801 3728 854 inferno

2023 887 2100 940 ita
2153 887 2497 954 minabatur,
2548 887 2741 940 dicens
2777 903 2788 938 :
2823 907 2850 936 (ι
2903 888 2978 940 De
3013 903 3187 940 manu
3235 887 3436 940 mortis
3473 887 3730 940 liberabo

2023 991 2136 1040 eos,
2187 975 2256 1028 de
2289 979 2470 1028 morte
2503 976 2778 1028 redimam
2814 991 2909 1028 cos
2943 991 2956 1027 :
2991 991 3088 1028 ero
3120 991 3274 1028 mors
3305 981 3420 1042 tua,
3457 993 3490 1030 o
3527 975 3724 1028 mors!

2023 1079 2248 1116 morsus
2273 1069 2403 1116 tuus
2433 1079 2548 1126 ero,
2579 1063 2800 1116 inferne
2841 1065 2986 1132 (Ose.
3018 1081 3133 1130 xm,
3173 1064 3274 1131 14).
3311 1086 3337 1112 ››

2096 1153 2256 1216 Quod
2288 1155 2469 1206 totum
2517 1152 2804 1222 quomodo
2843 1152 3087 1206 fideliter
3124 1159 3180 1205 et
3211 1152 3486 1206 catholice
3521 1151 3734 1204 intelli-

2022 1241 2274 1310 gendum
2326 1241 2416 1306 sit,
2472 1241 2708 1309 exponit
2756 1239 2996 1294 miriﬁce
3029 1241 3088 1294 Β.
3137 1240 3466 1310 Gregorius,
3521 1239 3602 1292 ita
3653 1239 3734 1291 di-

2024 1345 2194 1382 cens:
2227 1329 2406 1398 [Quod
2439 1333 2572 1382 ante
2620 1329 2947 1398 passionem
2995 1329 3158 1394 dixit,
3205 1329 3264 1381 in
3301 1327 3732 1382 resurrectione

2023 1434 2126 1471 sua
2159 1418 2433 1472 Dominus
2481 1417 2740 1486 implevit
2773 1435 2786 1470 :
2824 1439 2850 1466 ‹‹
2884 1417 2938 1472 Si
2971 1417 3248 1470 exaltatus
3293 1417 3454 1470 fuero
3483 1433 3516 1468 a
3551 1421 3730 1480 terra,

2024 1505 2219 1560 omnia
2249 1505 2470 1558 traham
2503 1505 2575 1558 ad
2621 1523 2710 1558 me
2753 1506 2944 1573 (Joan.
2987 1522 3082 1570 xu,
3117 1505 3228 1574 3'2).
3269 1527 3286 1550 ι
3325 1507 3524 1557 Omnia
3571 1505 3730 1556 enim

2024 1595 2214 1660 traxit,
2249 1593 2346 1663 qui
2390 1594 2458 1647 de
2491 1594 2683 1647 electis
2725 1594 2844 1646 suis
2875 1593 3026 1662 apud
3079 1595 3290 1647 inferos
3339 1594 3566 1646 nullum
3601 1593 3734 1644 reli-

2026 1683 2170 1752 quit.
2209 1685 2405 1735 Omnia
2433 1683 2664 1735 abstulit
2695 1683 2890 1751 utique
2925 1683 3118 1734 electa.
3157 1683 3352 1751 Neque
3383 1681 3602 1734 etenim
3641 1679 3730 1731 in-

2025 1769 2219 1821 iidelcs
2270 1786 2524 1838 quosque
2567 1775 2622 1822 ct
2651 1785 2753 1839 pro
2801 1770 2916 1822 suis
2955 1769 3288 1823 criminibus
3331 1769 3562 1821 internis
3594 1784 3734 1836 sup-

2023 1858 2205 1928 pliciis
2241 1858 2482 1926 deditos,
2513 1858 2580 1910 ad
2613 1859 2833 1910 veniam
2875 1858 3148 1911 Dominus
3177 1857 3530 1925 resurgendo
3567 1872 3734 1926 repa-

2024 1946 2198 2012 ravit;
2255 1947 2352 1998 sed
2383 1946 2506 1998 illos
2552 1963 2616 1998 ex
2657 1947 2866 2000 inferni
2926 1947 3187 2000 claustris
3219 1945 3432 2016 rapuit,
3484 1961 3636 2015 quos
3673 1945 3732 1997 in

2024 2035 2136 2088 ﬁde
2181 2041 2238 2088 et
2299 2036 2513 2088 actibus
2581 2036 2927 2104 recognovit.
2981 2035 3138 2088 Unde
3189 2041 3340 2088 recte
3405 2035 3580 2086 etiam
3621 2048 3734 2102 per

2025 2125 2224 2178 Oseam
2269 2123 2402 2176 dicit
2439 2139 2452 2175 :
2486 2145 2510 2172 ‹‹
2547 2123 2652 2175 Ero
2705 2139 2856 2176 mors
2889 2127 3005 2184 tua,
3055 2140 3086 2176 ο
3123 2121 3312 2176 morsl
3347 2138 3444 2174 cro
3495 2137 3730 2174 morsus

2025 2217 2178 2278 tuus,
2207 2211 2447 2263 inferne.
2491 2231 2516 2259 υ
2551 2211 2609 2264 ld
2645 2227 2894 2280 namque
2937 2211 3090 2281 quod
3121 2211 3452 2274 occidimus,
3497 2211 3728 2278 agimus

2023 2305 2087 2354 ut
2129 2300 2354 2368 penitus
2386 2315 2500 2352 non
2533 2299 2622 2352 sit.
2661 2301 2734 2352 Ex
2775 2315 2838 2352 eo
2865 2299 3022 2352 enim
3053 2300 3202 2368 quod
3233 2298 3568 2352 mordemus
3601 2313 3730 2366 par-

2023 2393 2136 2440 tem
2171 2387 2569 2452 abstrahimus,
2603 2392 2938 2458 partemque
2967 2387 3370 2457 relinquimus.
3409 2386 3558 2450 Quia
3585 2402 3726 2454 ergo

2021 2477 2082 2530 in
2114 2476 2304 2530 electis
2335 2476 2448 2528 suis
2479 2475 2737 2529 funditus
2769 2476 2973 2530 occidit
3011 2481 3274 2542 mortem,
3324 2491 3482 2528 mors
3525 2475 3726 2527 mortis

2022 2565 2266 2630 exstitit;
2325 2563 2459 2634 quia
2519 2579 2650 2616 vero
2719 2580 2782 2616 ex
2827 2564 3052 2617 inferno
3102 2571 3322 2633 partem
3367 2563 3628 2627 abstulit,
3673 2569 3726 2614 et

2022 2659 2242 2723 partem
2277 2652 2528 2722 reliquit,
2565 2669 2675 2705 non
2713 2652 2915 2704 occidit
2955 2652 3231 2718 funditus,
3265 2651 3366 2706 sed
3411 2651 3728 2704 momordit

2023 2741 2334 2794 infernum.
2387 2741 2480 2794 Ait
2529 2755 2664 2809 ergo
2701 2756 2712 2792 :
2747 2761 2767 2788 ι
2799 2740 2907 2792 Ero
2938 2755 3092 2792 mors
3127 2745 3222 2792 tua
3251 2755 3284 2792 ο
3311 2737 3490 2792 mors!
3531 2761 3552 2786 ι
3587 2755 3654 2792 ac
3679 2738 3724 2790 si

2025 2833 2220 2899 aperte
2252 2829 2420 2895 dicat,
2453 2828 2586 2898 quia
2613 2829 2670 2880 in
2699 2829 2892 2880 electis
2921 2829 3063 2880 meis
3093 2833 3148 2881 te
3179 2827 3434 2880 funditus
3457 2826 3722 2896 perime:

2027 2939 2052 2966 α
2091 2919 2194 2970 Ero
2227 2933 2448 2969 morsus
2481 2922 2628 2980 tuus,
2663 2915 2906 2978 inferne,
2940 2937 2966 2964 ››
3003 2917 3138 2985 quia
3171 2915 3406 2968 sublatis
3439 2917 3520 2967 eis
3563 2919 3620 2967 te
3653 2931 3718 2968 ex

221 3023 416 3077 passus
448 3023 460 3060 :
493 3005 571 3058 ita
604 3019 706 3074 pro
751 3005 873 3056 istis
913 3004 1106 3072 impiis
1156 3007 1211 3056 et
1243 3004 1528 3056 damnatis
1577 3004 1910 3058 hominibus
1951 3012 1990 3066 C
2021 3011 2181 3076 parte
2215 3004 2535 3074 transﬁgu.)
2591 3005 2717 3058 Haec
2745 3003 3110 3058 fidelissimus
3141 3004 3339 3057 doctor
3379 3006 3540 3074 juxta
3588 3003 3722 3056 ﬁdei

221 3095 366 3148 absit
409 3093 645 3148 omnino
680 3097 740 3144 ut
767 3108 968 3160 passus
998 3107 1120 3144 esse
1169 3093 1467 3156 credatur;
1512 3093 1646 3161 quia
1677 3093 1783 3146 hoc
1815 3093 1909 3146 ni-

219 3183 328 3236 mis
360 3187 442 3234 est
474 3179 820 3234 contrarium
873 3179 1080 3232 divinae
1113 3180 1355 3247 veritati,
1405 3180 1577 3232 nimis
1607 3181 1908 3234 adversum

220 3269 512 3323 catholicze
563 3267 719 3334 ﬁdei,
791 3283 920 3336 quae
969 3267 1358 3320 indubitanter
1419 3268 1600 3322 credit
1661 3274 1716 3322 et
1747 3269 1912 3322 docet

220 3356 374 3425 quod
409 3354 684 3409 Dominus
739 3361 932 3408 noster
971 3373 1130 3408 suam
1178 3356 1504 3426 passionem
1537 3363 1594 3408 et
1643 3363 1907 3424 mortem,

219 3449 390 3513 atque
439 3443 508 3496 ad
571 3443 782 3496 inferos
829 3444 1256 3496 descensionem
1309 3445 1422 3497 illis
1479 3443 1610 3496 solis
1645 3443 1762 3513 jam
1813 3444 1908 3498 de-

215 3532 445 3598 functis,
489 3537 544 3584 et
607 3533 866 3602 quamvis
915 3533 1065 3602 apud
1131 3532 1364 3596 inferos,
1429 3537 1623 3586 tamen
1669 3532 1728 3584 in
1775 3531 1910 3584 locis

217 3621 649 3691 tranquillitatis
682 3625 736 3674 et
765 3621 904 3674 lucis
927 3621 1245 3674 constitutis
1273 3621 1548 3687 exhibuit,
1583 3621 1682 3690 qui
1715 3621 1770 3673 in
1803 3621 1909 3674 fide

216 3708 398 3762 futuri
431 3709 706 3762 adventus
737 3710 858 3778 ejus
905 3725 968 3761 ac
999 3709 1428 3778 redemptionis,
1485 3714 1540 3762 et
1569 3710 1625 3762 in
1669 3711 1776 3762 hoc
1808 3726 1909 3760 531’.-

217 3797 346 3850 culo
377 3797 464 3850 vix
514 3802 693 3864 erant,
724 3803 780 3850 et
821 3798 955 3851 illuc
983 3813 1086 3868 per
1115 3802 1362 3851 mortem
1409 3797 1776 3861 transierant,
1811 3796 1907 3849 ubi

217 3884 388 3937 etiam
419 3889 645 3954 tempus
675 3885 980 3954 implenda!
1017 3901 1078 3937 ac
1120 3885 1485 3954 perﬁciendae
1531 3885 1786 3955 ejusdem
1820 3903 1910 3938 re-

218 3971 562 4042 demptionis
603 3989 718 4025 suae
767 3989 870 4042 per
911 3974 1232 4041 passionem
1277 3979 1333 4026 et
1371 3973 1795 4027 descensionem
1837 3974 1906 4028 ad

218 4073 315 4112 eos
367 4059 594 4112 Domini
627 4059 720 4130 pio
772 4060 1054 4114 desiderio
1105 4062 1526 4132 exspectabant.
1571 4063 1648 4116 De
1700 4062 1909 4132 quibus

217 4153 272 4200 et
301 4149 357 4200 Β.
404 4147 650 4200 Joannes
703 4149 950 4218 Baptista
983 4150 1320 4204 imminente
1358 4150 1479 4219 jam
1511 4167 1612 4204 sua
1643 4151 1907 4221 passione

219 4241 276 4288 et
301 4241 507 4303 morte,
557 4235 692 4305 quia
719 4241 773 4289 et
824 4237 943 4305 ipse
975 4255 1122 4290 unus
1164 4245 1286 4292 erat
1314 4255 1376 4291 ex
1411 4238 1619 4292 talibus
1668 4238 1906 4292 sollicite

221 4323 484 4377 eumdem
519 4325 826 4376 Dominum
877 4325 1271 4394 interrogabat
1313 4343 1417 4395 per
1447 4326 1776 4396 discipulos,
1821 4327 1906 4380 di-
1951 4314 1991 4367 ί)

218 4426 392 4464 cens:
431 4432 458 4460 «
497 4413 578 4464 Tu
611 4427 670 4464 es
701 4412 798 4482 qui
848 4417 1122 4465 venturus
1169 4429 1242 4476 es,
1287 4431 1358 4466 an
1391 4414 1568 4467 alium
1616 4419 1908 4484 exspecta-

217 4503 450 4556 mus?»
504 4502 724 4570 (Matth.
759 4517 836 4568 x1,
882 4501 959 4570 3.)
1003 4503 1082 4554 De
1135 4502 1342 4555 talibus
1396 4518 1646 4572 namque
1699 4503 1807 4573 piis
1857 4508 1910 4557 et

217 4589 398 4642 beatis
427 4589 708 4643 defunctis
738 4590 934 4660 quales
963 4589 1200 4642 fuerunt
1221 4589 1291 4642 ab
1319 4589 1482 4643 initio
1515 4591 1716 4644 mundi
1735 4607 1912 4661 usque

219 4678 286 4731 ad
320 4678 627 4731 adventum
662 4677 892 4732 Domini
921 4678 1094 4732 sancti
1127 4677 1486 4749 patriarchae,
1518 4683 1572 4732 et
1595 4679 1906 4750 prophetae,

219 4771 276 4819 et
307 4767 495 4819 caeteri
548 4766 768 4838 antiqui
807 4766 969 4836 justi,
1013 4767 1110 4836 qui
1168 4767 1245 4821 ita
1274 4767 1640 4820 crediderunt
1688 4773 1744 4820 et
1775 4782 1914 4836 prte-

219 4853 630 4906 nuntiaverunt
688 4859 1016 4918 venturum,
1085 4861 1140 4909 et
1205 4855 1528 4909 humanum
1571 4871 1750 4925 genus
1813 4871 1914 4908 suo

222 4941 502 5012 sanguine
553 4943 1011 5012 redemptorum,
1064 4945 1206 4998 sicut
1237 4961 1390 4998 nunc
1439 4960 1570 4998 eum
1603 4944 1791 4997 omnis
1825 4945 1917 4997 Ec-

221 5031 387 5084 clesia
414 5029 532 5100 jam
569 5030 790 5084 venisse
823 5033 1002 5086 credit
1028 5038 1083 5086 et
1111 5033 1434 5098 confitetur,
1469 5033 1642 5085 etiam
1678 5033 1734 5084 in
1769 5032 1914 5086 libro

223 5119 610 5172 Ecclesiastico
641 5119 762 5188 ipsa
791 5121 888 5172 Dei
915 5121 1212 5189 sapientia,
1247 5121 1344 5191 qui
1375 5125 1459 5174 est
1491 5121 1688 5190 utique
1724 5119 1914 5174 Domi-

223 5223 329 5260 nus
375 5213 570 5260 noster
598 5207 758 5260 Iesus
809 5208 1066 5262 Christus
1125 5209 1430 5278 promittit,
1473 5208 1667 5262 dicens
1701 5223 1714 5258 :
1746 5231 1772 5256 ‹‹
1809 5211 1917 5262 Pe-

223 5293 458 5346 netrabo
525 5293 585 5346 in
649 5293 950 5348 inferiores
1001 5302 1190 5364 partes
1256 5301 1441 5361 terrae,
1497 5301 1552 5349 et
1617 5295 1916 5366 inspiciam

226 5395 424 5433 omnes
456 5380 827 5448 dormientes,
863 5387 918 5436 et
948 5383 1286 5438 illuminabo
1309 5400 1504 5437 omnes
1538 5389 1827 5454 sperantes
1857 5385 1918 5438 in

229 5467 342 5519 Deo
375 5469 562 5534 (Eccti.
609 5485 758 5537 xxiv,
821 5471 932 5540 45).
974 5493 994 5518 ι
1049 5473 1304 5541 Itemque
1350 5473 1463 5526 alio
1495 5473 1616 5526 loco
1657 5473 1726 5526 de
1775 5473 1918 5542 ejus-

229 5553 358 5606 dem
409 5554 774 5607 descensione
816 5558 883 5609 ad
955 5559 1182 5626 inferos,
1219 5565 1278 5618 et
1338 5576 1538 5614 eorum
1585 5561 1916 5616 liberatione

2023 3093 2310 3148 catholicae
2361 3093 2618 3161 regulam
2666 3091 2997 3146 ﬁdelissime
3041 3093 3308 3156 tenenda,
3345 3095 3400 3144 et
3431 3092 3724 3161 sequenda

2022 3181 2336 3253 proposuit.
2373 3181 2532 3235 Unde
2580 3185 2758 3234 cesset
2787 3181 2908 3234 haec
2940 3196 3086 3234 nova
3120 3185 3176 3234 et
3223 3179 3484 3234 inaudita
3513 3179 3720 3234 deﬁni-

2021 3271 2119 3332 tio,
2153 3271 2268 3324 imo
2301 3285 2446 3323 nova
2475 3274 2531 3322 et
2577 3268 2836 3322 inaudita
2881 3268 3274 3340 praesumptio,
3312 3274 3370 3322 ut
3399 3269 3596 3324 nullus
3627 3270 3722 3322 ho-

2023 3358 2267 3424 minum,
2317 3358 2486 3410 etiam
2539 3357 2874 3427 impiorum,
2912 3362 2969 3410 et
2998 3359 3148 3426 apud
3181 3356 3393 3410 inferos
3441 3357 3720 3410 irrevoca-

2021 3447 2215 3501 bilitcr
2259 3445 2664 3500 damnatorum
2698 3445 2890 3508 fuerit,
2925 3461 3031 3513 pro
3079 3461 3194 3514 quo
3234 3443 3488 3498 Christus
3517 3461 3720 3514 passus

2023 3551 2143 3588 non
2175 3535 2277 3600 sit;
2309 3549 2437 3588 cum
2469 3549 2573 3604 pro
2619 3533 2752 3586 solis
2783 3533 2896 3586 illis
2926 3532 3228 3598 defunctis,
3265 3531 3472 3602 utjam
3501 3531 3716 3586 dictum

2022 3627 2128 3690 est,
2159 3623 2489 3692 passionem
2530 3621 2882 3686 sustinuerit,
2919 3621 3018 3690 qui
3049 3636 3182 3674 eum
3215 3620 3351 3674 dum
3393 3620 3452 3672 in
3483 3635 3720 3690 corpore

2019 3710 2295 3774 viverent,
2347 3709 2594 3763 ﬁdeliter
2647 3715 2966 3772 venturum,
3020 3712 3076 3762 et
3107 3708 3386 3762 mundum
3439 3725 3542 3761 sua
3589 3724 3717 3778 pas-

2021 3798 2180 3851 sione
2225 3798 2656 3868 rcdempturum
2707 3797 3094 3851 crediderunt.
3131 3796 3250 3850 Hoc
3279 3797 3473 3867 itaque
3521 3803 3607 3850 est
3636 3813 3716 3850 ca-

2019 3887 2296 3940 tholicum
2331 3903 2342 3939 :
2379 3887 2484 3940 hoc
2529 3885 2664 3940 ﬁdei
2713 3885 2974 3940 Ecclesiae
3025 3886 3096 3938 ab
3143 3885 3308 3940 initio
3355 3885 3722 3939 commenda-

2018 3979 2142 4028 tum
2177 3991 2188 4027 :
2223 3975 2329 4028 hoc
2358 3975 2550 4029 divina
2576 3980 2632 4028 et
2655 3979 2892 4044 paterna
2927 3975 3264 4028 auctoritate
3297 3973 3592 4026 ﬁrmatum
3623 3991 3635 4027 :
3665 3979 3722 4026 et

2019 4063 2147 4116 ideo
2180 4063 2480 4133 abjiciatur
2507 4064 2708 4132 procul
2735 4063 2902 4116 fallax
2929 4069 2984 4116 et
3011 4063 3180 4116 inane
3211 4067 3626 4116 commentum.

2092 4152 2170 4204 De
2214 4151 2430 4204 caeteris
2477 4167 2610 4204 vero
2655 4150 2991 4204 hominibus
3039 4151 3138 4221 qui
3169 4150 3237 4204 ab
3287 4151 3412 4219 ejus
3449 4151 3720 4220 passione

2018 4255 2200 4310 usque
2253 4257 2404 4293 nunc
2433 4241 2688 4306 fuerunt,
2719 4245 2817 4294 aut
2866 4245 3018 4306 sunt,
3063 4244 3163 4294 aut
3209 4254 3386 4309 usque
3435 4239 3498 4290 in
3545 4238 3718 4291 ﬁnem

2019 4328 2206 4381 saeculi
2239 4327 2416 4380 futuri
2466 4333 2617 4394 sunt,
2658 4349 2686 4380 «
2716 4328 2991 4382 catholica
3019 4327 3160 4380 fides
3209 4332 3384 4390 tenet,
3423 4347 3450 4374 »
3485 4331 3544 4378 et
3572 4325 3720 4379 Scri-

2019 4421 2204 4485 pturze
2239 4421 2447 4469 sanctae
2477 4417 2683 4470 veritas
2729 4417 2912 4482 docet,
2959 4417 3110 4486 quod
3157 4431 3260 4486 pro
3295 4413 3571 4468 omnibus
3599 4429 3722 4465 cre-

2021 4503 2306 4570 dentibus,
2341 4509 2398 4558 et
2439 4521 2544 4573 per
2573 4504 2816 4574 gratiam
2857 4505 3128 4574 baptismi
3159 4520 3222 4556 ex
3257 4519 3402 4574 aqua
3434 4509 3492 4555 et
3525 4506 3720 4554 sancto

2022 4592 2237 4662 Spiritu
2301 4593 2672 4662 regeneratis,
2741 4597 2797 4646 et
2843 4593 3100 4646 Ecclesia:
3165 4591 3552 4660 incorporatis
3589 4606 3718 4642 vere

2025 4680 2299 4734 Dominus
2328 4687 2385 4734 et
2414 4682 2672 4737 Salvator
2715 4685 2908 4734 noster
2939 4681 3010 4734 sit
3061 4697 3277 4751 passus.
3327 4679 3528 4748 Neque
3569 4678 3720 4730 enim

2020 4783 2150 4822 vere
2195 4769 2362 4822 aliter
2405 4769 2684 4838 baptizari
2725 4773 3057 4839 potuerunt,
3093 4768 3204 4824 nisi
3247 4767 3308 4820 in
3341 4773 3530 4820 morte
3562 4766 3720 4834 ejus;

2023 4873 2126 4910 nec
2159 4873 2286 4910 vere
2316 4873 2348 4910 a
2375 4857 2621 4927 peccatis
2653 4857 2769 4910 suis
2813 4857 2988 4924 ablui,
3023 4857 3134 4910 nisi
3177 4857 3236 4908 in
3265 4855 3548 4924 sanguine
3579 4853 3720 4923 ejus,

2025 4945 2260 4998 docente
2293 4945 2457 4998 beato
2488 4947 2663 4999 Paulo
2703 4946 2958 5015 apostolo
2995 4963 3008 4998 :
3046 4969 3066 4992 ι
3109 4944 3250 5008 Quia
3297 4943 3632 5014 quicunque
3665 4942 3724 4994 in

2025 5033 2248 5088 Christo
2295 5034 2564 5104 baptizati
2605 5050 2806 5087 sumus
2835 5035 3015 5104 (Rom.
3045 5050 3119 5100 vr,
3157 5035 3234 5100 3).
3271 5055 3290 5079 ι
3331 5033 3394 5084 Et
3423 5035 3726 5084 attestante

2025 5121 2192 5174 beato
2241 5123 2455 5176 Joanne
2504 5123 2565 5174 in
2615 5121 2955 5193 Apocalypsi
2989 5138 3001 5174 :
3041 5143 3062 5170 ι
3099 5121 3208 5183 Qui
3256 5119 3457 5174 dilexit
3511 5135 3638 5180 nos,
3671 5123 3728 5170 et

2027 5209 2163 5262 lavit
2192 5225 2294 5262 nos
2325 5227 2354 5262 a
2385 5210 2629 5279 peccatis
2675 5210 2884 5263 nostris
2913 5209 2972 5262 in
3005 5208 3284 5278 sanguine
3315 5223 3419 5260 suo
3453 5207 3654 5276 (Apoc.
3687 5221 3722 5270 ι,

2027 5297 2100 5368 5).
2137 5317 2162 5348 ››
2199 5299 2274 5351 De
2325 5297 2412 5350 his
2444 5299 2635 5362 etiam,
2669 5298 2724 5352 id
2758 5303 2843 5352 est
2871 5297 3137 5351 ﬁdelibus
3171 5296 3288 5349 suis
3317 5296 3377 5348 in
3407 5303 3592 5348 morte
3623 5309 3726 5346 sua

2025 5385 2346 5455 baptizatis,
2397 5386 2536 5440 etin
2599 5387 2880 5456 sanguine
2913 5403 3014 5439 suo
3061 5389 3428 5455 peccatorum
3481 5383 3730 5436 ablutio-

2025 5491 2158 5528 nem
2186 5475 2518 5539 consecutis,
2551 5475 2689 5528 dicit
2719 5475 2836 5545 ipse
2867 5474 3143 5530 Dominus
3173 5477 3228 5526 et
3251 5473 3509 5527 Salvator
3541 5487 3556 5524 :
3589 5490 3620 5520 ει
3649 5469 3730 5524 Si-

2029 5567 2124 5616 cut
2157 5563 2316 5616 novit
2347 5579 2436 5616 me
2483 5565 2673 5632 Pater,
2704 5569 2760 5616 et
2789 5579 2894 5634 ego
2941 5579 3184 5633 agnosco
3217 5563 3462 5626 Patrem,
3515 5566 3574 5614 et
3601 5559 3726 5614 ani-
