3884 6218
142 303 284 354 1125

1238 308 1327 364 DE
1370 310 1700 364 TENENDA
1740 312 2145 371 SCRIPTURE
2186 320 2556 376 VERITATE.

3511 331 3643 382 1126

138 451 299 489 mam
334 453 518 491 meam
570 457 718 506 pono
769 457 870 510 pro
911 442 1110 496 ovibus
1160 443 1300 496 meis
1346 445 1525 511 (Joan.
1559 462 1613 510 Χ,
1656 449 1762 517 lii).
1819 470 1836 494 δ
1881 452 1926 506 Α
1958 467 2061 519 per
2088 455 2470 510 obedientiam
2526 460 2724 512 mortis
2775 462 2978 513 Christi
3026 469 3081 514 et
3126 462 3461 515 effusionem
3509 480 3641 532 prc-

137 523 253 575 Pro
306 525 429 578 istis
475 528 610 580 dicit
644 545 655 580 :
693 551 712 575 ε
745 531 808 582 Et
853 531 998 583 sicut
1044 532 1261 600 Moyses
1302 535 1570 586 exaltavit
1609 552 1841 605 serpen-

135 616 258 664 tem
290 614 348 666 in
377 613 621 681 deserto,
648 616 726 668 ita
760 618 997 670 exaltari
1029 626 1253 688 Oportet
1274 622 1454 674 tilium
1481 623 1752 690 hominis,
1783 630 1844 677 ut

133 698 333 750 omnis
358 701 457 770 qui
489 703 666 756 credit
686 703 746 756 in
767 720 900 758 eum
927 722 1040 758 non
1068 713 1282 775 pere.:t,
1307 708 1404 762 sed
1431 709 1638 764 habeat
1664 710 1839 764 vitam

133 787 321 850 (Joan.
353 803 430 852 ιιι,
475 789 581 857 li).
625 811 646 837 ι
685 789 762 844 De
811 791 932 844 istis
973 793 1110 846 dicit
1141 797 1441 864 Apostolus
1477 813 1488 850 :
1522 817 1547 844 «
1584 797 1842 851 Christus

131 873 343 927 dilexit
399 877 725 944 Ecclesiam,
795 885 850 932 et
893 881 1146 950 seipsum
1202 883 1440 937 tradidit
1479 901 1584 954 pro
1636 902 1719 951 ea,
1779 891 1842 939 ut

130 960 306 1014 illam
341 964 737 1033 sanctificaret,
791 969 1073 1022 mundans
1121 986 1246 1023 eam
1300 971 1522 1026 lavacro
1572 989 1732 1044 aqua:
1783 974 1842 1027 in

131 1051 317 1104 verbo
347 1052 513 1121 (Eph.
547 1071 599 1116 v,
632 1057 720 1120 25,
749 1056 856 1122 26).
886 1076 913 1107 )›
974 1059 1036 1111 Et
1073 1059 1208 1128 quia
1237 1059 1382 1113 sicut
1411 1061 1564 1115 idem
1594 1067 1841 1132 Aposto-

134 1138 229 1191 lus
284 1145 570 1196 testatur:
619 1165 645 1191 ‹‹
679 1145 802 1197 Non
848 1147 1106 1200 omnium
1151 1152 1234 1201 est
1269 1147 1433 1214 ﬁdes,
1471 1169 1498 1200 ι)
1553 1155 1608 1204 et
1653 1173 1671 1198 ι
1725 1167 1840 1210 non

131 1243 343 1281 omnes
384 1230 658 1284 obediunt
705 1234 1006 1304 Evangelio
1048 1234 1120 1304 (ll
1177 1237 1357 1291 Thess.
1409 1255 1490 1302 ιιι,
1524 1239 1603 1306 2).
1636 1258 1663 1288 ι)
1700 1238 1843 1292 Dicit

131 1313 354 1370 iterum
386 1317 508 1386 ipse
560 1321 884 1374 Dominus:
930 1343 956 1370 «
994 1323 1165 1376 Filius
1216 1324 1467 1378 hominis
1524 1342 1641 1379 non
1691 1327 1844 1380 venit

130 1404 482 1474 ministrari,
535 1408 630 1461 sed
689 1409 1038 1476 ministrare,
1093 1416 1148 1464 et
1195 1413 1330 1466 dare
1379 1414 1630 1468 animam
1680 1431 1842 1468 suam

128 1492 602 1564 redemptionem
649 1513 752 1566 pro
800 1499 996 1552 multis
1037 1485 1257 1567 (Matth.
1310 1517 1406 1569 xx,
1457 1503 1567 1571 28).
1606 1525 1623 1550 ι
1685 1505 1842 1557 Unde

128 1581 315 1634 etiam
360 1598 489 1636 cum
535 1591 954 1639 sacramentum
1001 1589 1259 1657 corporis
1308 1594 1362 1642 et
1411 1590 1711 1658 sanguinis
1752 1591 1838 1644 sui

128 1669 434 1739 discipulis
464 1673 731 1739 traderet,
767 1673 844 1726 ait
878 1690 889 1727 :
926 1694 953 1724 «
986 1675 1239 1745 Accipite
1272 1681 1327 1730 et
1357 1679 1636 1732 comedite
1671 1694 1683 1732 :
1723 1679 1838 1732 Hoc

1951 540 2082 593 tiosi
2111 544 2406 612 sanguinis
2450 546 2571 614 ejus
2607 548 2777 601 etiam
2820 549 2901 601 illi
2946 550 3364 620 adipiscuntur,
3411 568 3540 605 cum
3571 553 3643 605 ad

1950 629 2239 683 lavacrum
2293 636 2735 702 regenerationis
2792 637 3046 702 veniunt,
3103 638 3235 707 quia
3277 655 3400 692 eam
3449 647 3644 710 postea

1950 735 2053 771 suo
2088 719 2222 772 vitio
2256 739 2282 769 (ι
2316 720 2371 772 in
2406 737 2463 772 se
2496 721 2713 775 irritam
2758 724 2990 790 faciunt,
3027 746 3053 774 ››
3089 733 3330 780 testante
3374 731 3644 798 Apostolo

1950 822 2012 858 ac
2047 805 2267 860 dicente
2303 823 2314 860 :
2347 825 2370 858 α
2403 808 2625 871 Quanto
2654 812 2835 881 magis
2871 814 3080 882 putatis
3121 815 3404 868 deteriora
3435 817 3642 870 mereri

1950 895 2247 964 supplicia,
2302 896 2400 966 qui
2447 897 2652 950 Filium
2705 900 2802 952 Dei
2843 903 3272 969 conculcaverit,
3320 909 3374 957 et
3419 906 3645 975 sangui-

1949 999 2080 1036 nem
2112 985 2456 1047 testamenti,
2481 986 2537 1038 in
2563 1003 2674 1056 quo
2698 989 3076 1042 sanctificatus
3097 997 3204 1056 est,
3228 993 3507 1060 pollutum
3532 994 3644 1046 du-

1948 1072 2111 1136 xerit,
2141 1076 2195 1124 et
2226 1072 2464 1142 Spiritui
2494 1075 2692 1143 gratim
2727 1077 3133 1130 contumeliam
3177 1080 3408 1133 fecerit?
3456 1082 3639 1151 (Hebr.

1948 1174 2004 1224 Χ,
2038 1160 2152 1226 29.)
2207 1161 2273 1213 Et
2304 1161 2533 1215 iterum.
2571 1184 2597 1210 ‹‹
2645 1163 3003 1233 Impossibile
3049 1171 3134 1220 est
3175 1167 3328 1221 enim
3376 1185 3490 1236 eos,
3544 1170 3644 1240 qui

1949 1249 2125 1301 semel
2154 1254 2284 1302 sunt
2313 1249 2643 1314 illuminati,
2678 1259 3056 1321 gustaverunt
3087 1255 3257 1308 etiam
3291 1255 3503 1310 donum
3530 1274 3641 1311 coc-

1949 1336 2108 1404 leste,
2144 1341 2198 1390 et
2232 1339 2537 1407 participes
2567 1347 2701 1393 sunt
2745 1342 2874 1394 facti
2930 1343 3173 1411 Spiritus
3223 1345 3423 1412 sancti,
3455 1352 3644 1414 gusta-

1949 1431 2155 1478 verunt
2185 1426 2564 1481 nihilominus
2605 1430 2819 1482 bonum
2858 1431 2954 1483 Dei
2998 1432 3256 1497 verbum,
3292 1433 3644 1504 virtutesque

1949 1515 2143 1567 saeculi
2177 1515 2418 1580 venturi,
2453 1522 2507 1568 et
2537 1518 2786 1587 prolapsi
2835 1525 2987 1587 sunt,
3021 1521 3281 1574 renovari
3332 1538 3524 1576 rursus
3571 1540 3643 1577 an

1951 1601 2342 1673 paenitentiam
2374 1605 2554 1673 (Hebr.
2595 1621 2667 1671 vi,
2697 1607 2830 1674 4-6).
2867 1627 2893 1655 ››

126 1751 224 1809 est
257 1757 411 1812 enim
447 1775 655 1830 corpus
705 1777 918 1827 meum,
966 1763 1119 1833 quod
1153 1781 1256 1833 pro
1308 1765 1464 1818 vobis
1496 1767 1772 1819 tradetur.
1808 1786 1834 1813 ››
1879 1745 1918 1798 Β
2022 1760 2384 1831 Quapropter
2413 1763 2480 1816 de
2517 1763 2783 1816 omnibus
2826 1765 3181 1818 credentibus
3221 1766 3279 1819 in
3332 1767 3640 1831 Christum,

127 1845 200 1898 Et
237 1846 446 1900 iterum
481 1865 492 1902 :
525 1869 552 1897 «
587 1849 685 1902 Hic
717 1855 796 1903 est
829 1852 1059 1917 sanguis
1109 1868 1268 1906 meus
1313 1855 1451 1907 Novi
1495 1853 1840 1908 Testamenti

130 1934 242 2002 qui
273 1951 375 2004 pro
408 1936 571 1990 nobis
613 1942 669 1990 et
701 1955 802 2008 pro
858 1939 1052 1992 multis
1087 1941 1413 1994 efl‘undetur
1447 1943 1507 1995 in
1551 1943 1841 1996 remissio-

127 2038 274 2076 nem
310 2029 668 2094 peccatorum
701 2028 923 2094 (Matth.
956 2044 1105 2095 xxvr,
1135 2032 1223 2092 26,
1258 2032 1370 2096 28).
1406 2053 1432 2078 ››

211 2113 326 2166 Hos
359 2131 384 2162 ‹ι
418 2114 629 2166 multos
662 2136 688 2162 »
730 2116 1037 2184 Apostolus
1063 2117 1199 2170 dicit
1227 2137 1253 2168 «
1289 2134 1509 2186 omnes,
1548 2137 1572 2169 ι)
1600 2119 1694 2172 ubi
1724 2119 1836 2173 ait:

129 2201 301 2253 Unus
331 2201 484 2254 enim
518 2203 685 2270 Deus,
721 2220 867 2257 unus
909 2209 965 2258 et
995 2206 1276 2258 mediator
1323 2206 1416 2259 Dei
1449 2212 1507 2260 et
1536 2207 1837 2260 hominum

123 2288 315 2341 homo
347 2290 603 2344 Christus
633 2292 811 2356 Jesus,
847 2292 945 2362 qui
992 2293 1151 2346 dedit
1199 2294 1571 2364 semetipsum
1615 2296 1839 2348 redem—

121 2376 395 2443 ptionem
429 2393 532 2447 pro
564 2379 830 2432 omnibus
859 2379 909 2450 (Ι
934 2380 1073 2434 Tim.
1110 2397 1168 2446 ιι,
1203 2381 1273 2450 5).
1313 2383 1376 2434 Et
1405 2382 1506 2435 hos
1529 2399 1558 2434 α
1581 2397 1779 2436 omnes
1808 2404 1834 2430 »

122 2463 350 2518 iterum
383 2465 519 2519 dicit
550 2488 569 2514 ι
603 2467 810 2520 multos
839 2490 866 2515 n
899 2468 995 2522 ubi
1025 2469 1105 2521 ait
1138 2485 1150 2522 :
1191 2489 1218 2516 ‹‹
1255 2471 1317 2523 Et
1355 2471 1838 2539 quemadmodum

123 2558 417 2606 statutum
451 2559 536 2607 est
573 2555 906 2609 hominibus
935 2558 1105 2610 semel
1141 2558 1306 2624 mori,
1339 2565 1467 2628 post
1510 2560 1618 2612 hoc
1649 2566 1840 2613 autem

117 2641 437 2709 judicium,
473 2643 552 2695 sic
585 2649 641 2696 et
677 2645 928 2698 Christus
959 2647 1136 2699 semel
1184 2647 1407 2700 oblatus
1439 2654 1522 2700 est
1571 2649 1641 2701 ad
1689 2650 1836 2701 mul-

120 2735 330 2784 torum
362 2731 745 2786 exhaurienda
773 2737 1000 2802 peccata
1053 2735 1238 2803 (Hebr.
1269 2735 1359 2804 lix,
1395 2738 1481 2800 28,
1524 2736 1632 2805 28),
1669 2755 1695 2785 α
1731 2741 1836 2790 etc.

123 2820 303 2872 Juxta
333 2836 503 2890 quem
539 2821 845 2874 locutionis
896 2823 1128 2876 modum
1173 2824 1344 2876 etiam
1388 2823 1446 2877 in
1494 2823 1742 2893 Epistola
1771 2825 1839 2877 ad

124 2906 427 2960 Romanos
458 2907 594 2962 dicit
623 2926 634 2962 :
667 2929 694 2958 ‹‹
727 2909 906 2978 Igitur
940 2911 1086 2964 sicut
1120 2927 1221 2981 per
1269 2911 1438 2965 unius
1469 2911 1719 2965 hominis
1751 2913 1842 2966 de-

1949 1853 2004 1903 et
2034 1850 2091 1901 in
2127 1849 2348 1903 Christo
2381 1851 2751 1920 regeneratis,
2795 1858 2943 1906 recte
2976 1860 3029 1906 et
3061 1855 3341 1908 veraciter
3370 1857 3638 1922 creditur,

1950 1939 2102 2007 quod
2137 1955 2239 2008 pro
2273 1939 2354 1991 eis
2389 1939 2660 1992 Dominus
2692 1940 2947 1993 Christus
2979 1942 3052 1994 sit
3085 1959 3298 2011 passus.
3339 1945 3451 1997 [loc
3476 1961 3643 1998 nam-

1948 2042 2058 2095 que
2120 2032 2238 2079 tota
2284 2027 2458 2080 series
2506 2027 2810 2097 Scriptura:
2868 2035 3071 2082 sancta:
3126 2032 3337 2084 Veteris
3397 2049 3460 2085 ac
3506 2034 3644 2086 Novi

1945 2115 2311 2168 Testamenti.
2349 2115 2394 2167 si
2425 2115 2729 2185 diligenter
2760 2117 3110 2185 inspiciatur,
3143 2126 3197 2171 et
3230 2119 3476 2172 fideliter
3516 2137 3643 2174 con-

1947 2203 2250 2264 sideretur,
2305 2204 2603 2256 manifeste
2662 2209 2830 2274 atque
2879 2205 3270 2259 indubitanter
3323 2213 3637 2261 attestatur.

1950 2291 2103 2354 Quod
2135 2291 2310 2344 etiam
2342 2291 2642 2360 magnifice
2675 2299 2730 2345 et
2779 2292 2947 2345 nimis
2978 2295 3272 2363 granditer
3308 2296 3642 2351 universalis

1947 2386 2000 2433 et
2031 2381 2402 2433 celeberrima
2431 2382 2500 2434 ab
2551 2381 2673 2451 ipso
2715 2383 2973 2449 Domino,
3011 2389 3066 2437 et
3098 2385 3364 2453 apostolis
3414 2387 3641 2440 traditae

1951 2468 2209 2522 Ecclesia:
2259 2469 2625 2522 commendat
2664 2471 2969 2523 auctoritas
3003 2488 3014 2525 :
3049 2472 3183 2535 Qua:
3221 2493 3246 2522 ‹‹
3288 2473 3640 2528 oblationem

1948 2558 2199 2628 corporis
2244 2562 2299 2610 et
2349 2557 2642 2626 sanguinis
2694 2558 2918 2620 Christi,
2985 2579 3012 2607 2o
3067 2560 3118 2613 id
3174 2567 3258 2612 est
3309 2562 3639 2631 mysterium

1947 2646 2228 2716 passionis
2281 2651 2336 2699 et
2367 2647 2566 2698 mortis
2615 2646 2760 2715 ejus,
2798 2649 3197 2701 tantummodo
3248 2665 3348 2718 pro
3400 2651 3642 2704 Ecclesia

1947 2735 2226 2788 catholica
2285 2739 2403 2787 toto
2453 2735 2588 2788 orbe
2635 2735 2857 2800 diffusa,
2914 2735 3172 2788 videlicet
3225 2753 3325 2806 pro
3382 2739 3638 2792 omnium

1949 2823 2205 2877 fidelium
2235 2823 2499 2875 societate
2529 2828 2698 2890 atque
2730 2823 2982 2889 unitate;
3015 2829 3070 2876 et
3103 2840 3202 2893 pro
3232 2825 3341 2877 illis
3368 2827 3496 2878 solis
3535 2828 3638 2882 de-

1949 2908 2177 2970 functis,
2213 2929 2239 2957 «
2275 2907 2371 2978 qui
2402 2924 2507 2960 nos
2548 2915 2959 2978 praecesserunt
3003 2926 3129 2962 cum
3182 2912 3344 2980 signo
3387 2912 3544 2978 fidei,
3573 2912 3642 2982 let

126 2995 338 3049 lictnm
387 2995 448 3049 in
497 3013 696 3051 omnes
743 2999 1003 3052 homines
1050 2999 1108 3052 in
1150 3000 1712 3069 condemnationem,
1763 3001 1841 3054 sic
1878 3037 1917 3092 C
1950 2997 2245 3050 dormiunt
2285 2997 2344 3049 in
2381 3013 2586 3049 somno
2630 2997 2840 3066 pacis»
2897 2997 3141 3051 fideliter
3182 3000 3362 3065 offert,
3401 3001 3555 3053 unde
3587 3007 3643 3054 et

124 3100 244 3155 per
286 3085 455 3138 unius
489 3086 771 3154 justitiam
809 3087 869 3140 in
916 3103 1115 3140 omnes
1152 3087 1414 3141 homines
1459 3088 1514 3142 in
1554 3089 1834 3158 justifica-

125 3173 356 3226 tionem
411 3174 556 3226 vitae.
612 3175 769 3228 Sicut
817 3175 970 3228 enim
1016 3193 1120 3246 per
1166 3177 1615 3231 inobedieutiam
1664 3178 1834 3232 unius

124 3261 391 3314 hominis
422 3268 745 3331 peccatores
787 3264 1080 3318 constituti
1123 3270 1256 3318 sunt
1291 3265 1478 3331 multi,
1512 3267 1590 3320 ita
1637 3271 1694 3320 et
1734 3282 1835 3336 per

124 3350 522 3404 obedientiam
548 3351 714 3404 unius
746 3352 1018 3418 hominis,
1045 3353 1188 3422 justi
1225 3354 1646 3408 constituentur
1669 3355 1834 3408 multi

124 3441 307 3506 (Rom.
370 3454 422 3502 v,
483 3443 566 3507 l8,
623 3443 784 3510 19).»
837 3439 1124 3496 Manifeste
1183 3442 1338 3496 enim
1378 3460 1518 3514 quos
1561 3443 1620 3496 in
1659 3443 1834 3513 priori

125 3527 420 3580 sententia
446 3526 591 3580 dixit
640 3547 666 3578 α
701 3544 921 3594 omnes,
952 3549 979 3578 »
1023 3535 1078 3583 et
1108 3551 1135 3578 «
1169 3547 1387 3597 omnes,
1426 3550 1452 3580 »
1509 3533 1607 3584 lms
1657 3531 1714 3584 in
1747 3547 1833 3584 se—

124 3615 333 3684 quenti
370 3635 394 3665 ί(
429 3616 663 3681 multos,
699 3636 726 3666 »
761 3622 816 3670 et
847 3638 874 3666 «
907 3619 1134 3672 multos.
1168 3641 1194 3667 ››
1230 3620 1337 3673 Sed
1381 3619 1441 3673 in
1485 3619 1829 3673 condemna-

122 3704 308 3768 tione,
331 3720 458 3774 qua)
489 3720 590 3774 per
621 3721 801 3758 unum
829 3706 1123 3760 hominem
1156 3707 1414 3777 ingressa
1443 3712 1527 3761 est
1557 3707 1630 3776 [in
1661 3723 1832 3760 omne

122 3808 314 3861 genus
373 3792 711 3858 humanum,
764 3792 840 3846 ita
873 3800 1022 3847 recte
1073 3795 1476 3865 intelliguntur
1519 3795 1767 3862 «multi,
1802 3815 1829 3846 ι)

121 3885 191 3931 ut
223 3896 354 3932 vere
386 3879 741 3948 accipiantur
771 3903 797 3929 «
830 3898 1062 3947 omnes;
1101 3903 1126 3933 υ
1159 3884 1296 3952 quia
1327 3900 1496 3937 nemo
1530 3883 1831 3937 hominum

123 3969 201 4021 ab
239 3967 335 4020 illa
365 3967 587 4020 alienus
615 3972 717 4034 est,
751 3970 856 4022 nisi
887 3986 988 4040 per
1011 3971 1218 4025 Christi
1244 3971 1489 4041 gratiam
1520 3972 1828 4026 liberetur:

124 4057 188 4109 in
247 4056 652 4126 justificatione
701 4063 892 4110 autem
940 4059 1070 4112 vitae
1131 4059 1208 4112 ita
1267 4065 1420 4114 recte
1473 4059 1832 4128 accipiuntur

129 4167 158 4190 ‹‹
197 4160 482 4208 omnes,»
530 4151 595 4198 ut
642 4143 748 4215 ipsi
797 4166 823 4196 «
876 4162 1074 4200 omnes
1119 4147 1285 4202 multi
1323 4169 1344 4195 ι
1399 4147 1829 4217 intelligantur?

122 4231 272 4294 Quia
303 4247 408 4300 per
437 4231 822 4286 obedientiam
853 4233 1082 4298 Christi,
1138 4251 1250 4304 qua
1282 4255 1307 4282 «
1341 4234 1519 4288 factus
1568 4239 1650 4286 est
1689 4234 1828 4288 obe—

1947 3085 2301 3139 confidenter
2347 3101 2409 3138 ac
2451 3085 2728 3138 veraciter
2787 3085 2842 3138 in
2901 3086 3022 3155 ipsa
3069 3088 3469 3157 mysteriorum
3525 3089 3640 3143 fre-

1945 3173 2312 3243 quentatione
2368 3189 2472 3242 pro
2507 3173 2771 3227 fidelibus
2820 3175 3145 3244 supplicans
3197 3177 3263 3229 ad
3320 3179 3496 3231 Deum
3549 3179 3640 3231 di-

1944 3261 2020 3314 cit
2053 3277 2064 3314 :
2105 3282 2132 3309 ‹‹
2160 3261 2416 3331 Respice,
2470 3261 2729 3328 Domine,
2765 3278 2936 3331 super
2979 3262 3124 3315 hanc
3156 3263 3428 3317 familiam
3461 3270 3638 3332 tuam,

1942 3365 2048 3418 pro
2081 3366 2193 3420 qua
2230 3350 2506 3403 Dominus
2559 3355 2749 3402 noster
2777 3351 2940 3404 Jesus
2982 3351 3238 3404 Christus
3278 3369 3394 3406 non
3424 3353 3638 3408 dubita-

1942 3439 2020 3491 vit
2054 3439 2319 3491 manibus
2364 3438 2510 3491 tradi
2562 3439 2914 3502 nocentium,
2967 3445 3022 3492 et
3054 3441 3236 3494 crucis
3286 3443 3477 3496 subire
3531 3448 3640 3497 tor-

1942 3531 2220 3578 mentum.
2251 3545 2278 3575 »
2307 3527 2370 3578 Et
2395 3526 2546 3578 hunc
2577 3526 2748 3578 ritum
2784 3527 3093 3579 Dominicm
3131 3529 3437 3582 oblationis
3467 3536 3638 3584 tantae

1941 3614 2190 3684 pietatis,
2226 3619 2282 3666 et
2320 3613 2615 3682 religionis
2645 3615 2956 3666 attentione
2983 3616 3246 3684 custodit,
3283 3622 3344 3670 ut
3373 3634 3502 3670 cum
3542 3619 3640 3672 illa

1942 3701 2212 3772 mysteria
2231 3701 2568 3763 offeruntur,
2588 3702 2808 3754 nullum
2832 3703 3068 3755 omnino
3084 3703 3394 3768 infidelem,
3413 3707 3638 3760 nullum

1942 3792 2112 3844 etiam
2145 3791 2637 3853 catechumenum,
2673 3791 2892 3843 nullum
2924 3790 3027 3843 nisi
3057 3792 3241 3859 gratia
3272 3793 3638 3862 baptismatis

1941 3883 2344 3948 regeneratum
2376 3877 2648 3930 interesse
2681 3877 2945 3947 patiatur,
2981 3883 3256 3948 tanquam
3287 3897 3418 3934 vere
3456 3886 3640 3935 osten-

1941 3968 2082 4022 dens
2130 3975 2302 4036 atque
2359 3971 2686 4019 contestans
2737 3983 2840 4034 pro
2906 3967 3018 4019 illis
3077 3968 3382 4021 Dominum
3434 3969 3490 4022 in
3540 3986 3640 4023 ara

1941 4056 2123 4109 crucis
2173 4055 2450 4122 oblatum,
2507 4070 2734 4124 passum
2778 4071 2839 4106 ac
2879 4060 3184 4119 mortuum,
3237 4061 3292 4109 et
3324 4057 3634 4127 pretiosum

1943 4146 2065 4213 ejus
2091 4143 2426 4213 sanguinem
2459 4143 2666 4205 fusum,
2704 4159 2806 4213 pro
2833 4143 3040 4213 quibus
3072 4144 3130 4197 in
3161 4145 3326 4198 altari
3379 4147 3638 4201 Ecclesiae

1942 4232 2040 4286 illa
2066 4237 2443 4296 sacrosancta,
2478 4237 2532 4285 et
2558 4232 2799 4285 ccelestis
2847 4232 3060 4285 oblatio
3089 4234 3147 4286 in
3181 4235 3450 4304 mysterio
3499 4252 3637 4305 pas-

126 4319 294 4372 diens
325 4335 505 4389 usque
534 4319 606 4372 ad
641 4326 906 4384 mortem,
944 4327 1189 4375 mortem
1233 4326 1419 4375 autem
1452 4322 1633 4376 crucis
1660 4321 1824 4391 (Phil.
1872 4336 1912 4388 ι)
1941 4321 2116 4374 sionis
2146 4320 2268 4389 ejus
2297 4337 2358 4372 ac
2390 4321 2590 4373 mortis
2618 4320 2872 4374 offertur.
2907 4330 2932 4353 ⁸
2957 4321 3109 4375 Unde
3139 4329 3193 4376 et
3214 4325 3513 4393 quosdam,
3537 4325 3638 4394 qui

126 4425 168 4473 ι,
222 4411 298 4474 8),
359 4428 386 4455 ››
447 4424 561 4460 non
621 4431 641 4456 ε
698 4424 952 4462 omnes»
1008 4411 1207 4480 utique
1266 4410 1681 4475 indifferenter,
1735 4410 1831 4464 sed

129 4515 158 4545 α
220 4496 384 4549 multi
417 4517 444 4544 »
467 4495 870 4566 jnstificautur.
937 4499 1090 4552 Hanc
1122 4499 1312 4568 itaque
1361 4499 1831 4566 jnstificationem

1943 4409 2099 4462 illam
2133 4408 2570 4462 sacratissimam
2619 4409 2969 4463 oblationem
3001 4411 3083 4463 vel
3143 4427 3248 4480 pro
3288 4413 3640 4466 catechume-

1943 4497 2048 4558 nis,
2085 4497 2171 4549 vel
2207 4496 2530 4566 quibusque
2576 4496 2983 4550 innocentibus
3034 4498 3284 4566 parvulis
3320 4499 3638 4555 viventibus

1201 4621 1399 4676 NOT/E
1442 4620 1761 4674 DUVALLII
1801 4618 2146 4674 DOCTORIS
2184 4618 2571 4674 SORBOMCI.

206 4743 518 4796 llAffirmat
568 4743 780 4812 pariter
834 4744 1072 4796 Ecclesia
1119 4743 1460 4796 sacrificium
1518 4759 1618 4811 pro
1685 4747 1830 4795 cate-

125 4813 429 4865 chumenis
459 4820 516 4866 et
543 4814 795 4881 parvulis
824 4830 941 4867 non
972 4814 1272 4883 baptizatis
1304 4830 1416 4866 non
1440 4830 1560 4866 esse
1585 4814 1831 4866 offeren-

131 4883 296 4936 dum.
343 4884 443 4936 Cui
486 4884 785 4953 suffragari
835 4885 1060 4937 videtur
1107 4884 1259 4953 quod
1303 4885 1475 4936 habet
1520 4886 1661 4953 Aug.
1714 4883 1833 4936 Ide

129 4954 372 5025 Origine
420 4956 648 5019 animas,
701 4971 825 5025 cap.
869 4957 900 5008 8
952 4970 962 5008 :
1014 4976 1040 5002 ι(
1073 4955 1205 5015 Ouis
1250 4954 1451 5007 offerat
1490 4954 1833 5006 sacrificium

128 5024 390 5094 corporis
422 5025 652 5087 Christi,
684 5024 792 5076 nisi
824 5041 929 5094 pro
961 5025 1050 5078 his
1081 5026 1179 5094 qui
1210 5030 1341 5078 sunt
1369 5026 1625 5078 membra
1668 5024 1832 5076 Chri-

129 5095 246 5159 sti;
276 5116 302 5140 »
335 5095 487 5164 quod
533 5095 779 5148 refertur
805 5112 836 5147 a
874 5096 933 5148 D.
967 5096 1203 5160 Thoma,
1241 5101 1440 5164 quaest.
1473 5098 1563 5157 79,
1608 5096 1765 5148 artic.
1805 5099 1834 5147 7

130 5165 208 5217 ad
242 5167 292 5216 2.
322 5166 530 5218 Verum
573 5172 794 5219 certum
825 5171 907 5219 est
937 5181 1032 5219 eos
1067 5172 1290 5218 tantum
1313 5182 1481 5234 agere
1503 5167 1571 5218 de
1603 5166 1834 5234 publica

130 5240 194 5286 et
231 5235 465 5288 solemni
495 5236 811 5300 oblatione;
851 5252 982 5289 nam
1014 5236 1278 5305 privatim
1311 5237 1449 5289 nihil
1472 5236 1656 5288 obstat
1684 5253 1833 5305 quo-

130 5306 330 5358 minus
377 5322 484 5376 pro
528 5307 597 5358 iis
655 5306 995 5358 sacrificium
1035 5307 1352 5359 offeratur:
1405 5306 1834 5376 excipe'tamen

131 5376 406 5444 parvulos
439 5375 652 5446 absque
694 5377 976 5446 baptismo
1020 5383 1314 5442 mortuos;
1357 5393 1486 5430 cum
1527 5375 1679 5430 enim
1721 5376 1835 5429 sint

132 5461 453 5516 exggencre
495 5447 656 5499 valde
705 5448 991 5500 malorum
1043 5453 1276 5516 propter
1308 5452 1601 5516 peccatum
1654 5447 1832 5516 origi-

131 5514 294 5582 nale,
325 5517 391 5568 dc
423 5517 629 5586 quibus
663 5518 781 5584 agit
827 5514 1180 5585 Augustinus
1225 5517 1284 5569 in
1310 5514 1672 5582 Enchiridio,
1705 5514 1828 5586 cap.

137 5587 270 5652 109,
309 5602 406 5655 pro
447 5587 534 5640 his
567 5603 683 5640 non
721 5592 808 5640 est
845 5588 1205 5642 offerendum
1229 5587 1592 5652 sacrificium,
1615 5601 1686 5641 ne
1707 5587 1834 5656 qui-

1942 4742 2071 4794 dem
2130 4746 2343 4794 secreto
2390 4741 2456 4812 in
2511 4745 2702 4793 mente
2752 4740 3075 4793 sacerdotis.
3127 4741 3283 4795 Adde
3328 4744 3520 4812 etiam,
3576 4752 3638 4800 ut

1942 4813 2157 4886 optime
2191 4813 2351 4864 docet
2380 4811 2634 4871 Suarius,
2669 4813 2725 4864 in
2755 4817 2854 4863 art.
2893 4817 2939 4874 1,
2962 4821 3193 4886 ΔίίιιωδιΓ
3228 4816 3316 4878 83,
3351 4831 3406 4867 ιιι
3460 4811 3637 4886 partis

1947 4884 2006 4935 D.
2042 4883 2296 4954 Thomas,
2333 4898 2442 4954 non
2473 4898 2636 4954 posse
2668 4898 2768 4954 pro
2801 4881 3225 4954 catechumenis
3257 4890 3353 4937 aut
3385 4881 3638 4954 parvulis

1943 4953 2194 5023 nondum
2228 4951 2525 5021 baptizatis
2555 4952 2746 5005 offerri
2777 4953 3139 5018 sacrificium,
3175 4955 3336 5023 quasi
3385 4951 3634 5010 fructum

1941 5022 2190 5092 aliquem
2221 5039 2284 5075 ex
2327 5038 2394 5074 eo
2425 5027 2721 5090 reportent
2754 5027 3024 5090 tanquam
3053 5039 3116 5076 ex
3147 5022 3318 5092 opere
3358 5034 3632 5094 operato;

1941 5094 2074 5162 quia
2131 5097 2632 5164 opusroperatum
2692 5093 2951 5164 sacrificii
3009 5096 3276 5162 supponit
3333 5093 3631 5164 personam

1941 5163 2251 5232 suscepisse
2304 5162 2670 5231 baptismum,
2705 5163 2802 5232 qui
2848 5169 2931 5216 est
2979 5167 3235 5216 omnium
3266 5162 3388 5220 tum
3441 5184 3634 5220 sacra—

1942 5239 2288 5300 mentorum,
2321 5237 2442 5286 tum
2478 5234 2691 5286 fructus
2722 5234 2898 5302 ipsius
2931 5234 3191 5287 sacrificii
3217 5237 3412 5303 janna.
3443 5239 3637 5291 Potest

1939 5308 2130 5356 tamen
2163 5320 2266 5378 pro
2299 5303 2408 5356 illis
2435 5303 2493 5356 in
2526 5304 2744 5378 ratione
2772 5304 3190 5378 impetrationis
3231 5307 3447 5378 offerri,
3499 5311 3634 5378 quia

1939 5390 2046 5445 per
2075 5374 2217 5446 illud
2247 5390 2552 5443 possumus
2574 5392 2605 5446 a
2629 5375 2740 5427 Deo
2774 5375 3078 5443 impetrare
3102 5381 3164 5428 ut
3193 5377 3258 5428 ad
3284 5374 3630 5446 baptismum

1941 5445 2295 5525 perveniant,
2351 5461 2467 5498 non
2510 5445 2702 5525 minus
2756 5445 3516 5525 quam_p_ropeccatoribus
3581 5456 3636 5503 et

1939 5515 2284 5581 infidelibus,
2315 5520 2379 5568 nt
2409 5532 2438 5568 a
2469 5521 2698 5584 peccato
2731 5521 2785 5568 et
2814 5516 3149 5570 infidelitate
3177 5518 3460 5572 recedant.
