3884 6218
265 332 399 383 1127

1423 330 1477 385 S.
1513 332 1783 387 REMIGIl
1827 328 2309 386 LUGDUNENSIS
2353 326 2666 383 EPISCOPI

3636 324 3805 378 {1'28

262 461 376 513 sive
422 460 701 514 defunctis
745 460 1062 514 faciendam
1112 460 1400 527 dixerunt,
1448 463 1603 516 velut
1647 462 1945 517 haereticos
1981 464 2027 515 A
2056 459 2399 514 discretione
2433 456 2773 527 providenda
2804 458 2889 507 est
2922 470 2934 507 :
2968 453 3045 507 ita
3079 454 3167 507 his
3196 453 3404 523 quibus
3437 470 3593 508 mors
3658 454 3795 506 im-

264 547 503 601 Ecclesia
537 549 809 601 detestata
842 554 945 601 est.

333 637 488 690 Sicut
519 638 575 689 Β.
601 636 952 705 Augustinus
985 637 1041 689 in
1074 637 1220 690 libro
1255 654 1427 707 quem
1474 639 1542 692 ad
1597 638 1955 691 Vincentium

262 724 543 778 Victorem
587 725 811 793 scripsit
841 724 947 794 (De
985 727 1193 791 origine
1246 728 1477 793 Animae,
1526 728 1559 779 Ι.
1615 744 1696 794 Ill,
1743 742 1790 779 c.
1846 729 1951 789 l‘ll,

260 811 718 865 manifestissime
764 813 1032 877 ostendit,
1090 812 1281 866 dicens
1318 830 1328 866 :
1370 812 1517 883 [Noli
1565 815 1817 879 credere,
1852 831 1955 866 nec

260 900 467 965 dicere,
498 916 600 953 nec
645 901 844 953 docere
896 920 921 949 α
966 900 1303 953 sacriﬁcium
1349 901 1803 954 Christianorum
1852 917 1955 971 pro

257 986 343 1040 his
393 987 493 1057 qui
543 1004 657 1040 non
705 987 973 1056 baptizati
1008 987 1073 1039 de
1107 1004 1342 1057 corpore
1391 989 1649 1052 exierint,
1702 988 1955 1041 offeren—

258 1075 415 1140 dum,
448 1096 476 1122 »
510 1075 555 1127 si
581 1075 663 1127 vis
716 1091 836 1128 esse
881 1075 1228 1128 catholicus:
1274 1076 1408 1145 quia
1466 1092 1570 1129 nec
1616 1076 1756 1130 illud
1802 1076 1954 1146 quod

258 1163 327 1216 de
379 1163 829 1216 Machabazorum
886 1163 1045 1215 libris
1107 1165 1173 1230 (ll
1220 1164 1397 1217 Much.
1441 1164 1539 1232 xu)
1601 1180 1953 1217 commemo-

262 1252 403 1304 rasti
430 1251 771 1305 sacriﬁcium
798 1251 1122 1304 Judznorum
1157 1267 1259 1319 pro
1316 1252 1405 1304 his
1436 1253 1532 1321 qui
1579 1268 1695 1305 non
1725 1252 1958 1305 circum-

260 1340 359 1392 cisi
390 1341 459 1393 de
491 1355 729 1409 corpore
775 1339 1047 1405 exierant,
1098 1340 1344 1393 ostendit
1397 1341 1676 1394 oblatum.
1732 1342 1794 1393 In
1843 1357 1957 1410 qua

261 1432 357 1480 tua
396 1427 677 1481 sententia
716 1432 832 1479 tam
894 1443 1061 1493 nova,
1125 1432 1177 1480 et
1229 1432 1425 1481 contra
1486 1429 1748 1482 Ecclesia:
1780 1428 1955 1481 totius

261 1515 652 1567 auctoritatem
707 1514 1187 1584 disciplinamque
1254 1518 1476 1585 prolata
1540 1517 1713 1569 verbo
1781 1516 1955 1568 etiam

260 1602 700 1655 insolentissimo
734 1619 866 1655 usus
899 1619 974 1667 es,
1007 1604 1200 1656 dicens
1233 1620 1243 1657 :
1288 1627 1306 1649 «
1338 1606 1445 1656 Pro
1479 1604 1564 1657 his
1592 1604 1785 1673 itaque
1807 1604 1957 1656 obla-

260 1689 446 1743 tiones
484 1690 758 1757 assiduas,
793 1696 850 1743 et
881 1690 1173 1744 offerenda
1196 1692 1417 1759 jugiter
1446 1698 1770 1744 sanctorum
1792 1692 1959 1743 sacri-

259 1778 387 1831 ﬁcia
438 1778 794 1831 sacerdotum
846 1794 1067 1832 censeo.
1117 1779 1167 1847 n]
1200 1780 1263 1833 In
1304 1780 1447 1833 libro
1510 1796 1739 1849 quoque
1785 1796 1955 1849 quem

261 1866 460 1919 scribit
506 1866 575 1919 ad
622 1867 854 1919 Petrum
904 1867 1303 1935 presbyterum
1352 1873 1548 1921 contra
1574 1868 1782 1936 scripta
1816 1868 1962 1937 ejus-

263 1955 393 2008 dem
426 1954 711 2007 Vincentii
741 1954 997 2019 Victoris,
1034 1954 1111 2007 ita
1142 1971 1272 2007 eum
1301 1955 1593 2023 redarguit
1630 1956 1765 2023 (ld.,
1799 1956 1959 2021 ibid.,

262 2042 301 2095 l.
334 2058 392 2108 ιι,
426 2058 474 2095 c.
514 2042 598 2111 15)
642 2057 655 2095 :
688 2041 953 2112 [Tantum
1012 2042 1163 2095 enim
1198 2044 1395 2096 salutis
1427 2049 1481 2096 et
1510 2043 1795 2097 felicitatis
1848 2060 1961 2097 non

261 2129 561 2198 baptizatis
593 2129 844 2199 parvulis
899 2128 1118 2194 tribuit,
1178 2137 1458 2199 quantum
1509 2148 1611 2184 nec
1656 2130 1964 2201 Pelagiana

264 2217 495 2271 haeresis
539 2216 771 2287 potuit.]
828 2217 893 2269 Et
944 2222 1070 2285 post
1113 2219 1410 2287 paululum
1461 2220 1530 2273 de
1579 2219 1793 2272 eisdem
1848 2236 1962 2272 non

263 2305 564 2375 baptizatis
610 2305 911 2375 parvulis:
952 2302 1048 2375 [Ne
1097 2306 1420 2376 quisquam,
1472 2307 1685 2377 inquit,
1735 2323 1840 2376 pro
1883 2309 1963 2361 eis

267 2394 475 2448 obtulit
502 2396 591 2448 vel
622 2395 921 2448 oblaturus
956 2398 1039 2445 est
1066 2396 1427 2461 sacrificium,
1462 2398 1611 2465 quod
1654 2396 1758 2448 iste
1789 2396 1963 2450 etiam

267 2497 371 2551 pro
402 2498 514 2535 non
546 2482 847 2552 baptizatis
878 2482 1099 2535 censuit
1128 2483 1527 2554 offerendum.]
1566 2486 1627 2538 Et
1653 2488 1780 2553 post
1821 2500 1961 2553 pau-

268 2584 354 2637 ca,
388 2569 456 2622 de
487 2569 690 2623 eodem
751 2570 1042 2625 Vincentio
1076 2589 1087 2599 ·
1132 2571 1264 2641 [Aut
1290 2572 1547 2641 omnino,
1582 2574 1788 2645 inquit,
1840 2576 1964 2628 ha:-

267 2656 433 2721 rebit,
465 2661 563 2710 aut
589 2657 758 2711 simul
794 2676 895 2729 pro
927 2660 1195 2713 omnibus
1228 2660 1497 2728 parvulis,
1531 2663 1629 2732 qui
1680 2669 1796 2717 toto
1828 2664 1963 2716 orbe

268 2749 551 2801 terrarum
606 2748 728 2802 sine
778 2749 985 2803 Christi
1050 2749 1335 2819 baptismo
1395 2752 1738 2818 moriuntur,
1790 2754 1964 2806 etiam

269 2848 471 2886 eorum
525 2834 848 2888 nominibus
908 2836 1113 2905 tacitis,
1170 2836 1442 2907 quoniam
1498 2839 1848 2901 nesciuntur,
1906 2836 1979 2894 in’

270 2921 514 2975 Ecclesia
579 2922 784 2977 Christi
843 2942 955 2977 non
1012 2924 1411 2994 incorporatis,
1488 2944 1693 2997 corpus
1757 2928 1964 2983 Christi

269 3009 580 3076 offerendo,
632 3027 835 3081 corpus
884 3013 1093 3067 Christi
1145 3030 1264 3065 esse
1314 3014 1609 3085 censebit.]
1668 3019 1795 3071 Post
1845 3018 1965 3071 haec

270 3096 564 3165 subjungit
615 3098 683 3150 ad
723 3100 843 3166 jam
891 3098 1105 3151 dictum
1153 3099 1381 3151 Petrum
1435 3102 1830 3170 presbyterum
1880 3104 1963 3156 lo-

273 3200 456 3254 quens
493 3184 623 3252 (Id.,
658 3185 815 3251 ibid.,
849 3202 898 3238 c.
936 3187 1021 3253 16)
1063 3203 1074 3238 :
1115 3184 1291 3257 [Absit
1321 3191 1452 3250 ate,
1484 3188 1679 3257 frater,
1730 3195 1791 3243 ut
1845 3191 1967 3244 hinc

274 3272 377 3324 tibi
409 3272 689 3340 placeant.
726 3273 885 3326 Absit
930 3277 995 3326 ut
1027 3273 1134 3327 ista
1166 3274 1252 3326 vel
1303 3274 1565 3328 didicisse
1609 3281 1663 3330 te
1696 3276 1963 3345 gaudeas,

272 3359 358 3411 vel
392 3359 593 3413 docere
624 3360 985 3431 prazsumas.]

344 3446 419 3499 Ex
476 3446 565 3499 his
651 3447 834 3501 verbis
916 3447 1095 3499 sancti
1174 3447 1423 3501 doctoris
1506 3448 1968 3503 manifestissime

272 3540 543 3588 docemur
600 3541 663 3589 ut
718 3550 821 3604 pro
878 3535 966 3588 his
1018 3541 1263 3605 tantum,
1316 3536 1416 3606 qui
1466 3536 1748 3607 baptismo
1806 3538 1967 3593 Chri-

272 3620 343 3673 sti
428 3622 746 3692 regenerati
825 3622 1264 3692 incorporantur
1331 3625 1610 3692 Ecclesiae,
1688 3641 1815 3696 qua}
1885 3632 1972 3680 est

272 3724 480 3779 corpus
542 3711 771 3775 Christi,
852 3729 1057 3781 corpus
1161 3712 1370 3767 Christi
1466 3714 1668 3768 debeat
1752 3716 1965 3768 offerri.

272 3798 335 3851 Et
387 3799 645 3869 quisquis
691 3816 795 3869 pro
841 3801 921 3853 eis
975 3801 1075 3871 qui
1132 3801 1373 3854 minime
1437 3808 1572 3855 sunt
1624 3805 1964 3871 regenerati,

273 3901 374 3939 nec
439 3902 647 3956 corpus
706 3888 915 3941 Christi
963 3888 1168 3953 effecti,
1228 3889 1364 3942 dicit
1420 3890 1558 3942 illud
1626 3890 1968 3944 sacriﬁcium

275 3972 653 4039 offerendum,
713 3979 909 4028 censet
969 3990 1067 4028 eos
1120 3990 1240 4028 esse
1308 3991 1511 4046 corpus
1574 3977 1799 4043 Christi,
1869 3978 1969 4048 qui

271 4074 569 4129 nunquam
626 4060 971 4130 incorporati
1015 4068 1148 4116 sunt
1200 4062 1473 4116 membris
1523 4063 1750 4117 Christi.
1811 4066 1970 4120 Unde

271 4148 362 4218 pie
421 4148 528 4201 hoc
576 4148 837 4201 observat
882 4154 1074 4202 sancta
1123 4155 1309 4205 mater
1364 4151 1628 4218 Ecclesia,
1678 4170 1806 4224 quae
1863 4171 1968 4224 pro

272 4237 715 4302 catechumenis,
789 4236 903 4290 sive
964 4239 1231 4307 parvulis,
1295 4241 1408 4293 sive
1466 4242 1700 4310 majoris
1768 4243 1969 4308 astatis,

2065 549 2240 601 minet
2299 546 2414 599 sive
2468 546 2583 598 ulla
2635 543 2907 597 dilatione
2950 541 3265 606 offerenda,
3325 542 3538 595 nedum
3581 542 3801 595 adhuc

2063 642 2291 705 tempus
2360 636 2427 688 ad
2496 632 2872 702 praebendum
2938 630 3346 699 redemptionis
3426 631 3797 700 mysterium

2066 724 2361 793 quaeritur,
2397 720 2810 774 interveniente
2837 718 3131 789 paululum
3164 734 3348 785 mora,
3370 718 3617 772 inveniri
3653 733 3800 771 non

2066 813 2249 865 valeat
2281 811 2380 881 qui
2407 808 2766 877 redimatur.]

2136 903 2241 954 Pro
2285 899 2396 952 illis
2444 904 2637 952 tamen
2690 895 2958 949 omnibus
3006 894 3105 965 qui
3154 910 3218 947 ex
3260 910 3409 964 aqua
3458 898 3513 947 et
3551 893 3796 963 Spiritu

2064 987 2408 1059 regenerati,
2458 1003 2521 1039 ac
2576 1002 2679 1055 per
2729 985 2835 1038 hoc
2886 983 3143 1037 Ecclesiae
3203 982 3577 1053 incorporati,
3634 998 3791 1035 cum

2063 1078 2272 1147 pietate
2304 1075 2710 1129 dormitionem
2744 1078 3104 1141 acceperunt,
3142 1071 3478 1123 solemniter
3510 1076 3566 1124 et
3595 1085 3793 1139 gene-

2067 1165 2258 1218 raliter
2314 1161 2650 1216 universalis
2693 1164 2881 1213 servat
2931 1164 2985 1212 et
3031 1175 3265 1228 prorsus
3318 1174 3544 1211 servare
3599 1157 3793 1211 debet

2062 1253 2327 1317 Ecclesia,
2391 1256 2455 1303 ut
2539 1250 2687 1303 inter
2760 1249 2857 1301 illa
2923 1253 3299 1301 sacrosanctae
3360 1246 3785 1300 immolatione

2066 1340 2332 1411 mysteria
2371 1356 2473 1391 suo
2501 1338 2621 1391 loco
2655 1340 2824 1405 atque
2854 1334 3054 1389 ordine
3084 1336 3198 1388 sive
3224 1336 3592 1399 nominatim,
3648 1335 3789 1388 sive

2065 1428 2250 1482 tacitis
2316 1425 2644 1480 nominibus
2700 1424 2944 1477 ﬁdeliter
2992 1429 3562 1477 commemorentur:
3638 1439 3789 1476 vere

2064 1531 2314 1585 namque
2345 1514 2413 1567 ad
2444 1512 2882 1583 plenitudinem,
2933 1516 2988 1563 et
3028 1511 3304 1564 unitatem
3346 1511 3609 1564 Ecclesia:
3649 1527 3793 1580 per-

2065 1605 2269 1667 tinent,
2326 1618 2428 1656 nec
2476 1602 2544 1655 ab
2604 1601 2699 1654 illa
2730 1601 2817 1653 vel
2858 1604 3042 1652 morte
3093 1599 3345 1669 separari
3395 1606 3655 1669 possunt.
3707 1602 3789 1653 De

2066 1693 2276 1763 quibus
2303 1692 2361 1745 in
2407 1692 2644 1744 Domino
2673 1690 2931 1751 mortuis,
2965 1693 3020 1741 et
3079 1704 3209 1741 cum
3258 1689 3502 1742 Domino
3542 1689 3792 1741 viventi-

2071 1783 2175 1836 bus
2217 1781 2414 1834 beatus
2459 1781 2707 1833 Joannes
2756 1778 2813 1830 in
2853 1778 3197 1847 Apocalypsi
3251 1778 3496 1830 scribit:
3547 1799 3574 1825 (ί
3611 1778 3789 1831 Beati

2069 1869 2278 1922 mortui
2312 1867 2409 1938 qui
2437 1867 2497 1919 in
2531 1866 2771 1921 Domino
2805 1864 3148 1917 moriuntur.
3196 1864 3418 1917 Amodo
3463 1864 3601 1917 dicit
3642 1863 3785 1932 Spi-

2069 1957 2232 2023 ritus,
2267 1962 2329 2009 ut
2374 1955 2728 2024 requiescant
2759 1971 2791 2006 a
2832 1953 3121 2006 laboribus
3175 1952 3329 2005 suis:
3377 1968 3553 2021 Opera
3611 1953 3785 2004 enim

2070 2047 2321 2115 ipsorum
2348 2049 2670 2113 sequuntur
2701 2042 2829 2094 illos
2859 2043 3051 2110 (Apoc.
3087 2056 3196 2107 xxv,
3241 2042 3342 2110 l3).
3384 2063 3410 2089 υ
3445 2043 3508 2094 Et
3562 2042 3781 2095 beatus

2074 2133 2278 2187 Paulus
2308 2130 2599 2200 apostolus
2637 2129 2741 2182 sub
2782 2129 3015 2182 nomine
3066 2148 3092 2179 (ι
3120 2128 3536 2196 vigilantium»
3582 2129 3791 2181 viven-

2070 2226 2174 2286 tes,
2223 2220 2325 2273 sub
2376 2218 2610 2272 nomine
2662 2221 2856 2270 autem
2894 2236 2921 2267 ί(
2956 2216 3369 2270 dormientium
3404 2237 3430 2267 ι)
3467 2217 3785 2270 defunctos

2071 2308 2266 2362 ﬁdeles
2312 2308 2510 2361 volens
2560 2305 2826 2376 intelligi,
2886 2306 2952 2359 ad
3000 2304 3532 2359 Thessalonicenses
3585 2306 3781 2359 dicit:

2074 2396 2409 2459 «Quoniam
2458 2410 2575 2447 non
2624 2393 2818 2463 posuit
2867 2409 2970 2445 nos
3016 2394 3166 2445 Deus
3222 2393 3279 2444 in
3340 2392 3511 2458 iram,
3565 2394 3665 2445 sed
3723 2392 3789 2444 in

2072 2483 2508 2553 acquisitionem
2541 2481 2739 2535 salutis
2768 2498 2870 2550 per
2899 2480 3204 2535 Dominum
3255 2487 3516 2535 nostrum
3551 2482 3781 2545 Iesum,

2072 2573 2173 2642 qui
2204 2577 2460 2625 mortuus
2492 2576 2575 2624 est
2624 2586 2727 2639 pro
2760 2569 2927 2623 nobis
2961 2586 2973 2635 ;
3019 2575 3085 2623 ut
3136 2570 3251 2622 sive
3299 2569 3621 2639 vigilemus,
3659 2571 3787 2623 sive

2072 2661 2441 2726 dormiamus,
2489 2659 2659 2713 simul
2694 2674 2823 2711 cum
2857 2658 2956 2711 illo
2990 2658 3246 2711 vivamus
3290 2659 3347 2727 (I
3395 2660 3576 2713 Thess.
3629 2675 3687 2727 γ,
3727 2663 3784 2723 9,

2077 2751 2185 2818 10).
2219 2771 2245 2797 ››
2284 2750 2347 2802 Et
2375 2749 2581 2802 iterum
2624 2746 2760 2801 alibi
2795 2763 2806 2800 :
2843 2768 2869 2795 «
2906 2747 3083 2800 Nemo
3134 2748 3287 2800 enim
3341 2752 3601 2800 nostrum
3662 2748 3786 2801 sibi

2072 2837 2229 2903 vivit,
2283 2841 2337 2889 et
2379 2852 2547 2889 nemo
2605 2835 2712 2889 sibi
2761 2834 3049 2888 moritur:
3123 2834 3237 2889 sive
3292 2834 3445 2888 enim
3505 2836 3782 2901 vivimus,

2076 2926 2317 2979 Domino
2347 2923 2628 2991 vivimus;
2662 2923 2772 2976 sive
2824 2924 3124 2988 morimur,
3170 2924 3411 2976 Domino
3448 2925 3781 2990 morimur;

2074 3013 2190 3067 sive
2222 3029 2358 3082 ergo
2398 3012 2661 3079 vivimus,
2698 3011 2811 3064 sive
2854 3010 3150 3077 morimur,
3191 3011 3419 3064 Domini
3454 3027 3673 3065 sumus.
3716 3013 3781 3066 In

2074 3102 2180 3155 hoc
2221 3101 2373 3153 enim
2409 3100 2661 3153 Christus
2694 3103 2955 3151 mortuus
2989 3103 3090 3164 est,
3147 3103 3200 3151 et
3244 3097 3578 3162 resurrexit,
3624 3101 3691 3149 ut
3723 3103 3783 3149 et

2076 3194 2437 3243 mortuorum
2496 3193 2551 3241 et
2594 3187 2848 3240 vivorum
2910 3186 3238 3240 dominetur
3304 3186 3477 3255 (Rom.
3538 3201 3654 3251 xiv,
3715 3190 3778 3237 '7-

2077 3280 2127 3332 9.
2160 3297 2186 3326 »
2214 3276 2359 3331 Hinc
2385 3280 2469 3329 est
2498 3274 2654 3345 quod
2686 3276 2743 3327 in
2774 3275 2872 3327 illa
2916 3273 3067 3327 beati
3100 3274 3315 3327 actione
3372 3274 3653 3343 mysterii,
3710 3289 3778 3325 ex

2085 3365 2421 3419 auctoritate
2456 3365 2651 3433 utique
2679 3363 2891 3427 divina,
2949 3367 3003 3416 et
3057 3363 3361 3417 traditione
3383 3361 3697 3433 apostolica
3725 3365 3780 3413 et

2076 3451 2281 3505 sanctis
2326 3450 2588 3505 Patribus
2617 3450 2799 3503 oratio
2848 3465 2952 3518 pro
3005 3448 3286 3502 defunctis
3334 3449 3600 3502 ﬁdelibus
3645 3464 3776 3518 spe-

2076 3539 2296 3593 cialiter
2346 3537 2531 3607 posita
2579 3542 2682 3605 est,
2732 3553 2861 3607 quae
2912 3536 2994 3591 ita
3040 3554 3097 3590 se
3148 3537 3320 3591 habet
3366 3552 3379 3589 :
3430 3558 3452 3585 ι
3489 3537 3776 3590 Memento

2079 3626 2275 3691 etiam,
2311 3624 2579 3691 Domine,
2610 3623 2959 3677 famulorum
3008 3624 3472 3693 famularumque
3516 3630 3770 3683 tuarum,

2078 3713 2177 3783 qui
2217 3728 2323 3767 nos
2370 3718 2782 3782 praecesserunt
2816 3729 2947 3766 cum
2984 3713 3147 3784 signo
3188 3713 3341 3781 ﬁdei,
3378 3715 3432 3765 et
3479 3712 3775 3765 dormiunt

2078 3802 2137 3855 in
2170 3817 2392 3854 sommo
2420 3800 2592 3870 pacis,
2630 3823 2649 3849 ι
2690 3806 2795 3868 etc,

2147 3890 2311 3953 Quod
2344 3893 2527 3941 totum
2555 3887 2635 3943 ita
2666 3890 2737 3943 ab
2772 3888 2936 3942 initio
2970 3888 3025 3942 in
3074 3888 3335 3954 Ecclesia,
3378 3893 3435 3942 et
3474 3887 3545 3941 ab
3590 3888 3773 3941 Eccle-

2078 3978 2163 4032 sia
2212 3976 2574 4030 uniformiter
2621 3993 2685 4029 ac
2736 3977 2994 4047 legitime
3042 3976 3401 4029 observatum
3456 3992 3577 4029 esse
3622 3992 3773 4029 com-

2080 4066 2315 4120 mendat
2346 4064 2781 4135 diligentissime
2818 4065 3179 4118 beatissimus
3210 4065 3378 4117 Pater
3422 4064 3775 4134 Augustinus

2078 4155 2137 4208 in
2178 4155 2321 4208 libro
2355 4154 2423 4208 dc
2469 4154 2617 4208 Cura
2655 4170 2760 4223 pro
2807 4153 3047 4207 mortuis
3090 4152 3361 4222 gerenda,
3408 4152 3484 4204 ita
3534 4151 3771 4205 dicens:

2081 4243 2229 4311 [Non
2256 4246 2389 4294 sunt
2432 4240 2934 4310 prretermittendaa
2985 4238 3427 4309 supplicationes
3470 4253 3577 4307 pro
3612 4237 3773 4307 spiri-

278 4323 388 4376 nisi
410 4328 712 4393 postquam
745 4324 960 4379 fuerint
991 4328 1314 4394 regenerati
1355 4328 1413 4381 in
1448 4329 1688 4396 Christo,
1743 4347 1851 4384 non
1883 4332 1965 4385 of-
2008 4330 2229 4397 Dtibus
2275 4334 2654 4395 mortuorum,
2714 4343 2856 4397 quas
2909 4326 3197 4380 faciendas
3245 4342 3350 4395 pro
3397 4326 3671 4379 omnibus
3720 4324 3775 4376 in

270 4411 379 4466 fert
405 4412 744 4465 sacriﬁcium
777 4413 1003 4475 Christi,
1064 4418 1119 4467 et
1152 4419 1286 4467 tunc
1336 4416 1590 4485 primum
1636 4433 1767 4471 cum
1808 4435 1968 4489 rege-

271 4504 545 4552 nerantur
603 4498 661 4551 in
703 4499 991 4553 oblatione
1043 4501 1359 4567 Dominica,
1415 4503 1583 4556 etiam
1649 4506 1970 4574 specialiter

271 4603 471 4641 eorum
558 4587 897 4641 memoriam
982 4588 1347 4659 frequentare
1430 4590 1651 4659 incipit,
1714 4592 1965 4647 dicens:

275 4693 302 4723 ι(
334 4676 488 4728 Hanc
535 4676 713 4744 igitur
760 4676 1110 4730 oblationem
1151 4678 1438 4731 servitutis
1480 4683 1712 4744 nostras,
1764 4682 1862 4735 sed
1915 4688 1971 4736 et

273 4768 489 4817 cunctae
545 4764 778 4818 familiae
821 4770 950 4831 ture,
1004 4782 1179 4836 quam
1228 4765 1331 4818 tibi
1390 4765 1683 4819 offerimus
1728 4780 1831 4834 pro
1882 4764 1971 4817 his

272 4868 499 4922 quoque
534 4869 677 4923 quos
708 4869 1049 4923 regenerare
1079 4855 1341 4923 dignatus
1374 4870 1432 4907 es
1463 4869 1527 4906 ex
1562 4870 1711 4923 aqua
1740 4858 1795 4906 et
1845 4853 1971 4923 Spi-

274 4940 383 4993 ritu
399 4947 617 5007 sancto,
644 4958 992 5011 quaesumus,
1021 4944 1280 5008 Domine,
1302 4946 1364 4995 ut
1382 4942 1638 5010 placatus
1652 4941 1915 5011 accipias,
1944 4962 1971 4991 ››

273 5033 379 5082 etc.
438 5030 629 5083 Gratia
683 5047 932 5102 namque
988 5031 1398 5100 redemptionis
1446 5031 1674 5097 Christi,
1728 5036 1783 5085 et
1842 5037 1975 5085 ante

276 5117 627 5187 baptismum
660 5120 987 5173 nullatenus
1018 5119 1315 5188 accipitur,
1347 5136 1534 5190 neque
1586 5120 1692 5185 his,
1726 5120 1827 5192 qui
1855 5118 1976 5174 sine

276 5206 557 5276 baptismo
606 5208 674 5259 de
714 5223 949 5276 corpore
990 5212 1217 5271 exeunt,
1261 5208 1549 5261 ullatenus
1600 5209 1723 5261 dari
1773 5214 1973 5279 potest.

278 5291 435 5346 Sicut
465 5300 519 5347 et
568 5299 685 5347 tota
740 5294 1004 5348 observat
1052 5294 1313 5347 Ecclesia.
1353 5296 1414 5348 Et
1456 5296 1517 5347 Β.
1574 5296 1879 5366 Gregorius
1910 5296 1980 5349 ad

279 5382 541 5434 consulta
600 5382 906 5451 Augustini
963 5384 1331 5453 respondens,
1392 5383 1640 5436 breviter
1706 5384 1976 5450 ostendit,

284 5466 475 5520 dicens
502 5471 762 5536 (chistr.
806 5469 904 5524 lib.
947 5475 1043 5538 xu)
1076 5487 1089 5524 :
1128 5471 1341 5539 [Sancti
1381 5471 1637 5541 mysterii
1670 5472 1870 5542 gratia,
1906 5472 1980 5525 si-

282 5560 379 5608 cut
444 5554 762 5608 viventibus
827 5562 998 5627 atque
1052 5557 1508 5613 discernentibus
1568 5574 1700 5613 cum
1776 5575 1986 5629 magna

2077 4418 2418 4483 Christiana,
2476 4422 2531 4470 et
2585 4416 2866 4470 catholica
2912 4415 3178 4469 societate
3227 4415 3533 4479 defunctis,
3603 4414 3772 4466 etiam

2076 4506 2259 4561 tacitis
2309 4504 2642 4558 nominibus
2704 4519 2923 4569 eorum,
2974 4501 3078 4555 sub
3126 4502 3379 4571 generali
3423 4516 3775 4554 commemo-

2078 4595 2300 4649 ratione
2350 4593 2603 4663 suscepit
2642 4592 2922 4657 Ecclesia;
2975 4595 3037 4643 ut
3078 4590 3283 4659 quibus
3321 4590 3390 4642 ad
3426 4589 3535 4641 ista
3569 4589 3775 4642 desunt

2079 4686 2365 4752 parentes,
2399 4687 2497 4735 aut
2529 4680 2650 4743 ﬁlii,
2687 4686 2783 4733 aut
2827 4679 3154 4749 quicunque
3190 4676 3417 4747 cognati
3453 4676 3540 4729 vel
3583 4677 3771 4741 amici,

2082 4771 2151 4825 ab
2185 4787 2298 4823 una
2330 4772 2409 4823 eis
2437 4769 2771 4823 exhibeatur
2798 4767 2895 4836 pia
2924 4770 3103 4819 matre
3135 4764 3474 4836 communi.j

2154 4860 2219 4913 Et
2246 4864 2373 4928 post
2422 4857 2655 4928 aliqua:
2698 4854 2854 4927 [Quae
2906 4871 3037 4908 cum
3094 4854 3173 4908 ita
3222 4854 3354 4915 sint,
3405 4853 3616 4923 inquit,
3670 4868 3776 4906 non

2082 4948 2474 5002 existimemus
2510 4946 2579 4999 ad
2612 4948 2870 4999 mortuos
2901 4961 3003 5015 pro
3046 4945 3253 5015 quibus
3282 4946 3491 5009 :curam
3524 4942 3775 5011 gerimus

2084 5035 2404 5105 pervenire,
2433 5034 2542 5088 nisi
2571 5034 2722 5104 quod
2770 5050 2876 5104 pro
2906 5033 2986 5086 eis
3019 5034 3133 5086 sive
3167 5033 3381 5099 altaris,
3414 5032 3527 5083 sive
3565 5031 3776 5083 oratio-

2087 5139 2246 5188 num,
2285 5123 2399 5176 sive
2439 5124 2932 5192 eleemosynarum
2974 5120 3237 5174 sa2riﬁcii
3280 5118 3617 5173 solemniter
3659 5135 3778 5187 sup-

2087 5212 2399 5282 plicamus;
2445 5212 2705 5279 quamvis
2750 5226 2865 5263 non
2914 5226 3019 5279 pro
3068 5208 3277 5279 quibus
3325 5208 3471 5261 ﬁunt
3513 5207 3777 5260 omnibus

2088 5298 2326 5368 prosint,
2394 5298 2490 5350 sed
2551 5297 2630 5350 eis
2658 5302 2916 5359 tantum.
2973 5313 3077 5367 pro
3134 5297 3347 5367 quibus
3402 5295 3540 5348 dum
3589 5294 3780 5347 vivunt

2093 5388 2459 5455 comparatur
2492 5389 2556 5437 ut
2583 5388 2826 5455 prosint.
2849 5387 2959 5441 Sed
2987 5386 3117 5456 quia
3141 5402 3255 5438 non
3283 5384 3663 5438 discernimus
3694 5383 3780 5454 qui

2090 5472 2223 5537 sint,
2253 5476 2481 5541 oportet
2515 5488 2580 5526 ea
2621 5489 2728 5543 pro
2774 5473 3124 5544 regeneratis
3165 5472 3432 5525 omnibus
3469 5472 3660 5525 facere
3692 5488 3704 5525 :
3734 5475 3779 5523 ut

2090 5560 2284 5615 nullus
2317 5576 2514 5614 eorum
2556 5563 3053 5632 praetermittatur,
3086 5561 3153 5616 ad
3189 5577 3329 5632 quos
3358 5561 3480 5615 hinc
3508 5558 3779 5614 beneﬁcia
