3884 6218
85 270 217 323 “'29

1175 269 1264 324 DE
1305 269 1629 333 TENENDA
1654 271 1701 333 ,ς
1718 268 2083 325 ΞΜΡΤΗΒᾹΞ
2122 269 2496 325 VERITATE.

3446 276 3584 329 H3O

80 405 302 475 possint
355 410 411 457 et
454 405 697 459 debeant
737 403 1057 474 pervenire.
1114 405 1313 459 Melius
1362 406 1514 458 enim
1566 421 1770 475 super-
1810 414 1855 463 Α
1886 405 2193 474 dulgentiaz
2236 406 2469 475 expiati,
2504 409 2558 458 et
2589 421 2620 457 a
2647 409 2806 458 reatu
2855 406 3067 473 delicti,
3119 411 3177 461 et
3205 423 3238 460 a
3280 407 3586 463 dominatu

80 499 246 547 erunt
274 494 385 546 ista
418 494 524 561 eis,
557 493 765 564 quibus
793 508 895 545 nec
921 493 1128 546 obsunt
1161 510 1262 546 nec
1297 498 1558 565 prosunt,
1603 509 1776 563 quam

79 581 157 634 eis
187 581 434 635 deerunt
463 582 678 652 quibus
705 579 981 651 prosunt.]

148 670 221 722 Ex
244 670 331 723 his
353 671 531 738 igitur
552 670 820 723 omnibus
839 670 1143 737 diligenter
1166 684 1227 721 ac
1246 668 1489 721 ﬁdeliter
1514 668 1773 723 conside-

78 759 213 811 ratis
240 759 558 812 certissime
590 765 645 812 et
671 759 983 811 clarissime
1016 758 1340 810 ostenditur
1372 774 1473 826 pro
1510 759 1777 811 omnibus

78 846 342 900 ﬁdelibus
389 847 616 913 Christi,
660 847 760 917 qui
808 846 1060 911 fuerunt,
1105 852 1203 899 aut
1255 851 1406 911 sunt,
1452 847 1537 899 vel
1585 851 1774 913 erunt,

75 934 283 989 factam
314 952 442 989 ecce
475 935 799 1005 passionem
836 935 1070 1007 Christi.
1118 936 1223 986 Pro
1255 934 1522 988 ﬁdelibus
1571 934 1778 989 Christi

79 1022 270 1077 offerri
300 1024 643 1077 sacriﬁcium
699 1024 942 1089 Christi;
991 1039 1092 1092 pro
1131 1038 1366 1091 corpore
1414 1023 1620 1078 Christi
1667 1024 1775 1076 im-

78 1113 283 1165 molari
315 1128 523 1183 corpus
555 1112 785 1165 Christi.
822 1113 895 1164 De
924 1111 1013 1164 his
1046 1127 1199 1176 vero,
1234 1111 1335 1180 qui
1376 1110 1561 1163 adhuc
1591 1111 1648 1164 in
1685 1110 1772 1164 in-

78 1201 355 1255 ﬁdelitate
404 1207 576 1271 atque
642 1201 940 1271 impietate
997 1201 1347 1268 detinentur,
1407 1201 1777 1255 manifestum

78 1294 164 1341 est
218 1304 285 1341 ex
333 1290 535 1359 regula
588 1288 722 1342 ﬁdei
773 1290 924 1359 quod
976 1289 1327 1359 quicumque
1372 1305 1435 1342 ex
1483 1289 1620 1358 ipsis
1678 1306 1778 1359 per

83 1376 181 1429 Dei
217 1376 463 1446 gratiam
496 1377 710 1430 fuerint
749 1379 819 1430 ad
852 1376 1027 1429 ﬁdem
1065 1378 1343 1440 conversi,
1380 1382 1435 1429 et
1463 1376 1521 1429 in
1556 1377 1776 1432 Christo

78 1465 431 1533 regenerati,
479 1466 652 1519 etiam
702 1481 803 1534 pro
846 1465 985 1534 ipsis
1026 1466 1412 1518 conﬁtendum
1454 1465 1525 1517 sit
1565 1466 1775 1518 factum

84 1570 220 1618 esse,
245 1554 398 1624 quod
434 1570 539 1623 pro
572 1554 841 1607 omnibus
872 1553 1140 1606 ﬁdelibus
1170 1554 1381 1606 factum
1413 1559 1657 1607 constat.
1703 1555 1775 1606 De

82 1642 298 1695 caeteris
330 1658 488 1708 vero,
530 1643 629 1712 qui
660 1642 719 1695 in
751 1642 869 1711 ipsa
910 1642 1246 1695 inﬁdelitate
1280 1649 1450 1710 atque
1483 1642 1777 1711 impietate

83 1747 186 1782 sua
239 1738 671 1799 perseverantes
729 1735 863 1782 sunt
928 1730 1191 1799 perituri,
1255 1730 1301 1781 si
1354 1730 1421 1782 de
1469 1730 1776 1798 Scriptura:

82 1824 289 1871 sanctae
317 1818 675 1884 auctoritate,
711 1820 862 1887 quod
892 1818 1061 1869 etiam
1111 1834 1212 1886 pro
1246 1817 1452 1869 talibus
1499 1817 1778 1869 Dominus

84 1922 281 1975 passus
313 1906 405 1972 sit,
441 1905 771 1958 certissimis
813 1909 870 1957 et
919 1904 1249 1957 clarissimis
1283 1904 1623 1957 testimoniis
1674 1921 1775 1957 no-

82 1994 169 2047 bis
212 1994 609 2048 demonstrare
644 1992 938 2063 potuerint
980 1992 1116 2046 boni
1162 1992 1286 2059 viri,
1331 1993 1429 2062 qui
1464 1993 1597 2044 talia
1641 1993 1778 2046 defi-

85 2083 334 2148 nierunt,
369 2082 609 2153 dignum
652 2082 885 2135 omnino
931 2086 1014 2134 est
1044 2086 1104 2133 ut
1134 2081 1433 2134 credamus
1466 2086 1522 2133 et
1571 2096 1690 2133 nos.
1724 2081 1779 2134 Si

84 2187 214 2223 vero
249 2187 361 2224 non
394 2170 705 2240 potuerint,
744 2174 965 2224 cessent
997 2170 1342 2222 contendere
1382 2185 1486 2239 pro
1520 2185 1585 2221 eo
1627 2169 1780 2238 quod

84 2276 197 2313 non
231 2261 447 2329 legunt.
485 2259 699 2313 Pudeat
751 2273 849 2311 eos
894 2258 1133 2311 definire
1178 2258 1328 2328 quod
1380 2258 1652 2310 nesciunt.
1682 2258 1781 2310 Ti-

86 2354 277 2401 meaut
303 2352 551 2401 statuere
581 2346 734 2417 quod
767 2347 990 2399 nullum
1021 2351 1344 2399 sanctorum
1377 2348 1604 2399 Patrum
1637 2361 1777 2397 cou-

85 2437 298 2504 cilium,
329 2435 559 2488 nullum
606 2434 932 2503 apostolicae
971 2432 1122 2487 sedis
1165 2433 1527 2501 pontiﬁcum,
1557 2433 1781 2485 nullum

87 2524 599 2578 ecclesiasticorum
657 2523 992 2591 dogmatum
1046 2522 1339 2575 decretum
1386 2520 1657 2574 hactenus
1705 2520 1782 2573 in-

86 2613 315 2666 veniant
330 2612 620 2665 statuisse.
655 2610 813 2674 Quod
837 2616 892 2664 et
917 2610 963 2663 si
990 2609 1129 2679 quid
1163 2626 1196 2662 a
1221 2609 1430 2662 sanctis
1463 2614 1518 2662 et
1548 2624 1781 2662 venera-

87 2702 291 2755 bilibus
324 2700 589 2753 Ecclesia?
630 2700 961 2753 doctoribus
998 2700 1082 2751 vel
1118 2699 1413 2766 scriptum,
1451 2697 1535 2749 vel
1568 2696 1782 2749 dictum

86 2791 234 2843 unde
254 2790 655 2860 hujuscemodi
678 2805 879 2841 sensus
899 2788 1119 2841 occasio
1143 2788 1290 2839 sumi
1315 2803 1477 2855 posse
1500 2786 1779 2851 videatur,

90 2878 421 2931 inveniunt:
461 2878 616 2930 salva
644 2893 844 2929 eorum
877 2875 1067 2930 debita
1100 2875 1441 2939 reverentia,
1479 2874 1784 2927 cohibeant

89 2984 140 3019 se
173 2967 379 3037 potius,
416 2972 471 3019 et
519 2966 857 3019 submittant
905 2982 963 3017 se
1000 2964 1295 3017 humiliter
1341 2964 1546 3017 divinae
1580 2968 1783 3015 aucto—

89 3056 275 3117 ritati;
321 3061 378 3107 et
434 3070 555 3107 rem
614 3058 729 3107 tam
788 3054 1111 3118 obscuram,
1170 3060 1400 3121 tamque
1454 3050 1783 3103 inusitatam

90 3143 293 3196 divinae
343 3148 637 3196 reservent
683 3142 980 3196 humiliter
1026 3141 1323 3210 majestati.
1374 3142 1489 3195 Hoc
1537 3154 1784 3209 namque

89 3238 139 3284 et
175 3254 195 3279 ι
228 3232 520 3284 Paschalis
566 3230 700 3299 agni
735 3252 755 3278 ι
792 3245 949 3283 sacra
977 3230 1073 3282 illa
1123 3230 1372 3298 epulatio
1420 3228 1654 3297 mystice
1687 3242 1786 3279 uo-

88 3318 169 3370 bis
228 3318 596 3372 commendat
645 3333 775 3371 cum
826 3317 1075 3370 dicitur:
1130 3338 1157 3364 ‹‹
1190 3316 1244 3369 Si
1296 3315 1431 3384 quid
1490 3315 1784 3367 residuum

88 3406 270 3473 fuerit,
309 3407 433 3477 igni
464 3405 816 3461 comburetis
846 3405 1056 3470 (Exod.
1090 3420 1185 3471 xu,
1218 3406 1325 3472 l0),
1354 3425 1378 3451 ››
1412 3403 1557 3455 sicut
1586 3403 1783 3455 beatus

90 3497 371 3562 Gregorius
432 3495 665 3564 exponit
706 3494 931 3547 dicens:
989 3492 1167 3559 [Quod
1220 3508 1287 3545 ex
1330 3507 1477 3561 agno
1527 3494 1786 3543 remanet

88 3582 204 3649 igni
233 3582 650 3648 comburimus,
686 3583 915 3652 quando
957 3581 1065 3634 hoc
1096 3580 1247 3650 quod
1278 3580 1345 3633 de
1390 3578 1659 3649 mysterio
1690 3578 1781 3630 In-

91 3672 427 3725 carnationis
459 3672 581 3741 ejus
626 3670 967 3739 intelligere,
1012 3670 1098 3721 vel
1149 3672 1445 3738 penetrare
1492 3682 1609 3719 non
1656 3682 1783 3735 pos-

92 3776 300 3826 sumus,
351 3760 626 3830 potestati
672 3759 919 3827 Spiritus
966 3758 1146 3810 sancti
1193 3757 1484 3809 humiliter
1529 3770 1781 3807 reserva-

94 3862 230 3913 mus,
267 3852 331 3901 ut
380 3864 499 3901 non
545 3846 789 3915 superbe
835 3845 962 3914 quis
1007 3844 1216 3897 audeat
1254 3844 1341 3896 vel
1387 3849 1779 3907 contemnere,

93 3937 170 3987 vel
203 3936 549 3989 denuntiare
591 3934 748 4004 quod
792 3932 1080 4002 intelligit,
1123 3931 1219 3985 sed
1264 3932 1369 3985 hoc
1416 3929 1536 3999 igni
1573 3929 1779 3996 tradat,

94 4038 213 4077 cum
242 4029 438 4078 sancto
464 4023 706 4093 Spiritui
736 4014 1034 4091 reservat]

757 4180 981 4235 CAPUT
1022 4179 1124 4232 XV.

642 4324 715 4375 De
747 4322 1036 4389 quaestione
1065 4318 1241 4372 tertia.

156 4467 274 4520 Jam
307 4466 377 4520 de
412 4466 580 4519 tertia
609 4462 947 4533 quaestione,
978 4477 1090 4531 qua
1121 4458 1419 4513 deﬁnitum
1456 4462 1559 4523 est,
1594 4478 1621 4505 «
1645 4458 1787 4521 Quia

99 4553 230 4607 sicut
266 4553 533 4607 inﬁdeles
573 4551 938 4605 redimuntur
969 4547 1237 4619 mysterio
1283 4544 1575 4614 sanguinis
1625 4545 1784 4599 Chri-

99 4643 180 4707 sti,
208 4644 286 4696 ita
319 4658 423 4695 nec
452 4641 651 4695 ﬁdeles
683 4638 965 4708 redempti
1001 4642 1151 4702 sunt,
1185 4636 1286 4705 qui
1330 4649 1443 4687 non
1480 4633 1787 4686 habuerint

101 4745 211 4784 eam
240 4732 420 4785 ﬁdem
460 4752 479 4778 ε
508 4744 637 4799 qua:
678 4744 783 4797 per
822 4725 1190 4780 dilectionem
1239 4726 1506 4791 operatur
1538 4720 1683 4789 (Gal.
1730 4738 1784 4790 v,

102 4819 163 4887 6}.
196 4841 220 4867 »
252 4819 403 4884 Quid
452 4833 682 4872 necesse
725 4820 810 4869 est
852 4812 1071 4883 aliquid
1110 4810 1344 4865 dicere?
1385 4824 1514 4862 cum
1559 4825 1627 4861 ex
1675 4809 1783 4874 his,

102 4922 214 4975 quae
253 4922 431 4977 supra
466 4906 587 4974 jam
632 4903 779 4956 dicta
819 4906 970 4965 sunt,
1017 4896 1476 4952 manifestissime
1517 4895 1787 4949 ostenda-

102 4999 201 5059 tur,
226 5001 281 5049 et
307 4994 580 5048 omnibus
607 4990 932 5045 inﬁdelibus
954 4988 1167 5041 nullam
1196 5002 1315 5039 esse
1336 4983 1785 5053 redemptionem

103 5081 153 5134 in
179 5084 426 5145 Christo,
464 5085 522 5134 et
548 5094 749 5133 omnes
784 5077 997 5143 ﬁdeles,
1031 5075 1127 5145 qui
1152 5074 1395 5127 ﬁdeliter
1420 5072 1697 5125 accedunt
1719 5074 1789 5127 ad

103 5168 277 5237 ﬁdem,
311 5175 369 5223 et
399 5168 646 5238 gratiam
681 5163 1151 5236 regenerationis,
1184 5161 1262 5214 ibi
1294 5160 1575 5229 accipiant
1598 5176 1789 5213 veram

103 5258 577 5329 redemptionem,
610 5255 710 5308 ubi
734 5253 1020 5321 accipiunt
1050 5266 1241 5303 veram
1270 5248 1787 5318 regenerationem.

106 5344 231 5407 Quia
267 5364 377 5402 nec
426 5362 558 5399 vere
608 5346 850 5414 possunt
879 5337 1228 5409 regenerari,
1278 5336 1387 5390 nisi
1419 5352 1514 5390 eos
1541 5343 1597 5389 et
1629 5353 1661 5389 δ
1690 5352 1790 5405 po-

106 5436 285 5491 testate
343 5433 587 5498 diaboli,
639 5437 695 5485 et
738 5449 769 5485 a
823 5430 1091 5483 servitute
1142 5426 1361 5496 peccati
1399 5440 1529 5478 vere
1577 5428 1795 5477 constet

106 5522 313 5579 redimi.
371 5523 489 5577 Nec
531 5536 663 5574 vere
711 5522 952 5590 possunt
1006 5515 1231 5581 redimi,
1283 5513 1395 5567 nisi
1442 5513 1661 5566 lavacro
1709 5512 1795 5566 in-

452 5613 729 5676 PATROL.
785 5608 989 5673 CXXI.

1888 493 2161 562 principis
2194 494 2393 547 mundi
2442 494 2764 548 efﬁciantur
2817 494 3077 549 absoluti.
3118 496 3234 548 Nisi
3286 498 3440 567 quod
3480 498 3585 551 hoc

1886 579 1947 632 in
1980 582 2085 633 ista
2123 581 2451 634 delinitione
2485 583 2960 636 absurdissimum
3002 589 3104 649 est,
3140 605 3167 631 ‹‹
3201 586 3355 655 quod
3390 587 3583 639 Domi-

1888 684 1995 721 nus
2040 670 2199 723 Jesus
2240 670 2494 722 Christus
2535 672 2707 725 etiam
2752 688 2855 741 pro
2898 673 3091 742 impiis
3136 673 3194 737 in
3242 690 3343 727 sua
3386 674 3587 744 impie-

1888 762 2005 810 tate
2055 758 2429 827 pereuntibus
2473 758 2691 810 dicatur
2729 776 2945 827 passus.
2979 782 3004 808 υ
3061 762 3125 814 Et
3156 761 3391 815 «ﬁdelis
3423 764 3585 832 quis-

1888 860 2001 915 que
2054 846 2303 901 ﬁdeliter
2358 846 2640 914 baptismo
2706 847 2829 915 ejus
2888 854 3255 917 regeneratus
3312 850 3584 920 mysterio

1885 934 2169 1003 passionis
2202 933 2323 1003 ejus
2350 934 2671 987 afﬁrmetur
2699 951 2812 987 non
2841 950 2961 988 esse
2996 937 3345 1007 redemptus.
3382 961 3401 984 ι»

1963 1024 2073 1075 Nec
2104 1023 2243 1076 illud
2275 1022 2485 1093 aliquis
2528 1028 2727 1077 contra
2765 1023 2909 1076 hanc
2951 1025 3246 1078 veritatem
3288 1027 3584 1096 evangeli-

1888 1128 2012 1166 cam
2052 1116 2105 1164 et
2158 1111 2527 1181 apostolicam
2577 1111 2964 1181 objiciendum
3008 1117 3188 1183 putet,
3236 1115 3389 1183 quod
3437 1115 3588 1169 inter

1887 1206 2120 1254 caeteras
2171 1200 2602 1253 maledictiones
2635 1201 2835 1270 populi
2861 1201 3100 1270 judaici,
3142 1202 3199 1254 in
3238 1203 3587 1257 Deuterono-

1888 1289 2005 1342 mio
2057 1288 2381 1341 continetur
2430 1288 2501 1341 ad
2555 1289 2824 1342 eumdem
2885 1289 3248 1343 incredulum
3310 1292 3588 1360 populum

1888 1379 2101 1431 dictum
2131 1394 2143 1431 :
2179 1398 2205 1425 ‹‹
2242 1379 2304 1430 Et
2336 1378 2445 1431 erit
2475 1378 2589 1431 vita
2622 1384 2717 1431 tua
2746 1377 3001 1446 pendens
3031 1384 3164 1432 ante
3208 1380 3404 1432 oculos
3436 1383 3583 1445 tuos,

1889 1472 1941 1519 et
1985 1482 2097 1519 non
2144 1466 2339 1518 credes
2372 1466 2500 1518 vita:
2530 1472 2640 1518 ture
2670 1466 2843 1533 (Deut.
2888 1482 3077 1530 xxvm,
3114 1468 3221 1531 66).
3260 1486 3285 1515 s
3317 1467 3411 1521 Vel
3442 1467 3587 1521 illud

1890 1554 2040 1623 quod
2090 1554 2147 1606 in
2182 1554 2320 1606 Isaia
2367 1554 2434 1606 de
2470 1554 2670 1606 eodem
2706 1554 2924 1606 infideli
2974 1556 3208 1623 populo,
3246 1572 3309 1607 ex
3344 1572 3586 1625 persona

1890 1642 2068 1711 ipsius
2121 1642 2345 1694 Domini
2375 1642 2501 1694 Jesu
2534 1642 2739 1695 Christi
2771 1643 2838 1694 de
2874 1643 3137 1711 passione
3178 1649 3233 1696 et
3264 1660 3428 1696 cruce
3462 1645 3584 1713 ejus

1888 1730 2105 1781 dictum
2146 1731 2287 1781 solet
2336 1729 2614 1798 intelligi:
2674 1750 2699 1776 ‹‹
2734 1730 2985 1797 Expandi
3025 1747 3227 1783 manus
3271 1748 3422 1784 meas
3464 1736 3584 1784 tota

1889 1818 1981 1871 die
2012 1818 2078 1870 ad
2122 1819 2399 1887 populum
2440 1834 2555 1869 non
2599 1817 2952 1884 credentem,
2991 1823 3046 1870 et
3074 1820 3581 1884 contradicentem,

1890 1906 1989 1975 qui
2034 1906 2290 1958 ambulat
2326 1906 2412 1957 via
2471 1922 2587 1958 non
2633 1905 2806 1972 bona,
2860 1912 2985 1975 post
3032 1907 3400 1977 cogitationes
3454 1924 3582 1960 suas

1890 1995 2016 2063 (lsu.
2072 2010 2192 2060 va,
2246 1993 2371 2063 2).»
2438 1996 2507 2048 Ut
2564 1996 2722 2063 quasi
2790 1996 2866 2047 ita
2917 1995 3045 2065 quis
3112 1996 3246 2049 velit
3304 1997 3578 2066 accipere,

1889 2078 2044 2148 quod
2079 2079 2159 2131 illi
2210 2099 2231 2125 α
2268 2079 2562 2131 incredulo
2610 2080 2827 2148 populo
2861 2098 2887 2129 ι)
2922 2079 3135 2133 dictum
3169 2086 3274 2149 est,
3319 2104 3345 2129 ‹‹
3379 2086 3434 2133 et
3477 2083 3586 2135 erit

1889 2168 2004 2221 vita
2051 2174 2148 2221 tua
2194 2169 2448 2238 pendens
2501 2174 2629 2221 ante
2678 2170 2869 2222 oculos
2920 2176 3069 2234 tuos,
3122 2174 3177 2223 et
3226 2187 3341 2223 non
3392 2172 3585 2224 credes

1890 2256 2021 2309 vitae
2065 2263 2198 2310 tum.
2226 2276 2253 2307 »
2284 2259 2578 2326 Tanquam
2612 2256 2721 2326 ipsi
2756 2278 2780 2304 α
2818 2256 3110 2311 iucredulo
3143 2265 3198 2311 et
3225 2260 3440 2313 inﬁdeli
3476 2276 3582 2329 po-

1890 2346 2028 2415 pulo
2065 2368 2085 2393 ιι
2142 2346 2201 2398 in
2249 2362 2347 2398 sua
2407 2346 2824 2413 incredulitate,
2872 2351 2929 2400 et
2969 2346 3305 2400 inﬁdelitate
3353 2363 3584 2416 perma-

1892 2434 2071 2499 nenti,
2106 2434 2378 2487 Dominus
2398 2435 2556 2486 .Iesus
2595 2434 2873 2499 Christus,
2910 2434 3162 2504 quiante
3195 2451 3395 2487 eorum
3444 2451 3584 2488 ocu-

1891 2522 1978 2575 los
2022 2522 2081 2575 in
2129 2538 2292 2575 cruce
2341 2522 2633 2592 pependit,
2680 2523 2899 2575 dicatur
2937 2523 3051 2575 vita
3098 2538 3228 2575 cum
3266 2523 3463 2593 utique
3508 2524 3588 2576 eis

1893 2625 2008 2662 non
2055 2610 2279 2663 dederit
2321 2610 2531 2664 vitam:
2577 2616 2631 2663 et
2680 2610 2941 2664 dicantur
2988 2611 3093 2680 ipsi
3145 2628 3260 2664 non
3311 2612 3589 2666 credituri

1891 2697 2019 2750 vita:
2052 2714 2204 2762 suae;
2243 2698 2404 2768 quasi
2436 2698 2709 2751 Dominus
2741 2698 2913 2751 etiam
2951 2715 3149 2751 eorum
3192 2699 3291 2769 qui
3324 2716 3437 2752 non
3472 2716 3589 2753 cre-

1894 2786 2056 2851 dunt,
2097 2802 2198 2839 nec
2228 2803 2483 2856 unquam
2525 2787 2645 2855 ejus
2692 2786 2800 2839 ﬁde
2835 2786 3214 2851 viviﬁcantur,
3251 2788 3433 2856 possit
3477 2787 3588 2841 dici

1891 2874 2025 2927 vita.
2066 2876 2126 2927 Et
2158 2874 2297 2928 illud
2335 2876 2402 2929 de
2435 2876 2578 2929 Isaia
2618 2875 3009 2928 testimonium
3052 2876 3128 2928 sic
3159 2882 3396 2929 conetur
3426 2877 3589 2930 intel-

1893 2962 2072 3032 ligere
2121 2969 2181 3015 ut
2219 2964 2385 3028 dicat,
2440 2964 2595 3033 quod
2648 2964 2921 3016 Dominus
2982 2970 3285 3033 propterea
3332 2965 3584 3019 dixerit:

1899 3071 1925 3097 ‹‹
1977 3052 2228 3120 Expandi
2280 3068 2483 3105 manus
2532 3068 2688 3105 meas
2730 3057 2845 3105 tota
2898 3052 2988 3105 die
3030 3052 3097 3105 ad
3150 3053 3427 3123 populum
3475 3070 3589 3108 non

1893 3138 2219 3191 credentem
2261 3144 2315 3192 et
2356 3140 2862 3207 contradicentem,
2897 3163 2922 3188 ››
2963 3141 3126 3210 quasi
3158 3148 3395 3212 prOpter
3434 3158 3590 3195 eum-

1895 3226 2021 3279 dem
2065 3228 2345 3296 populum
2378 3228 2433 3280 in
2466 3245 2567 3281 sua
2599 3228 2997 3281 incredulitate
3042 3234 3098 3281 et
3136 3230 3589 3283 contradictione

1892 3316 2322 3383 perdurantem,
2352 3324 2408 3369 et
2438 3318 2559 3387 ejus
2592 3334 2756 3369 causa
2791 3318 2972 3369 crucis
3005 3318 3341 3371 sustinuerit
3372 3320 3590 3387 passio-

1892 3418 2044 3456 nem.
2107 3404 2173 3456 Ut
2231 3404 2395 3473 quasi
2450 3420 2518 3457 ex
2579 3406 2685 3457 hoc
2741 3406 3027 3457 aflirmare
3096 3405 3373 3471 videatur,
3436 3406 3593 3477 quod

1892 3491 2167 3544 Dominus
2208 3493 2378 3545 etiam
2411 3509 2515 3562 pro
2548 3492 2742 3561 impiis
2785 3494 2840 3546 in
2883 3510 2989 3557 sua
3018 3494 3305 3564 impietate
3338 3512 3588 3564 pereun-

1888 3577 2043 3630 tibus
2096 3578 2154 3630 in
2212 3579 2521 3648 Scripturis
2577 3597 2775 3648 passus
2835 3596 2953 3633 esse
3003 3581 3266 3642 dicatur;
3313 3581 3448 3651 quia
3500 3582 3585 3635 di-

1890 3665 2039 3718 vina:
2106 3666 2415 3735 Scriptura;
2484 3669 2810 3721 nullatenus
2863 3674 3100 3737 possunt
3150 3668 3303 3722 inter
3354 3685 3412 3722 se
3471 3686 3591 3723 esse

1892 3754 2213 3819 contrarias,
2248 3755 2341 3806 sed
2377 3755 2531 3824 quod
2577 3755 2635 3807 in
2668 3771 2864 3808 earum
2907 3755 3262 3825 planioribus
3302 3757 3440 3811 locis
3473 3773 3591 3810 ma-

1892 3841 2152 3893 nifestius
2226 3841 2565 3904 declaratur,
2632 3844 2739 3896 hoc
2800 3844 2973 3896 etiam
3042 3844 3101 3897 in
3167 3846 3594 3899 obscurioribus

1892 3928 2227 3991 occultatur,
2260 3934 2323 3981 ut
2353 3944 2419 3980 ex
2448 3927 2534 3980 his
2583 3944 2713 3997 qua:
2763 3929 2819 3981 in
2871 3930 2979 3982 illis
3011 3931 3162 3984 clara
3208 3937 3339 3986 sunt
3369 3931 3589 3986 illumi—

1888 4021 2099 4071 neutur
2131 4016 2389 4082 obscura,
2424 4031 2541 4069 non
2571 4031 2633 4068 ex
2676 4016 2761 4068 his
2812 4034 2941 4086 qum
2982 4019 3225 4073 obscura
3273 4024 3407 4074 sunt
3443 4022 3593 4074 clara

1893 4104 2291 4158 obscurentur.

1964 4193 2160 4263 Itaque
2206 4192 2370 4260 juxta
2403 4190 2780 4257 manifestam,
2818 4209 2990 4261 quam
3044 4198 3309 4266 superius
3354 4197 3596 4252 ostendi-

1825 4293 2022 4347 Dmus
2072 4280 2137 4333 de
2174 4278 2452 4348 passione,
2504 4284 2558 4331 et
2602 4279 2997 4349 redemptione
3050 4283 3258 4337 Christi
3306 4286 3594 4356 evangeli-

1893 4383 2039 4432 cam,
2087 4374 2143 4419 et
2173 4366 2540 4435 apostolicam
2574 4366 2896 4434 veritatem,
2938 4367 3108 4422 etiam
3150 4371 3313 4436 illud,
3351 4374 3507 4442 quod
3538 4374 3595 4427 in

1896 4454 2345 4508 Deuteronomio
2374 4454 2523 4507 inter
2551 4460 2753 4507 caetera
2795 4455 3095 4509 maledicta
3134 4458 3219 4510 illi
3265 4462 3480 4529 pupulo
3510 4462 3595 4515 in-

1894 4543 2048 4597 ﬁdeli
2098 4542 2313 4596 dictum
2360 4550 2477 4596 est:
2533 4564 2558 4589 ‹‹
2598 4543 2661 4595 Et
2700 4543 2810 4596 erit
2858 4543 2969 4596 vita
3014 4550 3112 4597 tua
3159 4548 3420 4614 pendens
3466 4555 3595 4603 ante

1897 4632 2090 4685 oculos
2123 4636 2269 4697 tuos,
2314 4635 2368 4683 et
2395 4647 2509 4683 nou
2553 4631 2749 4683 credes
2800 4632 2927 4684 vitm
2979 4636 3116 4699 tuae,
3154 4654 3180 4681 ››
3232 4634 3309 4687 ita
3355 4636 3599 4691 ﬁdeliter

1898 4718 2243 4789 accipiamus
2279 4718 2516 4783 dictum,
2552 4723 2614 4771 ut
2647 4734 3024 4788 agnoscamus
3066 4721 3379 4776 maximum
3420 4726 3596 4779 male-

1897 4806 2115 4860 dictum
2157 4806 2327 4859 fuisse
2375 4806 2528 4857 illius
2580 4806 2804 4875 populi,
2838 4812 2902 4860 ut
2952 4808 3156 4861 merito
3193 4810 3431 4864 malitiae
3480 4829 3595 4866 sua:

1898 4893 2180 4959 exceccati,
2216 4893 2540 4947 venientem
2583 4894 2654 4947 ad
2685 4910 2742 4946 se
2785 4895 3093 4949 Dominum
3139 4897 3427 4951 Christum
3468 4905 3597 4953 tan-

1898 4983 1970 5035 tis
2031 4982 2209 5051 signis
2261 4987 2315 5035 et
2372 4982 2662 5034 miraculis
2719 4998 3061 5052 cognoscere
3117 5002 3233 5039 non
3282 4989 3594 5055 potuerint.

1899 5070 2058 5124 Sicut
2088 5070 2155 5123 de
2196 5086 2397 5123 eorum
2430 5075 2585 5122 tanta
2615 5070 2865 5123 cmcitate
2897 5076 3029 5124 ante
3058 5072 3247 5127 fuerat
3287 5076 3596 5144 propheta-

1897 5162 2059 5211 tum:
2120 5159 2401 5211 «Excaeca
2475 5173 2570 5211 cor
2626 5159 2824 5228 populi
2886 5160 3079 5229 hujus,
3139 5167 3196 5214 et
3253 5179 3415 5215 aures
3475 5164 3599 5233 ejus

1900 5261 2149 5315 aggrava
2188 5250 2246 5298 et
2291 5246 2484 5299 oculos
2525 5246 2648 5315 ejus
2679 5246 2877 5300 claude
2910 5246 3039 5317 (lsa.
3081 5265 3152 5313 vr,
3208 5251 3309 5315 l0),
3342 5272 3369 5299 ››
3403 5256 3504 5304 etc.
3537 5254 3601 5305 Et

1899 5334 2047 5387 hanc
2077 5332 2389 5386 caecitatem
2416 5334 2572 5403 justo
2598 5334 2817 5403 judicio
2850 5335 2949 5387 Dei
2981 5338 3361 5406 permansisse
3387 5338 3445 5390 in
3486 5339 3599 5393 illis

1900 5420 2227 5492 usquedum
2273 5422 2583 5474 Dominum
2624 5424 3199 5493 comprehenderent,
3244 5427 3600 5481 condemna-

1902 5514 2051 5576 rent,
2081 5514 2139 5563 et
2180 5509 2354 5561 morti
2384 5509 2778 5579 adjudicatum
2810 5512 3244 5582 cruciﬁgerent;
3278 5514 3372 5569 sed
3404 5521 3603 5584 postea

3164 5610 3246 5667 36
