3884 6218
266 283 393 335 1131

1400 279 1452 330 S.
1499 277 1774 331 ιιΕΜιδιι
1816 276 2280 332 LUCDUNENSIS
2322 274 2637 331 EPISCOPI

3636 283 3753 333 H3?

261 415 361 468 illo
403 416 753 483 resurgente,
793 414 847 465 et
877 386 962 462 ad
991 409 1161 462 caelos
1191 407 1553 475 ascendente,
1607 408 1780 461 misso
1830 406 1958 476 Spi-
1999 420 2036 469 Α
2068 406 2301 461 Joannis
2352 406 2712 476 evangelista».
2761 406 2922 461 docet
2967 407 3160 461 dicens
3205 410 3408 472 (Tract.
3441 410 3568 479 45):
3612 410 3756 480 [Ecce

263 502 375 555 ritu
433 507 641 565 sancto,
695 504 750 553 et
806 498 1256 570 praedicantibus
1319 497 1592 568 apostolis
1636 513 1738 566 per
1784 496 1960 566 inspi-

263 591 540 643 rationem
587 589 793 643 divinae
835 587 1057 657 gratim,
1097 587 1286 640 subito
1329 586 1398 639 ad
1446 601 1647 639 eorum
1695 585 1964 655 praedica-

262 677 475 729 tionem
535 681 909 747 compunctos
964 674 1213 728 dixisse:
1280 694 1302 722 ι
1366 673 1480 726 Viri
1538 673 1760 740 fratres,
1824 672 1959 742 quid

262 765 535 818 faciemus
581 764 733 835 (Act.
779 780 838 829 ιι,
866 766 971 831 37).
1011 783 1037 810 »
1092 763 1153 816 Et
1193 762 1465 815 continuo
1499 768 1728 829 accepto
1762 759 1962 813 salutis

262 854 497 906 consilio
520 854 856 922 baptizatos.
895 869 958 905 ac
987 851 1119 904 vitae
1150 867 1264 903 sua:
1304 866 1478 921 quam
1510 850 1568 902 in
1618 864 1782 902 cruce
1831 854 1961 902 ante

262 942 459 995 oculos
508 958 638 994 suos
685 940 933 1010 positam
988 955 1295 1009 agnoscere
1347 956 1463 991 non
1508 942 1816 1007 potuerant
1858 953 1962 990 nec

264 1030 645 1097 crediderant,
704 1028 1121 1094 reconciliatos,
1177 1029 1240 1080 Et
1298 1027 1425 1080 ideo
1468 1025 1804 1079 mirabiliter
1862 1041 1965 1095 per

261 1118 492 1172 beatum
554 1119 800 1188 Moysem
864 1122 1170 1185 utrumque
1233 1115 1596 1186 prophetam,
1656 1120 1962 1184 utrumque

262 1205 650 1276 signiﬁcatum
702 1210 799 1269 est,
857 1210 919 1258 ut
971 1210 1027 1257 et
1077 1204 1135 1257 in
1189 1204 1453 1273 passione
1508 1203 1737 1257 Domini
1788 1202 1960 1255 habe-

262 1301 390 1349 rent
443 1317 463 1344 ι
501 1295 672 1349 vitam
719 1300 849 1347 ante
900 1294 1114 1359 oculos,
1150 1314 1169 1340 ι
1224 1293 1318 1346 sed
1356 1309 1459 1345 nec
1493 1292 1813 1356 crederent,
1862 1306 1964 1344 nec

263 1388 635 1453 agnoscerent
666 1398 678 1436 :
709 1388 764 1435 et
794 1384 913 1435 haec
947 1387 1139 1435 tamen
1171 1382 1284 1434 vita
1324 1386 1474 1434 esset
1506 1382 1676 1433 etiam
1707 1380 1963 1450 ipsorum

261 1476 377 1525 tam
419 1472 739 1525 inﬁdelium
773 1477 828 1523 et
858 1476 973 1523 tam
1005 1475 1441 1535 excaecatorum,
1478 1470 1610 1539 quia
1642 1485 1738 1523 eos
1769 1473 1965 1538 postea

264 1561 373 1615 ﬁde
444 1578 546 1614 sua
614 1559 932 1625 viviﬁcavit,
998 1560 1147 1612 sicut
1212 1560 1488 1627 scriptum
1538 1564 1659 1611 est:
1715 1558 1964 1611 «Justus

266 1654 454 1703 autem
487 1665 551 1702 ex
599 1648 714 1702 ﬁde
768 1648 907 1700 vivit
962 1647 1205 1716 (Habac.
1239 1662 1315 1715 ii;
1366 1650 1515 1701 Rom.
1572 1650 1638 1713 1).
1685 1667 1706 1694 ι
1763 1647 1847 1698 Ita
1904 1645 1964 1697 in

264 1737 527 1807 passione
574 1753 677 1789 sua
713 1736 985 1789 Dominus
1016 1740 1073 1788 et
1114 1734 1226 1787 vita
1272 1739 1392 1787 erat
1436 1734 1714 1803 ipsorum,
1759 1738 1813 1786 et
1842 1748 1959 1785 non

267 1830 389 1877 erat
417 1823 533 1877 vita
561 1822 855 1893 ipsorum:
897 1822 1008 1875 vita
1042 1838 1293 1891 namque
1339 1826 1459 1874 erat
1502 1821 1782 1892 ipsorum,
1828 1820 1963 1890 quia

263 1918 384 1967 erat
431 1928 528 1965 eos
579 1911 1001 1975 viviﬁcaturus;
1037 1927 1150 1963 non
1193 1917 1314 1963 erat
1343 1911 1458 1963 vita
1501 1911 1776 1980 ipsorum,
1827 1908 1963 1979 quia

262 2001 506 2054 necdum
542 2016 637 2053 eos
681 1998 1018 2063 viviﬁcabat,
1068 1999 1300 2068 quando
1348 1998 1558 2052 mortui
1610 1999 1785 2051 vitam
1832 2013 1961 2050 cru-

262 2086 587 2156 ciﬁgebant.
632 2086 797 2139 Unde
835 2090 897 2138 ut
941 2085 1046 2138 ista
1087 2085 1308 2138 caecitas
1350 2085 1421 2138 ab
1452 2085 1566 2137 illis
1618 2085 1958 2147 auferretur,

263 2179 319 2228 et
350 2175 485 2228 ﬁdei
511 2172 858 2227 illuminatio
892 2173 973 2225 eis
1003 2173 1336 2239 donaretur,
1367 2172 1427 2226 in
1461 2174 1584 2241 ipsa
1616 2173 1798 2225 crucis
1832 2188 1961 2241 pas-

263 2265 423 2317 sione
483 2264 710 2316 Patrem
768 2261 1107 2332 precabatur
1150 2261 1379 2314 dicens:
1437 2283 1457 2309 ι
1494 2262 1678 2327 Pater,
1729 2260 1959 2330 ignosce

262 2352 394 2419 illis,
437 2367 550 2404 non
581 2351 735 2404 enim
770 2349 959 2403 sciunt
987 2350 1123 2420 quid
1157 2351 1372 2403 faciunt
1409 2350 1554 2417 (Luc.
1588 2365 1747 2413 xxm,
1782 2348 1888 2411 34).
1930 2365 1955 2399 ιι

263 2440 540 2495 Similiter
596 2445 651 2492 et
680 2439 822 2492 illud
873 2441 1024 2509 quod
1064 2442 1122 2491 in
1180 2439 1323 2492 Isaia
1376 2454 1445 2491 ex
1502 2438 1678 2507 ipsius
1732 2437 1959 2490 Domini

261 2544 503 2598 persona
550 2527 895 2596 intelligitur
924 2527 1175 2580 dictum:
1216 2550 1235 2574 α
1276 2526 1528 2596 Expandi
1564 2542 1769 2579 manus
1801 2541 1957 2578 meas

260 2622 377 2669 tota
422 2617 511 2669 die
553 2616 622 2669 ad
682 2617 962 2685 populum
1012 2631 1130 2669 non
1172 2616 1520 2680 credentem,
1574 2620 1630 2669 et
1674 2615 1957 2668 contradi-

261 2710 501 2771 centem,
540 2726 560 2751 ι
598 2704 797 2758 eodem
848 2721 1017 2757 sensu
1059 2704 1454 2775 accipiendum
1500 2709 1603 2772 est,
1643 2704 1795 2774 quod
1826 2719 1958 2773 per-

259 2811 457 2863 pessus
487 2795 559 2847 sit
590 2810 652 2846 ac
690 2793 1024 2846 sustinuerit
1066 2793 1233 2845 illum
1267 2794 1546 2863 populum
1580 2808 1809 2861 semper
1848 2791 1958 2845 sibi

261 2898 375 2935 non
421 2882 746 2935 credentem
789 2886 843 2934 et
881 2881 1393 2945 contradicentem,
1427 2882 1507 2933 ita
1559 2884 1618 2933 ut
1645 2882 1954 2933 clamaret:

262 2992 289 3019 ‹‹
346 2970 643 3041 Cruciﬁge,
702 2970 972 3037 cruciﬁge
1031 2984 1201 3037 eum;
1261 2991 1289 3017 »
1357 2974 1411 3021 et
1459 2970 1681 3021 dicente
1739 2968 1952 3021 Pilato:

261 3080 290 3109 ‹‹
330 3059 544 3129 Regem
592 3064 843 3112 vestrum
888 3058 1270 3127 cruciﬁgam?
1321 3056 1778 3126 responderunt:
1835 3057 1956 3109 Non

260 3149 536 3201 habemus
590 3163 787 3217 regem
849 3146 959 3199 nisi
1025 3145 1301 3199 Caesarem
1356 3144 1538 3214 (Joan.
1600 3160 1711 3211 XIX,
1772 3146 1873 3214 l5).
1929 3165 1954 3191 ››

261 3238 450 3289 Donec
498 3235 556 3287 in
605 3250 769 3287 cruce
822 3234 1094 3286 exaltatus
1152 3233 1499 3302 expenderet
1548 3247 1767 3297 manus,
1830 3237 1956 3284 tan-

258 3339 431 3393 quam
463 3322 669 3375 virtute
703 3319 984 3392 passionis
1034 3337 1151 3374 suae
1204 3321 1398 3373 omnia
1431 3324 1715 3373 tracturus
1762 3320 1830 3373 ad
1876 3336 1955 3386 se,

259 3413 432 3465 etiam
480 3411 669 3481 ipsum
719 3411 1049 3480 «populum
1082 3425 1198 3462 non
1248 3410 1599 3471 credentem,
1635 3414 1691 3462 et
1730 3413 1956 3462 contra-

257 3500 539 3554 dicentem
572 3499 630 3552 in
684 3498 943 3568 reliquiis
972 3497 1256 3564 videlicet,
1292 3514 1420 3567 quae
1466 3513 1531 3550 ex
1577 3498 1675 3549 illo
1708 3512 1811 3566 per
1842 3498 1955 3549 ele-

257 3588 503 3641 ctionem
552 3586 751 3657 gratiae
783 3588 951 3640 salvae
989 3586 1150 3640 factae
1181 3592 1316 3639 sunt
1343 3588 1520 3654 (Rom.
1557 3602 1630 3652 XI,
1668 3588 1743 3655 5).
1774 3606 1796 3634 ι
1841 3586 1957 3639 Hoc

255 3677 333 3730 ita
389 3677 647 3729 futurum
699 3675 821 3745 ipse
877 3676 1243 3745 praedixerat,
1298 3673 1528 3744 quando
1572 3672 1644 3725 ad
1673 3689 1767 3725 eos
1824 3678 1956 3726 ante

258 3765 579 3835 passionem
630 3779 814 3830 suam,
862 3768 1136 3833 tanquam
1189 3764 1315 3816 «ad
1344 3762 1627 3832 populum
1676 3778 1789 3815 non
1843 3778 1955 3815 cre-

258 3854 483 3906 dentem
535 3858 590 3906 et
641 3852 1124 3906 contradicentem
1163 3872 1183 3899 ι
1236 3851 1492 3905 dicebat:
1550 3870 1577 3900 α
1611 3852 1754 3905 Cum
1803 3851 1957 3903 exal-

255 3942 510 3995 taveritis
560 3941 743 3994 ﬁlium
774 3940 1044 4007 hominis,
1090 3945 1223 3993 tunc
1256 3938 1611 4009 cognoscetis
1647 3939 1780 4009 quia
1849 3954 1954 4008 ego

256 4046 380 4082 sum
435 4029 615 4099 (loan.
672 4045 787 4095 vni,
844 4030 1010 4091 28).»
1066 4029 1186 4081 Non
1241 4027 1522 4080 credendo
1581 4042 1850 4096 namque,
1901 4034 1956 4079 et

255 4119 692 4172 contradicendo
770 4120 837 4169 ad
912 4119 1018 4170 hoc
1083 4122 1469 4185 pervenerunt
1527 4121 1588 4168 ut
1643 4118 1957 4170 exaltarent

258 4206 443 4259 ﬁlium
475 4205 726 4257 hominis
753 4205 811 4257 in
836 4205 993 4274 ligno
1031 4206 1213 4257 crucis
1240 4225 1252 4270 ;
1300 4208 1357 4257 et
1386 4211 1521 4257 tunc
1573 4204 1777 4257 virtute
1824 4221 1953 4272 pas-

258 4295 448 4360 tionis,
493 4298 551 4347 et
593 4292 781 4362 gratia
825 4294 1099 4345 orationis
1147 4293 1269 4361 ejus
1315 4293 1625 4345 illuminati
1667 4309 1950 4363 cognove-

255 4389 391 4436 runt
428 4398 580 4447 eum,
609 4398 781 4450 quem
829 4384 993 4433 antea
1043 4397 1159 4432 non
1208 4387 1619 4451 cognoscentes
1661 4382 1956 4435 cruciﬁxe-

254 4478 418 4525 rant:
466 4470 583 4525 «Si
628 4470 779 4523 enim
825 4469 1244 4539 cognovissent,
1298 4486 1592 4540 nunquam
1650 4470 1957 4523 Dominum

260 4559 463 4629 gloriae
488 4557 906 4611 crucitixissent
935 4558 981 4627 (Ι
1014 4557 1133 4611 Cor.
1166 4572 1226 4621 ιι,
1258 4560 1332 4626 8).

323 4650 483 4703 Hunc
533 4647 699 4701 nobis
745 4662 942 4701 verum
985 4652 1039 4700 et
1081 4646 1421 4699 catholicum
1473 4663 1703 4700 sensum
1749 4646 1957 4700 beatis-

262 4737 442 4790 simus
496 4741 714 4806 martyr
770 4735 1086 4806 Cyprianus
1140 4735 1197 4788 in
1253 4735 1398 4788 libro
1456 4735 1606 4806 quod
1670 4735 1823 4789 idola
1880 4735 1959 4789 dii

255 4841 371 4879 non
420 4824 553 4891 sint,
586 4824 898 4893 diligenter
954 4824 1231 4891 insinuat,
1279 4824 1469 4877 dicens
1500 4825 1569 4878 de
1608 4824 1827 4878 eisdem
1857 4824 1959 4878 Ju-

262 4913 421 4966 dmis.
481 4913 625 4983 [Non
670 4911 1048 4981 intelligendo
1092 4912 1342 4981 primum
1374 4911 1579 4965 Christi
1629 4912 1955 4978 adventum,

251 5004 351 5073 qui
415 5003 473 5055 in
536 5001 799 5071 passione
854 5000 1146 5070 praecessit
1175 5001 1447 5066 occultus,
1510 5016 1689 5053 unum
1737 5005 1957 5052 tantum

252 5091 514 5151 credunt,
592 5090 691 5159 qui
750 5090 859 5143 erit
924 5089 983 5142 in
1034 5094 1316 5159 potestate
1385 5088 1739 5141 manifestus.
1798 5088 1957 5152 Quod

251 5184 443 5233 autem
477 5178 584 5233 hoc
613 5178 944 5232 Judaaorum
977 5178 1224 5246 populus
1250 5178 1572 5246 intelligere
1606 5193 1723 5229 non
1749 5176 1956 5246 potuitg

249 5267 593 5322 delictorum
658 5267 932 5320 meritum
978 5240 1118 5319 -fuit.
1185 5265 1276 5319 Sic
1335 5240 1498 5318 erant
1550 5240 1845 5335 sapientiae
1905 5240 1962 5319 et

247 5351 647 5426 intelligentiae
705 5354 955 5408 caecitate
1012 5354 1264 5415 multati,
1326 5354 1519 5425 utqui
1567 5355 1680 5408 vita
1733 5353 1959 5423 indigni

257 5446 467 5508 essent,
507 5441 783 5494 haberent
811 5441 987 5494 vitam
1036 5446 1167 5495 ante
1211 5441 1427 5507 oculos,
1484 5458 1587 5495 nec
1642 5438 1951 5512 viderent]

259 5525 537 5582 Similiter
600 5533 658 5581 et
685 5528 885 5583 beatus
936 5528 1290 5599 Augustinus
1344 5529 1404 5583 in
1455 5528 1954 5598 explanationibus

2071 497 2352 549 Dominus
2381 496 2541 549 Iesus
2572 496 2829 551 Christus
2859 497 3030 561 venit,
3071 497 3405 565 prmdicavit
3436 516 3449 564 ;
3505 498 3599 551 sed
3632 498 3758 568 quid

2071 586 2385 654 putamus?
2455 605 2482 633 ‹‹
2534 586 2827 653 Nunquid,
2864 606 2890 633 »
2961 586 3057 655 qui
3127 586 3436 640 audierunt
3503 608 3530 635 ‹‹
3571 603 3754 640 oves»

2072 673 2278 727 erant?
2332 674 2464 727 Ecce
2515 673 2732 726 audivit
2765 696 2791 719 ‹‹
2824 674 3015 740 Judas,
3052 695 3079 724 »
3114 679 3169 727 et
3215 676 3386 744 lupus
3434 680 3584 739 erat;
3610 698 3635 723 ί(
3666 692 3753 727 sc-

2073 762 2371 832 quebatur,
2408 781 2434 813 »
2470 762 2563 815 sed
2608 763 2754 831 pelle
2785 763 2955 815 ovina
3002 768 3184 816 tectus
3216 767 3427 831 pastori
3461 763 3753 816 insidiaba-

2070 856 2181 905 tur.
2229 872 2256 899 «
2298 850 2488 920 Aliqui
2532 867 2664 903 vero
2701 872 2728 898 »
2768 866 2966 904 eorum
3017 852 3113 921 qui
3156 851 3440 906 Christum
3482 851 3759 905 cruciﬁxe-

2072 943 2209 992 runt
2255 954 2372 991 non
2419 937 2729 991 audiebant
2779 959 2804 986 «
2839 946 2893 991 et
2940 954 3071 992 oves
3116 944 3370 1005 erant;»
3423 940 3573 1010 ipsos
3614 940 3756 992 enim

2070 1026 2299 1080 videbat
2330 1027 2388 1079 in
2439 1026 2604 1080 turba
2642 1028 2871 1097 quando
2923 1028 3188 1080 dicebat:
3243 1048 3269 1077 «
3303 1028 3444 1082 Cum
3499 1029 3760 1081 exaltave-

2073 1114 2197 1167 ritis
2230 1114 2431 1168 Filium
2461 1113 2733 1180 hominis,
2769 1120 2903 1167 tunc
2934 1116 3284 1185 cognoscetis
3316 1116 3452 1185 quia
3495 1132 3599 1185 ego
3640 1131 3758 1168 sum

2070 1204 2251 1272 (Joan.
2286 1218 2399 1267 vni,
2426 1203 2536 1272 28).
2573 1223 2600 1252 »
2642 1203 2939 1266 Quomodo
2985 1219 3122 1273 ergo
3152 1204 3262 1256 ista
3295 1204 3535 1257 solvitur
3563 1224 3584 1252 ι
3620 1220 3758 1272 qua-

2071 1292 2174 1345 stio
2193 1293 2221 1343 ?
2262 1291 2515 1345 Audiunt
2545 1306 2651 1345 non
2681 1306 2820 1357 oves,
2864 1296 2914 1345 et
2933 1308 3038 1345 non
3068 1291 3304 1345 audiunt
3346 1306 3484 1357 oves,
3534 1307 3757 1358 sequun-

2074 1385 2164 1432 tur
2216 1394 2441 1433 vocem»
2504 1380 2748 1449 pastoris
2791 1380 3027 1449 quidam
3072 1380 3213 1449 lupi,
3273 1384 3329 1432 et
3374 1380 3454 1432 eis
3507 1381 3758 1449 quaedam

2073 1468 2468 1521 contradicunt
2545 1483 2716 1533 oves;
2773 1473 3063 1536 postremo
3135 1473 3425 1537 pastorem
3507 1467 3761 1520 occidunt

2074 1572 2220 1609 oves.
2277 1555 2383 1610 Sed
2458 1555 2686 1625 quando
2761 1571 2877 1609 non
2942 1555 3267 1621 audiebant,
3330 1572 3462 1609 oves
3516 1556 3762 1609 nondum

2073 1650 2271 1709 erant;
2334 1659 2437 1696 vox
2498 1644 2689 1697 audita
2746 1660 2841 1697 eos
2901 1645 3165 1711 mutavit,
3219 1649 3273 1696 et
3326 1660 3391 1697 ex
3434 1644 3583 1715 lupis
3640 1661 3762 1697 oves

2003 1716 2040 1768 Β
2072 1731 2251 1805 fecit.]

2145 1822 2303 1875 Libet
2335 1822 2393 1875 in
2429 1822 2542 1875 ﬁne
2587 1826 2913 1875 sanctorum
2948 1822 3179 1875 Patrum
3217 1837 3402 1890 pauca
3426 1820 3596 1874 verba
3633 1820 3760 1874 sub-

2065 1911 2332 1980 jungere,
2375 1926 2547 1981 quam
2597 1910 2939 1963 mirabiliter
2978 1917 3032 1963 et
3064 1909 3307 1963 dulciter
3350 1910 3663 1979 praedicent
3700 1910 3764 1962 de

2072 1999 2346 2070 mysterio
2389 1999 2801 2069 redemptionis
2833 1999 3074 2052 Christi:
3116 1999 3184 2051 de
3217 1998 3396 2050 salute
3443 2000 3617 2050 etiam
3648 1998 3765 2050 illo-

2071 2102 2195 2139 rum
2241 2086 2554 2155 justorum,
2604 2086 2703 2155 qui
2752 2086 2985 2138 fuerunt
3017 2090 3147 2138 ante
3192 2086 3499 2139 adventum
3539 2085 3763 2151 Christi,

2069 2180 2125 2228 et
2171 2175 2439 2245 deinceps
2471 2174 2733 2228 omnium
2773 2173 3029 2227 ﬁdelium
3077 2173 3176 2243 qui
3206 2174 3333 2242 ejus
3364 2174 3549 2245 gratia
3580 2174 3765 2243 quoti-

2068 2263 2158 2316 die
2204 2263 2568 2317 redimuntur
2607 2268 2777 2332 atque
2817 2263 3124 2315 salvantur.
3193 2265 3393 2317 Beatus
3435 2262 3764 2316 Ambrosius

2069 2352 2137 2405 de
2181 2353 2303 2421 ipso
2347 2351 2587 2405 Domino
2618 2352 2749 2404 Jesu
2780 2352 3022 2411 Christo,
3077 2352 3171 2421 qui
3208 2356 3293 2404 est
3334 2359 3590 2421 «Agnus
3647 2351 3760 2415 Dei,

2068 2447 2122 2494 et
2157 2440 2310 2494 tollit
2340 2447 2632 2510 peccatum
2686 2440 2884 2493 mundi
2932 2439 3112 2507 (Joan.
3166 2456 3201 2502 ι,
3250 2443 3360 2507 29),
3396 2460 3422 2489 »
3478 2440 3764 2509 quomodo

2067 2546 2097 2582 a
2126 2534 2279 2585 certo
2332 2535 2388 2582 et
2420 2529 2828 2599 prmdestinato
2862 2544 3100 2581 numero
3139 2528 3239 2597 qui
3290 2528 3511 2598 possint
3543 2528 3611 2580 ad
3647 2531 3765 2597 ejus

2068 2634 2227 2671 esum
2270 2618 2529 2670 sufﬁcere
2564 2617 2919 2684 comedatur,
2962 2617 3037 2670 ita
3084 2616 3253 2670 dicit:
3284 2616 3554 2688 [Sanguis
3605 2617 3761 2671 Chri-

2068 2706 2158 2771 sti,
2210 2706 2371 2776 cujus
2403 2707 2471 2759 ad
2506 2706 2751 2775 gratiam
2784 2706 2926 2758 nihil
2960 2705 3263 2769 minuitur,
3294 2706 3437 2758 nihil
3493 2704 3766 2775 adjungi-

2066 2800 2176 2848 tur.
2231 2795 2296 2847 Et
2331 2795 2375 2846 si
2426 2810 2627 2864 parum
2684 2809 2894 2860 sumas,
2948 2799 3004 2846 et
3049 2793 3094 2845 si
3156 2794 3473 2863 plurimum
3534 2794 3767 2846 haurias

2067 2883 2266 2935 eadem
2316 2882 2567 2951 perfecta
2597 2888 2682 2935 est
2720 2882 2988 2934 omnibus
3022 2897 3287 2934 mensura
3327 2882 3763 2951 redemptionis.

2067 2972 2277 3024 Pascha
2317 2986 2544 3041 quoque
2579 2970 2824 3034 Domini,
2876 2969 2984 3023 hoc
3031 2974 3115 3022 est
3160 2986 3396 3040 agnum,
3448 2969 3527 3022 ita
3581 2977 3767 3039 patres

2069 3060 2289 3129 epulari
2336 3060 2636 3127 jubentur,
2704 3063 2767 3112 ut
2823 3058 3136 3110 secundum
3190 3073 3499 3110 numerum
3545 3058 3764 3111 anima-

2070 3163 2196 3201 rum
2240 3147 2545 3217 epulentur
2583 3163 2839 3212 suarum,
2881 3162 3067 3216 neque
3117 3147 3330 3215 plures,
3383 3162 3574 3216 neque
3625 3163 3765 3215 pau-

2067 3236 2271 3303 ciores,
2324 3252 2509 3305 neque
2543 3236 2668 3289 aliis
2700 3235 2829 3305 plus
2870 3234 3013 3299 dari,
3056 3234 3181 3287 aliis
3215 3235 3404 3287 minus
3451 3235 3768 3288 secundum

2068 3326 2287 3376 animas
2339 3324 2737 3393 singulorum;
2793 3338 2861 3375 ne
2910 3327 3007 3375 aut
3055 3322 3319 3375 fortiores
3371 3323 3630 3392 amplius
3680 3340 3771 3375 su-

2066 3418 2245 3480 mant,
2279 3418 2377 3465 aut
2422 3410 2772 3464 inﬁrmiores
2819 3409 3030 3463 minus.
3083 3410 3276 3463 Gratia
3319 3412 3474 3463 enim
3516 3412 3762 3480 zequalis

2067 3500 2307 3569 singulis
2347 3498 2639 3562 dividitur,
2677 3498 2993 3566 redemptio
3032 3497 3323 3563 dividitur,
3366 3499 3591 3552 donum
3627 3500 3769 3552 divi-

2066 3588 2235 3642 ditur.
2263 3588 2455 3658 Neque
2486 3588 2679 3657 plures
2712 3592 2938 3655 oportet
2973 3603 3112 3648 esse,
3146 3602 3218 3639 ne
3251 3590 3380 3656 quis
3404 3603 3621 3639 vacuus
3650 3586 3769 3656 spci

2067 3680 2122 3729 et
2153 3674 2563 3745 redemptionis
2608 3674 2855 3727 recedat.
2901 3675 3097 3726 Plures
3129 3678 3263 3725 sunt
3309 3674 3542 3743 quando
3595 3674 3772 3743 aliqui

2066 3769 2222 3817 extra
2254 3780 2558 3817 numerum
2593 3769 2758 3817 sunt:
2797 3787 2820 3809 ‹‹
2856 3762 3044 3816 Sancti
3076 3768 3267 3815 autem
3307 3764 3603 3816 numerati
3639 3767 3767 3816 sunt

2065 3869 2284 3911 omnes,
2337 3857 2395 3905 et
2426 3852 2615 3921 capilli
2665 3867 2865 3905 eorum
2916 3851 3135 3920 (Matth.
3196 3866 3249 3914 Χ,
3311 3851 3424 3921 30).
3482 3852 3769 3921 Cognovit

2066 3941 2219 3994 enim
2265 3942 2542 3995 Dominus
2588 3941 2686 4010 qui
2731 3949 2863 3993 sunt
2913 3940 3092 4008 ipsius
3144 3940 3220 4007 (II
3273 3941 3411 3993 Tim.
3468 3956 3529 4007 ιι,
3592 3942 3698 4009 19).
3741 3963 3765 3986 ›ι

2068 4031 2261 4099 Neque
2308 4030 2623 4100 pauciores,
2672 4044 2742 4081 ne
2794 4028 2920 4099 quis
2966 4028 3393 4096 magnitudines
3443 4029 3653 4097 gratiae
3697 4027 3765 4078 sit

2065 4118 2137 4171 ad
2199 4118 2589 4187 recipiendum
2646 4118 2949 4170 inﬁrmior.
3014 4118 3076 4170 Et
3130 4117 3254 4170 ideo
3309 4132 3512 4169 omnes
3573 4132 3763 4185 mqua-

2067 4205 2285 4258 litatem
2339 4205 2660 4259 devotionis
2700 4210 2755 4258 et
2800 4205 2935 4258 ﬁdei
2988 4205 3206 4258 deferre
3247 4205 3527 4275 praecepit
3566 4205 3630 4257 in
3672 4204 3767 4256 Pa-

1996 4302 2037 4354 D
2068 4291 2250 4364 scha.]

2140 4384 2216 4436 De
2245 4384 2349 4435 hac
2398 4398 2477 4447 re,
2511 4381 2569 4435 id
2614 4387 2700 4434 est
2742 4382 3137 4451 redemptione
3178 4381 3477 4451 sanguinis
3530 4379 3763 4443 Christi,

2066 4474 2236 4525 etiam
2286 4472 2484 4525 beatus
2514 4471 2624 4525 Leo
2656 4470 2736 4523 ita
2784 4471 2980 4524 docet:
3018 4468 3252 4542 [Effusio
3285 4472 3439 4523 enim
3474 4486 3578 4539 pro
3620 4470 3767 4537 inju-

2066 4560 2166 4612 stis
2187 4559 2479 4627 sanguinis
2521 4559 2661 4611 Justi
2702 4564 2816 4612 tam
2859 4564 3061 4628 potens
3111 4560 3217 4612 fuit
3243 4559 3310 4612 ad
3367 4558 3762 4629 privilegium,

2064 4652 2180 4702 tam
2213 4647 2366 4701 dives
2398 4647 2465 4700 ad
2494 4648 2765 4717 pretium,
2804 4652 2862 4700 ut
2889 4648 2933 4699 si
2957 4648 3297 4701 universitas
3329 4647 3688 4717 captivorum
3711 4645 3768 4697 in

2066 4736 2503 4805 Redemptorem
2538 4752 2703 4788 suum
2729 4736 3043 4797 crederent,
3080 4737 3300 4789 nullum
3330 4735 3634 4804 tyrannica
3652 4734 3771 4785 vin-

2065 4826 2191 4879 cula
2242 4825 2599 4893 retinerent.]
2666 4827 2729 4878 Et
2787 4825 3041 4878 iterum:
3105 4825 3209 4895 [[ta
3270 4825 3545 4877 Dominus
3603 4825 3768 4876 Jesus

2067 4914 2325 4967 Christus
2384 4916 2636 4967 humano
2688 4914 2884 4982 generi
2944 4930 3046 4967 sua
3104 4918 3288 4967 morte
3345 4913 3658 4974 consuluit,
3708 4914 3770 4962 nt

2068 5007 2488 5055 sacramentum
2535 5002 2732 5055 salutis
2768 5003 2941 5056 etiam
2977 5002 3113 5072 ipsis
3148 5002 3617 5071 persecutoribus
3654 5014 3767 5051 non

2067 5095 2323 5160 negaret.
2382 5090 2487 5153 Qui
2535 5090 2689 5143 enim
2746 5095 2978 5143 venerat
3048 5090 3326 5143 universis
3398 5088 3765 5143 credentibus

2066 5179 2258 5232 omnia
2314 5185 2544 5249 peccata
2622 5179 2933 5241 dimittere,
2992 5196 3022 5230 a
3080 5179 3332 5247 generali
3402 5175 3766 5246 indulgentia

2066 5282 2171 5320 nec
2201 5267 2497 5320 Judaicum
2550 5268 2728 5320 voluit
2767 5266 2983 5319 crimen
3017 5264 3362 5337 excludere.)
3409 5267 3473 5319 Et
3504 5268 3719 5318 iterum
3748 5278 3759 5313 :

2073 5353 2232 5427 [Quid
2265 5355 2418 5407 enim
2446 5354 2596 5407 aliud
2644 5354 2759 5423 egit
2788 5369 2921 5406 crux
2945 5354 3173 5419 Christi,
3206 5370 3379 5424 quam
3430 5359 3493 5407 ut
3530 5352 3761 5407 destru-

2066 5441 2169 5494 ctis
2230 5440 2546 5495 inimicitiis
2600 5440 2994 5495 reconcilietur
3046 5441 3295 5495 mundus
3351 5442 3484 5509 Deo,
3556 5444 3617 5492 et
3658 5452 3763 5508 per

2065 5527 2405 5582 sacriﬁcium
2426 5529 2777 5584 immaculati
2816 5529 2950 5601 agni
2976 5529 3035 5584 in
3069 5545 3261 5584 veram
3292 5544 3490 5600 pacem
3519 5542 3655 5581 cum
3690 5540 3757 5578 eo
