3884 6218
168 345 285 396 1133

1244 340 1333 393 DE
1375 339 1713 393 TENENDA
1754 340 2167 396 SCRIPTURAE
2209 341 2573 397 VERITATE.

3510 348 3642 401 1133

159 472 521 545 revocentur.)
583 476 838 544 Itemque
902 471 1055 525 alibi.
1127 471 1507 543 [Offerebatur
1566 473 1719 526 enim
1797 490 1829 526 a
1867 477 1907 527 Α
1946 474 2049 544 13).
2087 497 2105 521 ι)
2171 476 2309 527 Item
2350 475 2409 527 in
2436 474 2764 528 tractatibus
2817 475 2872 527 in
2904 475 3179 529 Joannem
3230 477 3638 547 evangelistam

162 563 381 615 Domino
413 579 516 631 pro
549 562 730 614 salute
766 561 965 613 mundi
1002 560 1187 613 hostia
1216 560 1541 630 singularis,
1594 566 1651 615 et
1681 562 1833 614 occi-

157 651 231 703 sio
258 650 365 704 veri
397 650 529 720 agni
572 666 675 719 per
706 654 791 702 tot
834 649 1039 701 saecula
1086 649 1391 718 praedicata
1435 649 1833 717 promissionis

154 739 291 792 ﬁlios
315 739 371 793 in
401 739 723 793 libertatem
761 736 896 791 ﬁdei
928 737 1323 790 transferebat.
1375 736 1834 791 Conﬁrmabatur

158 843 367 898 quoque
413 828 843 880 Testamentum
888 826 1128 890 Novum,
1183 832 1240 879 et
1294 824 1499 880 Christi
1552 826 1832 895 sanguine

158 914 338 969 aeterni
396 915 556 985 regni
616 914 1008 968 scribebantur
1060 914 1335 967 haeredes.
1400 914 1833 984 Ingrediebatur

157 1020 396 1057 summus
434 1003 693 1073 pontifex
737 1003 940 1056 Sancta
990 1005 1339 1068 sanctorum,
1375 1007 1429 1054 et
1476 1002 1545 1056 ad
1587 1018 1833 1056 exoran—

159 1095 284 1148 dum
338 1094 649 1147 Dominum
702 1093 1101 1146 immaculatus
1165 1092 1425 1145 sacerdos
1489 1108 1589 1160 per
1642 1094 1830 1145 velum

156 1199 265 1236 sua:
319 1182 501 1236 carnis
575 1180 866 1249 intrabat]
925 1182 991 1234 Et
1068 1180 1177 1233 alio
1250 1181 1412 1233 loco:
1484 1179 1830 1252 [Incarnatio

157 1271 354 1341 quippe
396 1271 575 1339 verbi,
635 1275 691 1324 et
723 1269 931 1323 occisio
964 1286 1026 1322 ac
1073 1271 1409 1322 resurrectio
1463 1269 1667 1323 Christi
1703 1268 1831 1321 uni-

158 1376 433 1413 versorum
471 1359 730 1413 ﬁdelium
772 1358 923 1412 salus
956 1358 1102 1411 facta
1125 1362 1235 1423 est;
1269 1363 1324 1411 et
1376 1357 1606 1427 sanguis
1665 1358 1833 1409 unius

150 1449 297 1519 justi,
329 1448 479 1518 quod
530 1448 693 1501 nobis
740 1447 992 1512 donavit,
1027 1446 1125 1517 qui
1178 1462 1307 1499 cum
1366 1463 1469 1517 pro
1500 1446 1831 1499 reconcilia—

154 1538 293 1590 tione
325 1536 518 1589 mundi
564 1536 850 1589 credimus
885 1536 1096 1603 fusum,
1130 1536 1235 1587 hoc
1283 1535 1521 1588 contulit
1552 1534 1829 1604 patribus,

154 1625 247 1695 qui
270 1626 525 1678 similiter
549 1625 913 1678 crediderunt
934 1624 1333 1693 fundendum.]

220 1714 410 1767 Beatus
441 1713 611 1767 etiam
659 1714 1035 1783 Hieronymus
1084 1713 1139 1765 in
1182 1712 1539 1783 expositione
1568 1712 1830 1780 Epistolas

152 1801 215 1853 ad
256 1801 488 1864 Galatas,
525 1816 653 1853 cum
687 1801 756 1853 de
808 1800 1020 1853 eisdem
1049 1800 1254 1851 sanctis
1307 1799 1641 1867 loqueretur
1684 1798 1828 1850 anti-

149 1889 300 1959 quis:
334 1890 554 1959 [Nemo,
593 1888 800 1959 inquit,
823 1889 1052 1942 illorum
1077 1888 1145 1942 de
1169 1887 1468 1941 maledicto
1499 1887 1826 1957 quempiam

146 1978 398 2030 liberavit
429 1977 641 2047 absque
674 1978 798 2030 solo
837 1976 1082 2029 Domino
1112 1977 1243 2028 Jesu
1269 1976 1507 2039 Christo,
1544 1975 1640 2045 qui
1692 1992 1823 2045 pre-

148 2065 282 2118 tioso
326 2066 605 2135 sanguine
653 2082 775 2131 suo,
827 2070 881 2117 et
932 2081 1033 2118 nos
1074 2080 1292 2127 omnes,
1326 2069 1380 2117 et
1408 2064 1555 2134 ipsos
1583 2064 1827 2132 Moysem

140 2154 263 2208 dico
291 2160 343 2208 et
367 2157 581 2221 Aaron,
616 2155 1041 2224 prophetasque
1086 2160 1319 2206 cunctos
1371 2158 1428 2205 et
1476 2152 1827 2222 patriarchas

140 2242 205 2295 de
238 2243 537 2295 maledicto
576 2242 720 2311 legis
753 2242 1013 2295 redemit.
1065 2243 1176 2294 Nec
1208 2241 1312 2294 hoc
1364 2257 1492 2294 meo
1523 2258 1688 2294 sensu
1741 2241 1827 2294 di-

137 2335 286 2382 ctum
331 2329 576 2399 putetis;
628 2328 918 2399 Scriptura
967 2328 1126 2382 testis
1178 2333 1279 2393 est,
1308 2328 1442 2396 quia
1494 2346 1522 2377 α
1574 2327 1826 2382 Christus

136 2419 315 2487 gratia
345 2418 446 2471 Dei
475 2434 579 2488 pro
603 2417 867 2471 omnibus
900 2421 1161 2469 mortuus
1184 2421 1267 2469 est
1297 2418 1389 2483 (II
1414 2417 1533 2471 Cor.
1560 2431 1611 2482 ν,
1644 2416 1725 2487 15)
1753 2431 1765 2480 ;
1799 2436 1820 2463 ι

135 2506 180 2559 si
208 2511 397 2559 autem
430 2522 532 2576 pro
563 2505 850 2571 omnibus,
881 2512 937 2558 et
966 2521 1068 2575 pro
1092 2506 1295 2575 Moyse,
1321 2510 1377 2557 et
1411 2521 1514 2573 pro
1549 2502 1826 2555 universis

132 2595 442 2665 prophetis.
477 2594 517 2647 E
550 2594 757 2664 quibus
790 2593 980 2647 nullus
1012 2594 1193 2663 potuit
1223 2593 1408 2645 delere
1444 2612 1471 2642 ‹‹
1514 2592 1825 2660 Chirogra-

131 2684 305 2754 phum
334 2688 517 2748 vetus,
570 2684 725 2753 quod
767 2682 1068 2735 adversum
1113 2698 1215 2734 nos
1269 2680 1542 2750 scriptum
1594 2684 1734 2746 erat,
1771 2683 1825 2731 et

130 2772 362 2843 afﬁgere
422 2772 564 2826 illud
620 2771 793 2825 cruci.
845 2771 1054 2825 Omnes
1104 2770 1258 2823 enim
1310 2774 1707 2838 peccaverunt,
1768 2773 1824 2821 et

129 2865 299 2931 egent
358 2860 540 2931 gloria
604 2860 699 2913 Dei
753 2860 887 2929 (Col.
950 2876 1016 2925 ii;
1075 2862 1221 2914 Rom.
1257 2858 1361 2927 ιιι).
1398 2880 1424 2906 ››
1483 2858 1623 2911 Item
1672 2857 1822 2909 idem

128 2950 325 3003 doctor
369 2965 657 3019 exponens
699 2948 841 3002 illud
886 2948 1039 3018 quod
1069 2964 1171 3018 per
1208 2947 1546 3017 prephetam
1592 2946 1659 2999 de
1712 2947 1821 2998 Do-

1944 561 2151 625 (Tract.
2205 563 2312 615 48:
2353 562 2403 631 [«
2440 564 2647 628 Estote,
2682 564 2888 632 inquit,
2927 580 3075 617 oves.
3112 587 3131 611 ι
3170 565 3310 618 Oves
3351 566 3635 619 credendo

1943 656 2075 703 sunt
2097 666 2257 719 oves;
2292 657 2578 720 pastorem
2609 652 2897 722 sequendo
2919 659 3048 706 sunt
3080 670 3250 719 oves;
3282 655 3635 724 Redempto-

1944 753 2064 790 rem
2097 754 2213 791 non
2256 739 2679 792 contemnendo
2728 744 2861 792 sunt
2899 757 3059 806 oves;
3116 758 3219 810 per
3278 742 3488 795 ostium
3548 742 3637 795 in-

1943 827 2145 880 trando
2206 832 2342 880 sunt
2394 843 2560 893 oves;
2618 828 2898 893 exeundo,
2939 835 2995 881 et
3043 845 3252 899 pascua
3287 830 3633 883 inveniendo

1942 920 2073 968 sunt
2102 931 2251 968 oves.
2287 915 2586 978 Quomodo
2619 932 2754 986 ergo
2790 916 2909 969 istis
2942 917 3086 971 dixit
3116 935 3128 970 :
3161 940 3188 969 «
3231 918 3355 971 Non
3405 919 3539 971 estis
3573 935 3637 971 ex

1943 1004 2143 1057 ovibus
2180 1004 2361 1057 meis?
2407 1004 2580 1073 (Joan.
2614 1020 2668 1070 χ,
2712 1005 2822 1072 26.)
2855 1025 2881 1055 »
2945 1006 3086 1069 Quia
3143 1006 3362 1060 videbat
3417 1023 3514 1060 eos
3566 1007 3635 1060 ad

1942 1092 2357 1162 sempiternum
2392 1092 2687 1146 interitum
2722 1093 3178 1162 praedestinatos,
3224 1110 3335 1146 non
3364 1094 3429 1147 ad
3459 1094 3636 1147 vitam

1942 1187 2215 1234 internum
2273 1181 2568 1250 sanguinis
2621 1182 2805 1252 pretio
2852 1180 3263 1253 comparatos]
3316 1183 3454 1235 Item
3510 1182 3636 1235 ibi:

1945 1268 2105 1341 [Tota
2143 1269 2239 1321 illa
2262 1269 2383 1338 ejus
2415 1270 2625 1338 passio,
2659 1275 2851 1323 nostra
2896 1271 3160 1341 purgatio
3193 1288 3205 1323 ε
3242 1275 3325 1324 est
3368 1286 3637 1339 passurus

1941 1357 2119 1426 igitur
2151 1357 2341 1424 exitia,
2375 1358 2652 1427 praemisit
2694 1359 2987 1430 obsequia,
3024 1376 3136 1412 non
3186 1360 3369 1412 solum
3403 1359 3482 1412 eis
3534 1376 3636 1429 pro

1941 1446 2150 1516 quibus
2183 1453 2304 1500 erat
2362 1448 2656 1500 subiturus
2706 1453 2973 1512 mortem,
3036 1448 3129 1501 sed
3193 1448 3365 1501 etiam
3422 1447 3501 1500 illi
3534 1446 3630 1516 qui

1943 1550 2073 1587 eum
2131 1534 2317 1587 fuerat
2374 1536 2689 1588 traditurus
2747 1537 2817 1589 ad
2873 1536 3164 1607 mortem]
3233 1539 3292 1590 Et
3350 1538 3459 1590 alio
3509 1538 3634 1591 loco

1942 1622 2147 1692 (Tract.
2183 1623 2269 1692 6'2)
2304 1640 2315 1676 :
2352 1624 2403 1693 [u
2436 1624 2596 1687 Quod
2647 1624 2799 1689 facis,
2846 1625 3051 1694 inquit,
3114 1627 3197 1678 fac
3255 1626 3420 1677 citius
3455 1630 3629 1694 (Joan.

1942 1726 2059 1776 xui,
2095 1713 2203 1779 ‘27).
2243 1732 2268 1759 ››
2306 1711 2427 1763 Non
2468 1712 2739 1781 praecepit
2783 1712 3019 1775 facinus,
3057 1712 3155 1765 sed
3186 1713 3448 1782 praedixit
3476 1713 3634 1767 ludas

1943 1800 2178 1865 malum,
2219 1799 2380 1852 nobis
2411 1800 2648 1852 bonum.
2680 1800 2823 1863 Quid
2844 1802 2994 1853 enim
3019 1801 3175 1854 Judze
3200 1804 3384 1870 pejus,
3410 1807 3466 1854 et
3493 1802 3633 1871 quid

1939 1888 2102 1940 nobis
2144 1888 2348 1941 melius
2406 1904 2577 1958 quam
2624 1888 2864 1941 traditus
2903 1889 3176 1953 Christus,
3212 1890 3281 1942 ab
3315 1889 3411 1943 illo
3436 1895 3636 1944 contra

1936 1976 2123 2043 illum,
2159 1994 2262 2045 pro
2292 1976 2456 2029 nobis
2490 1982 2700 2045 praeter
2733 1974 2940 2048 illum.]
2980 1978 3041 2029 Et
3072 1978 3182 2031 alio
3210 1978 3333 2031 loco
3370 1994 3381 2031 :
3414 1976 3631 2047 [Quan—

1936 2070 2057 2119 tum
2095 2066 2222 2129 sibi,
2258 2065 2468 2135 inquit,
2500 2072 2884 2135 assumpserat
2924 2068 3121 2119 Petrus
3167 2066 3441 2120 intuendo
3493 2067 3631 2137 quid

1935 2159 2126 2225 posset
2159 2172 2171 2207 :
2206 2160 2485 2224 quantum
2515 2154 2621 2207 sibi
2652 2160 3055 2224 assumpserat,
3091 2160 3153 2208 ut
3186 2171 3313 2208 cum
3369 2178 3393 2203 ‹‹
3433 2156 3631 2209 Domi-

1932 2260 2041 2297 nus
2071 2243 2316 2296 venisset
2353 2243 2603 2296 animam
2652 2259 2813 2296 suam
2858 2259 3074 2313 ponere
3115 2260 3216 2313 pro
3268 2243 3466 2297 amicis
3511 2244 3631 2297 suis

1935 2331 2111 2401 (Joan.
2146 2347 2261 2392 xm,
2292 2334 2404 2399 37),
2442 2353 2461 2378 ι
2498 2348 2561 2384 ac
2581 2347 2683 2399 per
2711 2331 2818 2384 hoc
2848 2337 2901 2384 et
2933 2348 3035 2401 pro
3070 2332 3213 2401 ipso,
3250 2332 3343 2385 ille
3378 2332 3483 2385 hoc
3516 2334 3627 2385 Do-

1935 2420 2093 2474 mino
2128 2420 2329 2474 oﬁerre
2358 2420 2687 2484 conﬁderet,
2726 2425 2920 2473 etnon
2972 2437 3074 2490 pro
3125 2437 3183 2473 se
3214 2422 3392 2491 posita
3440 2422 3629 2474 anima

1934 2509 2166 2572 Christi,
2218 2509 2469 2561 animam
2504 2525 2664 2562 suam
2721 2510 3088 2578 polliceretur
3144 2510 3469 2579 positurum
3524 2528 3626 2580 pro

1935 2597 2201 2665 Christo.]
2251 2598 2313 2650 Et
2345 2597 2478 2650 alibi
2512 2613 2523 2650 :
2559 2596 2834 2669 [Christus
2874 2599 3134 2664 salvator,
3187 2599 3339 2668 quod
3395 2604 3481 2652 est
3523 2615 3627 2652 no-

1934 2701 2068 2739 men
2103 2684 2248 2752 ejus,
2280 2684 2545 2738 ﬁdelibus
2586 2685 2705 2753 ejus
2737 2702 2749 2739 :
2787 2693 2870 2738 est
2903 2686 3116 2756 quippe
3157 2686 3351 2755 impiis
3384 2693 3440 2740 et
3466 2686 3625 2739 dam-

1933 2779 2100 2827 nator
2139 2773 2236 2843 qui
2270 2773 2541 2842 dignatur
2579 2773 2843 2827 ﬁdelibus
2871 2790 2990 2827 esse
3024 2772 3309 2845 salvator.]

2005 2863 2205 2915 Beatus
2236 2863 2471 2915 antistes
2521 2867 2577 2915 et
2636 2868 2849 2932 martyr
2900 2862 3212 2933 Cyprianus
3265 2862 3323 2915 in
3374 2862 3514 2917 libro
3558 2862 3626 2916 de

1935 2950 2123 3004 Laude
2175 2949 2433 3019 martyrii
2472 2955 2527 3003 et
2580 2954 2917 3020 martyrum,
2979 2950 3283 3003 ostendens
3341 2966 3374 3002 a
3424 2951 3626 3004 mundi

126 3038 286 3091 mino
319 3038 540 3091 dictum
580 3036 735 3091 "est:
794 3058 816 3086 ι
878 3038 985 3090 Iste
1046 3042 1311 3106 asperget
1370 3040 1567 3105 gentes
1612 3034 1822 3086 multas
1858 3051 1898 3105 ρ
1931 3038 2097 3091 initio
2142 3037 2580 3107 prmdestinatos
2631 3038 2728 3107 qui
2760 3038 2970 3090 Christi
3026 3038 3303 3107 sanguine
3365 3053 3627 3106 asperge-

124 3128 265 3197 (Isa.
300 3143 392 3189 ιιι,
430 3127 540 3194 15),
580 3148 605 3174 ››
658 3125 963 3191 mundans,
1016 3125 1225 3195 inquit,
1259 3142 1352 3177 eas
1383 3122 1661 3193 sanguine
1695 3139 1822 3190 suo,

123 3222 175 3269 ct
206 3215 267 3268 in
299 3215 640 3285 baptismate
674 3215 771 3268 Dei
814 3230 1149 3267 consecrans
1208 3211 1512 3283 servituti.]
1568 3212 1708 3265 Item
1765 3211 1823 3263 in

125 3304 570 3357 Commentariis
605 3302 897 3374 Evangelii
954 3302 1266 3356 secundum
1324 3301 1651 3356 Matthaeum
1695 3315 1825 3352 cum

124 3393 298 3445 verba
329 3392 557 3446 Domini
589 3396 899 3462 exponeret
930 3390 1171 3445 dicentis
1205 3406 1219 3442 :
1254 3412 1281 3438 ‹‹
1312 3389 1465 3444 Sicut
1514 3389 1685 3442 Filius
1720 3389 1821 3441 ho-

122 3481 294 3534 minis
338 3498 454 3535 non
487 3480 642 3533 venit
691 3479 1027 3547 ministrari,
1058 3478 1154 3532 sed
1206 3478 1551 3541 ministrare,
1603 3482 1657 3529 et
1689 3477 1824 3529 dare

120 3570 379 3623 animam
412 3584 577 3625 suam
604 3569 1059 3638 redemptionem
1101 3583 1203 3638 pro
1236 3567 1430 3621 multis
1478 3566 1693 3634 (Matth.
1732 3582 1822 3631 xx,

123 3661 236 3725 18).
268 3679 296 3707 ››
332 3659 478 3729 [Non
510 3658 670 3722 dixit,
704 3657 913 3727 inquit,
939 3656 1073 3710 dare
1106 3655 1358 3710 animam
1399 3670 1561 3708 suam
1598 3653 1822 3707 redem-

118 3748 380 3816 ptionem
410 3763 516 3817 pro
550 3746 836 3809 omnibus,
873 3745 970 3799 sed
1000 3761 1107 3815 pro
1139 3744 1355 3811 multis,
1391 3744 1445 3797 id
1500 3746 1585 3797 est
1604 3759 1707 3813 pro
1737 3742 1826 3797 his

118 3835 219 3905 qui
250 3836 485 3888 credere
518 3832 849 3902 voluerint.]

193 3924 342 3978 Item
369 3924 570 3977 beatus
602 3923 954 3992 Augustinus
984 3923 1040 3975 in
1066 3922 1208 3976 libro
1248 3921 1314 3974 de
1349 3922 1559 3975 Natura
1597 3924 1651 3973 et
1689 3937 1825 3991 gra—

116 4012 199 4065 tia
238 4029 249 4065 :
282 4010 299 4083 [
334 4032 361 4062 α
400 4013 501 4079 Ea,
534 4011 741 4081 inquit,
776 4011 1112 4080 fidesjustos
1136 4010 1355 4063 sanavit
1384 4009 1669 4080 antiquos,
1697 4026 1825 4080 quae

116 4106 281 4154 sanat
320 4106 377 4154 et
409 4116 531 4167 nos,
576 4100 631 4153 id
658 4104 741 4153 est
771 4100 1102 4153 mediatoris
1159 4099 1257 4153 Dei
1285 4103 1340 4151 et
1388 4099 1686 4151 hominum
1720 4099 1823 4152 ho—

116 4189 297 4241 minis
350 4188 558 4243 Christi
614 4190 744 4243 Jesu
780 4188 830 4257 (Ι
874 4192 1014 4243 Tim.
1065 4205 1123 4252 ιι,
1158 4187 1285 4253 5,)››
1336 4186 1476 4240 ﬁdes
1529 4187 1827 4256 sanguinis

115 4277 263 4346 ejus,
301 4278 445 4331 ﬁdes
476 4279 659 4331 crucis
690 4278 830 4347 ejus,
870 4278 1013 4331 ﬁdes
1041 4276 1246 4331 mortis
1291 4282 1346 4329 et
1393 4275 1828 4329 resurrectionis

1934 3132 2133 3181 rentur
2164 3131 2219 3180 et
2242 3127 2692 3179 mundarentur:
2740 3124 2808 3197 [Ο
2840 3126 3009 3191 beati,
3044 3126 3251 3195 inquit,
3283 3142 3424 3197 quos
3454 3143 3487 3179 a
3510 3127 3627 3196 pri-

1934 3217 2159 3271 mordio
2195 3216 2400 3269 mundi
2437 3216 2663 3269 Domini
2689 3216 2921 3286 sanguis
2956 3216 3168 3277 infecit,
3220 3220 3276 3268 et
3325 3232 3467 3286 quos
3515 3232 3629 3268 me-

1935 3306 2044 3360 rito
2075 3306 2346 3375 splendor
2391 3304 2495 3358 iste
2538 3304 2687 3357 nivei
2731 3305 2973 3357 amictus
3013 3304 3261 3358 induerit
3305 3309 3362 3355 et
3416 3285 3629 3357 candor

1934 3395 2093 3447 stola:
2121 3393 2425 3446 ambientis
2457 3390 2719 3462 ornarit.]
2752 3392 2889 3444 Item
2936 3393 2991 3444 in
3026 3393 3171 3445 libro
3215 3392 3282 3445 ad
3316 3391 3625 3446 Demetria-

1937 3498 2075 3535 num
2107 3499 2118 3535 :
2159 3482 2354 3551 [Hanc,
2390 3481 2596 3550 inquit,
2640 3481 2879 3549 gratiam
2913 3482 3170 3534 Christus
3200 3480 3475 3550 impertit,
3521 3480 3628 3532 hoc

1933 3586 2143 3623 munus
2176 3569 2584 3623 misericordias
2615 3584 2729 3621 sum.
2765 3568 2980 3636 tribuit,
3015 3569 3334 3639 subigendo
3383 3572 3626 3621 mortem

1933 3663 2148 3728 tropaeo
2183 3658 2383 3723 crucis,
2420 3656 2752 3710 redimendo
2773 3657 3105 3711 credentem
3137 3657 3323 3726 pretio
3371 3657 3457 3709 sui
3498 3672 3626 3709 san-

1934 3746 2145 3817 guinis,
2196 3746 2618 3799 reconciliando
2681 3746 2978 3799 hominem
3038 3747 3152 3798 Deo
3211 3746 3385 3807 Patri,
3443 3744 3621 3798 viviﬁ-

1934 3835 2113 3888 cando
2184 3834 2480 3887 mortalem
2536 3834 2968 3903 regeneratione
3035 3834 3275 3897 caelesti;
3347 3833 3521 3896 hunc,
3583 3832 3628 3885 si

1932 3923 2056 3976 ﬁeri
2088 3927 2292 3993 potest,
2330 3939 2638 3993 sequamur
2661 3939 2875 3989 omnes,
2930 3921 3101 3991 hujus
3155 3926 3535 3986 sacramento,
3570 3925 3627 3973 et

1935 4012 2099 4081 signo
2157 4027 2509 4065 censeamur.
2551 4011 2647 4066 llic
2687 4010 2852 4063 nobis
2905 4011 3055 4063 viam
3087 4010 3209 4063 vitae
3265 4009 3475 4080 aperit;
3538 4009 3629 4062 hic

1934 4100 2002 4153 ad
2035 4100 2362 4169 paradisum
2418 4100 2651 4153 reduces
2700 4100 2865 4164 facit;
2901 4100 2992 4152 hic
3046 4099 3113 4153 ad
3143 4100 3417 4154 caelorum
3446 4115 3625 4167 regna

1935 4189 2213 4258 perducit.
2248 4189 2386 4242 Cum
2422 4188 2543 4257 ipso
2580 4204 2808 4257 semper
2836 4189 3088 4241 vivemus
3127 4187 3260 4241 facti
3291 4203 3391 4257 per
3436 4187 3621 4257 ipsum

1940 4277 2041 4330 ﬁlii
2096 4278 2245 4330 Dei:
2303 4292 2431 4330 cum
2505 4277 2629 4345 ipso
2679 4276 3089 4330 exsultabimus
3165 4291 3392 4345 semper
3452 4275 3629 4343 ipsius

115 4366 266 4434 ejus.
306 4385 334 4416 α
388 4366 669 4420 Habentes
714 4382 852 4435 ergo
904 4382 1035 4419 eum
1089 4365 1359 4434 spiritum
1418 4364 1570 4426 ﬁdei,
1613 4368 1667 4418 et
1724 4379 1827 4416 nos
1869 4347 1911 4399 D
1942 4381 2146 4419 cruore
2176 4364 2699 4436 reparati.]Amen.

113 4454 438 4521 credimus,
498 4458 733 4524 propter
791 4454 948 4523 quod
1007 4458 1062 4508 et
1092 4453 1386 4524 loquimur
1440 4454 1510 4523 (II
1565 4454 1692 4506 Cor.
1746 4469 1824 4513 1v,
