3884 6218
1549 557 1720 600 ANNO
1770 557 1996 599 DOMINI
2048 557 2393 599 DCCCLXXV.

1287 718 2649 881 VULFADUS

1508 975 1988 1031 BITURICENSIS
2036 974 2438 1031 EPISCOPUS.

1828 1109 2117 1117 ...—.._..——.-

966 1213 1411 1287 NOTITIA
1500 1211 2093 1286 HISTORICA
2168 1212 2274 1284 IN
2351 1210 2973 1284 VULFADUM.

1641 1392 1735 1454 (Ex
1765 1391 1933 1441 Gallia
1956 1391 2295 1451 Christiana.)

290 1648 577 1699 VULFADUS
608 1642 907 1712 Rodulpho
946 1641 1211 1695 suﬁ'ectns
1242 1645 1347 1701 est.
1379 1656 1530 1693 anno
1581 1642 1702 1706 866,
1737 1657 1769 1693 a
1810 1640 1912 1695 Ca-
1949 1645 1992 1697 A
2022 1638 2383 1712 stitutionem
2411 1638 2670 1712 pontiﬁci
2706 1641 3106 1712 reservandam
3144 1641 3282 1695 fore.
3317 1642 3553 1696 Interim
3595 1659 3737 1697 cum

220 1718 342 1772 rolo
375 1718 540 1771 Calvo
586 1716 953 1785 imperatore,
1009 1712 1172 1781 cujus
1221 1712 1404 1764 tilium
1464 1712 1910 1785 Carlomannum

219 1790 581 1853 educaverat,
628 1782 692 1839 ut
734 1790 889 1854 patet
927 1800 993 1836 ex
1043 1785 1283 1851 epistola
1328 1783 1585 1854 ejusdem
1642 1784 1794 1854 regis
1841 1782 1910 1834 ad

220 1860 513 1913 Nicolaum
572 1853 801 1926 papam,
835 1857 1006 1924 paulo
1039 1860 1168 1926 ante
1215 1854 1511 1926 synodum
1545 1853 1915 1926 Suessionen-

218 1946 337 1983 sem
369 1923 598 1998 scripta,
640 1923 769 1979 cum
826 1923 905 1978 ait
937 1941 949 1977 :
991 1946 1019 1973 ‹‹
1049 1925 1344 1998 Βοάυῌυᾼε,
1394 1923 1761 1998 Bituricensis
1797 1924 1914 1998 _Ec-

219 2000 405 2053 clesiaa
446 1994 922 2067 archiepiscopus,
975 2011 1160 2064 nuper
1200 1995 1503 2067 defunctus
1535 1996 1639 2059 est,
1690 1994 1916 2067 etipsa

218 2072 463 2124 Ecclesia
501 2063 748 2138 sapienti
781 2063 836 2120 et
870 2063 1423 2138 streuu’opvirilique
1473 2071 1728 2138 pastoreA
1757 2063 1911 2117 indi-

220 2146 335 2211 get,
370 2134 605 2209 propter
624 2137 1013 2211 quorumdam
1050 2136 1587 2211 levitatemmorum
1620 2141 1676 2188 et
1717 2134 1913 2188 incon-

220 2207 494 2265 stantiam
528 2207 706 2279 ipsius
738 2208 937 2277 gentis.
965 2207 1119 2279 Unde
1150 2207 1384 2279 consilio
1410 2210 1664 2279 accepto,
1718 2223 1916 2279 omnes

219 2282 494 2352 episcopi,
529 2277 583 2333 et
614 2280 808 2352 ﬁdeles
850 2278 1010 2346 regni
1035 2277 1252 2352 nostri,
1287 2278 1536 2352 ipsaque
1571 2278 1743 2352 etiam
1778 2277 1915 2331 dice-

218 2348 377 2418 cesis,
405 2348 755 2404 unanimiter
794 2350 852 2402 in
885 2349 1160 2401 electione
1192 2348 1445 2417 praedicti
1495 2348 1718 2400 Vulfadi
1779 2364 1915 2400 con-

221 2428 539 2477 senserunt.
580 2442 606 2472 io
640 2421 747 2484 Qui
776 2420 961 2489 primo
995 2420 1302 2472 canonicos
1337 2421 1395 2473 Β.
1444 2419 1628 2471 Mariae
1677 2424 1733 2470 et
1774 2419 1917 2471 Bhe-

219 2509 447 2547 morum
494 2492 826 2561 metropolis
870 2506 1221 2551 oeconomus,
1256 2506 1321 2541 eo
1374 2489 1607 2561 nomine
1656 2489 1919 2541 interfuit

222 2565 438 2634 synodo
493 2562 642 2632 apud
688 2560 1041 2634 ’Carisiacum
1092 2577 1186 2612 an.
1230 2560 1670 2634 848._C_lericus_
1726 2564 1914 2634 autem

220 2629 630 2689 ordinatur—ab
674 2632 902 2686 Ebbone
953 2632 1278 2684 Rhemeusi.
1335 2630 1548 2683 Idcirco
1605 2629 1673 2682 ad
1729 2632 1912 2682 conci-

223 2708 362 2759 lium
396 2705 801 2759 Suessionense
852 2719 887 2756 Il
916 2718 1247 2771 comparere
1289 2718 1402 2753 non
1426 2701 1625 2765 valuit,
1652 2700 1723 2753 ob
1746 2702 1913 2770 aegri-

219 2778 477 2830 tudinem
508 2791 621 2845 qua
653 2775 915 2828 detentus
942 2780 1061 2825 erat
1083 2772 1140 2825 in
1175 2773 1518 2824 monasterio
1638 2772 1916 2845 Medardi;

221 2842 593 2916 quamobrem
652 2846 988 2899 Hiucmarus
1047 2845 1510 2916 archiepiscopus»
1556 2842 1915 2916 Sigloardum

222 2913 684 2972 archidiaconum
725 2916 791 2968 ad
827 2931 958 2968 eum
1005 2915 1180 2979 misit,
1227 2914 1326 2982 qui
1362 2913 1617 2966 libellum
1653 2914 1910 2982 porrige-

220 2994 309 3042 ret
335 3006 367 3041 a
414 2988 651 3040 Vulfado
686 2987 932 3039 libenter
976 2985 1393 3053 subscriptum;
1441 2984 1820 3036 nihilominus
1854 2984 1909 3035 id

221 3076 335 3112 non
367 3059 583 3111 obstitit
613 3057 753 3127 quin
786 3072 913 3108 cum
938 3056 1103 3108 sociis
1135 3056 1192 3106 in
1236 3071 1300 3106 ea
1331 3055 1557 3127 synodo
1593 3055 1770 3124 gradu
1804 3056 1913 3125 pri-

221 3135 469 3182 varetur.
504 3132 767 3181 Attamen
792 3126 1005 3180 Nicolai
1040 3142 1200 3195 papae
1256 3127 1480 3177 decreto
1511 3126 1633 3194 ejus
1662 3141 1829 3178 causa
1861 3132 1914 3179 et

222 3202 571 3268 collegarum
615 3198 911 3250 retractari
936 3197 1094 3265 jussa
1138 3201 1234 3268 est,
1271 3196 1328 3248 in
1362 3198 1603 3248 concilio
1654 3196 1911 3248 Suessio-

222 3273 384 3323 uensi
422 3287 501 3335 iu,
539 3286 607 3321 au
664 3270 786 3332 866,
820 3269 877 3320 in
908 3284 1020 3337 qua
1052 3267 1300 3336 pontifex
1329 3267 1609 3318 maximus
1639 3268 1910 3329 Herardo,

220 3342 538 3393 Turoneusi
586 3340 1034 3408 archiepiscopo,
1082 3339 1353 3406 prazcepit
1400 3346 1462 3408 ut
1510 3338 1619 3389 nisi
1658 3339 1915 3408 Hincma-

222 3428 320 3465 rus
351 3412 653 3464 Vulfadum
686 3417 741 3462 et
772 3407 955 3461 socios
986 3409 1259 3472 absolvat,
1295 3407 1493 3475 synodi
1530 3409 1722 3460 Patres
1748 3407 1914 3477 jussu

223 3483 373 3536 sedis
415 3482 743 3552 apostolicze
775 3480 830 3533 id
881 3485 1282 3552 exsequantur.
1315 3479 1435 3552 Qua
1490 3494 1557 3552 re;
1606 3479 1915 3547 diligenter

223 3548 492 3618 discussa,
555 3552 803 3621 synodus
860 3548 1159 3620 epistolam
1219 3549 1445 3617 scripsit
1492 3548 1818 3621 adipapam,
1856 3555 1915 3603 ut

220 3630 513 3677 excusaret
565 3623 951 3687 Hinrmarum,
1006 3622 1155 3690 quod
1195 3636 1307 3672 non
1343 3636 1515 3672 ausus
1564 3620 1765 3672 fuisset
1814 3637 1914 3673 sua

220 3701 277 3747 et
308 3694 877 3764 comprovincialium
919 3692 1319 3764 episcoporum
1355 3690 1914 3764 auctoritateVulfa-

221 3766 358 3819 dum
388 3762 457 3818 in
480 3764 785 3835 pristinum
829 3765 1108 3817 honorem
1164 3762 1458 3827 reducere,
1510 3762 1605 3814 sed
1663 3762 1784 3831 ejus
1831 3778 1912 3815 re-

2025 1714 2249 1762 vacaret
2285 1709 2562 1778 primatus
2613 1710 2980 1764 Bituricensis
3038 1712 3109 1765 ab
3166 1712 3326 1765 obitu
3384 1714 3733 1778 decessoris,

2026 1781 2255 1835 Carolus
2309 1781 2510 1834 Calvus
2591 1781 2892 1834 Vulfadum
2954 1782 3283 1851 episcopum
3350 1786 3732 1851 renuntiavit,

2026 1868 2195 1921 quem
2230 1852 2517 1923 hactenus
2558 1851 2771 1920 absque
2822 1852 2971 1905 sedis
3005 1855 3325 1923 apostolicae
3371 1856 3731 1908 determina-

2024 1928 2177 1995 tione
2211 1922 2549 1995 distulerat;
2578 1925 2737 1995 unde
2768 1929 2824 1995 et
2855 1924 2911 1975 in
2968 1922 3209 1992 epistola
3265 1925 3519 1993 ejusdem
3571 1930 3731 1995 regis

2026 1992 2096 2045 ad
2128 1994 2393 2064 eumdem
2436 1993 2728 2046 Nicolaum
2762 1994 2841 2047 sic
2882 1995 3140 2064 loquitur
3172 2012 3184 2048 :
3221 2016 3247 2042 ‹‹
3296 1992 3438 2059 Quia
3485 1992 3727 2050 fratrem

2025 2062 2352 2137 Vulfadum,
2411 2069 2489 2137 ut
2535 2071 2733 2137 vestras
2786 2062 3345 2137 sancti'tattisapices
3401 2074 3727 2137 exponunt,

2028 2133 2284 2207 moribus
2333 2139 2386 2186 et
2418 2134 2675 2207 scientia
2708 2151 2877 2203 penes
2938 2152 3041 2189 nos
3087 2136 3278 2205 vigere
3310 2133 3728 2207 comperimus,

2028 2206 2447 2276 Biturigensem
2479 2204 2799 2276 ecclesiam,
2842 2223 2943 2258 ceu
2990 2212 3197 2259 sanctae
3242 2204 3573 2276 paternitali
3633 2204 3726 2262 veé

2025 2280 2157 2328 stre:
2188 2275 2314 2350 aliis
2353 2275 2573 2350 litteris.
2610 2275 3075 2350 signiﬁcavimus,
3134 2275 3270 2350 quia
3317 2280 3460 2350 dare
3504 2280 3728 2350 absque

2024 2347 2377 2415 apostolatus
2410 2345 2579 2398 vestri
2618 2347 3095 2400 determinatioue
3150 2345 3505 2413 distulimus,
3562 2345 3725 2403 co'm-

2025 2416 2298 2469 meudare
2350 2416 2455 2469 sibi
2527 2417 2785 2469 eamdem
2849 2418 3149 2471 Ecclesiam
3203 2435 3330 2472 cum
3384 2420 3553 2473 rebus
3613 2422 3728 2473 sibi

2022 2486 2444 2556 pertinentibus
2489 2488 2942 2552 acceleravimus,
3002 2490 3213 2542 scilicet
3276 2496 3336 2542 ut
3388 2492 3441 2543 in
3494 2493 3729 2545 destru-

2024 2558 2213 2630 ctione
2254 2572 2449 2610 earum
2492 2573 2607 2630 non
2657 2562 2881 2630 tantum
2914 2560 3152 2611 saeviens
3194 2560 3407 2613 valeret
3444 2578 3728 2630 quorum~

2024 2629 2164 2682 libet
2196 2644 2499 2697 pravorum
2530 2629 2821 2689 instantia,
2858 2631 3241 2700 quaerentium
3297 2629 3545 2699 diripere
3607 2649 3731 2685 non

2026 2716 2147 2764 sua,
2185 2705 2241 2751 et
2279 2705 2497 2751 vastare
2539 2699 2848 2753 crudeliter
2877 2699 3087 2763 aliena,
3127 2722 3146 2747 ι
3200 2707 3306 2754 etc.
3345 2703 3582 2756 Excusat
3630 2721 3735 2757 au-

2026 2775 2143 2822 tem
2190 2770 2407 2822 Vulfadi
2450 2772 2870 2838 promotionem
2918 2773 3284 2825 acceleratam
3331 2772 3565 2827 Carolus
3627 2791 3727 2827 an.

2026 2843 2149 2906 869,
2184 2847 2241 2893 et
2270 2840 2507 2912 pallium
2540 2840 2951 2912 archiepiscopi
2979 2859 3082 2910 pro
3115 2858 3181 2895 eo
3203 2846 3359 2912 petit.

2098 2911 2468 2984 imperatoris
2516 2913 2778 2984 precibus
2832 2919 3033 2965 annoit
3082 2911 3366 2967 Adrianus
3431 2915 3497 2981 ΙΙ,
3552 2931 3729 2984 papa,

2022 2982 2189 3050 epist.
2224 2998 2273 3034 ix
2321 2982 2389 3034 ad
2448 2982 2725 3050 synodum
2756 2984 3129 3036 Tricassinam
3187 3001 3259 3048 ιν,
3312 2985 3499 3038 Nonas
3552 2982 3727 3039 Febr.

2024 3040 2145 3116 868,
2200 3069 2311 3126 qua
2364 3040 2596 3105 Vuli'ado
2646 3054 2888 3126 antistiti
2936 3040 3258 3107 secundum,
3300 3058 3557 3126 priorem
3590 3074 3731 3111 con-

2025 3069 2145 3116 δυδ,
2196 3069 2311 3176 (qua
2368 3069 2596 3105 vuuaao
2646 3069 2888 3106 antistiti
2936 3069 3250 3107 secundum
3300 3070 3557 3126 priorem
3590 3074 3731 3111 con-

2025 3128 2187 3175 suetu
2238 3124 2409 3182 iuem.
2442 3140 2605 3176 usum
2641 3124 2822 3193 pallii,
2849 3126 2917 3177 ad
2952 3126 3183 3193 genium
3234 3133 3288 3178 et
3329 3128 3504 3180 decus
3545 3130 3732 3180 eecle-

2026 3195 2124 3245 sia)
2172 3195 2276 3267 sibi
2313 3196 2671 3267 commissae,
2735 3198 3006 3248 concessit
3046 3216 3060 3260 ;
3114 3195 3300 3262 primo
3358 3202 3733 3267 episeopatus

2026 3265 2541 3338 annotindictione
2580 3268 2661 3328 14,
2696 3268 2857 3338 regni
2888 3267 3079 3319 Karoli
3110 3268 3196 3331 26,
3228 3265 3573 3338 subscripsit
3594 3287 3733 3322 cum

2026 3335 2491 3408 aliisGalliarum
2527 3337 2867 3408 praesulibus
2911 3338 3211 3406 privilegio
3241 3356 3273 3390 a
3296 3335 3516 3408 synodo
3549 3340 3726 3394 Sues-

2027 3405 2241 3457 sionica
2298 3407 2521 3469 collato,
2562 3405 3026 3460 Sollemniacénsi
3064 3405 3405 3463 monasterio
3436 3410 3497 3462 in
3532 3411 3738 3464 Lemo-

2025 3476 2259 3549 vicibus,
2328 3477 2423 3529 ubi
2482 3476 2536 3530 S.
2601 3480 2931 3547 metropolis
3002 3479 3371 3532 Bituriceusis
3418 3481 3735 3549 indignum

2027 3548 2358 3616 episcopum
2426 3563 2482 3599 se
2541 3555 2852 3610 nuncupat.
2918 3549 3077 3602 Diem
3135 3551 3339 3603 clausit
3397 3548 3733 3605 extremum

2026 3618 2266 3689 Kalend.
2300 3618 2512 3686 Aprilis
2542 3634 2632 3689 an.
2686 3620 2807 3685 876,
2860 3636 3067 3689 corpus
3106 3621 3415 3689 sepulturae
3479 3626 3733 3676 manda-

2026 3695 2155 3767 tum.
2206 3688 2265 3812 i5]
2329 3687 2675 3742 monasierio
2740 3690 2793 3743 S.
2851 3687 3185 3757 Laurentii,‘
3220 3708 3348 3744 cum
3400 3695 3737 3763 prwfuisset

2026 3774 2191 3811 annis
2259 3775 2437 3812 eccm.

2026 3774 2191 3811 301113
2220 3774 2437 3813 decem.

1280 4071 1628 4135 VULFADI
1678 4069 2235 4137 BITUBICENSIS
2285 4072 2647 4137 EPISCOPI

1062 4244 1830 4348 EPISTOLA
1899 4246 2872 4352 PASTOBALIS

1273 4440 1367 4492 AD
1408 4439 1774 4494 PAROCHOS
1814 4440 1904 4495 ET
1944 4438 2431 4496 PAROCHIANOS
2468 4440 2661 4496 SUOS.

1632 4586 1840 4665 (Circa
1872 4606 2107 4647 annum
2138 4589 2308 4667 870.)

1444 4743 1617 4808 (Apud
1652 4744 1876 4807 Mabill.,
1908 4746 2175 4803 Analecta,
2211 4761 2330 4810 pag.
2360 4748 2489 4811 100.)

287 4970 579 5037 Vulfadus,
638 4970 741 5023 etsi
811 4968 1084 5038 indignus
1154 4972 1321 5039 atque
1383 4972 1663 5038 peccator,
1726 4969 1907 5037 gratia
1948 4969 1987 5023 C
2018 4974 2073 5023 et
2104 4970 2490 5036 obsecramus,
2521 4976 2581 5024 ut
2609 4971 2668 5024 in
2698 4971 2786 5025 his
2818 4988 2946 5042 quin
2994 4973 3060 5026 ad
3094 4975 3433 5044 mysterium
3466 4983 3724 5033 vestrum

216 5064 406 5113 tamen
437 5060 534 5113 Dei
563 5065 771 5112 sancta:
810 5058 1008 5111 matris
1070 5056 1443 5127 Biturigensis
1492 5056 1747 5110 Ecclesiae
1789 5057 1908 5128 epi-

217 5165 441 5219 scopus,
502 5148 772 5201 omnibus
821 5145 1322 5199 consacerdotibus
1370 5152 1423 5199 et
1481 5147 1908 5211 comministris,

216 5252 444 5291 necnon
471 5237 755 5290 universis
802 5235 1061 5289 Ecclesiae
1120 5235 1264 5287 mihi
1310 5236 1628 5287 commissae.
1660 5235 1810 5297 filiis,
1849 5236 1908 5288 in

218 5325 465 5377 Domino
495 5326 757 5377 salutem.
802 5323 1039 5377 Solliciti
1098 5337 1342 5391 semper,
1398 5323 1747 5375 dilectissimi
1800 5324 1906 5375 fra-

217 5416 354 5477 tres,
384 5412 453 5466 de
487 5413 666 5465 salute
710 5417 902 5465 veatra
932 5417 986 5465 et
1017 5411 1085 5463 de
1119 5410 1301 5480 pretio
1342 5410 1660 5463 animarum
1693 5416 1907 5464 vestra-

217 5515 366 5564 rum,
398 5499 498 5569 qui
554 5499 611 5551 in
646 5500 889 5553 Ecclesia
918 5504 1171 5569 pastores
1209 5499 1511 5565 vocamiui,
1569 5504 1624 5551 et
1671 5514 1905 5568 gregem

217 5587 446 5640 Domini
475 5586 708 5639 reﬁcere
759 5591 813 5639 et
855 5587 1152 5655 providere
1192 5586 1439 5649 debetis;
1492 5602 1761 5656 rogamus
1806 5602 1904 5640 vos

2021 5058 2330 5127 pertinent,
2357 5059 2576 5129 jugiter
2605 5061 2965 5121 meditantes.
3004 5062 3224 5116 lucrum
3257 5066 3589 5120 animarum
3626 5084 3720 5121 vos

2021 5146 2107 5199 bis
2161 5148 2595 5200 commissarum
2653 5148 2811 5200 omni
2882 5148 3201 5203 intentione
3279 5154 3579 5221 quaeratis,
3662 5161 3717 5208 et

2019 5234 2302 5288 custodias
2330 5252 2502 5304 super
2522 5238 2796 5306 populum
2834 5237 3060 5290 Domini
3101 5239 3258 5291 omni
3311 5246 3576 5311 tempore
3617 5244 3718 5296 ha-

2016 5322 2152 5376 bere
2189 5324 2479 5377 studeatis.
2520 5323 2785 5379 Ofﬁcium
2833 5342 2968 5396 ergo
3033 5328 3333 5380 ministerii
3371 5330 3557 5382 nostri
3610 5339 3714 5396 est,

2017 5418 2079 5464 ut
2109 5412 2269 5464 utilia
2300 5412 2453 5465 vobis
2483 5417 2538 5466 et
2568 5416 2883 5468 necessaria
2909 5415 3265 5483 suadeamus,
3316 5425 3372 5470 et
3429 5418 3713 5489 proﬁeua,

2016 5500 2062 5553 si
2090 5500 2396 5568 possimus,
2420 5502 2805 5556 ostendamus.
2834 5504 3053 5574 Itaque,
3094 5504 3479 5576 dilectissimi,
3519 5512 3713 5578 provi-

2013 5587 2145 5641 dere
2178 5588 2412 5654 debetis,
2444 5592 2508 5643 ut
2555 5590 2707 5657 quod
2751 5592 3133 5646 nominamini
3172 5610 3291 5648 esse
3323 5599 3707 5651 contendatis.
