3884 6218
214 339 346 389 1137

1378 332 1686 389 VULFADI
1730 335 2064 392 EPISTOLA
2104 336 2541 392 PASTORALIS.

3574 341 3705 393 H38

204 464 537 518 Sacerdotes
565 462 849 516 vocamini
874 479 886 515 :
922 463 1100 515 sancti
1133 467 1188 516 et
1220 464 1421 516 mundi
1455 479 1597 529 esse,
1623 470 1679 517 et
1709 480 1894 517 sacer-
1934 470 1980 521 Α
2010 466 2158 535 quod
2192 466 2589 535 paenitentiam
2614 470 2669 520 et
2700 466 2966 521 militiam
2988 468 3322 521 saecularem
3344 469 3559 537 pariter
3584 485 3700 523 non

207 551 426 605 dotium
462 558 721 604 sanctum
744 551 915 621 digne
936 556 1129 604 tenere
1153 557 1208 603 et
1238 552 1600 621 frequentari:
1637 554 1858 606 studete
1886 573 1901 619 ;

207 642 480 711 quoniam
506 640 574 694 de
598 640 988 694 sacerdotibus
1011 640 1289 693 Dominus
1310 640 1481 693 dicit:
1514 642 1702 695 Sancti
1722 647 1899 701 estote,

207 732 337 797 quia
384 746 478 796 ego
526 735 744 783 sanctus
789 744 906 781 sum
951 730 1212 781 Dominus
1247 731 1382 782 Deus
1412 736 1603 782 vester.
1642 729 1900 781 Pastores

205 818 577 888 appellamini
611 832 623 870 :
649 834 781 870 oves
802 818 1162 886 consignatas
1186 817 1428 870 sollicite
1455 834 1650 887 regere
1683 822 1737 869 et
1768 834 1897 887 pro-

205 907 394 960 videre
438 906 788 959 contendite.
828 904 1224 974 Speculatores
1259 906 1711 975 nuncupamini;
1750 905 1900 957 utin

206 996 395 1049 altiori
425 996 696 1048 virtutum
732 994 934 1064 gradu,
980 994 1275 1047 sanctitate
1327 1000 1384 1046 et
1433 994 1721 1046 intellectu
1773 1010 1901 1047 vos-

206 1085 477 1154 metipsos
507 1084 745 1153 erigere,
800 1088 859 1136 ut
890 1083 1211 1136 carnalibus
1254 1083 1550 1135 desideriis
1599 1084 1897 1153 superatis,

203 1179 398 1225 contra
435 1172 757 1226 mundanos
799 1172 1046 1240 impetus
1090 1176 1144 1223 et
1193 1172 1477 1241 nequitias
1509 1172 1793 1241 spiritales
1826 1172 1901 1223 vi-

206 1260 385 1313 riliter
412 1261 637 1330 possitis
668 1276 944 1330 pugnare.
983 1260 1173 1313 Fidem
1214 1276 1443 1330 quoque
1479 1264 1687 1312 rectam
1721 1259 1895 1329 (quod

204 1356 290 1404 est
330 1350 771 1403 fundamentum
805 1350 1064 1401 omnium
1112 1350 1411 1417 virtutum)
1454 1350 1624 1402 corde
1658 1351 1901 1402 firmiter

205 1442 413 1502 tenete,
443 1444 496 1491 et
531 1454 628 1490 ore
669 1438 991 1507 praedicata,
1021 1444 1075 1491 et
1124 1438 1377 1502 lectioni,
1425 1443 1597 1507 prout
1645 1438 1895 1507 potestis,

205 1526 501 1578 ardentius
549 1526 813 1589 insistite,
864 1542 926 1578 ac
968 1526 1229 1579 meditari
1279 1526 1338 1579 in
1386 1526 1694 1596 Scripturis
1727 1527 1899 1578 sacris

205 1620 261 1666 et
288 1614 498 1666 divinis
529 1614 830 1683 prteceptis
860 1616 1204 1667 contendite.
1244 1615 1499 1669 Orationi
1546 1620 1603 1667 et
1643 1615 1896 1683 psalmo-

206 1701 313 1755 dize
342 1701 652 1770 vigilanter
680 1702 1029 1765 incumbite;
1084 1702 1359 1772 quoniam
1392 1703 1513 1755 hac
1552 1709 1685 1755 sunt
1715 1719 1892 1767 arma,

2008 561 2250 624 possunt
2280 572 2468 625 agere.

2082 642 2124 695 0
2157 658 2253 694 vos
2302 660 2531 712 quoque
2570 643 2782 697 laicalis
2827 646 3041 699 ordinis
3089 646 3212 713 viri,
3267 662 3503 699 monere
3551 646 3700 700 desi-

2012 728 2167 794 dero,
2201 736 2255 781 et
2283 731 2625 783 annuntiare
2655 733 2810 785 vobis
2842 749 2907 786 ea
2938 750 3067 805 quae
3098 734 3169 787 ad
3191 734 3431 787 salutem
3457 739 3703 787 vestram

2010 818 2299 886 pertinent
2329 820 2496 887 cupio
2522 836 2535 884 ;
2561 820 2833 889 quoniam
2883 823 3202 891 periculum
3252 824 3577 875 animarum
3606 838 3699 875 ve-

2010 910 2254 958 strarum
2288 906 2450 959 valde
2494 906 2763 973 formido,
2811 914 2865 961 et
2892 925 2993 977 pro
3026 910 3184 962 vobis
3218 911 3484 964 omnibus
3524 910 3703 964 ratio-

2010 1008 2140 1045 nem
2176 994 2288 1047 Deo
2312 994 2671 1047 redditurum
2699 1013 2787 1048 me
2810 1013 2927 1048 esse
2955 1014 3253 1065 cognosco.
3277 998 3414 1051 Sunt
3448 1015 3701 1069 namque

2007 1080 2143 1132 vitia
2173 1086 2229 1133 et
2261 1091 2510 1150 peccata,
2546 1098 2649 1151 per
2683 1100 2811 1152 qua:
2840 1084 3099 1137 diabolus
3140 1086 3406 1137 mortales
3437 1086 3697 1151 seducit;

2009 1172 2065 1222 et
2094 1170 2162 1222 ad
2196 1171 2302 1223 hoc
2330 1173 2553 1223 assidue
2587 1172 2823 1239 laborat,
2860 1176 2923 1225 ut
2953 1189 3047 1226 eos
3090 1190 3276 1226 secum
3312 1174 3379 1226 ad
3413 1174 3699 1227 infernum

2009 1256 2291 1323 detrudat,
2328 1263 2383 1311 et
2407 1265 2588 1312 morte
2612 1266 2889 1329 perpetua
2918 1260 3151 1314 damnet
3178 1278 3191 1327 ;
3213 1262 3268 1314 id
3292 1266 3375 1313 est
3397 1261 3697 1330 cupiditas,

2009 1345 2293 1415 superbia,
2329 1346 2723 1410 homicidium,
2759 1348 3123 1407 adulterium,
3155 1349 3543 1418 sacrilegium,
3582 1349 3703 1401 for-

2010 1433 2236 1494 nicatio,
2309 1436 2528 1503 rapina,
2598 1436 2939 1505 perjurium,
3018 1437 3224 1490 falsum
3285 1438 3697 1505 testimonium,

2008 1520 2332 1575 invasiones
2382 1540 2574 1575 rerum
2628 1524 3153 1589 ecclesiasticarum,
3219 1526 3702 1579 dehonorationes

2008 1613 2387 1677 sacerdotum,
2434 1613 2760 1678 juramenta
2827 1614 3042 1675 illicita,
3110 1615 3533 1667 maledictiones
3580 1631 3701 1684 pes-

2008 1699 2186 1763 simae,
2221 1700 2672 1770 conspirationes
2706 1702 2935 1771 iniquas,
2987 1703 3387 1769 detractiones,
3439 1719 3698 1756 susurra-

205 1789 415 1859 quibus
446 1790 704 1844 diabolus
739 1790 1003 1856 vincitur,
1040 1796 1097 1843 et
1146 1790 1409 1843 minister
1452 1790 1659 1844 Christi
1698 1791 1755 1843 in
1787 1791 1896 1843 tide
1939 1762 1979 1816 Β
2010 1786 2213 1851 tiones,
2240 1788 2558 1853 discordiae,
2589 1789 2838 1855 invidiae,
2867 1789 3017 1853 odia,
3048 1790 3371 1855 ebrietates,
3395 1790 3701 1844 inhonesta

204 1883 261 1930 et
287 1878 452 1930 bonis
492 1878 764 1947 operibus
814 1879 1111 1931 solidatur.
1166 1879 1591 1932 Prmdicationis
1645 1880 1896 1931 officium

203 1965 466 2035 plebibus
498 1966 655 2019 vobis
703 1968 1018 2020 commissis
1065 1971 1448 2037 congruenter
1480 1968 1818 2037 impendite,
1844 1972 1899 2021 et

202 2053 348 2107 bene
380 2059 617 2123 agentes
652 2056 717 2108 ad
754 2056 995 2108 meliora
1042 2057 1212 2109 verbo
1246 2062 1300 2109 et
1332 2059 1591 2127 exemplo
1638 2056 1893 2118 invitate,

206 2142 413 2193 Pravos
446 2157 674 2210 quoque
718 2148 773 2194 et
804 2141 1010 2209 impios
1040 2142 1265 2195 fortiter
1297 2144 1619 2213 redarguite
1648 2153 1701 2198 et
1728 2160 1893 2212 repu-

204 2234 395 2298 gnate,
450 2234 506 2282 et
544 2231 844 2283 saeculares
892 2247 1137 2301 pugnas,
1191 2232 1399 2299 minas,
1440 2240 1611 2302 atque
1655 2239 1899 2286 terrores

205 2318 533 2371 nullatenus
564 2318 886 2386 formidate,
922 2327 977 2373 et
1008 2320 1198 2390 potius
1231 2322 1345 2374 Deo
1368 2338 1539 2392 quam
1565 2323 1896 2375 hominibus

202 2406 430 2474 placere
462 2406 787 2459 contendite
813 2424 825 2472 ;
859 2412 915 2459 et
944 2408 1097 2477 quod
1130 2407 1254 2460 aliis
1284 2406 1607 2476 praedicatis
1632 2407 1691 2459 in
1740 2409 1897 2461 vobis

204 2495 392 2564 primo
424 2496 725 2549 ostendite.
765 2496 1125 2565 Religionem
1158 2502 1215 2549 et
1244 2497 1622 2557 sanctitatem,
1666 2497 1893 2549 castita-

202 2587 318 2634 tem
354 2588 524 2653 atque
562 2584 901 2637 munditiam
936 2601 1053 2654 prae
1092 2584 1357 2637 omnibus
1397 2584 1606 2637 habere
1642 2585 1810 2637 corde
1843 2591 1898 2638 et

202 2687 439 2741 corpore
472 2672 694 2725 studete
720 2689 733 2737 ;
765 2675 826 2724 ut
853 2672 1089 2725 idoneos
1120 2672 1325 2726 Christi
1358 2672 1646 2725 ministros
1677 2690 1771 2725 vos
1803 2672 1897 2742 ip-

203 2776 293 2811 sos
325 2760 645 2820 ostendere,
691 2764 754 2811 ut
782 2760 1042 2827 exemplo
1076 2759 1387 2812 sanctitatis
1413 2765 1469 2812 et
1498 2760 1793 2829 religionis
1825 2760 1895 2813 ad

204 2847 536 2899 servitutem
592 2847 797 2900 Christi
852 2847 991 2899 alios
1034 2848 1259 2916 possitis
1325 2847 1644 2911 instruere;
1704 2848 1895 2917 sicque

206 2935 515 3000 munditia,
548 2940 603 2987 et
635 2936 786 2987 nitor
822 2940 1029 2988 sanctaz
1063 2936 1527 2995 conversationis,
1564 2940 1735 3005 atque
1765 2952 1897 2988 om-

2007 1875 2184 1941 lucra,
2224 1876 2438 1946 judicia
2469 1878 2700 1947 injusta,
2753 1894 3033 1931 mensqu
3072 1879 3400 1948 inaequales,
3433 1879 3699 1932 amicitias

2006 1979 2111 2032 per
2136 1970 2556 2018 sacramentum
2598 1966 2894 2034 promissae
2936 1972 2993 2019 et
3023 1966 3267 2031 violatae,
3317 1983 3407 2019 res
3437 1966 3698 2019 ecclesia-

2008 2051 2162 2105 sticae
2194 2052 2262 2105 ab
2296 2052 2544 2105 ccclesiis
2572 2052 2896 2117 subtractae,
2934 2059 2989 2105 et
3032 2052 3090 2105 in
3123 2053 3383 2122 proprias
3414 2052 3653 2105 redacta!
3684 2070 3695 2117 ;

2007 2138 2267 2208 pecuniae
2300 2144 2356 2192 et
2405 2155 2572 2192 nona:
2620 2140 2689 2191 ab
2725 2139 2996 2205 ecclesiis,
3049 2140 3257 2209 quibus
3306 2139 3511 2193 debitae
3544 2144 3698 2203 sunt,

2008 2228 2333 2293 subtractae,
2360 2232 2415 2281 et
2447 2230 2623 2280 multa
2649 2228 2778 2293 alia,
2807 2244 2934 2298 qua
2968 2228 3245 2281 Dominus
3268 2234 3323 2281 et
3352 2228 3702 2297 Redemptor

2006 2321 2198 2369 noster
2226 2316 2510 2385 prohibet,
2554 2321 2610 2368 et
2639 2315 2899 2368 diabolus
2930 2316 3109 2368 hostis
3133 2322 3189 2368 et
3220 2315 3487 2369 inimicus
3512 2322 3701 2369 noster

2007 2406 2227 2459 suadet.
2284 2407 2410 2459 Haec
2478 2422 2608 2459 vero
2666 2406 2800 2457 vitia
2848 2411 2904 2458 et
2946 2410 3177 2474 peccata
3219 2405 3277 2458 in
3316 2410 3535 2457 tantum
3571 2409 3702 2458 sunt

2007 2493 2220 2563 gravia,
2254 2499 2316 2547 ut
2355 2510 2482 2547 cum
2514 2494 2823 2563 instigante
2854 2494 3082 2548 diabolo
3134 2498 3551 2563 perpetramur,
3602 2493 3701 2545 lio-

2009 2583 2190 2636 mines
2217 2600 2249 2637 a
2282 2586 2394 2637 Deo
2443 2588 2725 2653 separent,
2776 2588 2831 2636 et
2874 2583 3262 2637 hereditatem
3312 2583 3600 2636 caelestem
3634 2597 3698 2633 ac

2008 2673 2183 2725 vitam
2236 2678 2567 2742 perpetuam
2639 2672 2920 2736 auferant,
2974 2678 3029 2725 et
3095 2671 3433 2724 facientibus
3488 2670 3699 2723 inferni

2007 2760 2266 2813 ﬂammas
2293 2764 2348 2813 et
2377 2760 2658 2813 cruciatus
2698 2760 3013 2829 acquirant.
3071 2762 3130 2811 Et
3160 2759 3307 2825 ideo,
3344 2758 3697 2812 dilectissimi

2007 2848 2130 2914 ﬁlii,
2167 2849 2401 2902 obsecro
2452 2854 2511 2901 ut
2560 2854 2815 2901 recurrat
2863 2846 3257 2916 unusquisque
3297 2847 3365 2899 ad
3398 2846 3697 2899 conscien—

2006 2937 2146 2990 tiam
2179 2952 2360 3003 suam,
2392 2941 2446 2989 et
2484 2935 2788 3005 diligenter
2815 2934 3070 3003 requirat
3101 2934 3285 3003 qualis
3316 2933 3408 2996 sit,
3444 2933 3530 2985 vel
3561 2949 3690 3002 quae

204 3039 306 3075 nes
339 3024 395 3075 in
438 3040 741 3076 commune
787 3024 1019 3077 virtutes
1065 3024 1124 3076 in
1176 3023 1336 3077 vobis
1358 3024 1776 3092 resplendeant,
1814 3029 1893 3089 ut,
1934 3035 1972 3090 (ς
2004 3025 2063 3077 in
2096 3024 2362 3094 pueritia,
2414 3024 2471 3077 in
2523 3022 2923 3088 adolescentia,
2976 3022 3034 3074 in
3075 3022 3393 3091 juventute,
3442 3021 3499 3073 in
3539 3019 3697 3072 omni

203 3110 251 3163 si
283 3111 470 3163 minor
495 3111 566 3163 sit
596 3112 653 3163 in
687 3112 842 3164 vobis
892 3112 1147 3165 doctrina
1196 3128 1367 3181 quam
1418 3112 1631 3179 deceat,
1685 3112 1897 3166 munda

202 3204 261 3252 et
285 3205 478 3253 sancta
510 3200 861 3253 conversatio
896 3201 1180 3270 subjectos
1212 3206 1426 3253 vestros
1457 3202 1525 3253 ad
1559 3200 1701 3254 bene
1722 3218 1895 3272 agen-

203 3282 340 3335 dum
383 3284 688 3350 informet;
722 3288 777 3336 et
827 3285 978 3354 quod
1022 3285 1193 3338 verbo
1237 3291 1292 3338 et
1338 3286 1740 3354 praedicatione
1780 3303 1897 3339 non

200 3373 402 3425 valetis
434 3379 696 3442 exempto
741 3374 917 3426 totius
966 3374 1233 3426 bonitatis
1282 3375 1567 3427 doceatis:
1620 3375 1898 3445 quoniam

202 3462 365 3531 cujus
392 3463 505 3515 vita
536 3462 866 3531 despicitur,
902 3467 1076 3515 restat
1105 3468 1169 3514 ut
1211 3464 1334 3531 ejus
1382 3464 1709 3533 praedicatio
1754 3480 1896 3517 con-

199 3553 511 3602 temnatur.
544 3550 890 3604 Charitatem
928 3550 1235 3603 fraternam
1288 3558 1493 3616 amate,
1537 3556 1593 3603 et
1641 3552 1897 3621 hospita-

199 3638 421 3691 litatem
474 3639 713 3709 diligite,
768 3644 824 3691 et
869 3655 970 3706 per
1034 3639 1330 3692 saecularia
1378 3640 1610 3708 negotia
1654 3642 1899 3710 turpiter

202 3728 381 3780 nolite
413 3726 750 3793 discurrere,
786 3744 854 3780 ne
894 3728 1156 3781 videatur
1199 3728 1254 3779 in
1309 3728 1465 3781 vobis
1514 3729 1897 3782 ministerium

203 3832 428 3869 sacrum
462 3816 749 3869 vilescere.
778 3816 1307 3884 lrreprehensibiles
1353 3833 1450 3869 vos
1494 3817 1552 3869 in
1584 3817 1739 3870 omni
1769 3834 1900 3871 con-

203 3904 528 3958 versatione
585 3911 642 3957 et
691 3909 814 3957 acta
863 3905 1143 3969 exhibete,
1208 3922 1279 3958 ne
1332 3922 1539 3959 nomen
1580 3907 1784 3959 Christi
1839 3908 1899 3959 in

202 3993 362 4047 vobis
390 3994 573 4063 possit
607 3992 1010 4063 blasphemari.
1045 3994 1409 4063 Qumcunque
1460 3994 1656 4064 iniqua
1688 3995 1771 4047 vel
1812 3995 1901 4048 in-

204 4082 470 4146 honesta,
506 4087 603 4135 aut
632 4088 780 4135 certe
820 4082 1139 4150 periculosa
1170 4082 1227 4134 in
1261 4082 1533 4152 gregibus
1565 4083 1769 4137 Christi
1797 4099 1897 4137 vo-

203 4170 291 4224 bis
326 4170 666 4236 commissis,
712 4171 769 4223 in
802 4170 1130 4239 potentibus
1178 4176 1235 4223 et
1287 4171 1687 4237 nobilioribus,
1741 4180 1797 4224 et
1839 4173 1900 4226 in

206 4258 528 4312 minoribus
563 4263 618 4310 et
647 4258 1017 4327 pauperibus,
1051 4258 1109 4310 in
1142 4258 1408 4311 masculis
1438 4259 1552 4312 sive
1580 4259 1636 4311 in
1671 4259 1896 4313 feminis

203 4347 535 4416 conspicere
610 4354 664 4399 et
712 4346 1033 4415 intelligere
1080 4347 1335 4416 potestis,
1397 4347 1519 4400 sine
1569 4348 1757 4401 favore
1798 4355 1897 4402 aut

201 4435 400 4506 aliqua
431 4450 806 4505 personarum
836 4434 1164 4503 acceptione
1216 4435 1516 4488 ostendere
1548 4435 1630 4487 eis
1660 4442 1899 4489 conten-

204 4524 360 4589 dite;
391 4526 448 4577 et
478 4523 787 4593 unicuique
819 4527 1047 4592 peccata
1077 4528 1134 4575 et
1163 4522 1495 4593 iniquitates
1526 4540 1655 4577 suas
1686 4524 1898 4595 absque

204 4611 475 4665 tarditate
508 4616 566 4664 et
592 4610 963 4681 negligentia,
996 4611 1081 4664 vel
1114 4616 1263 4665 certe
1301 4612 1643 4667 verecundia
1672 4628 1896 4666 annun-

204 4700 365 4766 tiate,
397 4707 452 4752 et
484 4706 552 4754 de
590 4698 855 4753 omnibus
904 4699 1213 4753 sceleribus
1254 4700 1369 4752 suis
1418 4700 1719 4754 consilium
1768 4718 1902 4755 con-

204 4804 415 4859 gruum
447 4787 526 4841 eis
557 4787 830 4857 praebete,
861 4791 917 4840 et
945 4787 1238 4841 scientiam
1268 4788 1493 4841 Domini
1528 4788 1690 4841 nobis
1720 4790 1901 4843 omni-

206 4876 312 4928 bus
346 4875 795 4928 comminantem
840 4890 942 4944 per
979 4876 1172 4929 omnia
1200 4876 1533 4931 formidate:
1569 4879 1630 4932 Si
1656 4893 1761 4933 non
1794 4895 1901 4933 an-

203 4965 573 5029 nuntiaveris,
602 4962 809 5033 inquit,
842 4964 1031 5031 iniquo
1062 4964 1410 5031 iniquitatem
1444 4979 1620 5029 suam,
1663 4967 1901 5019 animam

205 5053 323 5120 ejus
356 5051 422 5105 de
450 5067 615 5105 manu
647 5056 742 5105 tua
780 5053 1078 5119 requiram.
1117 5052 1181 5104 Et
1208 5051 1347 5105 item
1378 5068 1389 5104 :
1445 5053 1651 5119 Clama,
1705 5068 1771 5105 ne
1800 5068 1903 5107 ces-

204 5154 309 5200 ses,
340 5142 504 5208 quasi
529 5139 661 5192 tuba
685 5140 869 5193 exalia
898 5155 1093 5203 vocem,
1128 5144 1232 5192 etc.
1262 5140 1675 5194 Poenitentibus
1707 5142 1901 5207 etiam,

208 5227 307 5296 qui
354 5226 677 5296 vagabundi
734 5243 833 5299 per
914 5228 1204 5280 szecularia
1264 5228 1497 5297 negotia
1554 5228 1901 5295 discurrunt,

208 5315 373 5385 quasi
398 5316 543 5368 nihil
590 5315 724 5368 mali
755 5314 1052 5385 gesserint,
1086 5320 1314 5383 peccata
1345 5332 1447 5369 sua
1493 5317 1775 5370 ostendite
1804 5334 1817 5381 ;
1848 5320 1904 5369 et

209 5404 355 5455 utin
393 5420 507 5455 uno
542 5404 665 5456 loco
698 5408 983 5456 morantes
1028 5402 1233 5471 dignos
1283 5405 1637 5472 pmnitentiaa
1686 5405 1902 5457 fructus

210 5490 423 5543 faciant
502 5497 885 5550 commonete.
960 5490 1367 5543 annuntiantes
1453 5492 1534 5543 eis
1609 5491 1899 5545 verissime

2007 3116 2171 3166 aetate
2202 3128 2301 3164 sua
2327 3113 2499 3182 gessit
2525 3131 2538 3177 ;
2571 3118 2626 3164 et
2648 3112 2693 3164 si
2717 3111 2843 3181 quis
2865 3127 2921 3163 se
2946 3109 3311 3176 homicidam,
3344 3109 3695 3174 adulterum,

2007 3200 2366 3269 sacrilegum,
2411 3200 2836 3265 fornicatorem,
2889 3198 3183 3267 perjurum
3230 3202 3329 3250 aut
3376 3196 3578 3249 falsum
3612 3201 3693 3248 te-

2008 3293 2150 3342 stem
2181 3289 2404 3354 viderit,
2445 3288 2511 3341 ad
2560 3288 2737 3340 Deum
2773 3292 2828 3339 et
2877 3292 3117 3339 matrem
3152 3286 3456 3338 Ecclesiam
3497 3283 3697 3338 confu-

2006 3377 2165 3446 gium
2215 3376 2398 3442 faciat,
2461 3382 2516 3429 et
2562 3376 2980 3428 confessionem
3046 3390 3251 3443 puram
3302 3374 3371 3426 de
3433 3372 3697 3424 omnibus

2004 3464 2403 3534 iniquitatibus
2436 3464 2552 3516 suis
2591 3464 2981 3517 sacerdotibus
3032 3463 3243 3528 donet;
3295 3466 3352 3513 et
3409 3459 3699 3529 pmniten-

2005 3551 2141 3604 tiam
2168 3551 2456 3619 suscipiat,
2490 3555 2545 3603 et
2576 3550 2863 3603 verissime
2910 3565 3035 3603 eam
3067 3549 3418 3618 adimpleat;
3454 3552 3510 3600 et
3539 3546 3695 3617 quod

2005 3639 2200 3708 inique
2256 3639 2430 3706 gessit
2508 3639 2905 3709 eleemosynis,
2977 3637 3231 3707 jejuniis,
3321 3635 3695 3699 orationibus,

2007 3726 2373 3791 abstinentia,
2407 3732 2462 3779 et
2492 3726 2710 3779 caeteris
2742 3727 2905 3779 bonis
2937 3726 3209 3795 operibus
3242 3724 3432 3777 delere
3460 3728 3515 3776 et
3543 3723 3694 3776 redi-

2008 3831 2163 3869 mere
2196 3820 2415 3884 satagat
2444 3831 2456 3867 :
2483 3816 2758 3884 quoniam
2792 3814 2898 3867 nisi
2933 3814 3044 3879 hic,
3082 3813 3220 3867 dum
3251 3818 3477 3881 tempus
3525 3816 3582 3864 et
3614 3812 3696 3863 lo-

2007 3919 2137 3956 cum
2160 3904 2348 3967 habet,
2374 3903 2680 3956 emendare
2704 3903 3006 3967 studuerit,
3035 3917 3278 3971 regnum
3311 3900 3430 3966 Dei,
3458 3904 3698 3954 testante

2005 3993 2295 4061 Apostolo,
2325 3991 2535 4045 habere
2566 4007 2683 4045 non
2718 3991 2943 4060 poterit.
2974 3992 3152 4046 Nolite
3183 3994 3392 4059 itaque,
3427 3988 3505 4041 ait
3541 3991 3695 4058 Apo-

2009 4080 2209 4145 stolus,
2240 4096 2457 4133 errare:
2496 4096 2664 4148 neque
2694 4079 2991 4145 homicida,
3024 4094 3193 4147 neque
3231 4077 3489 4141 adulteri,
3528 4090 3699 4145 neque

2007 4171 2278 4235 sacrilegi,
2315 4184 2485 4238 neque
2530 4166 2760 4238 pcrjuri,
2807 4184 2978 4237 neque
3002 4182 3247 4236 rapaces,
3278 4181 3448 4234 neque
3486 4180 3695 4219 mascu-

2009 4256 2181 4309 lorum
2220 4256 2601 4317 concubitores,
2642 4271 2811 4324 neque
2854 4256 3074 4322 ebriosi,
3122 4270 3291 4322 neque
3330 4252 3585 4307 maledici
3612 4268 3697 4305 re-

1939 4325 1979 4377 D
2007 4358 2171 4409 gnum
2200 4346 2298 4397 Dei
2317 4344 2684 4412 possidebunt.

2079 4431 2375 4484 Monemus
2423 4437 2479 4485 et
2528 4448 2623 4485 eos
2667 4447 2913 4503 quorum
2946 4430 3299 4484 dissensione
3329 4433 3386 4482 et
3416 4428 3700 4481 discordia

2010 4519 2129 4572 haec
2158 4519 2313 4590 regio
2348 4523 2580 4587 vastata,
2616 4526 2673 4575 et
2702 4520 2896 4573 multis
2922 4518 3165 4573 miseriis
3194 4518 3423 4579 afﬂicta,
3468 4520 3523 4569 et
3552 4532 3699 4586 pene

2010 4609 2303 4661 annullata
2332 4614 2435 4674 est,
2466 4614 2529 4662 ut
2556 4613 2850 4679 peccatum
2895 4613 2951 4662 et
2992 4606 3357 4677 iniquitatem
3398 4620 3561 4657 suam
3604 4619 3699 4655 re-
3762 4602 3768 4607 ’

2011 4701 2375 4767 cognoscant,
2417 4701 2473 4749 et
2505 4712 2633 4766 quae
2685 4696 2861 4765 impie
2895 4700 2953 4749 et
2995 4695 3304 4749 crudeliter
3345 4696 3590 4763 egerunt
3628 4691 3695 4744 ad

2012 4790 2267 4837 mentem
2300 4800 2526 4854 semper
2555 4784 2850 4845 reducant,
2886 4791 2942 4837 et
2980 4783 3095 4837 sint
3141 4783 3220 4836 eis
3250 4781 3411 4835 omni
3442 4787 3699 4851 tempore

2011 4872 2071 4926 in
2103 4873 2421 4925 lamentum
2453 4876 2511 4925 et
2539 4872 2854 4941 singultum
2875 4876 2931 4925 et
2950 4873 3211 4925 velamen
3238 4870 3535 4925 oculorum
3570 4884 3697 4921 suo-

2014 4976 2165 5025 rum,
2216 4966 2272 5015 et
2328 4960 2606 5031 poanitere
2655 4976 2721 5013 ea
2754 4960 3168 5014 studiosissime
3216 4958 3585 5023 contendant,
3640 4972 3702 5010 ac

2012 5048 2297 5103 redimere
2344 5066 2401 5101 se
2450 5049 2851 5118 eleemosynis,
2891 5049 3153 5118 jejuniis,
3222 5046 3595 5110 orationibus,
3646 5049 3704 5099 et

2012 5136 2138 5190 aliis
2201 5137 2472 5206 operibus
2543 5138 2655 5189 Deo
2707 5137 2947 5206 acceptis
2994 5141 3273 5206 satagant.
3326 5134 3606 5189 Similiter
3649 5138 3704 5186 ct

2012 5241 2108 5278 eos
2137 5224 2236 5295 qui
2283 5242 2371 5278 res
2418 5224 2825 5279 ecclesiasticas
2870 5226 3161 5295 quondam
3210 5225 3564 5289 invaserunt,
3606 5226 3704 5274 aut

2012 5314 2185 5367 modo
2211 5314 2331 5367 sine
2350 5314 2639 5367 voluntate
2670 5328 2870 5366 eorum
2913 5313 3121 5382 quibus
3171 5313 3379 5367 debitas
3427 5317 3580 5375 sunt,
3614 5326 3703 5364 re-

2012 5401 2216 5466 tinent,
2253 5407 2317 5454 ut
2358 5401 2688 5470 resipiscant
2725 5404 2779 5452 et
2822 5399 3217 5468 pmnitentiam
3272 5415 3375 5468 pro
3408 5397 3705 5467 sacrilegio

2015 5494 2223 5560 agant;
2254 5494 2309 5542 et
2354 5490 2487 5553 Deo,
2538 5494 2594 5541 et
2640 5488 2891 5541 ecclesiis
2933 5503 3074 5557 quas
3126 5487 3421 5551 laeserunt,
3478 5486 3707 5538 satisfa-

2014 5593 2141 5632 cere
2166 5577 2447 5631 studeant.
2484 5576 2592 5631 Eos
2610 5592 2837 5647 quoque
2863 5590 3185 5639 monemus,
3217 5574 3317 5644 qui
3347 5573 3551 5627 leviter
3579 5574 3705 5643 plu-
