3884 6218
210 272 342 323 1139

1378 268 1680 323 VULFADI
1719 267 2049 324 EPISTOLA
2095 267 2535 324 PASTORALIS.

3578 265 3725 319 1144)

206 400 354 453 rima
392 403 746 453 sacramenta
792 399 1008 468 jurant,
1065 404 1120 452 et
1149 414 1363 452 nomen
1411 399 1510 454 Dei
1556 402 1725 469 atque
1768 415 1893 452 san-
1931 402 1977 452 A
2009 399 2134 452 cida
2163 403 2259 452 est.
2295 396 2571 452 Invidiam
2605 400 2659 450 et
2703 394 3044 450 discordiam
3094 398 3289 466 procul
3340 414 3371 449 a
3412 396 3577 451 vobis
3621 412 3722 449 re-

207 494 431 543 ctorum
462 489 585 558 ejus
612 488 669 541 in
702 504 905 544 vanum
945 494 1255 553 assumunt,
1299 489 1385 541 vel
1426 488 1546 541 sine
1580 488 1902 543 reverentia

209 579 582 643 maledicunt,
618 582 678 630 ut
710 593 767 629 se
803 576 870 630 ab
902 577 1007 630 hoc
1038 582 1267 647 peccato
1289 578 1634 644 abstineant,
1668 582 1723 631 et
1750 577 1902 648 quod

208 667 380 721 nimis
416 666 625 720 odibile
663 664 735 719 sit
763 671 1094 735 agnoscant,
1139 665 1364 719 dicente
1418 666 1745 735 Scriptura:
1806 668 1905 721 Vir

208 758 435 810 multum
450 754 654 824 jurans
694 754 1000 823 replebitur
1031 756 1339 823 iniquitate,
1379 759 1430 809 et
1458 770 1563 808 non
1601 754 1809 808 recedet
1841 754 1906 807 de

211 843 362 897 domo
411 857 525 911 ejus
564 843 715 910 lepra
742 860 763 903 ;
794 846 849 894 et
876 840 1021 894 sicut
1053 858 1225 911 supra
1275 841 1489 894 dictum
1532 847 1617 895 est
1655 841 1907 895 maledici

209 946 433 999 regnum
466 933 562 983 Dei
589 945 694 983 non
727 930 1101 998 possidebunt.
1133 930 1427 983 Monemus
1459 928 1630 982 etiam
1658 929 1901 999 judices,

213 1020 446 1089 utjuste
472 1018 750 1088 judicent,
784 1023 839 1071 et
869 1023 1022 1071 recta
1046 1017 1263 1087 judicia
1295 1017 1623 1081 terminent,
1651 1022 1705 1069 et
1733 1017 1903 1070 timo-

212 1125 332 1162 rem
366 1106 463 1162 Dei
490 1123 717 1177 semper
748 1111 877 1159 ante
922 1106 1113 1159 oculos
1167 1106 1429 1171 habeant,
1483 1105 1721 1158 scientes
1752 1107 1901 1176 quod

215 1201 269 1250 et
295 1196 406 1265 ipsi
441 1196 616 1247 Deum
654 1194 905 1264 judicem
957 1194 1268 1259 habebunt,
1332 1198 1387 1247 et
1429 1194 1535 1263 ipsi
1578 1211 1609 1246 a
1656 1195 1769 1247 Deo
1803 1211 1906 1264 pro

216 1283 483 1337 omnibus
508 1282 735 1352 judiciis
768 1282 904 1347 suis,
939 1282 1121 1346 dictis,
1156 1287 1211 1333 et
1244 1282 1400 1334 factis
1426 1282 1721 1351 judicandi
1756 1288 1903 1335 sunt.

216 1374 340 1443 Ipse
373 1372 525 1424 enim
558 1371 864 1440 praecepit:
900 1372 1004 1427 Nec
1035 1373 1274 1439 accipias
1312 1386 1598 1439 personam
1622 1374 1908 1440 pauperis,

219 1477 311 1515 nec
344 1462 567 1514 honores
615 1462 823 1513 vultum
864 1461 1117 1527 potentis.
1168 1460 1283 1514 Non
1332 1458 1565 1514 declines
1613 1459 1686 1511 ad
1723 1460 1906 1513 dexte-

214 1548 565 1615 ram,sivead
582 1546 1256 1616 sinistramzjustejudica
1282 1550 1533 1615 proximo
1572 1553 1680 1601 tuo.
1708 1548 1911 1601 Caveat

218 1639 387 1691 etiam
422 1636 821 1706 unusquisque
864 1641 928 1689 ut
978 1635 1181 1688 falsum
1232 1635 1628 1688 testimonium
1670 1636 1905 1689 nullate-

2008 487 2243 558 pellite:
2274 486 2545 557 quoniam
2592 484 3043 539 discordantium
3098 489 3151 539 et
3190 485 3519 539 invidorum
3549 486 3724 539 obla-

2010 576 2193 629 tiones
2223 579 2280 628 et
2320 590 2559 627 munera
2592 576 2703 627 Deo
2730 575 2866 644 [non
2906 578 3041 627 sunt
3087 579 3355 644 accepta;
3408 590 3513 627 nec
3546 574 3724 627 aliter

2011 665 2327 718 oblationes
2359 668 2565 717 nostra:
2594 663 2653 717 in
2676 662 2924 716 ecclesiis
2946 663 3123 733 recipi
3155 663 3385 730 debent,
3412 663 3525 716 nisi
3546 664 3724 735 prius

2012 770 2043 806 a
2073 752 2338 806 cordibus
2368 752 2475 805 hoc
2506 751 2802 804 verissime
2835 751 3135 821 ejeceritis.

2085 842 2161 894 De
2222 838 2596 909 eleemosynis
2650 855 2789 908 ιιηιρμ
2862 844 3202 907 aegrotantes
3260 840 3346 892 vel
3398 838 3723 892 morientes

2013 927 2429 999 proximis,-vel
2465 925 2660 978 amicis
2705 925 3131 992 commendant,
3185 942 3450 995 rogamus
3496 943 3601 980 vos
3655 933 3726 980 ut

2016 1017 2262 1070 ﬁdeliter
2283 1015 2391 1085 ipsi
2419 1031 2545 1085 quae
2569 1030 2633 1067 ea
2665 1013 2982 1083 suscipiunt
3014 1013 3394 1080 distribuant;
3427 1016 3577 1069 sicut
3600 1016 3722 1085 ipsi

2014 1106 2211 1158 volunt
2244 1109 2306 1157 ut
2334 1107 2389 1155 et
2428 1103 2524 1155 alii
2554 1120 2657 1172 pro
2705 1118 2765 1156 se
2814 1103 3066 1169 faciant;
3111 1108 3165 1156 et
3205 1108 3513 1173 agnoscant
3550 1120 3633 1169 se,
3672 1104 3722 1156 si

2016 1195 2161 1247 bene
2194 1196 2457 1262 egerunt,
2490 1192 3013 1259 remunerationem
3049 1207 3081 1244 a
3129 1191 3350 1246 Christo
3401 1198 3723 1262 perceptu-

2017 1299 2155 1347 ros;
2212 1281 2254 1332 si
2307 1281 2492 1347 aliter,
2560 1281 2841 1333 rationem
2902 1281 3015 1333 Deo
3071 1281 3314 1350 proinde
3359 1282 3719 1335 reddituros.

2019 1369 2283 1421 Divinum
2326 1369 2607 1438 judicium
2674 1368 3007 1421 terribiliter
3063 1386 3158 1422 eos
3221 1370 3568 1424 condemnat
3614 1371 3723 1441 qui

2016 1457 2261 1510 aliorum
2294 1459 2683 1527 eleemosynas
2731 1457 3016 1511 fraudant.
3075 1459 3154 1510 Ita
3192 1458 3343 1511 enim
3378 1459 3433 1511 in
3466 1460 3723 1512 canoni—

2016 1546 2123 1599 bus
2168 1546 2412 1615 legitur:
2478 1546 2851 1599 Fraudatores
2910 1546 3408 1617 eleemosynarum
3460 1548 3721 1601 fratrum

2020 1634 2598 1688 anathematizantur.
2633 1635 2687 1689 Si
2716 1636 2811 1705 qui
2842 1642 3090 1689 vestrum
3124 1642 3470 1707 cognoscant
3500 1654 3725 1707 paren-

218 1742 324 1779 nus
364 1724 637 1795 proferat,
691 1724 826 1794 quia
882 1723 1157 1793 scriptum
1209 1727 1323 1776 est:
1372 1725 1540 1777 Testis
1592 1724 1771 1790 falsus
1802 1740 1906 1777 non
1946 1695 1988 1751 Β
2020 1728 2101 1775 tes
2133 1739 2263 1775 suos
2312 1723 2380 1775 de
2414 1723 2578 1776 rebus
2623 1724 3019 1777 ecclesiasticis
3070 1725 3425 1793 abstraxisse,
3477 1733 3578 1778 aut
3611 1742 3725 1796 per

218 1817 320 1867 erit
353 1816 672 1882 impunitus.
710 1812 1046 1865 Audivimus
1071 1828 1298 1882 quoque
1327 1812 1583 1881 duplices
1616 1828 1911 1865 mensuras

217 1904 367 1972 apud
390 1918 489 1954 vos
522 1916 665 1965 esse,
696 1905 751 1954 et
773 1900 1089 1970 majoribus
1122 1901 1190 1953 ad
1224 1900 1556 1965 emendum,
1593 1902 1910 1955 minoribus

220 1992 290 2045 ad
322 1989 754 2043 vendendum...
790 1988 941 2057 quod
974 2005 1247 2059 rogamus
1278 1994 1340 2042 ut
1381 1989 1697 2060 corrigatis,
1734 1995 1789 2042 et
1814 1991 1907 2059 ju-

220 2086 365 2133 stam
416 2084 586 2149 atque
625 2094 849 2148 mquam
897 2093 1223 2131 mensuram
1266 2093 1463 2131 omnes
1506 2078 1566 2130 in
1605 2094 1910 2130 commune

220 2167 495 2229 habeatis,
531 2167 845 2220 secundum
878 2172 1229 2237 praeceptum
1274 2165 1498 2220 Domini
1532 2167 1913 2223 dicentis:Sit

223 2256 324 2309 tibi
379 2271 564 2323 aequus
619 2256 851 2323 modius,
896 2257 1189 2324 justusque
1235 2257 1529 2308 sextarius.
1587 2256 1669 2309 Ab
1718 2256 1911 2308 usuris

223 2345 395 2398 etiam
424 2361 517 2397 vos
541 2345 839 2411 abstinete,
878 2346 1232 2414 scientesque
1264 2345 1373 2397 hoc
1412 2360 1525 2397 non
1556 2345 1678 2398 leve
1707 2361 1913 2414 pecca-

225 2439 348 2487 tum
380 2449 522 2499 esse,
552 2449 680 2486 cum
713 2433 920 2486 dicitur
950 2434 1008 2487 in
1052 2434 1230 2504 Lege:
1265 2433 1358 2487 Ad
1404 2449 1628 2487 usuram
1679 2449 1786 2487 non
1812 2436 1914 2500 fa:-

224 2522 461 2575 nembis.
518 2520 940 2591 Negotiationes
998 2537 1131 2575 vero
1208 2537 1334 2591 quae
1410 2520 1470 2574 in
1526 2521 1916 2575 mercimoniis

226 2610 390 2677 fiunt,
433 2609 557 2662 sine
604 2610 973 2663 sacramentis
1026 2615 1078 2663 et
1135 2610 1406 2681 perjuriis
1456 2615 1829 2682 satagantur;
1861 2618 1917 2665 et

227 2698 623 2775 unusquisque
657 2703 850 2751 caveat
882 2714 949 2752 ne
996 2699 1231 2752 fratrem
1281 2715 1447 2751 suum
1494 2699 1685 2770 aliqua
1719 2700 1914 2754 fraude

227 2788 305 2841 ibi
336 2787 595 2858 decipiat.
648 2788 800 2857 lpsas
838 2803 971 2839 vero
1022 2787 1305 2840 amicitias
1355 2788 1529 2841 nolite
1575 2804 1679 2858 per
1728 2806 1913 2842 sacra-

227 2881 439 2943 menta,
474 2876 617 2929 sicut
650 2892 800 2928 nunc
850 2892 1031 2945 usque
1080 2876 1295 2946 aliquos
1334 2877 1531 2929 fecisse
1569 2878 1913 2943 audivimus,

227 2965 474 3029 firmare,
502 2963 776 3034 quoniam
814 2964 955 3017 illud
999 2969 1419 3017 sacramentum
1452 2981 1749 3035 nunquam
1792 2967 1915 3019 sine
1957 2994 1995 3045 ρ

226 3057 456 3123 peccato
485 3052 698 3121 poterit
739 3068 880 3105 esse.
936 3053 1165 3106 Nullum
1217 3069 1446 3123 quoque
1492 3060 1915 3108 sacramentum

229 3142 474 3212 quisque
506 3140 675 3193 alicui
701 3140 873 3210 juret,
911 3140 1019 3192 nisi
1059 3140 1266 3192 seniori
1298 3156 1399 3193 suo
1451 3141 1700 3195 debitam
1743 3142 1919 3196 ﬁdeli-

227 3232 401 3281 tatem
432 3229 745 3282 secundum
781 3227 1251 3281 consuetudinem
1302 3229 1664 3298 praemiserit,
1705 3236 1803 3284 aut
1832 3231 1918 3283 le-

229 3317 379 3388 galia
409 3322 465 3370 et
495 3317 749 3386 legitima
781 3321 1137 3371 sacramenta
1162 3317 1455 3387 juraverit.

298 3406 690 3460 Sacerdotibus
732 3405 953 3472 vestris,
988 3405 1133 3459 sicut
1184 3406 1283 3459 Dei
1330 3405 1625 3472 ministris,
1662 3406 1917 3461 debitum

228 3496 508 3549 honorem
544 3495 894 3565 impendite;
930 3500 987 3549 et
1025 3495 1067 3548 si
1110 3495 1253 3549 forte
1290 3496 1419 3549 illos
1458 3496 1516 3549 in
1548 3496 1740 3566 aliqua
1772 3496 1917 3551 laesi-

230 3586 348 3649 stis,
386 3584 706 3637 satisfacere
738 3586 985 3650 studete;
1036 3584 1082 3637 si
1126 3601 1258 3637 vero
1293 3589 1349 3639 et
1396 3584 1505 3656 ipsi
1548 3586 1714 3639 aliter
1744 3601 1918 3656 quam

228 3674 391 3727 docet
421 3673 665 3744 egerint,
700 3674 876 3727 nolite
928 3674 1008 3726 eis
1050 3674 1383 3740 detrahere;
1414 3674 1511 3727 sed
1553 3679 1651 3727 aut
1681 3691 1782 3744 per
1822 3692 1919 3728 vos

230 3762 402 3831 ipsos,
428 3761 473 3814 si
501 3762 758 3831 potestis,
789 3762 914 3815 illos
944 3762 1248 3832 corrigite;
1280 3766 1379 3815 aut
1400 3762 1917 3832 magistriseorum,

226 3850 312 3904 vel
349 3854 498 3904 certe
553 3850 818 3921 episcopo
864 3857 1050 3905 vestro
1096 3868 1160 3904 ea
1201 3868 1330 3922 quae
1361 3850 1429 3904 de
1461 3850 1604 3920 ipsis
1644 3851 1921 3906 veraciter

230 3938 382 3992 scitis
412 3940 709 3993 humiliter
746 3940 1028 3994 nuntiate.
1073 3940 1381 3993 Ecclesiam
1417 3940 1536 4007 Dei,
1585 3940 1644 3994 in
1677 3957 1788 4011 qua
1820 3941 1917 3995 ba-

228 4028 501 4098 ptismum
560 4028 873 4098 accepistis,
943 4028 1323 4083 confessiones
1399 4033 1610 4082 vestras
1670 4029 1915 4094 donatis,

227 4116 627 4187 pcenitentiam
690 4117 999 4187 suscipitis,
1046 4117 1512 4188 praedicationem
1583 4117 1815 4186 auditis,
1866 4123 1922 4172 et

228 4206 342 4259 alia
372 4206 663 4275 percipitis
690 4205 841 4259 unde
876 4206 1015 4259 salvi
1060 4222 1181 4260 esse
1213 4208 1451 4277 potestis
1479 4206 1786 4277 diligenter
1818 4208 1917 4260 ho-

2017 1810 2131 1861 vim
2156 1810 2238 1861 vel
2273 1810 2487 1862 malum
2525 1809 2822 1880 ingenium
2858 1826 2954 1863 eos
2986 1812 3073 1864 vel
3106 1812 3461 1865 haereditates
3492 1830 3722 1882 paupe-

2020 1913 2169 1961 rum,
2203 1897 2287 1949 vel
2331 1912 2538 1949 munus
2587 1901 2892 1966 parentum
2934 1897 3254 1964 abstulisse,
3305 1904 3359 1951 et
3391 1900 3508 1951 suis
3542 1901 3723 1954 rebus

2013 1985 2289 2056 junxisse,
2356 1985 2756 2049 misereantur,
2814 1986 3070 2051 obsecro,
3136 1986 3436 2040 animabus
3486 2004 3722 2055 eorum,

2020 2078 2074 2127 et
2107 2073 2410 2126 restituant
2444 2074 2703 2127 Ecclesiae
2747 2074 2901 2142 quod
2951 2074 3161 2143 injuste
3210 2075 3629 2143 abstraxerunt,
3667 2082 3725 2130 et

2018 2163 2260 2216 reddant
2320 2162 2639 2215 haeredibus
2698 2178 2825 2232 quae
2889 2163 2997 2215 illis
3051 2162 3259 2233 injuste
3320 2164 3723 2231 abstulerunt;

2021 2250 2260 2303 scientes
2288 2250 2602 2313 verissime,
2653 2250 2804 2320 quod
2840 2251 3092 2320 quandiu
3131 2251 3267 2321 ipsa:
3309 2269 3395 2305 res
3444 2270 3473 2305 a
3505 2270 3585 2319 se,
3622 2260 3728 2307 aut

2020 2339 2517 2409 aquibuscunque
2572 2338 2696 2391 aliis
2739 2343 2977 2392 retentae
3027 2340 3264 2409 fuerint,
3316 2341 3396 2394 illi
3445 2343 3543 2412 qui
3598 2344 3727 2396 haec

2022 2428 2280 2481 fecerunt
2336 2427 2725 2481 htereditatem
2801 2427 2861 2480 in
2939 2443 3119 2498 regno
3186 2430 3285 2483 Dei
3338 2430 3549 2484 habere
3596 2448 3723 2485 non

2022 2522 2355 2588 potuerunt.

2096 2607 2388 2660 Monemus
2456 2608 2626 2658 etiam
2676 2608 2936 2675 potentes
2985 2611 3047 2658 ut
3098 2606 3343 2659 familias
3398 2624 3528 2660 suas
3584 2625 3723 2678 pro-

2024 2695 2196 2765 prias,
2232 2696 2317 2748 vel
2349 2700 2500 2747 certe
2544 2694 2805 2748 ecclesias
2844 2694 2951 2747 sibi
3002 2696 3353 2757 commissas,
3401 2698 3725 2750 secundum

2023 2783 2288 2835 timorem
2320 2783 2416 2835 Dei
2454 2782 2596 2835 bene
2654 2799 2852 2849 regere
2906 2790 2963 2837 et
3021 2782 3342 2852 gubernare
3407 2784 3719 2851 studeant;

2026 2872 2262 2925 scientes
2314 2871 2465 2941 quod
2519 2874 2574 2924 et
2629 2871 2757 2940 ipsi,
2816 2872 3076 2941 quamvis
3128 2877 3412 2941 potestate
3465 2874 3724 2927 minores

2025 2960 2156 3026 sint,
2190 2959 2394 3013 fratres
2427 2976 2624 3013 eorum
2657 2959 2786 3027 sint,
2821 2965 2885 3013 ut
2918 2970 2974 3013 et
3004 2961 3074 3014 ab
3099 2960 3224 3013 aliis
3255 2978 3349 3014 eos
3382 2962 3721 3031 defendant,

2027 3055 2082 3102 et
2111 3057 2175 3102 ut
2208 3049 2649 3102 misericorditer
2679 3065 2773 3102 eos
2804 3048 3053 3115 videant,
3087 3066 3273 3120 neque
3319 3050 3378 3103 in
3410 3052 3720 3115 mensuris,

2026 3154 2213 3209 neque
2244 3138 2468 3207 injustis
2507 3138 2822 3191 redditibus
2853 3138 2955 3191 sub
2987 3138 3177 3208 aliqua
3198 3140 3490 3193 occasione
3523 3140 3723 3211 oppri-

2030 3232 2206 3279 mant.
2235 3226 2344 3279 Vos
2384 3242 2613 3297 quoque
2646 3242 2928 3296 pauperes
2977 3228 3167 3281 minus
3218 3233 3480 3297 potentes
3529 3245 3727 3283 mone-
3800 3232 3803 3233 ⁷

2026 3330 2176 3378 mus,
2210 3318 2273 3367 ut
2309 3314 2553 3367 dominis
2590 3314 2786 3366 vestris
2818 3314 3056 3382 subjecti
3092 3314 3234 3380 sitis,
3272 3320 3328 3368 et
3367 3315 3619 3369 ﬁdeliter
3645 3318 3728 3369 eis

2028 3403 2303 3469 servietis,
2339 3407 2395 3456 et
2425 3402 2579 3473 quod
2611 3402 2831 3456 debetis
2872 3403 2994 3456 sine
3027 3403 3224 3457 fraude
3276 3404 3338 3457 in
3370 3405 3611 3459 veritate
3645 3406 3728 3458 eis

2025 3491 2312 3555 reddatis;
2376 3491 2613 3545 scientes
2672 3491 2822 3561 quod
2866 3496 2921 3544 et
2981 3491 3092 3561 ipsi
3149 3508 3321 3561 super
3384 3509 3480 3545 vos
3518 3510 3550 3545 a
3607 3495 3725 3547 Deo

2029 3580 2275 3635 ordinati
2307 3585 2457 3647 sunt,
2492 3585 2547 3633 et
2573 3596 2669 3633 vos
2714 3579 2827 3633 illis
2872 3580 3111 3649 subjecti
3166 3598 3287 3634 esse
3339 3581 3577 3635 debetis.
3619 3584 3729 3637 Mo-

2029 3663 2246 3724 nemus'
2287 3669 2457 3723 etiam
2515 3685 2609 3722 eos
2660 3668 2760 3739 qui
2809 3685 2900 3723 res
2937 3670 3311 3723 ecclesiastico
3354 3670 3724 3725 beneﬁciaria

2022 3760 2151 3831 jure
2181 3758 2492 3830 possident,
2527 3762 2588 3811 ut
2617 3774 2800 3811 nonas
2830 3763 2885 3812 et
2912 3758 3160 3813 decimas
3183 3754 3431 3812 ecclesiis
3455 3760 3725 3830 reddant,

2029 3864 2094 3900 ex
2151 3848 2356 3918 quibus
2413 3846 2551 3917 ipsa;
2604 3862 2695 3899 res
2740 3863 2858 3899 esse
2908 3846 3191 3914 videntur,
3241 3853 3299 3901 et
3350 3848 3603 3919 amplius
3663 3866 3728 3903 ea

2029 3937 2186 3990 nullo
2238 3936 2408 3990 modo
2461 3936 2763 4002 retineant,
2812 3951 2884 3989 ne
2930 3935 3077 3989 forte
3126 3936 3489 4007 sacrilegium
3538 3937 3725 3992 incur-

2026 4030 2174 4080 rant.
3262 4015 3267 4019 ’

2097 4114 2213 4167 Viri
2247 4114 2516 4168 uxoribus
2546 4114 2617 4168 ad
2648 4118 2878 4183 tempus
2909 4112 3166 4167 debitum
3203 4112 3466 4179 reddant,
3504 4118 3561 4167 et
3593 4116 3721 4168 nul-

2028 4203 2251 4256 latenus
2282 4220 2339 4256 se
2370 4203 2496 4256 aliis
2522 4202 2929 4270 pollutionibus
2962 4202 3271 4255 maculent.
3318 4202 3527 4255 Uxores
3561 4204 3725 4256 simi-

231 4299 429 4347 norate
466 4310 478 4359 ;
514 4298 568 4346 et
610 4294 679 4347 ad
726 4294 1021 4347 ecclesiam
1071 4295 1383 4365 saepissime
1429 4311 1556 4348 cum
1608 4295 1919 4349 oblationi-
1959 4286 2001 4339 D
2030 4292 2161 4345 liter
2182 4292 2329 4345 viros
2376 4308 2509 4345 suos
2551 4290 2813 4360 diligant,
2862 4291 3060 4361 eisque
3105 4290 3166 4343 in
3198 4290 3463 4343 omnibus
3496 4292 3724 4361 placere

228 4379 333 4432 bus
363 4380 562 4433 vestris
593 4382 931 4444 concurrite,
970 4382 1161 4452 ibique
1195 4400 1297 4453 pro
1324 4384 1477 4437 vobis
1504 4401 1666 4437 orare
1698 4388 1913 4455 rogate.

226 4469 454 4523 Munera
484 4462 712 4540 quoque
746 4488 848 4542 pro
890 4472 1139 4525 ecclesiis
1187 4473 1387 4527 dandis
1419 4474 1747 4528 nullatenus
1793 4474 1917 4528 exi-

227 4574 360 4627 gere
395 4564 451 4612 et
479 4576 711 4613 manere
751 4560 837 4614 vel
878 4561 1090 4615 morari
1121 4561 1201 4615 ibi
1232 4578 1362 4616 cum
1395 4562 1671 4616 uxoribus
1715 4562 1916 4616 vestris

225 4649 419 4703 nolite.

295 4737 756 4809 Conspirationes
795 4742 849 4791 et
888 4739 1313 4810 conjurationes
1360 4743 1556 4792 contra
1594 4754 1789 4808 regem
1818 4744 1917 4793 aut

222 4826 529 4896 principes,
578 4831 676 4880 aut
731 4832 881 4881 certe
932 4832 1129 4881 contra
1180 4845 1275 4882 vos
1320 4828 1474 4898 ipsos
1520 4843 1821 4881 monemus
1853 4832 1916 4881 ut

221 4915 378 4968 nullo
409 4915 576 4969 modo
619 4916 837 4985 agatis:
872 4916 1142 4986 quoniam
1178 4922 1233 4970 et
1282 4917 1387 4971 hoc
1418 4932 1588 4986 grave
1620 4916 1909 4983 delictum,

220 5010 277 5055 et
308 5002 514 5056 divinis
546 5007 717 5073 atque
762 5005 1029 5059 humanis
1074 5005 1293 5075 legibus
1346 5005 1506 5059 valde
1555 5004 1912 5073 prohibitum

219 5097 321 5144 est.
368 5092 757 5146 Detractiones
811 5093 1002 5164 itaque
1056 5099 1113 5147 et
1157 5094 1578 5148 susurrationes
1616 5092 1848 5146 inutiles
1879 5110 1912 5146 a

217 5179 375 5235 vobis
406 5181 683 5249 repellite,
708 5186 763 5233 et
785 5181 960 5234 nolite
984 5181 1227 5235 ulterius
1250 5198 1343 5235 eas
1374 5182 1488 5235 ullo
1509 5181 1682 5234 modo
1706 5196 1905 5251 agere:

216 5266 511 5337 quoniam,
564 5267 710 5321 sicut
755 5268 1030 5339 scriptum
1090 5274 1175 5322 est
1205 5285 1218 5322 :
1251 5270 1356 5335 Qui
1397 5269 1658 5334 detrahit,
1700 5270 1909 5322 semeti-

212 5368 372 5422 psum
401 5359 450 5408 et
475 5355 753 5409 audientes
783 5357 999 5411 occidit.
1027 5357 1232 5411 Odium
1258 5357 1315 5409 in
1346 5357 1515 5410 corde
1549 5356 1707 5409 nullo
1731 5356 1904 5409 modo

211 5441 489 5494 retinete:
535 5444 832 5514 quoniam,
887 5446 1033 5499 sicut
1079 5446 1139 5498 in
1206 5446 1459 5515 Epistola
1512 5462 1613 5498 sua
1657 5446 1905 5499 Joannes

211 5530 502 5601 apostolus
556 5530 664 5584 ait:
714 5533 899 5588 Omnis
947 5536 1045 5603 qui
1079 5535 1310 5600 fratrem
1355 5549 1512 5589 suum
1560 5534 1675 5588 odit
1736 5535 1902 5587 homi-

2030 4380 2312 4445 studeant,
2350 4395 2419 4432 ne
2451 4378 2624 4449 (quod
2657 4379 2826 4447 absit)
2868 4378 2937 4432 ad
2974 4379 3085 4431 alia
3116 4379 3370 4432 facinora
3398 4379 3721 4448 impellant.

2029 4471 2093 4523 Et
2124 4469 2319 4538 utique
2371 4472 2605 4520 caveant
2652 4483 2723 4520 ne
2784 4483 2887 4537 per
2941 4467 3401 4521 commistionem
3458 4483 3726 4536 corpora-

2028 4559 2135 4612 lem
2168 4556 2451 4610 immundi
2495 4560 2549 4609 et
2580 4555 2724 4609 illoti
2766 4555 3027 4608 ecclesias
3070 4555 3484 4624 ingrediantur.
3530 4557 3723 4610 Mone-

2026 4663 2153 4700 mus
2192 4662 2420 4717 quoque
2452 4645 2520 4698 de
2566 4643 2815 4709 incestis,
2850 4650 2912 4695 ut
2952 4643 3143 4696 nullus
3172 4659 3230 4695 se
3281 4659 3409 4695 cum
3458 4645 3722 4712 proxima

2024 4752 2145 4802 sua,
2171 4736 2255 4788 vel
2306 4750 2433 4787 cum
2489 4732 2749 4803 proxima
2812 4732 3002 4785 uxoris
3055 4747 3172 4784 suae
3203 4748 3261 4783 se
3302 4732 3714 4798 conimisceat;

2023 4824 2294 4895 quoniam
2329 4822 2725 4892 turpissimum
2767 4826 2824 4874 et
2862 4820 3001 4874 adeo
3035 4819 3386 4890 prohibitum
3420 4826 3523 4873 est.
3569 4822 3715 4875 Illud

2023 4914 2195 4967 etiam
2247 4910 2623 4965 attentissime
2669 4914 2864 4963 caveat
2894 4925 2961 4962 ne
3007 4908 3345 4978 pudicitiam
3394 4908 3528 4962 tiliae
3572 4926 3714 4971 suae,

2022 5008 2120 5057 aut
2148 5001 2354 5071 neptis,
2401 5004 2500 5053 aut
2529 4998 2888 5069 propinquae,
2924 4997 3169 5051 maxime
3209 4996 3402 5050 uxoris
3439 5013 3579 5063 suae,
3615 5016 3717 5069 pro

2018 5093 2202 5162 gratia
2224 5091 2465 5160 alicujus
2511 5088 2769 5143 mortalis
2808 5086 3060 5140 hominis
3100 5085 3167 5138 ad
3216 5084 3546 5139 violandum
3592 5092 3719 5139 tra-

2018 5180 2132 5243 dat,
2165 5184 2262 5232 aut
2302 5178 2640 5242 consentiat,
2690 5182 2750 5229 ut
2795 5176 3017 5228 castitas
3071 5190 3267 5227 earum
3316 5175 3511 5244 aliquo
3544 5177 3715 5231 modo

2017 5273 2113 5322 aut
2143 5267 2397 5338 ingenio,
2424 5267 2533 5321 nisi
2560 5265 2822 5335 legitimo
2854 5263 3140 5334 conjugio,
3175 5269 3601 5334 corrumpatur.

2085 5358 2149 5410 In
2184 5357 2366 5411 tribus
2418 5355 2591 5409 etiam
2634 5353 3039 5408 festivitatibus
3067 5352 3223 5419 anni,
3261 5352 3569 5406 Nativitate
3601 5355 3711 5409 Do-

2013 5444 2176 5509 mini,
2237 5443 2468 5505 Pascha,
2516 5444 2846 5495 Pentecoste
2878 5440 3276 5511 unusquisque
3328 5440 3581 5493 mundus
3643 5444 3709 5497 ad

2012 5532 2309 5586 ecclesiam
2358 5530 2590 5583 veniens
2630 5529 3036 5595 communicet,
3081 5529 3328 5598 exceptis
3373 5528 3462 5581 his
3512 5530 3701 5601 quiin

2517 5657 2538 5681 (
