3884 6218
198 218 314 271 1141

1384 223 1715 277 ADVENTII
1760 224 1889 278 LIB.
1938 225 2024 277 DE
2067 224 2490 278 WALDRADA.

3563 224 3693 277 1142

182 356 413 425 publica
441 356 783 425 paenitentia
812 366 974 425 sunt;
1003 357 1278 427 quoniam
1313 358 1418 411 nisi
1456 359 1542 412 his
1571 358 1752 412 tribus
1785 375 1875 411 so-
1916 362 1960 414 A
1990 363 2321 429 potestates,
2374 366 2429 413 et
2490 375 2690 413 omnes
2750 357 2849 429 qui
2883 358 3151 411 saeculum
3220 362 3592 423 amaverunt;
3633 363 3690 411 et

182 444 576 497 lemnitatibus
624 445 1149 510 communicaverit,
1183 462 1295 498 non
1342 446 1493 499 inter
1532 447 1877 500 Christianos

181 532 438 586 habitare
472 533 659 587 debet.
695 534 892 587 Videat
925 550 1062 603 ergo
1097 535 1493 603 unusquisque
1526 542 1587 588 ut
1619 536 1791 604 digne
1822 540 1878 589 et

182 622 392 674 munde
440 627 496 674 et
550 623 751 675 devote
784 622 1245 675 communionem
1305 623 1512 676 Christi
1559 624 1872 693 percipiat;

179 710 393 762 etenim
424 710 524 779 qui
564 725 769 779 corpus
807 710 1030 763 Domini
1060 715 1115 763 et
1146 711 1481 777 sanguinem
1516 711 1746 780 indigne
1776 728 1877 764 su-

179 798 305 861 mit,
357 796 644 865 judicium
698 796 805 850 sibi
865 798 1169 850 manducat
1216 804 1271 850 et
1305 798 1467 850 bibit.
1516 799 1878 851 Consulimus

178 885 374 954 itaque
436 901 857 956 precamurque
922 886 1165 939 feminas
1234 886 1564 949 nobiliores,
1633 894 1686 939 et
1737 888 1877 941 alias

178 989 550 1043 quascunque
591 978 654 1027 ut
700 974 847 1027 ﬁlios
878 990 1011 1027 suos
1044 974 1275 1043 proprio
1329 977 1469 1028 lacte
1511 977 1789 1045 nutriant,
1822 982 1876 1030 et

178 1062 509 1115 nullatenus
543 1062 762 1115 ancillis
793 1062 919 1115 aliis
950 1064 1020 1116 ad
1052 1064 1411 1116 educandum
1443 1065 1686 1117 tradant.

247 1152 455 1206 Curate.
485 1168 645 1220 ergo,
681 1152 1037 1204 dilectissimi
1069 1153 1190 1217 ﬁlii,
1226 1159 1289 1205 ut
1326 1154 1430 1206 hoc
1462 1154 1613 1223 quod
1648 1171 1749 1224 pro
1781 1171 1875 1208 sa-

178 1242 297 1293 lute
346 1245 527 1293 vestra
574 1240 894 1305 scribimus,
955 1246 1170 1293 attente
1225 1247 1280 1294 et
1324 1242 1631 1311 diligenter
1681 1244 1874 1297 animo

175 1325 697 1395 comprehendatis,
734 1331 786 1377 et
821 1326 889 1378 de
916 1326 1185 1379 omnibus
1212 1326 1298 1379 bis
1330 1327 1567 1380 sollicite
1602 1330 1876 1394 caveatis;

178 1421 231 1467 et
264 1416 321 1467 in
353 1416 791 1485 quibUscunque
821 1431 916 1467 vos
950 1415 1255 1486 deliquisse
1282 1416 1657 1485 cognoscatis,
1691 1433 1877 1470 emen-

177 1504 314 1556 dare
340 1508 458 1557 tota
507 1503 1141 1573 intentione'salagatis,
1193 1520 1260 1556 ne
1293 1504 1350 1556 in
1384 1510 1661 1557 aeternum
1696 1507 1871 1575 (quod

176 1593 346 1661 absit)
398 1591 706 1645 infeliciter
750 1592 1017 1660 pereatis.
1066 1593 1345 1645 Memento
1394 1593 1490 1645 ubi
1522 1600 1655 1647 sunt
1684 1602 1873 1663 patres

1990 448 2207 513 scitote,
2241 446 2512 517 quoniam
2546 464 2644 499 vos
2679 462 2880 499 omnes
2912 445 3185 499 citissime
3234 446 3503 500 morituri
3529 447 3682 511 estis,

1989 540 2043 587 et
2089 539 2219 603 post
2250 535 2394 587 hanc
2426 535 2595 587 vitam
2652 534 2796 588 nihil
2850 534 2986 587 boni
3041 534 3318 600 habituri,
3353 534 3462 587 nisi
3516 535 3683 587 bonis

1989 624 2254 692 operibus
2287 623 2732 691 promerueritis.
2766 625 3025 689 Mortem,
3058 639 3277 691 precor,
3306 622 3679 687 dilectissimi,

1990 716 2120 764 ante
2174 712 2366 764 oculos
2428 728 2653 780 semper
2695 712 2914 773 habete,
2965 718 3020 764 et
3070 711 3206 782 quid
3250 716 3375 779 post
3435 717 3681 763 mortem

1989 800 2192 852 facturi
2242 800 2364 852 sitis
2392 800 2656 870 cogitate,
2707 806 2763 852 et
2807 817 2877 852 ne
2910 805 3153 853 mortem
3205 799 3452 852 timeatis
3494 800 3678 869 provi-

1988 886 2135 951 dete,
2171 887 2445 956 quoniam
2480 888 2621 940 nulli
2657 889 2803 941 bono
2851 904 3005 941 mors
3044 904 3245 941 nocere
3276 893 3482 957 potest.
3519 887 3680 941 Chri-

1989 980 2137 1028 stum
2171 976 2594 1045 redemptorem
2644 982 2891 1028 vestrum
2926 976 3059 1029 totis
3089 976 3305 1029 viribus
3351 975 3593 1045 diligite,
3627 980 3683 1027 et

1988 1064 2276 1133 proximos
2319 1070 2537 1117 vestros
2569 1064 2715 1117 sicut
2758 1064 3127 1133 vosmetipsos
3159 1070 3367 1129 amate,
3400 1069 3455 1115 et
3497 1064 3679 1116 Eccle-

1988 1153 2129 1204 siam
2192 1153 2291 1205 Dei
2357 1154 2653 1214 honorate,
2719 1159 2776 1205 et
2837 1153 3001 1207 dictis
3051 1170 3112 1205 ac
3178 1151 3681 1221 praedicationibus

1988 1246 2310 1293 sanctorum
2348 1241 2597 1294 virorum
2633 1241 2882 1305 obedite,
2917 1246 2973 1293 et
3005 1241 3072 1294 ad
3107 1240 3359 1308 paradisi
3408 1240 3682 1309 gaudium

1987 1334 2042 1381 et
2091 1330 2416 1382 societatem
2468 1336 2797 1382 sanctorum
2846 1331 3040 1383 venire
3089 1330 3396 1383 festinate:
3431 1329 3500 1382 ad
3542 1345 3682 1399 quo-

1986 1433 2114 1470 rum
2167 1418 2493 1471 societatem
2551 1419 2746 1471 divina
2792 1418 3034 1472 Trinitas
3081 1424 3138 1471 et
3203 1417 3442 1471 indivisa
3496 1418 3681 1471 unitas

1987 1522 2083 1556 vos
2136 1506 2469 1573 perducere,
2528 1512 2583 1559 et
2628 1507 2877 1573 gratuita
2934 1506 3303 1559 miseratione
3357 1512 3675 1576 protegere,

1987 1594 2291 1659 consolari,
2344 1599 2400 1647 et
2429 1595 2767 1648 benedicere
2814 1595 3082 1664 dignetur
3131 1595 3275 1647 Dens
3321 1600 3535 1659 noster,
3579 1594 3678 1664 qui

174 1680 370 1747 vestri,
406 1680 505 1733 ubi
540 1686 675 1733 sunt
700 1695 867 1749 reges
898 1682 1087 1745 vestri,
1120 1680 1292 1733 vestri
1332 1680 1639 1750 principes,
1672 1686 1873 1735 vestrae
1916 1663 1959 1717 Β
1986 1682 2123 1735 vivit
2152 1688 2208 1735 et
2254 1688 2456 1752 regnat
2484 1698 2585 1752 per
2614 1682 2807 1735 omnia
2841 1683 3047 1735 saecula
3079 1682 3440 1735 saeculorum.
3474 1684 3673 1735 Amen-

1505 1981 1671 2025 ΑΝΝΟ
1721 1981 1947 2025 DOMINI
1996 1981 2321 2025 DCCCLXXV
2332 2012 2343 2024 .

1310 2110 2566 2271 ADVENTIUS

1540 2332 1880 2387 METENSIS
1920 2333 2315 2389 EPISCOPUS.

1040 2557 1495 2631 ADVENTII
1558 2555 2017 2629 LIBELLUS
2078 2556 2203 2629 DE
2260 2556 2807 2629 WALDRADA

176 2731 246 2791 In
279 2749 406 2808 quo
456 2731 728 2809 probare
761 2744 1031 2790 00001111
1078 2728 1507 2789 Waldradam
1566 2727 1857 2809 pellicem
1893 2727 2207 2799 Lotharii,
2260 2731 2666 2809 coniunctam
2712 2729 3148 2809 matrimonio,
3179 2733 3317 2807 jam
3369 2751 3406 2790 a
3456 2737 3665 2792 tenera

250 2808 473 2883 zetate,’
508 2811 588 2870 ab
644 2812 784 2887 ejus
840 2815 1016 2889 patre
1066 2809 1367 2869 Lothario
1427 2809 1754 2885 Augusto;
1807 2808 2281 2885 Theutpergam
2324 2826 2498 2878 vero,
2549 2808 2897 2885 legitimam
2946 2828 3243 2881 uxorem,
3292 2815 3518 2888 postea
3549 2811 3667 2889 ipsi

248 2890 448 2951 invito
480 2890 614 2968 regi
648 2890 837 2950 minis
868 2891 1066 2950 fuisse
1091 2892 1517 2966 conjunctam.

1374 3043 1546 3108 (Apud
1581 3043 1862 3093 Baronium
1890 3042 1956 3091 ad
1987 3056 2112 3091 ann.
2146 3044 2251 3101 862,
2287 3056 2341 3091 n.
2364 3042 2469 3103 29.)

240 3269 534 3337 Augustus
564 3266 709 3321 divae
734 3265 1143 3320 recordationis
1181 3264 1477 3320 Lotharius
1501 3280 1605 3336 per
1628 3264 1858 3318 electio-
1900 3265 1942 3322 C
1970 3280 2113 3317 nans
2140 3265 2291 3334 regis
2326 3281 2445 3319 esse
2475 3264 2795 3334 periculum
2840 3267 2909 3320 de
2940 3269 3089 3320 statu
3116 3268 3281 3337 regni
3312 3269 3421 3333 sui,
3466 3273 3523 3322 et
3552 3286 3667 3322 suis

159 3373 298 3409 nem
329 3357 524 3426 populi
558 3354 724 3425 regni
755 3357 1143 3410 Romanorum
1167 3360 1387 3408 creatus
1419 3358 1499 3407 est
1531 3354 1859 3424 imperator,

160 3461 473 3516 arcemque
520 3445 682 3514 regni
734 3445 1077 3498 Francorum
1122 3460 1345 3513 regens,
1394 3443 1544 3497 inter
1592 3443 1862 3512 reliquias

159 3542 463 3604 gestorum
494 3548 728 3586 suorum
758 3531 1187 3587 deliberationis
1216 3531 1335 3585 ﬁlio
1366 3547 1469 3584 suo
1504 3531 1739 3584 domino
1772 3534 1862 3584 Lo-

158 3623 353 3676 thario
400 3621 681 3691 virginem
719 3621 993 3685 nobilem,
1040 3621 1269 3674 nomine
1317 3620 1701 3686 Waldradam,
1754 3620 1860 3673 sub

160 3712 405 3764 nomine
436 3710 646 3764 divina:
679 3711 810 3763 ﬁdei
862 3709 1111 3773 tradidit,
1148 3714 1210 3761 ut
1253 3724 1380 3761 eam
1419 3708 1475 3761 in
1512 3708 1609 3761 Dei
1640 3708 1773 3769 ﬁde,
1806 3713 1862 3760 et

157 3816 263 3853 sua
312 3800 507 3853 futuro
553 3804 807 3869 tempore
854 3798 1185 3864 custodiret,
1232 3802 1288 3850 et
1342 3796 1641 3850 obtineret.
1697 3798 1761 3849 Et
1801 3801 1861 3849 ut

155 3887 285 3941 hac
333 3887 540 3957 copula
572 3887 730 3957 justa
773 3902 896 3939 esse
950 3890 1279 3955 patescerct,
1322 3884 1380 3936 in
1412 3881 1857 3953 prastitulatione

156 3976 329 4041 dotis,
364 3979 594 4028 centum
627 3990 857 4027 mansos
888 3973 1302 4043 gloriosissimo
1328 3972 1571 4041 puerulo
1604 3970 1853 4033 tradidit,

157 4063 263 4133 qui
288 4062 535 4116 necdum
580 4078 697 4115 sua:
748 4062 1025 4116 libertatis
1057 4067 1198 4127 erat,
1232 4063 1361 4115 licet
1404 4061 1629 4114 futurus
1677 4059 1857 4113 1101100

156 4151 347 4219 patri;
383 4151 482 4204 sed
505 4151 609 4204 sub
641 4152 943 4215 tutoribus,
972 4156 1027 4204 et
1052 4151 1335 4204 actoribus
1367 4150 1656 4217 manebat,
1691 4146 1857 4200 sicuti

155 4241 229 4293 de
264 4239 472 4293 talibus
502 4239 757 4309 loquitur
776 4240 1104 4309 Apostolus,
1129 4239 1318 4292 dicens
1351 4254 1363 4290 :
1394 4238 1602 4303 Quanto
1625 4242 1859 4305 tempore

154 4330 332 4383 haeres
380 4330 643 4397 parvulus
672 4334 771 4394 est,
819 4330 963 4381 nihil
994 4327 1182 4395 differt
1229 4344 1263 4381 a
1288 4343 1459 4391 servo,
1490 4342 1609 4380 cum
1639 4328 1712 4379 sit
1753 4325 1853 4379 do-

152 4420 342 4471 minus
371 4420 638 4485 omnium;
684 4417 778 4470 sed
806 4416 903 4470 sub
936 4416 1203 4469 tutoribus
1251 4421 1300 4468 et
1328 4415 1600 4468 actoribus
1646 4418 1723 4467 est
1763 4428 1853 4466 us-

154 4522 264 4576 que
309 4506 383 4558 ad
428 4508 758 4574 prmﬁnitum
805 4510 1010 4573 tempus
1039 4520 1072 4557 a
1113 4508 1269 4572 patre
1317 4503 1453 4570 (Gal.
1507 4502 1605 4569 iv).
1649 4502 1852 4553 Verum

151 4596 421 4667 quandiu
452 4595 757 4665 praedictus
787 4595 1100 4664 imperator
1123 4591 1283 4661 regni
1316 4592 1663 4645 Francorum
1688 4590 1858 4642 subli-

152 4685 418 4738 mitatem
452 4683 716 4749 obtinuit,
752 4682 1021 4753 praefatus
1051 4681 1326 4750 puerulus
1355 4679 1500 4732 datae
1516 4678 1622 4731 sibi
1651 4678 1855 4746 puellae

149 4779 400 4844 paterno
437 4786 675 4825 munere
706 4769 974 4833 inhaesit;
1010 4768 1165 4839 quod
1194 4784 1306 4821 non
1339 4767 1396 4819 in
1423 4766 1634 4836 angulo
1662 4771 1853 4835 patra-

148 4868 283 4917 tum
312 4860 444 4928 fuit,
477 4860 613 4931 quia
659 4860 868 4913 veritas
896 4874 1012 4912 non
1045 4857 1215 4911 habet
1245 4856 1483 4924 angulos
1529 4854 1625 4907 sed
1656 4854 1717 4907 in
1751 4870 1853 4923 pu-

148 4951 306 5005 blico
375 4948 737 5018 pontiﬁcum,
803 4953 860 5000 et
906 4947 1249 5015 optimatum
1302 4943 1643 5014 spectaculo,
1712 4944 1858 4995 sicut

150 5037 465 5108 pedagogi
528 5037 652 5106 ejus
698 5040 999 5099 testantur,
1064 5035 1234 5087 etiam
1282 5040 1339 5085 et
1381 5032 1694 5085 avunculus
1734 5030 1857 5100 ejus

155 5125 508 5181 Leutfridus.
556 5123 797 5178 Domino
836 5124 1185 5191 imperatore
1235 5120 1499 5175 Lothario
1550 5120 1851 5189 migrante,

150 5215 215 5268 in
264 5214 405 5284 ipsis
471 5213 672 5266 diebus
723 5212 949 5283 paterni
999 5211 1204 5275 luctus,
1279 5209 1591 5263 Hucbertus
1631 5208 1856 5262 Acefala

150 5318 292 5357 cum
321 5302 440 5356 suis
470 5301 868 5372 complicibus,
900 5315 1155 5353 sororem
1189 5314 1353 5351 suam
1379 5297 1611 5351 nomine
1642 5298 1852 5349 Theut-

156 5405 406 5460 pergam
435 5390 673 5444 domino
706 5389 827 5458 regi
878 5387 1145 5441 Lothario
1184 5386 1494 5439 clarissime
1525 5385 1855 5438 adolescen-

151 5480 279 5533 tulo
308 5479 564 5553 adduxit,
599 5484 655 5532 et
700 5477 1096 5532 frandulenter
1139 5490 1262 5528 eam
1295 5474 1403 5527 sibi
1450 5472 1704 5537 sociavit,
1754 5471 1855 5525 mi-

1896 4562 1940 4615 D

1974 3369 2087 3406 non
2118 3353 2333 3407 faveret
2379 3353 2776 3407 hortamentis.
2810 3355 3103 3425 Acquievit
3131 3372 3249 3422 rex,
3278 3356 3412 3411 licet
3442 3359 3663 3426 nolens,

1972 3440 2119 3495 sicut
2149 3442 2268 3511 ipse
2302 3446 2535 3494 testatus
2567 3447 2669 3495 est.

2044 3530 2215 3583 Fama
2263 3530 2524 3599 pessimae
2578 3530 2952 3600 turpitudinis
2999 3532 3419 3603 Theutpergam
3471 3535 3661 3603 sequi-

1970 3623 2086 3687 tur,
2117 3623 2172 3671 et
2210 3618 2277 3671 de
2310 3618 2630 3672 incestuoso
2680 3620 2987 3673 concubitu
3036 3620 3227 3673 fratris
3276 3621 3364 3675 sui
3398 3622 3663 3677 Hucberti

1969 3722 2067 3761 rea
2116 3708 2478 3773 acclamatur,
2533 3708 2770 3761 aﬁ‘ertur
2818 3708 3087 3762 schedula
3139 3709 3528 3778 confessionis,
3564 3712 3661 3765 ubi

1968 3800 2173 3863 sponte
2204 3796 2457 3848 confessa
2487 3796 2719 3865 legitur,
2748 3796 2962 3866 judicio
3002 3800 3300 3852 consulum
3333 3798 3657 3865 damnatur,

1970 3883 2363 3937 misericordia
2430 3886 2740 3953 praesulum
2808 3887 3076 3952 salvator,
3139 3887 3334 3955 fugam
3396 3887 3655 3957 capessit.

1969 3971 2148 4041 Hujus
2194 3972 2326 4025 facti
2392 3972 2679 4038 notitiam,
2711 3988 2813 4041 per
2872 3973 3123 4026 illustres
3154 3975 3306 4027 viros
3368 3975 3658 4044 piissimus

1967 4074 2061 4111 rex
2094 4059 2365 4112 dominus
2412 4060 2710 4113 Lotharius
2764 4061 3001 4114 Romam
3038 4062 3236 4129 mittit,
3266 4068 3321 4115 et
3350 4078 3545 4116 causas
3575 4063 3657 4115 rei

1966 4148 2216 4216 pandere
2258 4148 2472 4201 statuit.
2529 4148 2891 4201 Beatissimus
2938 4166 3086 4220 papa
3124 4151 3387 4204 Nicolaus
3438 4153 3656 4205 ratione

1966 4241 2258 4305 comperta
2286 4236 2586 4289 deliciosos
2635 4237 2836 4289 missos
2868 4238 3227 4292 Rodoaldum
3274 4240 3487 4293 scilicet
3517 4240 3654 4293 Por-

1964 4327 2245 4387 tuensem,
2296 4324 2571 4377 Joannem
2623 4324 3038 4378 Fidiculensem
3095 4323 3211 4396 [al.,
3268 4326 3653 4397 Ficodensem]

1964 4412 2024 4465 in
2058 4412 2350 4465 Franciam
2386 4413 2579 4475 mittit,
2629 4418 2685 4465 et
2710 4412 2767 4465 in
2805 4413 2941 4466 urbe
2972 4413 3189 4478 Metica,
3228 4416 3493 4481 generale
3525 4432 3659 4468 con-

1966 4501 2161 4554 cilium
2217 4502 2501 4554 celebrare
2554 4502 2824 4555 decernit.
2897 4502 3001 4555 Ubi
3066 4503 3428 4571 praesentiam
3493 4520 3652 4557 suam

1968 4590 2415 4660 gloriosissimus
2463 4606 2557 4643 rex
2607 4589 2925 4656 Lotharius,
2957 4605 3087 4642 cum
3138 4590 3405 4644 universo
3441 4592 3657 4661 prima-

1964 4684 2089 4733 tum
2133 4695 2365 4732 suorum
2412 4679 2813 4748 nobiliumque
2867 4677 3320 4732 consiliariorum
3380 4681 3651 4734 comitatu

1966 4768 2291 4831 ostendens,
2324 4768 2381 4819 in
2426 4772 2617 4820 sancta
2646 4768 2860 4837 synodo
2909 4766 3153 4833 resedit;
3203 4767 3279 4821 ibi
3310 4784 3507 4822 causas
3539 4785 3655 4823 suae

1965 4857 2205 4910 actionis
2238 4857 2296 4909 in
2327 4861 2629 4925 conspectu
2683 4856 3007 4925 legatorum
3058 4856 3334 4910 Romanas
3366 4857 3513 4910 sedis
3558 4874 3653 4910 ex-

1964 4944 2172 5015 posuit,
2220 4943 2509 5014 quomodo
2560 4943 2619 4995 in
2653 4944 2761 4997 ﬁde
2807 4945 2905 4997 Dei
2937 4943 3162 5011 genitor
3197 4961 3333 4997 suus
3373 4946 3653 4999 excellen-

1963 5032 2199 5086 tissima:
2233 5030 2526 5084 memorias
2557 5031 2827 5084 dominus
2867 5030 3166 5085 Lotharius
3197 5037 3506 5102 perpetuus
3537 5037 3654 5085 Au-

1964 5124 2185 5190 gustus,
2218 5124 2274 5172 et
2302 5120 2584 5188 virginem
2617 5119 2991 5189 prienobilem
3025 5136 3195 5174 manu
3225 5122 3458 5191 propria
3485 5120 3655 5174 tradi-

1964 5207 2132 5271 derit,
2183 5213 2238 5261 et
2287 5207 2505 5278 reliqua
2550 5224 2679 5278 qua:
2732 5224 2903 5277 supra
2960 5209 3442 5263 enumeravimus.
3489 5209 3652 5273 Quod

1961 5309 2095 5347 vero
2124 5293 2486 5364 Theutperga
2529 5299 2721 5347 reatus
2753 5294 2839 5347 sui
2870 5294 3099 5363 culpam
3141 5294 3365 5364 publice
3398 5294 3654 5348 confessa

1965 5381 2155 5447 fuerit,
2189 5382 2245 5434 in
2295 5381 2566 5451 praedicto
2595 5381 2859 5447 concilio,
2911 5381 3062 5451 quod
3096 5381 3251 5435 Metis
3281 5382 3508 5435 civitate
3550 5398 3654 5452 pa-

1964 5475 2173 5525 tratum
2242 5474 2359 5538 est,
2419 5475 2705 5524 senatores
2770 5469 3022 5525 universi
3080 5470 3244 5541 regni
3311 5471 3651 5525 Francorum
