3884 6218
254 285 388 337 1143

1452 278 1779 335 ADVENTII
1816 279 2164 335 METENSIS
2203 276 2539 334 EPISCOPI.

3631 274 3758 325 liii

248 414 522 485 perﬁcere
564 428 623 465 se
656 411 1109 465 acclamaverint.
1146 413 1206 466 ln
1239 409 1447 480 quibus
1486 409 1789 479 prudentia
1822 414 1940 463 tam
1978 412 2024 463 A
2054 413 2248 461 sancta
2281 406 2453 461 David
2502 405 2712 473 ﬁdelia,
2746 410 2803 458 et
2831 406 3146 459 orthodoxo
3179 406 3508 475 imperatori
3552 403 3764 458 Lotha-

252 501 581 572 temporalis
613 516 785 570 quam
831 499 1106 569 spiritalis
1138 498 1400 567 refulget,
1453 514 1699 567 quorum
1732 503 1942 567 patres,

250 589 468 661 proavi,
502 594 554 642 et
581 589 729 641 atavi
758 589 1144 642 Romanorum
1176 586 1393 639 consilii
1428 587 1754 639 maturitate
1785 602 1945 639 rexe-

252 684 386 731 runt
426 676 759 746 imperium,
793 691 1039 746 quorum
1075 675 1336 743 stirpem,
1371 680 1630 742 tempore
1663 678 1945 744 Augusto-

251 783 379 820 rum
417 765 635 819 domini
669 764 935 819 Ludovici
977 764 1364 833 imperatoris,
1415 768 1471 814 et
1501 763 1946 831 magniﬁcentis-

252 854 379 907 simi
428 853 679 907 Lotharii
743 868 968 922 semper
1030 852 1199 905 titulo
1248 851 1575 903 consulatus
1617 856 1945 903 exornatam

251 943 494 995 intuitus
544 958 691 994 sum.
728 944 942 995 Horum
992 940 1296 1009 specialem
1342 937 1565 991 consilii
1616 940 1949 1008 praerogati-

248 1048 376 1084 vam
442 1046 811 1100 nequaquam
888 1028 1269 1096 abjiciendam
1349 1027 1684 1080 universitas
1750 1027 1947 1097 populi

251 1119 581 1171 acclamavit
614 1134 627 1170 :
661 1117 876 1187 quippe
911 1132 1038 1168 cum
1070 1132 1172 1168 nec
1199 1115 1505 1167 criminum
1548 1114 1627 1167 eis
1659 1114 1947 1167 damnosi-

250 1210 335 1260 tas
366 1205 757 1272 objiciebatur,
791 1204 887 1255 sed
926 1203 1278 1273 probitatum
1326 1202 1651 1271 ingenuitas
1686 1202 1948 1255 laudibus

254 1293 614 1347 efferebatur.
664 1294 1020 1361 Quapropter
1072 1291 1207 1361 quia
1254 1293 1464 1359 passim
1517 1291 1751 1360 plurimi
1797 1294 1949 1345 varie

254 1382 322 1434 de
352 1381 441 1433 his
470 1380 798 1450 opinantur,
834 1383 888 1431 et
920 1378 1261 1447 multiplicia
1305 1378 1706 1431 deﬁnitionum
1739 1393 1950 1447 genera

253 1474 498 1539 ponunt,
537 1484 650 1537 quo
685 1467 888 1520 affectu
930 1483 1100 1536 super
1125 1467 1212 1518 his
1244 1467 1623 1529 tractaverim,
1660 1483 1721 1519 ac
1750 1482 1949 1519 sense-

256 1558 385 1621 rim,
438 1554 769 1609 reverentiae
813 1555 1071 1608 ﬁdelium
1124 1555 1397 1607 elucidari
1440 1555 1673 1608 curabo.
1713 1554 1950 1618 Quando

253 1645 567 1715 imperator
597 1644 889 1713 piissimus
919 1643 1038 1696 ﬁlio
1069 1659 1171 1696 suo
1205 1642 1519 1713 tequivoco,
1553 1643 1804 1712 puellam
1844 1658 1945 1695 no-

256 1733 476 1786 bilitate
525 1732 710 1785 carnis
741 1731 1076 1800 insignitam
1121 1730 1298 1797 dedit,
1344 1731 1599 1783 nondum
1634 1746 1790 1784 eram
1824 1730 1953 1800 epi-

253 1820 465 1889 scopali
497 1835 671 1873 onere
718 1824 1127 1889 prmgravatus,
1183 1834 1286 1871 nec
1318 1819 1406 1871 his
1444 1818 1677 1872 interfui
1710 1819 1949 1873 actibus.

255 1909 621 1977 Theutperga
650 1923 779 1959 cum
830 1907 1153 1959 introducta
1203 1906 1330 1967 fuit,
1375 1912 1431 1959 et
1461 1906 1772 1960 secundum
1822 1923 1952 1959 con-

250 1994 480 2063 jugium
526 1999 817 2063 patratum
849 1998 951 2057 est,
1005 1993 1114 2045 nisi
1148 1993 1344 2046 auditu
1394 1993 1623 2062 penitus
1670 1993 1948 2063 ignoravi.

257 2082 351 2135 His
380 2081 548 2134 rebus
578 2081 659 2133 ita
701 2081 968 2144 excursis,
1023 2081 1307 2150 expetitus
1338 2097 1367 2132 a
1415 2081 1587 2145 clero,
1642 2084 1696 2133 et
1742 2082 1953 2134 electus

256 2187 289 2222 a
320 2170 503 2239 plebe,
542 2169 841 2238 episcopus
888 2169 1157 2222 canonice
1187 2173 1549 2222 consecratus
1583 2169 1643 2220 in
1675 2168 1761 2221 his
1791 2169 1953 2222 factis

256 2257 448 2310 taliter
514 2257 664 2310 sensi
715 2273 727 2309 :
778 2257 1293 2310 Christianissimus
1334 2257 1652 2325 imperator
1716 2257 1774 2309 in
1843 2258 1953 2310 ﬁde

258 2344 484 2408 Christi,
534 2349 588 2397 et
619 2361 740 2411 sua,
777 2345 1058 2414 virginem
1111 2345 1230 2397 ﬁlio
1255 2344 1431 2407 dedit,
1486 2344 1624 2396 ﬁdes
1670 2344 1770 2397 Dei
1802 2360 1950 2398 scor-

256 2440 377 2486 tum
414 2449 526 2486 non
570 2433 763 2497 donat,
815 2434 909 2486 sed
950 2434 1235 2502 repudiat,
1280 2433 1472 2486 dicens
1506 2449 1517 2485 :
1554 2435 1668 2487 Non
1716 2435 1953 2487 masc/ta-

259 2522 398 2574 beris
457 2521 650 2581 (Emod.
709 2521 817 2591 xx).
876 2523 939 2574 Et
988 2522 1550 2575 PsalmistazPerdcs
1609 2536 1805 2587 omnes,
1857 2524 1955 2590 qui

257 2612 605 2674 fornicamur
635 2612 730 2663 abs
781 2616 828 2663 te
861 2610 1037 2679 (Psal.
1076 2610 1257 2679 Lxxn).
1303 2611 1530 2675 Paulus,
1565 2610 1664 2679 qui
1710 2610 1821 2663 ﬁde
1853 2611 1953 2663 Dei

260 2699 602 2767 praecinctus
643 2702 785 2765 erat,
817 2698 1046 2764 clamat,
1084 2700 1191 2751 hoc
1222 2698 1487 2768 inquiens
1523 2715 1534 2750 :
1571 2700 1768 2753 Scitote
1794 2700 1950 2751 intel-

260 2788 501 2854 tigcntes,
555 2787 699 2855 quod
744 2790 914 2840 omnis
963 2788 1286 2852 fornicator,
1343 2792 1439 2839 aut
1485 2787 1800 2839 immundus
1856 2792 1953 2840 aut

256 2890 489 2940 avarus,
536 2875 680 2943 quod
711 2881 789 2928 est
820 2875 1084 2929 idolorum
1117 2878 1368 2941 servitus,
1399 2890 1505 2927 non
1536 2876 1693 2928 habet
1724 2876 1951 2928 haeredi-

2057 497 2160 561 rio,
2187 512 2301 550 non
2324 495 2557 548 abstulit
2578 499 2916 564 potestatem
2942 493 3332 563 conjungendi
3355 493 3531 545 ﬁlium
3561 508 3763 553 suum,

2057 601 2186 638 cum
2218 599 2559 653 quacunque
2605 583 2796 652 puella
2831 582 3192 646 decrevisset,
3236 581 3292 633 in
3332 582 3645 650 Evangelio
3680 580 3768 631 di-

2058 673 2131 726 cit
2166 689 2177 725 :
2215 674 2323 735 Qui
2355 672 2585 724 dimissa
2639 687 2827 732 umore,
2883 672 3112 723 alteram
3154 670 3410 736 duxerit,
3458 670 3771 723 moechatur

2060 760 2279 826 (Matth.
2336 760 2464 823 xix).
2496 758 2648 810 Unde
2695 761 2940 821 oportet,
2976 762 3037 808 ut
3067 757 3187 809 base
3220 756 3535 821 audientes,
3570 756 3681 824 pio
3718 760 3773 807 et

2059 846 2262 899 devoto
2307 845 2494 898 studio
2527 851 2791 914 paternos
2828 860 3074 897 canones
3118 844 3372 911 audiant,
3418 860 3479 896 ac
3505 850 3769 907 servent,

2058 934 2195 1005 quia
2224 934 2501 987 terminos
2542 935 2774 987 Patrum
2812 949 3105 1003 nunquam
3154 932 3473 1001 transgredi
3507 938 3769 1003 oportet.

2060 1024 2199 1076 Nam
2233 1022 2377 1074 sacri
2406 1038 2652 1074 canones
2682 1027 2920 1091 paterno
2953 1038 3189 1074 munere
3220 1023 3520 1074 mulierem
3559 1021 3771 1074 datam

2058 1113 2227 1180 culpa
2250 1126 2442 1164 carere
2476 1112 2851 1180 proclamant.
2888 1111 3225 1179 Imperator,
3269 1110 3367 1180 qui
3399 1110 3647 1162 cultura:
3684 1109 3772 1161 di-

2056 1200 2205 1252 vinas
2257 1200 2486 1253 deditus
2533 1204 2672 1264 erat,
2707 1198 3102 1251 fornicationis
3154 1198 3473 1251 detestabili
3503 1199 3772 1251 facinore

2058 1289 2244 1342 ﬁlium
2304 1288 2384 1340 uti
2436 1303 2550 1340 non
2603 1287 2867 1356 permisit
2928 1287 3257 1341 Lotharium
3314 1303 3531 1356 regem,
3594 1286 3772 1355 cujus

2060 1376 2359 1447 professio,
2416 1380 2469 1428 et
2527 1376 2783 1428 omnium
2839 1380 3165 1429 senatorum
3217 1375 3346 1429 talis
3408 1375 3646 1438 exstitit,
3700 1375 3771 1427 de

2062 1466 2268 1534 copula
2296 1464 2633 1528 Waldradae,
2684 1464 2835 1533 quod
2870 1480 2993 1517 eam
3025 1465 3251 1534 genitor
3279 1465 3339 1517 in
3373 1464 3484 1517 ﬁde
3515 1464 3615 1517 Dei
3655 1464 3769 1516 sibi

2062 1554 2313 1607 dederat.

2134 1640 2210 1691 De
2258 1639 2619 1707 Theutperga
2648 1654 2807 1701 vero,
2862 1639 3014 1709 quod
3046 1639 3271 1692 sceleris
3320 1640 3407 1692 sui
3442 1641 3668 1693 malum
3702 1640 3773 1693 de

2063 1728 2352 1781 horrendo
2402 1728 2742 1797 impudendi
2797 1728 2862 1797 [f.
2897 1728 3197 1800 impudici]
3244 1729 3437 1782 fratris
3489 1731 3775 1799 amplexu

2062 1817 2338 1884 confessa,
2397 1822 2451 1869 et
2505 1817 2879 1885 comprobata
2935 1818 3128 1883 fuerit,
3192 1818 3458 1871 similiter
3516 1820 3771 1871 omnino

2062 1905 2358 1973 protestati
2409 1911 2560 1971 sunt,
2594 1921 2725 1975 quas
2756 1921 2871 1958 non
2924 1906 3144 1975 pavidis
3186 1924 3215 1959 a
3242 1907 3407 1959 nobis
3440 1907 3613 1959 nimis
3650 1913 3773 1959 ter-

2060 1994 2168 2045 rita
2198 1998 2299 2057 est,
2330 2009 2432 2046 nec
2477 1992 2715 2045 amomis
2759 1992 2989 2044 confota
3032 1990 3339 2044 blanditiis.
3392 1993 3516 2060 Ipse
3567 1999 3773 2045 autem

2062 2081 2376 2134 secundum
2424 2080 2761 2149 Apostolum
2810 2079 3040 2143 faciens,
3076 2080 3172 2132 ubi
3213 2080 3351 2133 dicit
3382 2097 3393 2133 :
3430 2082 3491 2135 Si
3518 2084 3643 2149 ﬁeri
3674 2096 3773 2149 po-

2064 2176 2181 2230 test,
2216 2185 2335 2223 cum
2368 2170 2609 2222 omnibus
2645 2168 2949 2221 hominibus
2986 2183 3173 2236 pacem
3204 2169 3391 2223 habete
3431 2170 3607 2238 (Rom.
3637 2172 3768 2233 xu),

2062 2262 2117 2311 et
2146 2258 2442 2310 consulum
2478 2258 2759 2310 nobilium
2789 2273 2953 2310 voces
2984 2258 3243 2322 audiens,
3279 2259 3425 2311 sicut
3455 2276 3632 2329 supra
3669 2275 3772 2329 per

2065 2346 2423 2399 succedentia
2482 2351 2746 2414 tempora
2803 2346 3079 2415 exemplis
3127 2348 3549 2411 annotavimus,
3607 2346 3769 2417 quod

2062 2436 2258 2487 audita
2292 2439 2348 2487 et
2376 2434 2690 2503 approbata
2722 2440 2855 2486 sunt
2884 2441 3216 2487 senatorum
3246 2436 3510 2503 consilia,
3545 2437 3600 2489 in
3640 2452 3771 2488 om-

2062 2522 2229 2575 nibus
2279 2522 2816 2590 subscriptionibus,
2852 2528 2907 2575 et
2938 2522 3368 2575 deﬁnitionibus
3408 2524 3620 2575 nostris
3661 2524 3769 2576 hoc

2062 2610 2236 2663 modo
2267 2611 2614 2675 censuimus,
2658 2611 2796 2662 utsi
2842 2610 3201 2680 Theutperga
3248 2611 3502 2665 confessa
3550 2612 3769 2680 praedi-

2063 2703 2216 2750 ctum
2263 2698 2463 2750 fuisset
2510 2703 2754 2762 reatum,
2789 2698 2942 2767 regia
2992 2698 3260 2751 societate
3307 2699 3605 2768 indignam
3644 2716 3768 2751 esse

2062 2785 2276 2837 censui.
2329 2785 2392 2836 Et
2425 2784 2470 2836 si
2530 2784 2831 2838 Waldrada
2888 2784 2947 2836 in
2978 2784 3089 2837 ﬁde
3145 2786 3241 2838 Dei
3289 2801 3529 2838 munere
3582 2787 3769 2855 patris

2058 2874 2252 2941 juncta
2304 2878 2451 2925 esset
2483 2873 2625 2941 regi,
2672 2873 2844 2925 ﬁdem
2881 2873 2979 2925 Dei
3012 2889 3126 2925 non
3161 2890 3329 2925 ausus
3362 2874 3442 2925 fui
3496 2874 3768 2943 blasphe-

260 2966 421 3015 tatem
452 2965 509 3015 in
542 2978 704 3028 regno
736 2963 953 3015 Christi
982 2969 1029 3016 et
1076 2966 1171 3016 Dei
1200 2964 1419 3030 (Ephes.
1452 2962 1507 3029 v)
1544 2978 1555 3014 :
1591 2963 1689 3031 qui
1721 2968 1955 3031 portans
1994 2965 2035 3020 C
2067 2976 2240 3025 mare,
2273 2977 2342 3012 ne
2390 2961 2534 3012 forte
2566 2961 2892 3028 perfoderet
2923 2976 3012 3012 me
3062 2960 3353 3031 Scriptura
3388 2962 3545 3015 verbi
3572 2962 3771 3030 jaculo

258 3049 463 3119 stigma
495 3052 627 3104 Jesu
673 3051 730 3103 in
780 3066 1018 3120 corpore
1067 3067 1187 3116 suo,
1225 3052 1327 3103 hoc
1357 3056 1441 3103 est
1489 3052 1757 3104 vexillum
1800 3051 1951 3117 ﬁdei,

257 3154 373 3191 non
405 3140 557 3192 fovet
602 3139 913 3193 adulteros.
952 3140 1047 3191 sed
1091 3139 1323 3204 cuspide
1359 3139 1503 3191 sacri
1545 3139 1773 3192 faminis
1808 3145 1953 3192 tere-

258 3226 406 3294 brat,
463 3227 656 3280 dicens
706 3243 718 3280 :
766 3229 947 3294 Neque
1002 3228 1239 3281 adulteri
1284 3243 1509 3295 regnum
1561 3228 1665 3280 Dei
1718 3229 1955 3296 posside-

262 3314 393 3367 bunt
442 3314 496 3383 (1
525 3316 643 3370 Cor.
710 3315 803 3384 γι).
860 3315 1152 3381 Dominus,
1223 3316 1324 3386 qui
1380 3316 1563 3369 ﬁdelis
1596 3320 1698 3381 est,
1757 3322 1812 3369 et
1859 3316 1957 3370 dat

328 3481 353 3505 ⁸
398 3473 699 3541 Hucusque
757 3471 983 3526 libellus
1034 3472 1316 3538 Adventii,
1358 3473 1529 3526 unius
1576 3489 1645 3525 ex
1696 3472 1810 3526 illis
1855 3472 1955 3543 qui

259 3547 458 3612 postea
506 3559 767 3596 meruere
796 3560 826 3595 a
858 3542 1090 3596 Nicolao
1126 3544 1383 3597 Romano
1426 3544 1694 3613 pontiﬁce
1725 3542 1953 3597 excom-

261 3614 579 3685 municari;
625 3630 821 3667 verum
855 3630 967 3666 non
1003 3619 1065 3667 ut
1095 3615 1210 3679 alii,
1259 3630 1463 3685 nempe
1500 3614 1856 3669 Coloniensis
1901 3619 1957 3669 et

257 3684 629 3751 Trevirensis,
675 3685 1056 3738 obstinatione
1108 3684 1411 3752 obduruit,’
1456 3686 1549 3739 sed
1583 3686 1801 3755 peccati
1832 3702 1953 3755 pce-

2065 3048 2259 3101 dicens
2302 3064 2313 3100 :
2358 3048 2703 3115 Btasphemos
2751 3063 2817 3100 ne
2866 3051 3102 3116 patiaris
3150 3052 3328 3102 vivere
3380 3050 3528 3117 (Lev.
3591 3052 3767 3119 xxxv).

2064 3137 2366 3207 Apostolus
2397 3136 2685 3189 licentiam
2718 3136 2832 3202 dat,
2866 3144 2923 3189 ut
2959 3138 3353 3207 unusquisque
3379 3138 3435 3190 in
3468 3154 3571 3191 suo
3596 3156 3766 3191 sensu

2064 3224 2315 3277 abundet
2346 3225 2521 3293 (Rom.
2553 3224 2667 3292 xxv)
2698 3233 2742 3277 ⁸.

2064 3470 2274 3535 nitens,
2308 3468 2560 3538 seipsum
2592 3485 2885 3536 accusans,
2918 3474 2973 3523 et
3003 3470 3230 3524 veniam
3258 3476 3485 3539 petens,
3514 3472 3771 3526 obtinuit

2064 3540 2223 3615 illam
2277 3540 2345 3593 ab
2377 3540 2576 3593 eodem
2628 3541 2857 3615 Nicolao
2902 3542 3192 3612 pontiﬁce,
3227 3550 3289 3596 ut
3336 3548 3496 3611 patet
3545 3560 3613 3597 ex
3646 3545 3768 3615 epi-

2065 3612 2208 3665 stola
2239 3627 2364 3663 mox
2397 3612 2679 3681 sequenti.

1514 3931 1984 4005 EPISTOLA
2038 3931 2496 4004 ADVENTII

1043 4087 1148 4151 AD
1199 4085 1813 4154 THEUTGAUDUM
1863 4087 2428 4154 COLONIENSEM
2476 4086 2953 4153 EPISCOPUM.

881 4228 1207 4290 Certiorem
1252 4242 1473 4292 secreto
1516 4233 1670 4310 facit
1715 4231 1787 4292 de
1828 4232 2051 4312 synodo
2096 4232 2261 4311 apud
2298 4232 2489 4293 Metus
2528 4252 2667 4291 mox
2710 4232 3154 4312 congreganda.

1785 4363 2018 4425 (Baron.,
2052 4362 2201 4424 ibid.)

329 4624 807 4679 Reverentissimo
861 4642 925 4680 ac
978 4626 1338 4680 sanctissimo
1397 4627 1562 4681 nobis
1612 4643 1714 4696 per
1757 4626 1953 4681 omnia

2064 4626 2237 4691 tietis,
2310 4642 2612 4697 quousque
2678 4626 2738 4679 in
2804 4626 3206 4680 Puriﬁcatione
3284 4632 3494 4681 sanctae
3555 4628 3765 4693 Marias,

260 4712 637 4768 desiderando
696 4715 849 4768 Patri
904 4717 1271 4770 Taeurcwno
1336 4718 1652 4771 ADVENTIUS
1718 4716 1958 4770 devotus
1991 4694 2035 4747 Ῑ)
2069 4716 2216 4769 sicut
2247 4731 2353 4785 pro
2394 4721 2547 4769 certo
2581 4715 2760 4768 vocati
2806 4720 2938 4768 sunt
2968 4732 3168 4769 omnes
3217 4717 3396 4769 nostri
3427 4717 3765 4781 confratres,

262 4800 430 4868 ﬁlius,
478 4807 535 4855 et
575 4802 836 4855 assiduus
868 4809 1080 4870 orator,
1138 4819 1378 4857 summas
1417 4803 1707 4857 felicitatis
1758 4819 1957 4873 pacem

261 4891 316 4941 et
345 4889 608 4954 gloriam.

333 4978 649 5032 Prmsentes
699 4978 907 5047 apices,
970 4996 1072 5050 per
1134 4981 1333 5049 Deum,
1392 4986 1447 5035 et
1498 4985 1736 5051 propter
1777 4981 1957 5034 Deum

261 5064 560 5118 humiliter
612 5081 934 5135 precamur,
969 5074 1033 5121 ut
1080 5069 1274 5122 nullus
1303 5069 1451 5123 alius
1500 5069 1833 5123 mortalium
1874 5069 1957 5122 vi-

262 5152 412 5219 deat,
464 5154 563 5207 sed
608 5154 891 5207 Vulcanus
939 5156 1081 5212 edax
1127 5164 1456 5227 perspectos
1499 5164 1816 5212 consumat.
1852 5159 1956 5212 Ve-

260 5240 390 5291 strm
420 5240 673 5309 antiquae
719 5242 1033 5309 gravitatis,
1087 5250 1141 5298 et
1174 5250 1466 5299 maturum
1517 5248 1843 5311 consilium,
1893 5262 1958 5301 ac

258 5325 379 5377 vice
408 5326 542 5380 ﬁdei
594 5330 903 5384 anchoram
948 5334 1265 5401 prudentiae
1307 5336 1547 5389 tutelam
1598 5336 1735 5405 ﬁgat
1780 5336 1841 5389 in
1875 5352 1958 5389 sa-

260 5412 492 5480 pientia:
538 5416 899 5472 ﬁrmamento
938 5419 1377 5493 [fundamento],
1409 5440 1481 5477 ne
1512 5425 1729 5494 aliquid
1759 5430 1955 5478 nostro

260 5498 473 5551 seniori
532 5501 844 5571 sinistrum,
894 5509 981 5560 vel
1025 5508 1291 5562 dextrum
1352 5512 1461 5564 isto
1513 5516 1770 5581 tempore
1812 5526 1957 5565 nun-

2066 4804 2224 4858 Metis
2272 4807 2617 4857 conveniant
2660 4821 2671 4857 :
2709 4804 2846 4875 quia
2890 4821 2994 4873 pro
3040 4810 3191 4857 certo
3245 4804 3421 4869 scitis,
3468 4805 3625 4875 quod
3669 4821 3772 4858 no-

2067 4899 2181 4946 ster
2231 4893 2422 4946 senior
2470 4892 2659 4947 modis
2717 4892 2985 4946 omnibus
3039 4893 3419 4947 deliberatum
3465 4892 3663 4958 habet,
3710 4898 3767 4946 ut

2065 4980 2299 5034 illorum
2333 4981 2627 5034 communi
2672 4980 2933 5045 consilio,
2967 4980 3250 5050 quidquid
3288 4982 3402 5034 illis
3447 4981 3765 5035 secundum

2070 5070 2249 5121 Deum
2298 5068 2503 5121 melius
2551 5068 2735 5121 visum
2781 5068 2975 5133 fuerit,
3011 5071 3069 5121 in
3115 5068 3382 5121 omnibus
3417 5085 3478 5122 se
3522 5069 3762 5139 paratis-

2068 5155 2281 5208 simum
2331 5171 2452 5208 esse
2506 5156 2822 5224 promittat,
2867 5160 2965 5209 aut
3022 5172 3221 5210 eorum
3274 5156 3532 5221 monitis,
3594 5163 3763 5227 atque

2066 5244 2321 5297 consiliis
2350 5260 2575 5313 parens,
2610 5244 2755 5298 nihil
2797 5245 3038 5298 ulterius
3085 5245 3248 5298 aliter
3275 5250 3428 5315 agat.
3464 5245 3762 5316 Quaprop-

2065 5338 2152 5386 ter
2209 5338 2437 5401 oportet
2505 5348 2623 5395 vos,
2690 5332 3060 5386 dilectissime
3124 5335 3307 5400 Pater,
3372 5334 3547 5387 modo
3601 5338 3763 5389 caute

2065 5438 2255 5491 agere,
2287 5437 2380 5485 ne,
2442 5420 2593 5490 quod
2646 5421 2814 5484 absit,
2873 5421 3065 5491 aliqua
3122 5438 3264 5474 vana
3296 5438 3395 5491 spe
3426 5439 3459 5473 a
3516 5422 3612 5475 via
3646 5424 3759 5487 Dei,

2065 5516 2121 5564 et
2151 5508 2511 5579 evangelicis,
2538 5516 2709 5579 atque
2736 5510 3058 5579 apostolicis
3078 5510 3435 5564 documentis
3455 5511 3758 5578 deviando,
