3884 6218
138 291 259 340 1145

1355 291 1573 347 ΕΡΙ8Τ.
1614 294 1709 345 AD
1748 294 2097 352 NICOLAUM
2141 294 2393 351 PAPAM.

3484 290 3614 341 1146

131 424 389 491 laqueum
440 422 695 475 incurrat
744 423 971 477 Averni.
1009 422 1158 477 Certi
1207 424 1361 477 enim
1411 440 1533 477 esse
1576 424 1811 493 potestis
1849 428 1894 479 A
1923 425 2039 478 imo
2074 425 2360 479 multoties
2418 424 2754 494 deprecatus
2801 425 2903 487 est,
2955 424 3017 473 ut
3062 425 3301 489 propter
3360 434 3616 473 amorem

129 511 256 580 quia
286 510 331 562 si
371 515 565 564 nostra
593 513 779 581 culpa,
816 518 911 565 aut
955 512 1147 582 aliqua
1189 529 1334 565 vana
1379 513 1589 567 ﬁducia
1642 514 1812 566 modo

130 599 409 663 erraverit,
471 600 614 653 illud
660 601 999 669 implebitur
1046 602 1449 670 propheticum
1496 605 1814 667 sanguinem

127 691 295 756 ipsius
337 689 403 741 de
428 705 594 742 manu
623 694 715 743 tua
745 692 1027 757 requiram
1058 691 1275 758 (Ezech.
1312 693 1413 755 Ill).
1462 691 1572 743 Ista
1600 707 1813 761 qmppe

129 779 251 831 ideo
328 778 649 841 scribimus,
715 779 848 848 quia
912 779 1241 833 Valtharum
1322 781 1502 833 nostri
1574 780 1812 833 senioris

129 866 349 919 ﬁdelem
413 867 584 919 hodie
651 867 980 936 excepimus
1038 868 1105 921 de
1165 868 1377 938 palatio
1435 873 1809 933 remeantem,

131 955 223 1024 qui
267 955 432 1008 nobis
482 955 813 1025 praedictam
848 956 1318 1010 deliberationem
1367 957 1426 1011 in
1461 973 1562 1009 sua
1592 957 1703 1011 ﬁde
1746 973 1814 1010 ex

132 1051 284 1113 parte
322 1044 503 1097 nostri
539 1044 797 1109 senioris,
832 1045 909 1098 ita
939 1050 1003 1098 ut
1050 1046 1442 1114 praediximus,
1482 1046 1810 1110 afﬁrmavit,

1928 514 2174 577 Domini,
2209 514 2317 566 ista
2362 513 2519 566 vobis
2554 512 3036 581 signiﬁcaremns,
3077 509 3375 578 modisque
3426 508 3619 561 omni—

1924 603 2030 655 bus
2077 604 2525 667 consuleremus,
2579 618 2650 654 ne
2709 616 2777 654 ex
2822 604 3005 651 vestra
3064 603 3241 667 parte,
3292 596 3378 648 vel
3435 602 3619 648 vestra

1926 691 2047 743 viva
2079 707 2215 744 voce
2243 690 2457 760 aliquid
2498 691 2608 742 tale
2655 689 2869 753 audiat,
2906 687 3058 740 unde
3090 704 3120 739 a
3152 702 3252 738 sua
3287 686 3467 738 salute
3519 701 3617 737 va-

1924 780 2091 832 cillet.
2125 779 2327 849 Aptius
2349 778 2502 831 enim
2529 777 2691 829 nobis
2713 776 2967 829 cernitur
2994 775 3256 828 simulari
3289 773 3617 833 inﬁrmitas.

1924 885 2095 937 quam
2139 874 2201 921 ut
2252 872 2630 938 praeparatam
2686 882 2713 917 a
2772 866 2883 918 Deo
2936 864 3281 917 medicinam
3344 863 3621 929 languens

1923 958 2250 1010 stomachus
2301 956 2538 1025 rejiciat.
2583 956 2731 1009 Bene
2764 971 2861 1005 vos
2900 953 3085 1006 valere
3136 958 3424 1022 optamus,
3477 950 3619 1003 dile-

1922 1046 2170 1099 ctissime
2202 1047 2383 1099 Pater.

924 1295 1391 1368 EPISTOLA
1448 1296 1881 1368 EJUSDEM
1940 1298 2066 1368 AD
2128 1297 2628 1370 NICOLAUM
2690 1296 2830 1369 PP.

134 1448 311 1507 Mittit
333 1448 771 1527 professionem
801 1470 993 1523 suam,
1028 1470 1147 1531 qua
1166 1469 1441 1530 purgans
1470 1470 1529 1531 se
1560 1449 1630 1509 de
1672 1470 1854 1510 causa
1883 1450 2180 1521 Lotharii,
2215 1453 2590 1531 acquiescere
2618 1470 2677 1510 se
2705 1460 2883 1531 atque
2921 1450 3169 1529 obsequi
3190 1448 3351 1508 docet
3382 1448 3624 1506 statutis

765 1473 771 1507 ι
801 1470 993 1523 suam,
1071 1470 1147 1510 ua
1166 1470 1441 1530 purgans
1470 1470 1529 1509 se
1560 1470 1630 1509 ae
1672 1470 1854 1510 causa
1883 1470 2180 1521 Lor/tarn,
2215 1470 2590 1531 acquiescere
2618 1470 2677 1510 se
2705 1470 2883 1530 atque
2921 1470 2980 1508 οι

765 1549 801 1589 a
820 1470 1109 1610 ponti/69cc
1138 1530 1199 1589 in
1226 1530 1449 1610 synodo
1480 1530 1785 1607 Romana;
1812 1531 2064 1610 proinde
2092 1533 2327 1591 veniam
2356 1542 2411 1591 et
2438 1550 2647 1610 pacem
2680 1530 2980 1609 implorat.

1409 1660 1582 1723 (Auud
1617 1660 1804 1718 Mansi,
1837 1660 2013 1720 Conc.,
2046 1664 2174 1709 tom.
2201 1660 2336 1724 XV.)

196 1911 614 1966 Gloriosissimo
667 1911 951 1968 Dominici
990 1911 1181 1982 gregis
1227 1911 1439 1982 pastori
1488 1912 1722 1965 domino
1762 1916 1818 1967 et
1858 1916 1897 1968 Β
1932 1913 2119 1967 fautor
2148 1913 2440 1980 vitiorum,
2472 1914 2531 1966 in
2564 1918 2873 1983 conspectu
2922 1918 3120 1966 vestrae
3169 1910 3625 1965 mansuetudinis

128 2001 451 2054 beatissimo
522 2002 782 2066 NICOLAO,
860 2016 1085 2053 summo
1136 2006 1192 2053 et
1262 2000 1566 2054 universali
1632 2017 1816 2071 papae,

126 2092 457 2154 ADVENTIUS,
490 2089 722 2142 humilis
751 2089 1085 2143 Metensium
1120 2089 1269 2143 sedis
1313 2090 1633 2160 episcopus,
1668 2106 1821 2143 nunc

128 2184 184 2229 et
209 2178 268 2230 in
299 2183 580 2231 aeternum
613 2178 821 2231 valere.

199 2267 450 2320 Christus
500 2267 775 2321 Dominus
826 2267 972 2320 Deus
1017 2266 1239 2337 proprii
1282 2266 1582 2336 sanguinis
1630 2267 1818 2337 pretio

128 2355 402 2426 acquisito
473 2355 635 2426 gregi
701 2356 865 2408 solita
937 2355 1149 2425 pietate
1220 2356 1596 2424 prospiciens,
1667 2356 1822 2409 vobis

130 2445 336 2497 summi
368 2444 671 2497 sacerdotii
703 2442 949 2497 contulit
977 2443 1318 2514 dignitatem
1345 2459 1357 2497 :
1386 2445 1479 2496 cui
1507 2445 1658 2497 inter
1686 2445 1822 2514 plu—

131 2534 274 2587 rima
303 2520 690 2603 spiritualium
722 2534 997 2587 virtutum
1040 2539 1399 2597 ornamenta,
1434 2533 1641 2603 quibus
1686 2549 1822 2588 san-

131 2628 277 2675 ctam
331 2627 574 2675 matrem
624 2622 926 2676 Ecclesiam
984 2621 1313 2675 inimitabili
1360 2625 1657 2675 sanctitate
1688 2638 1822 2675 con-

133 2710 427 2778 decoratis,
480 2726 637 2764 sacra
680 2711 852 2764 etiam
907 2711 1107 2779 priscae
1152 2712 1503 2764 auctoritatis
1553 2712 1824 2780 dogmata

133 2798 345 2851 affatim
396 2798 799 2867 resplendent:
833 2813 944 2867 quo
977 2798 1297 2851 Christiana
1326 2800 1509 2867 plebs,
1546 2799 1822 2851 efficacis-

132 2886 274 2940 simo
309 2887 451 2939 tanti
484 2887 665 2939 Patris
711 2886 973 2955 exemplo
1001 2886 1241 2939 feliciter
1282 2886 1521 2947 imbuta,
1554 2888 1822 2940 vitiorum

133 2980 387 3028 monstra
429 2975 701 3041 devitare,
750 2979 804 3027 et
845 2976 1157 3028 auxiliante
1188 2976 1302 3028 Deo
1351 2982 1566 3028 aeterna
1614 2977 1826 3045 poterit

132 3065 368 3133 praemia
425 3064 928 3134 comprehendere,
1002 3065 1118 3117 imo
1190 3064 1550 3117 ecclesiastici
1609 3064 1825 3118 ordinis

134 3152 428 3222 disciplina
484 3154 683 3207 vestris
712 3153 1067 3224 temporibus
1100 3153 1445 3206 inviolabilis
1468 3169 1821 3220 permanere.

135 3242 291 3296 Unde
317 3258 445 3295 mea
474 3243 720 3313 parvitas
750 3258 1062 3312 omnesque
1093 3242 1286 3296 divina
1318 3242 1655 3311 dignatione
1683 3242 1827 3296 mihi

132 3330 348 3392 crediti,
383 3331 779 3401 multipliciter
825 3332 1271 3401 congaudentes,
1342 3346 1578 3400 magnas
1633 3331 1826 3385 omni-

131 3420 354 3489 potenti
390 3422 501 3475 Deo
531 3420 742 3489 gratias
782 3420 1107 3486 referimus,
1158 3419 1375 3491 devootis
1420 3420 1684 3488 precibus
1717 3420 1824 3472 im-

135 3509 443 3579 plorantes,
499 3515 559 3562 ut
616 3510 763 3562 Deus
817 3508 1183 3578 omnipotens
1234 3508 1403 3561 vestri
1463 3507 1827 3576 pontiﬁcatus

133 3598 350 3666 apicem
400 3597 495 3650 diu
525 3596 869 3651 incolumem
910 3597 1197 3651 custodire
1228 3597 1518 3666 dignetur,
1568 3596 1639 3649 ad
1687 3613 1827 3650 con-

134 3685 474 3739 solationem
518 3691 725 3739 sanctae
768 3701 884 3739 suae
932 3686 1216 3754 Ecclesiae,
1256 3686 1633 3755 omniumque
1677 3684 1826 3740 ﬁde-

132 3773 274 3827 lium
329 3774 676 3827 animarum.
729 3774 952 3843 Quippe
999 3790 1130 3827 cum
1160 3774 1310 3827 inter
1339 3774 1677 3827 saevissimas
1724 3790 1825 3842 pa-

134 3878 416 3929 ganorum
484 3878 807 3932 pressuras,
884 3862 1368 3933 densissimasque
1426 3877 1827 3933 perversorum

134 3950 586 4005 Christianorum
637 3951 954 4004 simultates
1001 3966 1432 4020 occuparemur,
1482 3956 1537 4004 et
1582 3966 1684 4021 per
1729 3966 1827 4003 ca-

132 4041 251 4109 pita
304 4040 646 4094 humilitatis
710 4046 917 4094 nostrae
978 4040 1257 4093 Dominici
1322 4039 1486 4092 ovilis
1544 4039 1824 4092 sollicitu-

132 4129 324 4182 dinem
392 4144 592 4198 gerere
650 4133 1001 4198 optaremus,
1073 4129 1297 4182 decreta
1367 4126 1828 4181 excellentissimi

132 4218 482 4288 apostolatus
513 4217 679 4270 vestri
723 4217 890 4271 nobis
929 4217 1144 4271 directa
1190 4221 1341 4269 sunt.
1398 4215 1580 4285 Super
1619 4215 1827 4286 quibus

134 4322 408 4376 responsa
456 4306 720 4376 dignitati
770 4306 1081 4376 majestatis
1121 4310 1320 4359 vestrae
1366 4305 1827 4358 festinantissime

131 4409 364 4448 currens
408 4394 851 4463 praesentialiter
891 4394 1025 4447 dare
1074 4394 1197 4447 viva
1243 4408 1379 4446 voce
1417 4393 1823 4460 desiderarem,

1928 2001 2254 2055 diffamatus
2301 2003 2500 2067 existo,
2536 2004 2583 2055 si
2630 2018 2745 2056 non
2776 2018 3038 2071 corpore,
3087 2006 3277 2054 mente
3325 2006 3519 2053 tamen
3553 1999 3624 2053 ad

1930 2095 2113 2143 vestra
2157 2107 2315 2144 sacra
2365 2092 2602 2161 vestigia
2647 2093 3001 2160 provolutus,
3038 2089 3334 2143 humiliter
3382 2094 3512 2158 peto
3564 2092 3623 2141 ut

1928 2181 2307 2233 excusationis
2355 2196 2494 2233 mea;
2547 2197 2762 2246 causas,
2821 2181 2978 2232 nullo
3025 2178 3310 2232 mendacii
3357 2178 3483 2230 fuco
3523 2178 3624 2231 ob-

1930 2268 2235 2332 nubilatas,
2283 2274 2539 2338 paterna:
2573 2269 2797 2338 pietatis
2840 2268 3042 2321 affectu
3092 2268 3343 2335 recipere
3397 2282 3510 2319 non
3539 2266 3629 2319 de-

1931 2357 2272 2426 dignemini,
2334 2374 2473 2428 quas
2532 2357 2887 2428 capitulatim
2955 2355 3365 2409 misericordiae
3423 2360 3627 2408 vestrae

1932 2445 2184 2515 pandere
2216 2444 2428 2499 studui.

2773 2535 2792 2585 l

2002 2640 2063 2692 In
2148 2640 2404 2708 catalogo
2510 2639 2866 2691 sacerdotum
2960 2651 3323 2705 nequaquam
3413 2634 3627 2703 recipio

1928 2727 2408 2795 Theutgualdum,
2441 2728 2731 2797 quondam
2769 2725 3280 2794 archiepiscopum,
3316 2724 3416 2793 qui
3444 2724 3627 2792 depo-

1931 2816 2156 2869 sitionis
2200 2832 2318 2868 suae
2366 2816 2708 2869 sententiam
2761 2833 2789 2867 a
2822 2816 2978 2867 vobis
3022 2814 3303 2884 prolatam
3354 2812 3627 2864 hactenus

1932 2905 2214 2973 patienter
2261 2905 2469 2968 ferens,
2514 2904 2673 2973 juxta
2704 2903 3121 2973 praecedentem
3152 2900 3627 2953 consuetudinem

1932 2994 2077 3045 nihil
2124 2995 2361 3046 omnino
2411 2996 2478 3045 de
2536 3009 2694 3045 sacro
2741 2992 3059 3044 ministerio
3111 2990 3442 3057 contingere
3477 3002 3627 3056 pres-

1933 3082 2211 3150 sumpsit:
2246 3082 2341 3134 sed
2389 3081 2549 3151 quasi
2603 3079 2938 3132 mitissimus
2986 3079 3089 3142 vir,
3125 3077 3347 3129 incaute
3381 3090 3439 3128 se
3485 3090 3627 3144 pro-

1865 3210 1905 3265 Ο
1936 3171 2061 3239 prio
2102 3186 2367 3223 sermone
2409 3172 2654 3239 lapsum,
2686 3174 2857 3237 atque
2906 3168 3139 3220 alterius
3180 3162 3631 3235 pertinacissime

1937 3258 2318 3311 obstinatione
2359 3258 2660 3327 deceptum
2692 3257 2931 3310 fatetur:
2966 3261 3022 3308 et
3060 3271 3163 3324 per
3206 3252 3545 3306 humilitatis
3576 3256 3633 3304 et

1937 3346 2281 3399 obedientim
2353 3347 2501 3399 viam
2560 3346 2850 3409 incedens,
2903 3361 2934 3397 a
2980 3350 3163 3396 vestra
3221 3342 3315 3412 pia
3370 3341 3631 3411 largitate

1936 3435 2126 3488 locum
2162 3435 2564 3487 satisfactionis
2594 3435 2976 3504 praestolatur.

2762 3541 2808 3593 Il

2007 3646 2387 3717 Guntbarium
2440 3646 2732 3716 quondam
2784 3646 2926 3698 sacri
2970 3643 3170 3713 palatii
3218 3641 3633 3711 archicapella—

1935 3753 2075 3790 num
2106 3736 2165 3789 in
2198 3737 2597 3806 episcoporum
2629 3751 2872 3788 numero
2897 3750 3011 3786 non
3046 3732 3313 3801 suspicio,
3344 3746 3531 3801 neque
3557 3729 3631 3797 ei,

1937 3826 2023 3878 vel
2055 3825 2377 3878 fautoribus
2416 3825 2532 3877 suis
2563 3822 2982 3877 communicare
3007 3836 3315 3890 praesumo,
3358 3818 3634 3890 quoniam

1935 3915 2109 3966 vetito
2142 3930 2276 3966 usus
2318 3918 2405 3965 est
2435 3912 2644 3977 ofﬁcio,
2696 3916 2752 3964 et
2796 3908 3166 3979 apostolicam
3217 3907 3633 3977 ﬂoccipendere

1937 4000 2582 4056 excommunicationem
2618 4015 2733 4052 non
2755 3998 2978 4051 metuit.

2752 4106 2824 4159 III

2008 4215 2248 4269 Causam
2322 4213 2565 4283 piissimi
2639 4212 2789 4283 regis
2868 4209 3137 4277 Lotharii,
3198 4210 3259 4263 in
3324 4208 3636 4279 praesentia

1937 4309 2254 4357 vestrorum
2312 4304 2654 4372 legatorum,
2717 4300 2942 4372 praefati
3002 4299 3291 4370 quondam
3362 4297 3635 4368 primates

1940 4393 2334 4458 Ecclesiarum,
2396 4407 2525 4445 cum
2593 4390 2719 4443 aliis
2785 4388 3245 4459 archiepiscopis,
3318 4402 3635 4455 eorumque

132 4482 239 4535 nisi
294 4483 549 4552 longaeva
603 4486 863 4536 senectus
928 4497 1021 4535 me
1077 4480 1379 4551 gravidum
1433 4480 1715 4545 redderet,
1768 4486 1827 4535 et
1862 4506 1906 4559 ι)
1937 4481 2307 4551 coepiscopis,
2339 4480 2407 4534 de
2438 4479 2663 4533 duabus
2694 4478 2965 4532 uxoribus
2995 4477 3054 4531 in
3076 4484 3267 4530 nostra
3298 4476 3438 4529 urbe
3462 4474 3637 4528 venti-

133 4570 468 4624 indeﬁciens
519 4570 771 4640 corporis
814 4570 1090 4639 egritudo
1142 4569 1471 4639 frequenter
1518 4574 1686 4638 atque
1729 4570 1822 4621 in-

133 4660 367 4730 opinate
397 4660 664 4729 spiritum
695 4658 959 4713 exhalare
988 4662 1236 4726 cogeret.
1269 4657 1533 4727 Magnum
1564 4656 1738 4723 enim,
1773 4660 1830 4710 et

133 4748 295 4817 quasi
337 4748 511 4800 totius
546 4747 735 4800 meriti
766 4747 1040 4817 gaudium
1088 4745 1409 4799 obtinerem
1441 4743 1487 4797 si
1520 4744 1589 4797 ad
1622 4744 1828 4798 limina

132 4836 548 4906 apostolorum,
601 4840 962 4905 vestramque
991 4834 1427 4888 desiderabilem
1462 4837 1519 4885 et
1558 4832 1826 4901 preemi-

131 4925 529 4978 nentissimam
584 4923 968 4993 prmsentiam,
1039 4922 1246 4976 virium
1316 4921 1676 4976 imbecillitas
1734 4939 1826 4977 me

131 5010 210 5065 ire
255 5013 489 5065 sineret.
524 5011 629 5066 Sed
675 5012 812 5081 quia
845 5010 1135 5081 podagrici
1186 5011 1427 5079 dolores,
1472 5015 1528 5063 et
1570 5012 1824 5065 veterani

131 5101 242 5154 mei
304 5106 459 5153 artus
521 5105 715 5169 optata
763 5101 1068 5171 denegant,
1132 5099 1516 5170 omnipotenti
1573 5099 1708 5161 Deo,
1770 5105 1825 5155 et

130 5194 322 5243 sancto
371 5190 562 5255 Petro,
596 5194 769 5259 atque
810 5188 1245 5259 incomparabili
1276 5189 1591 5245 clementiae
1623 5195 1824 5244 vestrae

132 5276 543 5347 magnitudini,
580 5293 722 5330 mete
756 5277 1050 5346 parvitatis
1094 5276 1469 5346 quantitatem
1503 5280 1823 5345 committo,

132 5366 227 5436 qui
263 5365 415 5418 vices
466 5364 566 5418 Dei
603 5365 828 5431 tenetis,
884 5370 940 5417 et
985 5364 1043 5416 in
1097 5365 1565 5419 reverendissima
1614 5366 1827 5420 summi

136 5454 413 5524 principis
459 5453 729 5507 cathedra
773 5469 939 5506 verus
984 5452 1273 5522 apostolus
1302 5454 1579 5520 residetis,
1633 5460 1691 5508 ut
1739 5471 1827 5508 ve-

133 5543 263 5595 stris
301 5542 498 5595 fovear
554 5540 943 5595 solaminibus.
985 5540 1043 5595 Si
1100 5540 1255 5594 enim
1310 5541 1605 5608 fallaciter,
1664 5544 1826 5614 quasi

1936 4570 2140 4635 lantes,
2173 4574 2231 4622 et
2261 4568 2628 4638 magistratus
2656 4567 2837 4620 nostri
2868 4566 3251 4635 principatum
3288 4563 3634 4631 obtinentes,

1934 4659 2068 4729 quid
2104 4659 2173 4712 de
2212 4659 2333 4728 jam
2388 4658 2521 4711 dicti
2572 4657 2748 4710 nostri
2781 4654 3057 4724 principis
3087 4653 3322 4723 querela
3373 4654 3635 4705 decreve-

1934 4747 2073 4813 rint,
2106 4752 2350 4800 vestram
2377 4762 2491 4799 non
2536 4746 2675 4799 latet
2704 4744 3083 4797 sanctitatem.
3123 4743 3236 4811 Ego
3269 4740 3464 4810 igitur,
3499 4746 3637 4795 teste

1936 4837 2051 4890 Deo
2079 4851 2207 4889 cum
2243 4836 2463 4905 angelis
2507 4839 2562 4889 et
2591 4833 2970 4904 archangelis,
3022 4831 3328 4885 arbitratus
3359 4846 3486 4883 sum
3532 4846 3633 4899 pa-

1934 4925 2073 4978 riter
2111 4939 2247 4976 vera
2302 4938 2551 4984 manere,
2585 4938 2709 4992 quae
2742 4922 3126 4990 plurimorum
3176 4918 3477 4971 consulum
3511 4917 3639 4971 asti-

1934 5012 2232 5083 pulatione
2286 5011 2630 5065 eﬁ'abantur.
2698 5011 2919 5063 Interea
2991 5007 3428 5063 decernentibus
3500 5011 3638 5060 tunc

1934 5102 2211 5171 temporis
2232 5099 2583 5169 praescriptis
2606 5099 3066 5168 archiepiscopis,
3103 5111 3422 5165 eorumque
3452 5095 3639 5165 coepi-

1935 5190 2140 5259 scopis,
2174 5189 2327 5241 solus
2365 5204 2490 5258 ego,
2543 5187 2641 5258 qui
2676 5203 2858 5240 essem
2915 5185 3134 5239 meritis
3183 5190 3238 5237 et
3273 5183 3637 5237 ordinatione

1933 5277 2297 5342 novissimus,
2331 5277 2429 5346 qui
2483 5276 2890 5346 magistrorum
2931 5272 3365 5326 auctoritatibus
3393 5277 3451 5324 et
3478 5271 3633 5341 judi-

1934 5367 2034 5421 ciis
2067 5366 2425 5420 resisterem?
2448 5365 2514 5417 Et
2534 5380 2600 5417 ne
2622 5364 2769 5417 forte
2801 5364 2856 5416 in
2875 5363 3068 5432 aliquo
3096 5367 3295 5414 contra
3319 5360 3633 5413 decretum.

1937 5455 2138 5510 Leonis
2184 5471 2349 5524 papae
2400 5453 2747 5507 offenderem
2804 5451 3060 5517 verebar,
3113 5449 3212 5519 qui
3252 5448 3417 5501 titulo
3464 5451 3534 5501 22
3560 5447 3639 5501 ita

1933 5544 2166 5599 scribit:
2206 5544 2393 5614 Igitur
2424 5543 2739 5596 secundum
2772 5546 3100 5595 sanctorum
3134 5540 3363 5592 Patrum
3395 5553 3640 5592 canones
