  <div class='ocr_page' id='page_1' title='image "/cluster/home/n/w/nwhite01/storage/ocr_20150623/121/uva.x000827051/587.png"; bbox 0 0 3884 6218; ppageno 0'>
   <div class='ocr_carea' id='block_1_1' title="bbox 307 259 435 311">
    <p class='ocr_par' dir='ltr' id='par_1_1' title="bbox 307 259 435 311">
     <span class='ocr_line' id='line_1_1' title="bbox 307 259 435 311; baseline 0.016 -2"><span class='ocrx_word' id='word_1_1' title='bbox 307 259 435 311; x_wconf 54' lang='lat' dir='ltr'><strong>lli?</strong></span> 
     </span>
    </p>
   </div>
   <div class='ocr_carea' id='block_1_2' title="bbox 297 388 2072 460">
    <p class='ocr_par' dir='ltr' id='par_1_2' title="bbox 297 388 2072 460">
     <span class='ocr_line' id='line_1_2' title="bbox 297 388 2072 460; baseline 0 -16"><span class='ocrx_word' id='word_1_2' title='bbox 297 389 511 460; x_wconf 82' lang='lat' dir='ltr'><strong>Spiritu</strong></span> <span class='ocrx_word' id='word_1_3' title='bbox 542 389 642 443; x_wconf 86' lang='lat' dir='ltr'><strong>Dei</strong></span> <span class='ocrx_word' id='word_1_4' title='bbox 665 388 942 455; x_wconf 92' lang='lat' dir='ltr'><strong>conditos,</strong></span> <span class='ocrx_word' id='word_1_5' title='bbox 977 393 1033 443; x_wconf 91' lang='lat' dir='ltr'><strong>et</strong></span> <span class='ocrx_word' id='word_1_6' title='bbox 1058 388 1235 443; x_wconf 90' lang='lat' dir='ltr'><strong>totius</strong></span> <span class='ocrx_word' id='word_1_7' title='bbox 1271 389 1470 443; x_wconf 90' lang='lat' dir='ltr'><strong>mundi</strong></span> <span class='ocrx_word' id='word_1_8' title='bbox 1498 390 1813 444; x_wconf 86' lang='lat' dir='ltr'><strong>reverentia</strong></span> <span class='ocrx_word' id='word_1_9' title='bbox 1846 405 1985 444; x_wconf 92' lang='lat' dir='ltr'><strong>con-</strong></span> <span class='ocrx_word' id='word_1_10' title='bbox 2026 394 2072 444; x_wconf 86' lang='lat' dir='ltr'><strong>A</strong></span> 
     </span>
    </p>
   </div>
   <div class='ocr_carea' id='block_1_3' title="bbox 299 477 1986 547">
    <p class='ocr_par' dir='ltr' id='par_1_3' title="bbox 299 477 1986 547">
     <span class='ocr_line' id='line_1_3' title="bbox 299 477 1986 547; baseline 0 -17"><span class='ocrx_word' id='word_1_11' title='bbox 299 484 565 540; x_wconf 90' lang='lat' dir='ltr'><strong>secratos,</strong></span> <span class='ocrx_word' id='word_1_12' title='bbox 624 477 1096 546; x_wconf 89' lang='lat' dir='ltr'><strong>metropolitanos</strong></span> <span class='ocrx_word' id='word_1_13' title='bbox 1152 477 1511 546; x_wconf 90' lang='lat' dir='ltr'><strong>singularum</strong></span> <span class='ocrx_word' id='word_1_14' title='bbox 1563 479 1986 547; x_wconf 81' lang='lat' dir='ltr'><strong>provinciarum</strong></span> 
     </span>
    </p>
   </div>
   <div class='ocr_carea' id='block_1_4' title="bbox 300 566 1987 636">
    <p class='ocr_par' dir='ltr' id='par_1_4' title="bbox 300 566 1987 636">
     <span class='ocr_line' id='line_1_4' title="bbox 300 566 1987 636; baseline 0.001 -17"><span class='ocrx_word' id='word_1_15' title='bbox 300 568 593 636; x_wconf 87' lang='lat' dir='ltr'><strong>episcopos</strong></span> <span class='ocrx_word' id='word_1_16' title='bbox 614 566 710 635; x_wconf 86' lang='lat' dir='ltr'><strong>jus</strong></span> <span class='ocrx_word' id='word_1_17' title='bbox 733 566 954 619; x_wconf 69' lang='lat' dir='ltr'><strong>tradita)</strong></span> <span class='ocrx_word' id='word_1_18' title='bbox 989 566 1095 619; x_wconf 87' lang='lat' dir='ltr'><strong>sibi</strong></span> <span class='ocrx_word' id='word_1_19' title='bbox 1136 566 1389 636; x_wconf 62' lang='lat' dir='ltr'><strong>antiquae</strong></span> <span class='ocrx_word' id='word_1_20' title='bbox 1420 566 1715 634; x_wconf 69' lang='lat' dir='ltr'><strong>dignitatis</strong></span> <span class='ocrx_word' id='word_1_21' title='bbox 1748 568 1987 621; x_wconf 89' lang='lat' dir='ltr'><strong>inteme-</strong></span> 
     </span>
    </p>
   </div>
   <div class='ocr_carea' id='block_1_5' title="bbox 298 654 1987 726">
    <p class='ocr_par' dir='ltr' id='par_1_5' title="bbox 298 654 1987 726">
     <span class='ocr_line' id='line_1_5' title="bbox 298 654 1987 726; baseline 0.001 -19"><span class='ocrx_word' id='word_1_22' title='bbox 298 662 486 707; x_wconf 80' lang='lat' dir='ltr'><strong>ratum</strong></span> <span class='ocrx_word' id='word_1_23' title='bbox 520 654 728 707; x_wconf 88' lang='lat' dir='ltr'><strong>habere</strong></span> <span class='ocrx_word' id='word_1_24' title='bbox 759 655 1142 720; x_wconf 85' lang='lat' dir='ltr'><strong>decernimus,</strong></span> <span class='ocrx_word' id='word_1_25' title='bbox 1176 655 1231 708; x_wconf 89' lang='lat' dir='ltr'><strong>Si</strong></span> <span class='ocrx_word' id='word_1_26' title='bbox 1263 656 1416 708; x_wconf 89' lang='lat' dir='ltr'><strong>enim</strong></span> <span class='ocrx_word' id='word_1_27' title='bbox 1454 672 1484 708; x_wconf 91' lang='lat' dir='ltr'><strong>a</strong></span> <span class='ocrx_word' id='word_1_28' title='bbox 1516 657 1728 726; x_wconf 90' lang='lat' dir='ltr'><strong>regulis</strong></span> <span class='ocrx_word' id='word_1_29' title='bbox 1759 657 1987 725; x_wconf 67' lang='lat' dir='ltr'><strong>praesti-</strong></span> 
     </span>
    </p>
   </div>
   <div class='ocr_carea' id='block_1_6' title="bbox 298 743 1986 814">
    <p class='ocr_par' dir='ltr' id='par_1_6' title="bbox 298 743 1986 814">
     <span class='ocr_line' id='line_1_6' title="bbox 298 743 1986 814; baseline 0.001 -19"><span class='ocrx_word' id='word_1_30' title='bbox 298 743 433 795; x_wconf 89' lang='lat' dir='ltr'><strong>tutis</strong></span> <span class='ocrx_word' id='word_1_31' title='bbox 484 744 599 795; x_wconf 90' lang='lat' dir='ltr'><strong>ulla</strong></span> <span class='ocrx_word' id='word_1_32' title='bbox 628 750 727 795; x_wconf 91' lang='lat' dir='ltr'><strong>aut</strong></span> <span class='ocrx_word' id='word_1_33' title='bbox 776 743 1025 808; x_wconf 83' lang='lat' dir='ltr'><strong>licentia,</strong></span> <span class='ocrx_word' id='word_1_34' title='bbox 1076 748 1175 795; x_wconf 91' lang='lat' dir='ltr'><strong>aut</strong></span> <span class='ocrx_word' id='word_1_35' title='bbox 1226 744 1672 814; x_wconf 66' lang='lat' dir='ltr'><strong>praesumptione</strong></span> <span class='ocrx_word' id='word_1_36' title='bbox 1718 744 1986 798; x_wconf 88' lang='lat' dir='ltr'><strong>discesse-</strong></span> 
     </span>
    </p>
   </div>
   <div class='ocr_carea' id='block_1_7' title="bbox 300 831 1987 900">
    <p class='ocr_par' dir='ltr' id='par_1_7' title="bbox 300 831 1987 900">
     <span class='ocr_line' id='line_1_7' title="bbox 300 831 1987 900; baseline 0.001 -17"><span class='ocrx_word' id='word_1_37' title='bbox 300 836 447 896; x_wconf 85' lang='lat' dir='ltr'><strong>rant,</strong></span> <span class='ocrx_word' id='word_1_38' title='bbox 483 846 587 900; x_wconf 91' lang='lat' dir='ltr'><strong>ego</strong></span> <span class='ocrx_word' id='word_1_39' title='bbox 622 831 848 900; x_wconf 83' lang='lat' dir='ltr'><strong>penitus</strong></span> <span class='ocrx_word' id='word_1_40' title='bbox 880 832 1223 885; x_wconf 86' lang='lat' dir='ltr'><strong>nesciebam.</strong></span> <span class='ocrx_word' id='word_1_41' title='bbox 1273 833 1429 886; x_wconf 92' lang='lat' dir='ltr'><strong>Unde</strong></span> <span class='ocrx_word' id='word_1_42' title='bbox 1463 839 1518 885; x_wconf 89' lang='lat' dir='ltr'><strong>et</strong></span> <span class='ocrx_word' id='word_1_43' title='bbox 1550 833 1607 885; x_wconf 93' lang='lat' dir='ltr'><strong>in</strong></span> <span class='ocrx_word' id='word_1_44' title='bbox 1640 833 1987 886; x_wconf 75' lang='lat' dir='ltr'><strong>Autiocheno</strong></span> 
     </span>
    </p>
   </div>
   <div class='ocr_carea' id='block_1_8' title="bbox 297 920 1988 991">
    <p class='ocr_par' dir='ltr' id='par_1_8' title="bbox 297 920 1988 991">
     <span class='ocr_line' id='line_1_8' title="bbox 297 920 1988 991; baseline 0 -18"><span class='ocrx_word' id='word_1_45' title='bbox 297 920 555 979; x_wconf 80' lang='lat' dir='ltr'><strong>concilio,</strong></span> <span class='ocrx_word' id='word_1_46' title='bbox 609 920 792 989; x_wconf 83' lang='lat' dir='ltr'><strong>capite</strong></span> <span class='ocrx_word' id='word_1_47' title='bbox 845 922 875 972; x_wconf 91' lang='lat'><strong>9</strong></span> <span class='ocrx_word' id='word_1_48' title='bbox 921 921 996 973; x_wconf 90' lang='lat' dir='ltr'><strong>ita</strong></span> <span class='ocrx_word' id='word_1_49' title='bbox 1053 921 1367 974; x_wconf 88' lang='lat' dir='ltr'><strong>scribitur:</strong></span> <span class='ocrx_word' id='word_1_50' title='bbox 1425 923 1531 973; x_wconf 90' lang='lat' dir='ltr'><strong>Per</strong></span> <span class='ocrx_word' id='word_1_51' title='bbox 1590 922 1841 991; x_wconf 90' lang='lat' dir='ltr'><strong>singulas</strong></span> <span class='ocrx_word' id='word_1_52' title='bbox 1899 938 1988 974; x_wconf 90' lang='lat' dir='ltr'><strong>re-</strong></span> 
     </span>
    </p>
   </div>
   <div class='ocr_carea' id='block_1_9' title="bbox 296 1008 1985 1079">
    <p class='ocr_par' dir='ltr' id='par_1_9' title="bbox 296 1008 1985 1079">
     <span class='ocr_line' id='line_1_9' title="bbox 296 1008 1985 1079; baseline 0.001 -18"><span class='ocrx_word' id='word_1_53' title='bbox 296 1009 494 1077; x_wconf 87' lang='lat' dir='ltr'><strong>giones</strong></span> <span class='ocrx_word' id='word_1_54' title='bbox 553 1008 849 1078; x_wconf 84' lang='lat' dir='ltr'><strong>episcopos</strong></span> <span class='ocrx_word' id='word_1_55' title='bbox 902 1010 1166 1061; x_wconf 83' lang='lat' dir='ltr'><strong>convenit</strong></span> <span class='ocrx_word' id='word_1_56' title='bbox 1229 1026 1412 1077; x_wconf 87' lang='lat' dir='ltr'><strong>nosse,</strong></span> <span class='ocrx_word' id='word_1_57' title='bbox 1478 1012 1985 1079; x_wconf 84' lang='lat' dir='ltr'><strong>metropolitanum</strong></span> 
     </span>
    </p>
   </div>
   <div class='ocr_carea' id='block_1_10' title="bbox 298 1097 1985 1169">
    <p class='ocr_par' dir='ltr' id='par_1_10' title="bbox 298 1097 1985 1169">
     <span class='ocr_line' id='line_1_10' title="bbox 298 1097 1985 1169; baseline 0.002 -18"><span class='ocrx_word' id='word_1_58' title='bbox 298 1097 629 1167; x_wconf 87' lang='lat' dir='ltr'><strong>episcopum</strong></span> <span class='ocrx_word' id='word_1_59' title='bbox 680 1098 1130 1151; x_wconf 88' lang='lat' dir='ltr'><strong>sollicitudinem</strong></span> <span class='ocrx_word' id='word_1_60' title='bbox 1180 1100 1354 1152; x_wconf 85' lang='lat' dir='ltr'><strong>totius</strong></span> <span class='ocrx_word' id='word_1_61' title='bbox 1402 1099 1705 1169; x_wconf 66' lang='lat' dir='ltr'><strong>provincia:</strong></span> <span class='ocrx_word' id='word_1_62' title='bbox 1754 1116 1985 1169; x_wconf 83' lang='lat' dir='ltr'><strong>gerere:</strong></span> 
     </span>
    </p>
   </div>
   <div class='ocr_carea' id='block_1_11' title="bbox 297 1187 1987 1259">
    <p class='ocr_par' dir='ltr' id='par_1_11' title="bbox 297 1187 1987 1259">
     <span class='ocr_line' id='line_1_11' title="bbox 297 1187 1987 1259; baseline 0.001 -20"><span class='ocrx_word' id='word_1_63' title='bbox 297 1192 535 1256; x_wconf 85' lang='lat' dir='ltr'><strong>propter</strong></span> <span class='ocrx_word' id='word_1_64' title='bbox 583 1187 735 1255; x_wconf 89' lang='lat' dir='ltr'><strong>quod</strong></span> <span class='ocrx_word' id='word_1_65' title='bbox 785 1187 854 1239; x_wconf 86' lang='lat' dir='ltr'><strong>ad</strong></span> <span class='ocrx_word' id='word_1_66' title='bbox 914 1188 1277 1257; x_wconf 90' lang='lat' dir='ltr'><strong>metropolim</strong></span> <span class='ocrx_word' id='word_1_67' title='bbox 1325 1204 1524 1240; x_wconf 89' lang='lat' dir='ltr'><strong>omnes</strong></span> <span class='ocrx_word' id='word_1_68' title='bbox 1567 1189 1843 1258; x_wconf 87' lang='lat' dir='ltr'><strong>undique,</strong></span> <span class='ocrx_word' id='word_1_69' title='bbox 1889 1189 1987 1259; x_wconf 87' lang='lat' dir='ltr'><strong>qui</strong></span> 
     </span>
    </p>
   </div>
   <div class='ocr_carea' id='block_1_12' title="bbox 300 1275 1988 1348">
    <p class='ocr_par' dir='ltr' id='par_1_12' title="bbox 300 1275 1988 1348">
     <span class='ocr_line' id='line_1_12' title="bbox 300 1275 1988 1348; baseline 0.002 -20"><span class='ocrx_word' id='word_1_70' title='bbox 300 1275 532 1344; x_wconf 89' lang='lat' dir='ltr'><strong>negotia</strong></span> <span class='ocrx_word' id='word_1_71' title='bbox 557 1276 818 1329; x_wconf 86' lang='lat' dir='ltr'><strong>videntur</strong></span> <span class='ocrx_word' id='word_1_72' title='bbox 843 1275 1072 1335; x_wconf 87' lang='lat' dir='ltr'><strong>habere.</strong></span> <span class='ocrx_word' id='word_1_73' title='bbox 1100 1282 1456 1343; x_wconf 74' lang='lat' dir='ltr'><strong>concurrunt,</strong></span> <span class='ocrx_word' id='word_1_74' title='bbox 1481 1282 1589 1331; x_wconf 89' lang='lat' dir='ltr'><strong>etc.</strong></span> <span class='ocrx_word' id='word_1_75' title='bbox 1615 1280 1743 1330; x_wconf 88' lang='lat' dir='ltr'><strong>Sola</strong></span> <span class='ocrx_word' id='word_1_76' title='bbox 1774 1278 1988 1348; x_wconf 82' lang='lat' dir='ltr'><strong>quippe</strong></span> 
     </span>
    </p>
   </div>
   <div class='ocr_carea' id='block_1_13' title="bbox 297 1364 1989 1435">
    <p class='ocr_par' dir='ltr' id='par_1_13' title="bbox 297 1364 1989 1435">
     <span class='ocr_line' id='line_1_13' title="bbox 297 1364 1989 1435; baseline 0.002 -20"><span class='ocrx_word' id='word_1_77' title='bbox 297 1365 675 1434; x_wconf 89' lang='lat' dir='ltr'><strong>plurimorum</strong></span> <span class='ocrx_word' id='word_1_78' title='bbox 710 1365 984 1416; x_wconf 85' lang='lat' dir='ltr'><strong>relatione</strong></span> <span class='ocrx_word' id='word_1_79' title='bbox 1017 1364 1085 1416; x_wconf 91' lang='lat' dir='ltr'><strong>de</strong></span> <span class='ocrx_word' id='word_1_80' title='bbox 1113 1366 1233 1433; x_wconf 86' lang='lat' dir='ltr'><strong>jam</strong></span> <span class='ocrx_word' id='word_1_81' title='bbox 1270 1365 1417 1417; x_wconf 87' lang='lat' dir='ltr'><strong>dicta</strong></span> <span class='ocrx_word' id='word_1_82' title='bbox 1449 1368 1700 1435; x_wconf 87' lang='lat' dir='ltr'><strong>querela,</strong></span> <span class='ocrx_word' id='word_1_83' title='bbox 1753 1382 1881 1435; x_wconf 63' lang='lat' dir='ltr'><strong>quae</strong></span> <span class='ocrx_word' id='word_1_84' title='bbox 1931 1367 1989 1420; x_wconf 92' lang='lat' dir='ltr'><strong>in</strong></span> 
     </span>
    </p>
   </div>
   <div class='ocr_carea' id='block_1_14' title="bbox 298 1452 1990 1525">
    <p class='ocr_par' dir='ltr' id='par_1_14' title="bbox 298 1452 1990 1525">
     <span class='ocr_line' id='line_1_14' title="bbox 298 1452 1990 1525; baseline 0.002 -20"><span class='ocrx_word' id='word_1_85' title='bbox 298 1453 625 1522; x_wconf 89' lang='lat' dir='ltr'><strong>primordiis</strong></span> <span class='ocrx_word' id='word_1_86' title='bbox 669 1458 826 1521; x_wconf 89' lang='lat' dir='ltr'><strong>gesta</strong></span> <span class='ocrx_word' id='word_1_87' title='bbox 858 1452 990 1519; x_wconf 90' lang='lat' dir='ltr'><strong>sint,</strong></span> <span class='ocrx_word' id='word_1_88' title='bbox 1024 1469 1159 1505; x_wconf 91' lang='lat' dir='ltr'><strong>aure</strong></span> <span class='ocrx_word' id='word_1_89' title='bbox 1194 1470 1306 1506; x_wconf 91' lang='lat' dir='ltr'><strong>non</strong></span> <span class='ocrx_word' id='word_1_90' title='bbox 1348 1456 1510 1506; x_wconf 92' lang='lat' dir='ltr'><strong>oculo</strong></span> <span class='ocrx_word' id='word_1_91' title='bbox 1554 1458 1817 1524; x_wconf 83' lang='lat' dir='ltr'><strong>percepi:</strong></span> <span class='ocrx_word' id='word_1_92' title='bbox 1854 1456 1990 1525; x_wconf 83' lang='lat' dir='ltr'><strong>quia</strong></span> 
     </span>
    </p>
   </div>
   <div class='ocr_carea' id='block_1_15' title="bbox 296 1540 1989 1612">
    <p class='ocr_par' dir='ltr' id='par_1_15' title="bbox 296 1540 1989 1612">
     <span class='ocr_line' id='line_1_15' title="bbox 296 1540 1989 1612; baseline 0.002 -20"><span class='ocrx_word' id='word_1_93' title='bbox 296 1540 595 1610; x_wconf 70' lang='lat' dir='ltr'><strong>episcopus</strong></span> <span class='ocrx_word' id='word_1_94' title='bbox 642 1557 755 1593; x_wconf 91' lang='lat' dir='ltr'><strong>non</strong></span> <span class='ocrx_word' id='word_1_95' title='bbox 807 1557 982 1609; x_wconf 85' lang='lat' dir='ltr'><strong>eram,</strong></span> <span class='ocrx_word' id='word_1_96' title='bbox 1036 1542 1132 1594; x_wconf 92' lang='lat' dir='ltr'><strong>sed</strong></span> <span class='ocrx_word' id='word_1_97' title='bbox 1169 1542 1225 1594; x_wconf 89' lang='lat' dir='ltr'><strong>in</strong></span> <span class='ocrx_word' id='word_1_98' title='bbox 1276 1543 1527 1595; x_wconf 77' lang='lat' dir='ltr'><strong>excubiis</strong></span> <span class='ocrx_word' id='word_1_99' title='bbox 1585 1542 1784 1612; x_wconf 83' lang='lat' dir='ltr'><strong>templi</strong></span> <span class='ocrx_word' id='word_1_100' title='bbox 1840 1543 1989 1597; x_wconf 87' lang='lat' dir='ltr'><strong>beati</strong></span> 
     </span>
    </p>
   </div>
   <div class='ocr_carea' id='block_1_16' title="bbox 298 1629 1988 1702">
    <p class='ocr_par' dir='ltr' id='par_1_16' title="bbox 298 1629 1988 1702">
     <span class='ocr_line' id='line_1_16' title="bbox 298 1629 1988 1702; baseline 0.002 -20"><span class='ocrx_word' id='word_1_101' title='bbox 298 1629 570 1698; x_wconf 89' lang='lat' dir='ltr'><strong>Stephani</strong></span> <span class='ocrx_word' id='word_1_102' title='bbox 591 1631 1027 1700; x_wconf 81' lang='lat' dir='ltr'><strong>protomartyris</strong></span> <span class='ocrx_word' id='word_1_103' title='bbox 1049 1639 1378 1700; x_wconf 88' lang='lat' dir='ltr'><strong>occupatus,</strong></span> <span class='ocrx_word' id='word_1_104' title='bbox 1406 1632 1709 1685; x_wconf 87' lang='lat' dir='ltr'><strong>novissime</strong></span> <span class='ocrx_word' id='word_1_105' title='bbox 1733 1632 1791 1685; x_wconf 92' lang='lat' dir='ltr'><strong>in</strong></span> <span class='ocrx_word' id='word_1_106' title='bbox 1812 1648 1988 1702; x_wconf 90' lang='lat' dir='ltr'><strong>regno</strong></span> 
     </span>
    </p>
   </div>
   <div class='ocr_carea' id='block_1_17' title="bbox 295 1716 1988 1789">
    <p class='ocr_par' dir='ltr' id='par_1_17' title="bbox 295 1716 1988 1789">
     <span class='ocr_line' id='line_1_17' title="bbox 295 1716 1988 1789; baseline 0.002 -19"><span class='ocrx_word' id='word_1_107' title='bbox 295 1716 516 1770; x_wconf 88' lang='lat' dir='ltr'><strong>domini</strong></span> <span class='ocrx_word' id='word_1_108' title='bbox 560 1719 812 1772; x_wconf 89' lang='lat' dir='ltr'><strong>Lotharii</strong></span> <span class='ocrx_word' id='word_1_109' title='bbox 858 1719 1096 1773; x_wconf 85' lang='lat' dir='ltr'><strong>senioris</strong></span> <span class='ocrx_word' id='word_1_110' title='bbox 1145 1720 1256 1771; x_wconf 90' lang='lat' dir='ltr'><strong>mei</strong></span> <span class='ocrx_word' id='word_1_111' title='bbox 1305 1720 1587 1789; x_wconf 86' lang='lat' dir='ltr'><strong>expetitus</strong></span> <span class='ocrx_word' id='word_1_112' title='bbox 1627 1736 1659 1772; x_wconf 92' lang='lat' dir='ltr'><strong>a</strong></span> <span class='ocrx_word' id='word_1_113' title='bbox 1702 1721 1872 1786; x_wconf 90' lang='lat' dir='ltr'><strong>clero,</strong></span> <span class='ocrx_word' id='word_1_114' title='bbox 1930 1728 1988 1774; x_wconf 92' lang='lat' dir='ltr'><strong>et</strong></span> 
     </span>
    </p>
   </div>
   <div class='ocr_carea' id='block_1_18' title="bbox 295 1805 1985 1877">
    <p class='ocr_par' dir='ltr' id='par_1_18' title="bbox 295 1805 1985 1877">
     <span class='ocr_line' id='line_1_18' title="bbox 295 1805 1985 1877; baseline 0.002 -20"><span class='ocrx_word' id='word_1_115' title='bbox 295 1805 506 1858; x_wconf 89' lang='lat' dir='ltr'><strong>electus</strong></span> <span class='ocrx_word' id='word_1_116' title='bbox 536 1823 569 1857; x_wconf 89' lang='lat' dir='ltr'><strong>a</strong></span> <span class='ocrx_word' id='word_1_117' title='bbox 601 1806 784 1876; x_wconf 89' lang='lat' dir='ltr'><strong>plebe,</strong></span> <span class='ocrx_word' id='word_1_118' title='bbox 822 1807 1120 1875; x_wconf 88' lang='lat' dir='ltr'><strong>pastoralis</strong></span> <span class='ocrx_word' id='word_1_119' title='bbox 1161 1806 1332 1859; x_wconf 80' lang='lat' dir='ltr'><strong>officii</strong></span> <span class='ocrx_word' id='word_1_120' title='bbox 1370 1823 1586 1873; x_wconf 88' lang='lat' dir='ltr'><strong>curam,</strong></span> <span class='ocrx_word' id='word_1_121' title='bbox 1626 1809 1770 1861; x_wconf 89' lang='lat' dir='ltr'><strong>Deus</strong></span> <span class='ocrx_word' id='word_1_122' title='bbox 1810 1810 1985 1877; x_wconf 88' lang='lat' dir='ltr'><strong>novit,</strong></span> 
     </span>
    </p>
   </div>
   <div class='ocr_carea' id='block_1_19' title="bbox 295 1894 1988 1966">
    <p class='ocr_par' dir='ltr' id='par_1_19' title="bbox 295 1894 1988 1966">
     <span class='ocr_line' id='line_1_19' title="bbox 295 1894 1988 1966; baseline 0.002 -21"><span class='ocrx_word' id='word_1_123' title='bbox 295 1908 411 1945; x_wconf 92' lang='lat' dir='ltr'><strong>non</strong></span> <span class='ocrx_word' id='word_1_124' title='bbox 443 1894 590 1946; x_wconf 88' lang='lat' dir='ltr'><strong>ultro</strong></span> <span class='ocrx_word' id='word_1_125' title='bbox 634 1894 911 1960; x_wconf 89' lang='lat' dir='ltr'><strong>ambiens,</strong></span> <span class='ocrx_word' id='word_1_126' title='bbox 947 1895 1042 1947; x_wconf 88' lang='lat' dir='ltr'><strong>sed</strong></span> <span class='ocrx_word' id='word_1_127' title='bbox 1080 1896 1347 1947; x_wconf 88' lang='lat' dir='ltr'><strong>canonice</strong></span> <span class='ocrx_word' id='word_1_128' title='bbox 1379 1896 1650 1947; x_wconf 87' lang='lat' dir='ltr'><strong>invitatus</strong></span> <span class='ocrx_word' id='word_1_129' title='bbox 1680 1898 1886 1966; x_wconf 87' lang='lat' dir='ltr'><strong>accepi.</strong></span> <span class='ocrx_word' id='word_1_130' title='bbox 1923 1898 1988 1950; x_wconf 91' lang='lat' dir='ltr'><strong>Et</strong></span> 
     </span>
    </p>
   </div>
   <div class='ocr_carea' id='block_1_20' title="bbox 293 1980 1983 2055">
    <p class='ocr_par' dir='ltr' id='par_1_20' title="bbox 293 1980 1983 2055">
     <span class='ocr_line' id='line_1_20' title="bbox 293 1980 1983 2055; baseline 0.004 -24"><span class='ocrx_word' id='word_1_131' title='bbox 293 1980 474 2033; x_wconf 89' lang='lat' dir='ltr'><strong>multo</strong></span> <span class='ocrx_word' id='word_1_132' title='bbox 520 1980 787 2050; x_wconf 88' lang='lat' dir='ltr'><strong>amplius,</strong></span> <span class='ocrx_word' id='word_1_133' title='bbox 822 1982 867 2033; x_wconf 91' lang='lat' dir='ltr'><strong>si</strong></span> <span class='ocrx_word' id='word_1_134' title='bbox 914 1983 1037 2035; x_wconf 85' lang='lat' dir='ltr'><strong>ﬁeri</strong></span> <span class='ocrx_word' id='word_1_135' title='bbox 1069 1988 1274 2052; x_wconf 91' lang='lat' dir='ltr'><strong>potest,</strong></span> <span class='ocrx_word' id='word_1_136' title='bbox 1308 1984 1491 2037; x_wconf 89' lang='lat' dir='ltr'><strong>verbis</strong></span> <span class='ocrx_word' id='word_1_137' title='bbox 1522 1984 1983 2055; x_wconf 86' lang='lat' dir='ltr'><strong>archicapellani,</strong></span> 
     </span>
    </p>
   </div>
   <div class='ocr_carea' id='block_1_21' title="bbox 292 2072 1986 2142">
    <p class='ocr_par' dir='ltr' id='par_1_21' title="bbox 292 2072 1986 2142">
     <span class='ocr_line' id='line_1_21' title="bbox 292 2072 1986 2142; baseline 0.004 -22"><span class='ocrx_word' id='word_1_138' title='bbox 292 2084 357 2121; x_wconf 91' lang='lat' dir='ltr'><strong>ac</strong></span> <span class='ocrx_word' id='word_1_139' title='bbox 409 2075 746 2123; x_wconf 63' lang='lat' dir='ltr'><strong>caeterorum</strong></span> <span class='ocrx_word' id='word_1_140' title='bbox 790 2072 1041 2137; x_wconf 86' lang='lat' dir='ltr'><strong>Patrum,</strong></span> <span class='ocrx_word' id='word_1_141' title='bbox 1104 2072 1201 2142; x_wconf 91' lang='lat' dir='ltr'><strong>qui</strong></span> <span class='ocrx_word' id='word_1_142' title='bbox 1257 2072 1661 2139; x_wconf 89' lang='lat' dir='ltr'><strong>interfuerunt,</strong></span> <span class='ocrx_word' id='word_1_143' title='bbox 1721 2074 1986 2128; x_wconf 89' lang='lat' dir='ltr'><strong>credulus</strong></span> 
     </span>
    </p>
   </div>
   <div class='ocr_carea' id='block_1_22' title="bbox 292 2158 1983 2232">
    <p class='ocr_par' dir='ltr' id='par_1_22' title="bbox 292 2158 1983 2232">
     <span class='ocr_line' id='line_1_22' title="bbox 292 2158 1983 2232; baseline 0.004 -23"><span class='ocrx_word' id='word_1_144' title='bbox 292 2158 499 2225; x_wconf 85' lang='lat' dir='ltr'><strong>exstiti,</strong></span> <span class='ocrx_word' id='word_1_145' title='bbox 533 2174 703 2228; x_wconf 89' lang='lat' dir='ltr'><strong>quam</strong></span> <span class='ocrx_word' id='word_1_146' title='bbox 739 2158 1133 2229; x_wconf 84' lang='lat' dir='ltr'><strong>mihimetipsi,</strong></span> <span class='ocrx_word' id='word_1_147' title='bbox 1176 2166 1229 2213; x_wconf 89' lang='lat' dir='ltr'><strong>et</strong></span> <span class='ocrx_word' id='word_1_148' title='bbox 1260 2160 1305 2213; x_wconf 91' lang='lat' dir='ltr'><strong>si</strong></span> <span class='ocrx_word' id='word_1_149' title='bbox 1338 2162 1483 2214; x_wconf 88' lang='lat' dir='ltr'><strong>forte</strong></span> <span class='ocrx_word' id='word_1_150' title='bbox 1509 2162 1570 2214; x_wconf 91' lang='lat' dir='ltr'><strong>in</strong></span> <span class='ocrx_word' id='word_1_151' title='bbox 1609 2162 1802 2232; x_wconf 89' lang='lat' dir='ltr'><strong>aliquo</strong></span> <span class='ocrx_word' id='word_1_152' title='bbox 1847 2164 1983 2217; x_wconf 90' lang='lat' dir='ltr'><strong>sim-</strong></span> 
     </span>
    </p>
   </div>
   <div class='ocr_carea' id='block_1_23' title="bbox 291 2245 1981 2319">
    <p class='ocr_par' dir='ltr' id='par_1_23' title="bbox 291 2245 1981 2319">
     <span class='ocr_line' id='line_1_23' title="bbox 291 2245 1981 2319; baseline 0.004 -21"><span class='ocrx_word' id='word_1_153' title='bbox 291 2245 514 2316; x_wconf 89' lang='lat' dir='ltr'><strong>pliciter</strong></span> <span class='ocrx_word' id='word_1_154' title='bbox 543 2247 653 2315; x_wconf 90' lang='lat' dir='ltr'><strong>egi,</strong></span> <span class='ocrx_word' id='word_1_155' title='bbox 698 2253 872 2301; x_wconf 86' lang='lat' dir='ltr'><strong>restat</strong></span> <span class='ocrx_word' id='word_1_156' title='bbox 920 2256 982 2302; x_wconf 91' lang='lat' dir='ltr'><strong>ut</strong></span> <span class='ocrx_word' id='word_1_157' title='bbox 1024 2249 1093 2301; x_wconf 91' lang='lat' dir='ltr'><strong>ad</strong></span> <span class='ocrx_word' id='word_1_158' title='bbox 1130 2249 1469 2319; x_wconf 89' lang='lat' dir='ltr'><strong>magistrum</strong></span> <span class='ocrx_word' id='word_1_159' title='bbox 1501 2252 1752 2304; x_wconf 84' lang='lat' dir='ltr'><strong>veritatis</strong></span> <span class='ocrx_word' id='word_1_160' title='bbox 1780 2268 1981 2305; x_wconf 91' lang='lat' dir='ltr'><strong>recur—</strong></span> 
     </span>
    </p>
   </div>
   <div class='ocr_carea' id='block_1_24' title="bbox 291 2335 1985 2408">
    <p class='ocr_par' dir='ltr' id='par_1_24' title="bbox 291 2335 1985 2408">
     <span class='ocr_line' id='line_1_24' title="bbox 291 2335 1985 2408; baseline 0.003 -21"><span class='ocrx_word' id='word_1_161' title='bbox 291 2349 432 2387; x_wconf 88' lang='lat' dir='ltr'><strong>ram.</strong></span> <span class='ocrx_word' id='word_1_162' title='bbox 469 2335 628 2388; x_wconf 89' lang='lat' dir='ltr'><strong>Nunc</strong></span> <span class='ocrx_word' id='word_1_163' title='bbox 658 2351 794 2405; x_wconf 91' lang='lat' dir='ltr'><strong>ergo</strong></span> <span class='ocrx_word' id='word_1_164' title='bbox 827 2336 1079 2405; x_wconf 86' lang='lat' dir='ltr'><strong>proferat</strong></span> <span class='ocrx_word' id='word_1_165' title='bbox 1118 2336 1425 2406; x_wconf 79' lang='lat' dir='ltr'><strong>singularis</strong></span> <span class='ocrx_word' id='word_1_166' title='bbox 1473 2339 1753 2408; x_wconf 88' lang='lat' dir='ltr'><strong>sapientia</strong></span> <span class='ocrx_word' id='word_1_167' title='bbox 1802 2345 1985 2392; x_wconf 87' lang='lat' dir='ltr'><strong>vestra</strong></span> 
     </span>
    </p>
   </div>
   <div class='ocr_carea' id='block_1_25' title="bbox 289 2422 1982 2495">
    <p class='ocr_par' dir='ltr' id='par_1_25' title="bbox 289 2422 1982 2495">
     <span class='ocr_line' id='line_1_25' title="bbox 289 2422 1982 2495; baseline 0.004 -21"><span class='ocrx_word' id='word_1_168' title='bbox 289 2438 551 2475; x_wconf 87' lang='lat' dir='ltr'><strong>normam</strong></span> <span class='ocrx_word' id='word_1_169' title='bbox 580 2422 642 2475; x_wconf 92' lang='lat' dir='ltr'><strong>in</strong></span> <span class='ocrx_word' id='word_1_170' title='bbox 674 2424 781 2476; x_wconf 89' lang='lat' dir='ltr'><strong>hoc</strong></span> <span class='ocrx_word' id='word_1_171' title='bbox 809 2423 978 2489; x_wconf 87' lang='lat' dir='ltr'><strong>facto,</strong></span> <span class='ocrx_word' id='word_1_172' title='bbox 1014 2430 1069 2477; x_wconf 90' lang='lat' dir='ltr'><strong>et</strong></span> <span class='ocrx_word' id='word_1_173' title='bbox 1100 2440 1227 2477; x_wconf 89' lang='lat' dir='ltr'><strong>ecce</strong></span> <span class='ocrx_word' id='word_1_174' title='bbox 1272 2432 1501 2495; x_wconf 87' lang='lat' dir='ltr'><strong>paratus</strong></span> <span class='ocrx_word' id='word_1_175' title='bbox 1544 2443 1671 2480; x_wconf 91' lang='lat' dir='ltr'><strong>sum</strong></span> <span class='ocrx_word' id='word_1_176' title='bbox 1704 2428 1982 2481; x_wconf 85' lang='lat' dir='ltr'><strong>obsecun-</strong></span> 
     </span>
    </p>
   </div>
   <div class='ocr_carea' id='block_1_26' title="bbox 290 2510 1984 2587">
    <p class='ocr_par' dir='ltr' id='par_1_26' title="bbox 290 2510 1984 2587">
     <span class='ocr_line' id='line_1_26' title="bbox 290 2510 1984 2587; baseline 0.003 -22"><span class='ocrx_word' id='word_1_177' title='bbox 290 2510 423 2565; x_wconf 87' lang='lat' dir='ltr'><strong>dare</strong></span> <span class='ocrx_word' id='word_1_178' title='bbox 450 2511 646 2564; x_wconf 88' lang='lat' dir='ltr'><strong>edictis</strong></span> <span class='ocrx_word' id='word_1_179' title='bbox 690 2516 891 2566; x_wconf 72' lang='lat' dir='ltr'><strong>vestra:</strong></span> <span class='ocrx_word' id='word_1_180' title='bbox 922 2514 1300 2579; x_wconf 89' lang='lat' dir='ltr'><strong>auctoritatis,</strong></span> <span class='ocrx_word' id='word_1_181' title='bbox 1333 2515 1508 2567; x_wconf 88' lang='lat' dir='ltr'><strong>veluti</strong></span> <span class='ocrx_word' id='word_1_182' title='bbox 1553 2518 1687 2581; x_wconf 92' lang='lat' dir='ltr'><strong>Deo,</strong></span> <span class='ocrx_word' id='word_1_183' title='bbox 1731 2516 1790 2569; x_wconf 92' lang='lat' dir='ltr'><strong>in</strong></span> <span class='ocrx_word' id='word_1_184' title='bbox 1821 2517 1984 2587; x_wconf 88' lang='lat' dir='ltr'><strong>cujus</strong></span> 
     </span>
    </p>
   </div>
   <div class='ocr_carea' id='block_1_27' title="bbox 289 2602 1981 2671">
    <p class='ocr_par' dir='ltr' id='par_1_27' title="bbox 289 2602 1981 2671">
     <span class='ocr_line' id='line_1_27' title="bbox 289 2602 1981 2671; baseline 0.004 -19"><span class='ocrx_word' id='word_1_185' title='bbox 289 2615 537 2669; x_wconf 90' lang='lat' dir='ltr'><strong>persona</strong></span> <span class='ocrx_word' id='word_1_186' title='bbox 575 2606 776 2653; x_wconf 90' lang='lat' dir='ltr'><strong>cuncta</strong></span> <span class='ocrx_word' id='word_1_187' title='bbox 820 2602 1104 2671; x_wconf 85' lang='lat' dir='ltr'><strong>profertis.</strong></span> <span class='ocrx_word' id='word_1_188' title='bbox 1156 2604 1350 2655; x_wconf 90' lang='lat' dir='ltr'><strong>Vestro</strong></span> <span class='ocrx_word' id='word_1_189' title='bbox 1385 2604 1539 2656; x_wconf 89' lang='lat' dir='ltr'><strong>enim</strong></span> <span class='ocrx_word' id='word_1_190' title='bbox 1571 2612 1767 2658; x_wconf 91' lang='lat' dir='ltr'><strong>sancto</strong></span> <span class='ocrx_word' id='word_1_191' title='bbox 1802 2622 1863 2658; x_wconf 90' lang='lat' dir='ltr'><strong>ac</strong></span> <span class='ocrx_word' id='word_1_192' title='bbox 1895 2622 1981 2658; x_wconf 88' lang='lat' dir='ltr'><strong>sa-</strong></span> 
     </span>
    </p>
   </div>
   <div class='ocr_carea' id='block_1_28' title="bbox 289 2687 1985 2759">
    <p class='ocr_par' dir='ltr' id='par_1_28' title="bbox 289 2687 1985 2759">
     <span class='ocr_line' id='line_1_28' title="bbox 289 2687 1985 2759; baseline 0.002 -17"><span class='ocrx_word' id='word_1_193' title='bbox 289 2687 439 2742; x_wconf 88' lang='lat' dir='ltr'><strong>lubri</strong></span> <span class='ocrx_word' id='word_1_194' title='bbox 481 2688 715 2741; x_wconf 90' lang='lat' dir='ltr'><strong>consilio</strong></span> <span class='ocrx_word' id='word_1_195' title='bbox 775 2705 926 2757; x_wconf 88' lang='lat' dir='ltr'><strong>usus,</strong></span> <span class='ocrx_word' id='word_1_196' title='bbox 975 2691 1116 2759; x_wconf 85' lang='lat' dir='ltr'><strong>jugo</strong></span> <span class='ocrx_word' id='word_1_197' title='bbox 1164 2707 1254 2743; x_wconf 90' lang='lat' dir='ltr'><strong>me</strong></span> <span class='ocrx_word' id='word_1_198' title='bbox 1307 2692 1647 2746; x_wconf 73' lang='lat' dir='ltr'><strong>obedientiae</strong></span> <span class='ocrx_word' id='word_1_199' title='bbox 1690 2693 1985 2747; x_wconf 86' lang='lat' dir='ltr'><strong>humiliter</strong></span> 
     </span>
    </p>
   </div>
   <div class='ocr_carea' id='block_1_29' title="bbox 288 2776 1983 2849">
    <p class='ocr_par' dir='ltr' id='par_1_29' title="bbox 288 2776 1983 2849">
     <span class='ocr_line' id='line_1_29' title="bbox 288 2776 1983 2849; baseline 0.004 -20"><span class='ocrx_word' id='word_1_200' title='bbox 288 2776 584 2829; x_wconf 90' lang='lat' dir='ltr'><strong>submitto.</strong></span> <span class='ocrx_word' id='word_1_201' title='bbox 633 2778 772 2831; x_wconf 83' lang='lat' dir='ltr'><strong>Nam</strong></span> <span class='ocrx_word' id='word_1_202' title='bbox 815 2780 1076 2849; x_wconf 88' lang='lat' dir='ltr'><strong>quamvis</strong></span> <span class='ocrx_word' id='word_1_203' title='bbox 1102 2781 1484 2849; x_wconf 84' lang='lat' dir='ltr'><strong>quorumdam</strong></span> <span class='ocrx_word' id='word_1_204' title='bbox 1529 2784 1756 2835; x_wconf 77' lang='lat' dir='ltr'><strong>levitate</strong></span> <span class='ocrx_word' id='word_1_205' title='bbox 1788 2789 1983 2836; x_wconf 90' lang='lat' dir='ltr'><strong>contra</strong></span> 
     </span>
    </p>
   </div>
   <div class='ocr_carea' id='block_1_30' title="bbox 288 2866 1979 2940">
    <p class='ocr_par' dir='ltr' id='par_1_30' title="bbox 288 2866 1979 2940">
     <span class='ocr_line' id='line_1_30' title="bbox 288 2866 1979 2940; baseline 0.004 -22"><span class='ocrx_word' id='word_1_206' title='bbox 288 2880 380 2918; x_wconf 90' lang='lat' dir='ltr'><strong>me</strong></span> <span class='ocrx_word' id='word_1_207' title='bbox 415 2866 723 2919; x_wconf 91' lang='lat' dir='ltr'><strong>tumultum</strong></span> <span class='ocrx_word' id='word_1_208' title='bbox 757 2866 1123 2920; x_wconf 88' lang='lat' dir='ltr'><strong>detractionis</strong></span> <span class='ocrx_word' id='word_1_209' title='bbox 1155 2868 1418 2935; x_wconf 89' lang='lat' dir='ltr'><strong>sentiam,</strong></span> <span class='ocrx_word' id='word_1_210' title='bbox 1463 2870 1573 2923; x_wconf 90' lang='lat' dir='ltr'><strong>nisi</strong></span> <span class='ocrx_word' id='word_1_211' title='bbox 1603 2871 1671 2924; x_wconf 92' lang='lat' dir='ltr'><strong>de</strong></span> <span class='ocrx_word' id='word_1_212' title='bbox 1703 2872 1979 2940; x_wconf 89' lang='lat' dir='ltr'><strong>simplici-</strong></span> 
     </span>
    </p>
   </div>
   <div class='ocr_carea' id='block_1_31' title="bbox 286 2955 1984 3029">
    <p class='ocr_par' dir='ltr' id='par_1_31' title="bbox 286 2955 1984 3029">
     <span class='ocr_line' id='line_1_31' title="bbox 286 2955 1984 3029; baseline 0.004 -23"><span class='ocrx_word' id='word_1_213' title='bbox 286 2958 399 3007; x_wconf 88' lang='lat' dir='ltr'><strong>tate</strong></span> <span class='ocrx_word' id='word_1_214' title='bbox 443 2955 632 3008; x_wconf 90' lang='lat' dir='ltr'><strong>nullus</strong></span> <span class='ocrx_word' id='word_1_215' title='bbox 660 2971 750 3008; x_wconf 89' lang='lat' dir='ltr'><strong>me</strong></span> <span class='ocrx_word' id='word_1_216' title='bbox 795 2955 853 3009; x_wconf 91' lang='lat' dir='ltr'><strong>in</strong></span> <span class='ocrx_word' id='word_1_217' title='bbox 886 2956 989 3009; x_wconf 90' lang='lat' dir='ltr'><strong>hac</strong></span> <span class='ocrx_word' id='word_1_218' title='bbox 1033 2972 1090 3009; x_wconf 91' lang='lat' dir='ltr'><strong>re</strong></span> <span class='ocrx_word' id='word_1_219' title='bbox 1144 2972 1404 3011; x_wconf 88' lang='lat' dir='ltr'><strong>accusare</strong></span> <span class='ocrx_word' id='word_1_220' title='bbox 1454 2965 1662 3029; x_wconf 87' lang='lat' dir='ltr'><strong>potest.</strong></span> <span class='ocrx_word' id='word_1_221' title='bbox 1716 2961 1984 3013; x_wconf 86' lang='lat' dir='ltr'><strong>Fidenter</strong></span> 
     </span>
    </p>
   </div>
   <div class='ocr_carea' id='block_1_32' title="bbox 287 3043 1981 3114">
    <p class='ocr_par' dir='ltr' id='par_1_32' title="bbox 287 3043 1981 3114">
     <span class='ocr_line' id='line_1_32' title="bbox 287 3043 1981 3114; baseline 0.005 -18"><span class='ocrx_word' id='word_1_222' title='bbox 287 3043 439 3097; x_wconf 91' lang='lat' dir='ltr'><strong>enim</strong></span> <span class='ocrx_word' id='word_1_223' title='bbox 497 3044 661 3097; x_wconf 88' lang='lat' dir='ltr'><strong>dico:</strong></span> <span class='ocrx_word' id='word_1_224' title='bbox 695 3045 834 3099; x_wconf 88' lang='lat' dir='ltr'><strong>Ecce</strong></span> <span class='ocrx_word' id='word_1_225' title='bbox 876 3045 936 3098; x_wconf 91' lang='lat' dir='ltr'><strong>in</strong></span> <span class='ocrx_word' id='word_1_226' title='bbox 985 3046 1127 3099; x_wconf 73' lang='lat' dir='ltr'><strong>coelo</strong></span> <span class='ocrx_word' id='word_1_227' title='bbox 1178 3048 1337 3099; x_wconf 89' lang='lat' dir='ltr'><strong>testis</strong></span> <span class='ocrx_word' id='word_1_228' title='bbox 1392 3063 1573 3114; x_wconf 90' lang='lat' dir='ltr'><strong>meus,</strong></span> <span class='ocrx_word' id='word_1_229' title='bbox 1624 3054 1679 3103; x_wconf 91' lang='lat' dir='ltr'><strong>et</strong></span> <span class='ocrx_word' id='word_1_230' title='bbox 1719 3050 1981 3103; x_wconf 89' lang='lat' dir='ltr'><strong>conscius</strong></span> 
     </span>
    </p>
   </div>
   <div class='ocr_carea' id='block_1_33' title="bbox 284 3133 1981 3194">
    <p class='ocr_par' dir='ltr' id='par_1_33' title="bbox 284 3133 1981 3194">
     <span class='ocr_line' id='line_1_33' title="bbox 284 3133 1981 3194; baseline 0.005 -10"><span class='ocrx_word' id='word_1_231' title='bbox 284 3148 448 3185; x_wconf 91' lang='lat' dir='ltr'><strong>meus</strong></span> <span class='ocrx_word' id='word_1_232' title='bbox 485 3133 545 3187; x_wconf 90' lang='lat' dir='ltr'><strong>in</strong></span> <span class='ocrx_word' id='word_1_233' title='bbox 595 3135 850 3188; x_wconf 80' lang='lat' dir='ltr'><strong>excelsis.</strong></span> <span class='ocrx_word' id='word_1_234' title='bbox 898 3135 1056 3189; x_wconf 87' lang='lat' dir='ltr'><strong>Unde</strong></span> <span class='ocrx_word' id='word_1_235' title='bbox 1098 3152 1190 3188; x_wconf 87' lang='lat' dir='ltr'><strong>vas</strong></span> <span class='ocrx_word' id='word_1_236' title='bbox 1235 3137 1528 3191; x_wconf 85' lang='lat' dir='ltr'><strong>electionis</strong></span> <span class='ocrx_word' id='word_1_237' title='bbox 1579 3138 1750 3192; x_wconf 90' lang='lat' dir='ltr'><strong>dicit:</strong></span> <span class='ocrx_word' id='word_1_238' title='bbox 1795 3140 1981 3194; x_wconf 76' lang='lat' dir='ltr'><strong>Gloria</strong></span> 
     </span>
    </p>
   </div>
   <div class='ocr_carea' id='block_1_34' title="bbox 284 3223 1982 3288">
    <p class='ocr_par' dir='ltr' id='par_1_34' title="bbox 284 3223 1982 3288">
     <span class='ocr_line' id='line_1_34' title="bbox 284 3223 1982 3288; baseline 0.005 -15"><span class='ocrx_word' id='word_1_239' title='bbox 284 3226 473 3274; x_wconf 81' lang='lat' dir='ltr'><strong>nostra</strong></span> <span class='ocrx_word' id='word_1_240' title='bbox 559 3223 669 3276; x_wconf 69' lang='lat' dir='ltr'><strong>haec</strong></span> <span class='ocrx_word' id='word_1_241' title='bbox 742 3228 838 3288; x_wconf 83' lang='lat' dir='ltr'><strong>est,</strong></span> <span class='ocrx_word' id='word_1_242' title='bbox 926 3225 1291 3279; x_wconf 77' lang='lat' dir='ltr'><strong>testimonium</strong></span> <span class='ocrx_word' id='word_1_243' title='bbox 1375 3229 1713 3281; x_wconf 71' lang='lat' dir='ltr'><strong>conscientiae</strong></span> <span class='ocrx_word' id='word_1_244' title='bbox 1785 3235 1982 3283; x_wconf 60' lang='lat' dir='ltr'><strong>nostra</strong></span> 
     </span>
    </p>
   </div>
   <div class='ocr_carea' id='block_1_35' title="bbox 287 3310 1980 3385">
    <p class='ocr_par' dir='ltr' id='par_1_35' title="bbox 287 3310 1980 3385">
     <span class='ocr_line' id='line_1_35' title="bbox 287 3310 1980 3385; baseline 0.005 -24"><span class='ocrx_word' id='word_1_245' title='bbox 287 3310 382 3375; x_wconf 86' lang='lat' dir='ltr'><strong>(II</strong></span> <span class='ocrx_word' id='word_1_246' title='bbox 422 3310 541 3365; x_wconf 89' lang='lat' dir='ltr'><strong>Cor.</strong></span> <span class='ocrx_word' id='word_1_247' title='bbox 577 3310 679 3380; x_wconf 84' lang='lat' dir='ltr'><strong>Ill).</strong></span> <span class='ocrx_word' id='word_1_248' title='bbox 740 3311 879 3364; x_wconf 86' lang='lat' dir='ltr'><strong>Hinc</strong></span> <span class='ocrx_word' id='word_1_249' title='bbox 913 3312 1067 3364; x_wconf 90' lang='lat' dir='ltr'><strong>enim</strong></span> <span class='ocrx_word' id='word_1_250' title='bbox 1120 3313 1316 3365; x_wconf 88' lang='lat' dir='ltr'><strong>beatus</strong></span> <span class='ocrx_word' id='word_1_251' title='bbox 1367 3315 1672 3384; x_wconf 83' lang='lat' dir='ltr'><strong>Gregorius</strong></span> <span class='ocrx_word' id='word_1_252' title='bbox 1722 3332 1870 3385; x_wconf 89' lang='lat' dir='ltr'><strong>papa</strong></span> <span class='ocrx_word' id='word_1_253' title='bbox 1920 3316 1980 3370; x_wconf 95' lang='lat' dir='ltr'><strong>in</strong></span> 
     </span>
    </p>
   </div>
   <div class='ocr_carea' id='block_1_36' title="bbox 286 3398 1982 3469">
    <p class='ocr_par' dir='ltr' id='par_1_36' title="bbox 286 3398 1982 3469">
     <span class='ocr_line' id='line_1_36' title="bbox 286 3398 1982 3469; baseline 0.004 -18"><span class='ocrx_word' id='word_1_254' title='bbox 286 3398 525 3467; x_wconf 86' lang='lat' dir='ltr'><strong>epistola</strong></span> <span class='ocrx_word' id='word_1_255' title='bbox 606 3399 944 3453; x_wconf 66' lang='lat' dir='ltr'><strong>Theoctistaa</strong></span> <span class='ocrx_word' id='word_1_256' title='bbox 1006 3402 1258 3469; x_wconf 72' lang='lat' dir='ltr'><strong>patriciae</strong></span> <span class='ocrx_word' id='word_1_257' title='bbox 1324 3402 1557 3469; x_wconf 89' lang='lat' dir='ltr'><strong>directa,</strong></span> <span class='ocrx_word' id='word_1_258' title='bbox 1638 3404 1716 3457; x_wconf 90' lang='lat' dir='ltr'><strong>ita</strong></span> <span class='ocrx_word' id='word_1_259' title='bbox 1790 3404 1982 3458; x_wconf 90' lang='lat' dir='ltr'><strong>scribit</strong></span> 
     </span>
    </p>
   </div>
   <div class='ocr_carea' id='block_1_37' title="bbox 285 3485 1976 3562">
    <p class='ocr_par' dir='ltr' id='par_1_37' title="bbox 285 3485 1976 3562">
     <span class='ocr_line' id='line_1_37' title="bbox 285 3485 1976 3562; baseline 0.004 -23"><span class='ocrx_word' id='word_1_260' title='bbox 285 3485 431 3556; x_wconf 77' lang='lat' dir='ltr'><strong>(Lib.</strong></span> <span class='ocrx_word' id='word_1_261' title='bbox 483 3504 556 3553; x_wconf 82' lang='lat' dir='ltr'><strong>1x,</strong></span> <span class='ocrx_word' id='word_1_262' title='bbox 600 3490 755 3556; x_wconf 77' lang='lat' dir='ltr'><strong>epist.</strong></span> <span class='ocrx_word' id='word_1_263' title='bbox 792 3488 910 3559; x_wconf 83' lang='lat'><strong>39):</strong></span> <span class='ocrx_word' id='word_1_264' title='bbox 965 3490 1021 3542; x_wconf 88' lang='lat' dir='ltr'><strong>In</strong></span> <span class='ocrx_word' id='word_1_265' title='bbox 1059 3506 1249 3555; x_wconf 88' lang='lat' dir='ltr'><strong>omne,</strong></span> <span class='ocrx_word' id='word_1_266' title='bbox 1299 3490 1505 3561; x_wconf 88' lang='lat' dir='ltr'><strong>inquit,</strong></span> <span class='ocrx_word' id='word_1_267' title='bbox 1543 3492 1694 3562; x_wconf 90' lang='lat' dir='ltr'><strong>quod</strong></span> <span class='ocrx_word' id='word_1_268' title='bbox 1734 3493 1976 3561; x_wconf 85' lang='lat' dir='ltr'><strong>agimus,</strong></span> 
     </span>
    </p>
   </div>
   <div class='ocr_carea' id='block_1_38' title="bbox 284 3576 1981 3645">
    <p class='ocr_par' dir='ltr' id='par_1_38' title="bbox 284 3576 1981 3645">
     <span class='ocr_line' id='line_1_38' title="bbox 284 3576 1981 3645; baseline 0.004 -17"><span class='ocrx_word' id='word_1_269' title='bbox 284 3576 368 3629; x_wconf 89' lang='lat' dir='ltr'><strong>vel</strong></span> <span class='ocrx_word' id='word_1_270' title='bbox 420 3576 570 3645; x_wconf 91' lang='lat' dir='ltr'><strong>quod</strong></span> <span class='ocrx_word' id='word_1_271' title='bbox 600 3584 759 3631; x_wconf 85' lang='lat' dir='ltr'><strong>extra</strong></span> <span class='ocrx_word' id='word_1_272' title='bbox 785 3577 853 3631; x_wconf 88' lang='lat' dir='ltr'><strong>de</strong></span> <span class='ocrx_word' id='word_1_273' title='bbox 886 3578 1051 3631; x_wconf 90' lang='lat' dir='ltr'><strong>nobis</strong></span> <span class='ocrx_word' id='word_1_274' title='bbox 1079 3578 1307 3644; x_wconf 89' lang='lat' dir='ltr'><strong>dicitur,</strong></span> <span class='ocrx_word' id='word_1_275' title='bbox 1350 3596 1644 3634; x_wconf 76' lang='lat' dir='ltr'><strong>recurrere</strong></span> <span class='ocrx_word' id='word_1_276' title='bbox 1676 3581 1743 3635; x_wconf 87' lang='lat' dir='ltr'><strong>ad</strong></span> <span class='ocrx_word' id='word_1_277' title='bbox 1774 3597 1981 3635; x_wconf 90' lang='lat' dir='ltr'><strong>arcana</strong></span> 
     </span>
    </p>
   </div>
   <div class='ocr_carea' id='block_1_39' title="bbox 285 3662 1977 3737">
    <p class='ocr_par' dir='ltr' id='par_1_39' title="bbox 285 3662 1977 3737">
     <span class='ocr_line' id='line_1_39' title="bbox 285 3662 1977 3737; baseline 0.004 -22"><span class='ocrx_word' id='word_1_278' title='bbox 285 3662 495 3715; x_wconf 79' lang='lat' dir='ltr'><strong>mentis</strong></span> <span class='ocrx_word' id='word_1_279' title='bbox 538 3664 830 3718; x_wconf 87' lang='lat' dir='ltr'><strong>debemus.</strong></span> <span class='ocrx_word' id='word_1_280' title='bbox 883 3666 993 3718; x_wconf 88' lang='lat' dir='ltr'><strong>Etsi</strong></span> <span class='ocrx_word' id='word_1_281' title='bbox 1051 3682 1252 3719; x_wconf 88' lang='lat' dir='ltr'><strong>omnes</strong></span> <span class='ocrx_word' id='word_1_282' title='bbox 1300 3667 1647 3737; x_wconf 89' lang='lat' dir='ltr'><strong>vituperent,</strong></span> <span class='ocrx_word' id='word_1_283' title='bbox 1704 3668 1846 3723; x_wconf 85' lang='lat' dir='ltr'><strong>liber</strong></span> <span class='ocrx_word' id='word_1_284' title='bbox 1892 3674 1977 3722; x_wconf 90' lang='lat' dir='ltr'><strong>est</strong></span> 
     </span>
    </p>
   </div>
   <div class='ocr_carea' id='block_1_40' title="bbox 286 3753 1241 3821">
    <p class='ocr_par' dir='ltr' id='par_1_40' title="bbox 286 3753 1241 3821">
     <span class='ocr_line' id='line_1_40' title="bbox 286 3753 1241 3821; baseline 0.004 -17"><span class='ocrx_word' id='word_1_285' title='bbox 286 3766 457 3821; x_wconf 88' lang='lat' dir='ltr'><strong>quem</strong></span> <span class='ocrx_word' id='word_1_286' title='bbox 487 3753 834 3807; x_wconf 88' lang='lat' dir='ltr'><strong>conscientia</strong></span> <span class='ocrx_word' id='word_1_287' title='bbox 855 3770 970 3808; x_wconf 91' lang='lat' dir='ltr'><strong>non</strong></span> <span class='ocrx_word' id='word_1_288' title='bbox 999 3760 1241 3810; x_wconf 89' lang='lat' dir='ltr'><strong>accusat.</strong></span> 
     </span>
    </p>
   </div>
   <div class='ocr_carea' id='block_1_41' title="bbox 1089 3844 1175 3897">
    <p class='ocr_par' dir='ltr' id='par_1_41' title="bbox 1089 3844 1175 3897">
     <span class='ocr_line' id='line_1_41' title="bbox 1089 3844 1175 3897; baseline 0 -1"><span class='ocrx_word' id='word_1_289' title='bbox 1089 3844 1175 3897; x_wconf 92' lang='lat' dir='ltr'><strong>IV.</strong></span> 
     </span>
    </p>
   </div>
   <div class='ocr_carea' id='block_1_42' title="bbox 356 3928 1978 4003">
    <p class='ocr_par' dir='ltr' id='par_1_42' title="bbox 356 3928 1978 4003">
     <span class='ocr_line' id='line_1_42' title="bbox 356 3928 1978 4003; baseline 0.003 -19"><span class='ocrx_word' id='word_1_290' title='bbox 356 3928 416 3984; x_wconf 93' lang='lat' dir='ltr'><strong>Si</strong></span> <span class='ocrx_word' id='word_1_291' title='bbox 474 3929 765 3985; x_wconf 90' lang='lat' dir='ltr'><strong>decretum</strong></span> <span class='ocrx_word' id='word_1_292' title='bbox 828 3936 1029 3986; x_wconf 58' lang='lat' dir='ltr'><strong>vestras</strong></span> <span class='ocrx_word' id='word_1_293' title='bbox 1083 3933 1457 4000; x_wconf 83' lang='lat' dir='ltr'><strong>auctoritatis,</strong></span> <span class='ocrx_word' id='word_1_294' title='bbox 1512 3934 1731 4003; x_wconf 84' lang='lat' dir='ltr'><strong>judicio</strong></span> <span class='ocrx_word' id='word_1_295' title='bbox 1798 3935 1978 3989; x_wconf 89' lang='lat' dir='ltr'><strong>sancti</strong></span> 
     </span>
    </p>
   </div>
   <div class='ocr_carea' id='block_1_43' title="bbox 284 4016 1977 4092">
    <p class='ocr_par' dir='ltr' id='par_1_43' title="bbox 284 4016 1977 4092">
     <span class='ocr_line' id='line_1_43' title="bbox 284 4016 1977 4092; baseline 0.004 -22"><span class='ocrx_word' id='word_1_296' title='bbox 284 4016 557 4087; x_wconf 91' lang='lat' dir='ltr'><strong>Spiritus,</strong></span> <span class='ocrx_word' id='word_1_297' title='bbox 607 4020 678 4075; x_wconf 90' lang='lat' dir='ltr'><strong>ab</strong></span> <span class='ocrx_word' id='word_1_298' title='bbox 727 4020 887 4073; x_wconf 92' lang='lat' dir='ltr'><strong>omni</strong></span> <span class='ocrx_word' id='word_1_299' title='bbox 921 4022 1220 4089; x_wconf 83' lang='lat' dir='ltr'><strong>pastoralis</strong></span> <span class='ocrx_word' id='word_1_300' title='bbox 1267 4022 1440 4075; x_wconf 90' lang='lat' dir='ltr'><strong>oflicii</strong></span> <span class='ocrx_word' id='word_1_301' title='bbox 1497 4022 1776 4091; x_wconf 89' lang='lat' dir='ltr'><strong>regimine</strong></span> <span class='ocrx_word' id='word_1_302' title='bbox 1826 4040 1977 4092; x_wconf 68' lang='lat' dir='ltr'><strong>pra:-</strong></span> 
     </span>
    </p>
   </div>
   <div class='ocr_carea' id='block_1_44' title="bbox 283 4106 1978 4182">
    <p class='ocr_par' dir='ltr' id='par_1_44' title="bbox 283 4106 1978 4182">
     <span class='ocr_line' id='line_1_44' title="bbox 283 4106 1978 4182; baseline 0.004 -23"><span class='ocrx_word' id='word_1_303' title='bbox 283 4106 427 4159; x_wconf 85' lang='lat' dir='ltr'><strong>fatos</strong></span> <span class='ocrx_word' id='word_1_304' title='bbox 458 4109 847 4176; x_wconf 89' lang='lat' dir='ltr'><strong>metropolitas</strong></span> <span class='ocrx_word' id='word_1_305' title='bbox 880 4115 1079 4162; x_wconf 79' lang='lat' dir='ltr'><strong>exutos</strong></span> <span class='ocrx_word' id='word_1_306' title='bbox 1118 4110 1394 4178; x_wconf 82' lang='lat' dir='ltr'><strong>definivit,</strong></span> <span class='ocrx_word' id='word_1_307' title='bbox 1440 4116 1678 4182; x_wconf 90' lang='lat' dir='ltr'><strong>pr0pter</strong></span> <span class='ocrx_word' id='word_1_308' title='bbox 1722 4128 1978 4167; x_wconf 84' lang='lat' dir='ltr'><strong>excessus</strong></span> 
     </span>
    </p>
   </div>
   <div class='ocr_carea' id='block_1_45' title="bbox 284 4194 1977 4261">
    <p class='ocr_par' dir='ltr' id='par_1_45' title="bbox 284 4194 1977 4261">
     <span class='ocr_line' id='line_1_45' title="bbox 284 4194 1977 4261; baseline 0.005 -14"><span class='ocrx_word' id='word_1_309' title='bbox 284 4194 664 4261; x_wconf 89' lang='lat' dir='ltr'><strong>sanctionum,</strong></span> <span class='ocrx_word' id='word_1_310' title='bbox 723 4202 781 4249; x_wconf 89' lang='lat' dir='ltr'><strong>et</strong></span> <span class='ocrx_word' id='word_1_311' title='bbox 846 4196 1266 4251; x_wconf 81' lang='lat' dir='ltr'><strong>absolutionem</strong></span> <span class='ocrx_word' id='word_1_312' title='bbox 1316 4200 1696 4253; x_wconf 88' lang='lat' dir='ltr'><strong>anathematis</strong></span> <span class='ocrx_word' id='word_1_313' title='bbox 1755 4217 1786 4252; x_wconf 91' lang='lat' dir='ltr'><strong>a</strong></span> <span class='ocrx_word' id='word_1_314' title='bbox 1847 4201 1977 4255; x_wconf 88' lang='lat' dir='ltr'><strong>sede</strong></span> 
     </span>
    </p>
   </div>
   <div class='ocr_carea' id='block_1_46' title="bbox 1500 251 2600 312">
    <p class='ocr_par' dir='ltr' id='par_1_46' title="bbox 1500 251 2600 312">
     <span class='ocr_line' id='line_1_46' title="bbox 1500 251 2600 312; baseline -0.005 -3"><span class='ocrx_word' id='word_1_315' title='bbox 1500 256 1833 312; x_wconf 83' lang='lat' dir='ltr'><strong>ADVENTII</strong></span> <span class='ocrx_word' id='word_1_316' title='bbox 1876 256 2218 311; x_wconf 82' lang='lat' dir='ltr'><strong>METENSIS</strong></span> <span class='ocrx_word' id='word_1_317' title='bbox 2259 251 2600 310; x_wconf 87' lang='lat' dir='ltr'><strong>EPlSCOPl.</strong></span> 
     </span>
    </p>
   </div>
   <div class='ocr_carea' id='block_1_47' title="bbox 3664 252 3791 301">
    <p class='ocr_par' dir='ltr' id='par_1_47' title="bbox 3664 252 3791 301">
     <span class='ocr_line' id='line_1_47' title="bbox 3664 252 3791 301; baseline -0.016 0"><span class='ocrx_word' id='word_1_318' title='bbox 3664 252 3791 301; x_wconf 59' lang='lat' dir='ltr'><strong>“iis</strong></span> 
     </span>
    </p>
   </div>
   <div class='ocr_carea' id='block_1_48' title="bbox 2918 422 2977 475">
    <p class='ocr_par' dir='ltr' id='par_1_48' title="bbox 2918 422 2977 475">
     <span class='ocr_line' id='line_1_48' title="bbox 2918 422 2977 475; baseline 0.034 -2"><span class='ocrx_word' id='word_1_319' title='bbox 2918 422 2977 475; x_wconf 91' lang='lat' dir='ltr'><strong>V.</strong></span> 
     </span>
    </p>
   </div>
   <div class='ocr_carea' id='block_1_49' title="bbox 2169 564 3807 629">
    <p class='ocr_par' dir='ltr' id='par_1_49' title="bbox 2169 564 3807 629">
     <span class='ocr_line' id='line_1_49' title="bbox 2169 564 3807 629; baseline -0.004 -5"><span class='ocrx_word' id='word_1_320' title='bbox 2169 570 2520 625; x_wconf 90' lang='lat' dir='ltr'><strong>Sectatorem</strong></span> <span class='ocrx_word' id='word_1_321' title='bbox 2564 566 2990 629; x_wconf 89' lang='lat' dir='ltr'><strong>damnatorum,</strong></span> <span class='ocrx_word' id='word_1_322' title='bbox 3025 580 3087 617; x_wconf 89' lang='lat' dir='ltr'><strong>ac</strong></span> <span class='ocrx_word' id='word_1_323' title='bbox 3125 564 3489 629; x_wconf 89' lang='lat' dir='ltr'><strong>seditiosum,</strong></span> <span class='ocrx_word' id='word_1_324' title='bbox 3537 566 3619 619; x_wconf 87' lang='lat' dir='ltr'><strong>vel</strong></span> <span class='ocrx_word' id='word_1_325' title='bbox 3671 582 3807 618; x_wconf 83' lang='lat' dir='ltr'><strong>con-</strong></span> 
     </span>
    </p>
   </div>
   <div class='ocr_carea' id='block_1_50' title="bbox 2092 653 3809 729">
    <p class='ocr_par' dir='ltr' id='par_1_50' title="bbox 2092 653 3809 729">
     <span class='ocr_line' id='line_1_50' title="bbox 2092 653 3809 729; baseline -0.003 -17"><span class='ocrx_word' id='word_1_326' title='bbox 2092 657 2417 729; x_wconf 88' lang='lat' dir='ltr'><strong>jurationis,</strong></span> <span class='ocrx_word' id='word_1_327' title='bbox 2450 661 2551 708; x_wconf 88' lang='lat' dir='ltr'><strong>aut</strong></span> <span class='ocrx_word' id='word_1_328' title='bbox 2590 653 3027 724; x_wconf 89' lang='lat' dir='ltr'><strong>conspirationis</strong></span> <span class='ocrx_word' id='word_1_329' title='bbox 3058 669 3241 717; x_wconf 90' lang='lat' dir='ltr'><strong>reum,</strong></span> <span class='ocrx_word' id='word_1_330' title='bbox 3279 669 3371 706; x_wconf 90' lang='lat' dir='ltr'><strong>me</strong></span> <span class='ocrx_word' id='word_1_331' title='bbox 3420 654 3651 722; x_wconf 89' lang='lat' dir='ltr'><strong>penitus</strong></span> <span class='ocrx_word' id='word_1_332' title='bbox 3684 670 3809 707; x_wconf 87' lang='lat' dir='ltr'><strong>esse</strong></span> 
     </span>
    </p>
   </div>
   <div class='ocr_carea' id='block_1_51' title="bbox 2099 742 3809 815">
    <p class='ocr_par' dir='ltr' id='par_1_51' title="bbox 2099 742 3809 815">
     <span class='ocr_line' id='line_1_51' title="bbox 2099 742 3809 815; baseline -0.004 -15"><span class='ocrx_word' id='word_1_333' title='bbox 2099 748 2339 815; x_wconf 90' lang='lat' dir='ltr'><strong>denego,</strong></span> <span class='ocrx_word' id='word_1_334' title='bbox 2411 744 2845 812; x_wconf 79' lang='lat' dir='ltr'><strong>faventibUsque</strong></span> <span class='ocrx_word' id='word_1_335' title='bbox 2920 742 3361 812; x_wconf 88' lang='lat' dir='ltr'><strong>quibuscunque</strong></span> <span class='ocrx_word' id='word_1_336' title='bbox 3433 758 3809 812; x_wconf 86' lang='lat' dir='ltr'><strong>nequaquam</strong></span> 
     </span>
    </p>
   </div>
   <div class='ocr_carea' id='block_1_52' title="bbox 2097 832 3813 899">
    <p class='ocr_par' dir='ltr' id='par_1_52' title="bbox 2097 832 3813 899">
     <span class='ocr_line' id='line_1_52' title="bbox 2097 832 3813 899; baseline -0.003 -10"><span class='ocrx_word' id='word_1_337' title='bbox 2097 835 2373 889; x_wconf 88' lang='lat' dir='ltr'><strong>assentire</strong></span> <span class='ocrx_word' id='word_1_338' title='bbox 2416 834 2633 897; x_wconf 85' lang='lat' dir='ltr'><strong>fateor;</strong></span> <span class='ocrx_word' id='word_1_339' title='bbox 2691 833 2786 885; x_wconf 91' lang='lat' dir='ltr'><strong>sed</strong></span> <span class='ocrx_word' id='word_1_340' title='bbox 2826 848 2957 885; x_wconf 89' lang='lat' dir='ltr'><strong>cum</strong></span> <span class='ocrx_word' id='word_1_341' title='bbox 3015 832 3223 899; x_wconf 88' lang='lat' dir='ltr'><strong>capite,</strong></span> <span class='ocrx_word' id='word_1_342' title='bbox 3282 832 3335 884; x_wconf 90' lang='lat' dir='ltr'><strong>id</strong></span> <span class='ocrx_word' id='word_1_343' title='bbox 3366 838 3452 884; x_wconf 90' lang='lat' dir='ltr'><strong>est</strong></span> <span class='ocrx_word' id='word_1_344' title='bbox 3494 839 3694 886; x_wconf 86' lang='lat' dir='ltr'><strong>sancta</strong></span> <span class='ocrx_word' id='word_1_345' title='bbox 3756 837 3813 883; x_wconf 88' lang='lat' dir='ltr'><strong>et</strong></span> 
     </span>
    </p>
   </div>
   <div class='ocr_carea' id='block_1_53' title="bbox 2098 920 3810 990">
    <p class='ocr_par' dir='ltr' id='par_1_53' title="bbox 2098 920 3810 990">
     <span class='ocr_line' id='line_1_53' title="bbox 2098 920 3810 990; baseline -0.002 -13"><span class='ocrx_word' id='word_1_346' title='bbox 2098 923 2409 977; x_wconf 90' lang='lat' dir='ltr'><strong>venerabili</strong></span> <span class='ocrx_word' id='word_1_347' title='bbox 2443 922 2574 975; x_wconf 90' lang='lat' dir='ltr'><strong>sede</strong></span> <span class='ocrx_word' id='word_1_348' title='bbox 2626 921 2778 974; x_wconf 91' lang='lat' dir='ltr'><strong>beati</strong></span> <span class='ocrx_word' id='word_1_349' title='bbox 2825 920 2993 987; x_wconf 88' lang='lat' dir='ltr'><strong>Petri,</strong></span> <span class='ocrx_word' id='word_1_350' title='bbox 3048 920 3140 972; x_wconf 91' lang='lat' dir='ltr'><strong>cui</strong></span> <span class='ocrx_word' id='word_1_351' title='bbox 3188 921 3370 972; x_wconf 88' lang='lat' dir='ltr'><strong>claves</strong></span> <span class='ocrx_word' id='word_1_352' title='bbox 3420 922 3579 990; x_wconf 91' lang='lat' dir='ltr'><strong>regni</strong></span> <span class='ocrx_word' id='word_1_353' title='bbox 3628 922 3810 974; x_wconf 64' lang='grc' dir='ltr'><strong>οαειθ·</strong></span> 
     </span>
    </p>
   </div>
   <div class='ocr_carea' id='block_1_54' title="bbox 2099 1008 3810 1079">
    <p class='ocr_par' dir='ltr' id='par_1_54' title="bbox 2099 1008 3810 1079">
     <span class='ocr_line' id='line_1_54' title="bbox 2099 1008 3810 1079; baseline -0.003 -15"><span class='ocrx_word' id='word_1_354' title='bbox 2099 1029 2227 1066; x_wconf 91' lang='lat' dir='ltr'><strong>rum</strong></span> <span class='ocrx_word' id='word_1_355' title='bbox 2258 1009 2562 1072; x_wconf 82' lang='lat' dir='ltr'><strong>commisit,</strong></span> <span class='ocrx_word' id='word_1_356' title='bbox 2598 1009 2657 1063; x_wconf 90' lang='lat' dir='ltr'><strong>in</strong></span> <span class='ocrx_word' id='word_1_357' title='bbox 2688 1025 2802 1079; x_wconf 89' lang='lat' dir='ltr'><strong>qua</strong></span> <span class='ocrx_word' id='word_1_358' title='bbox 2834 1009 3005 1062; x_wconf 89' lang='lat' dir='ltr'><strong>etiam</strong></span> <span class='ocrx_word' id='word_1_359' title='bbox 3027 1014 3191 1079; x_wconf 88' lang='lat' dir='ltr'><strong>petra</strong></span> <span class='ocrx_word' id='word_1_360' title='bbox 3221 1008 3478 1063; x_wconf 86' lang='lat' dir='ltr'><strong>Christus</strong></span> <span class='ocrx_word' id='word_1_361' title='bbox 3514 1026 3604 1063; x_wconf 86' lang='lat' dir='ltr'><strong>rex</strong></span> <span class='ocrx_word' id='word_1_362' title='bbox 3632 1016 3810 1063; x_wconf 64' lang='lat' dir='ltr'><strong>mter-</strong></span> 
     </span>
    </p>
   </div>
   <div class='ocr_carea' id='block_1_55' title="bbox 2094 1097 3806 1169">
    <p class='ocr_par' dir='ltr' id='par_1_55' title="bbox 2094 1097 3806 1169">
     <span class='ocr_line' id='line_1_55' title="bbox 2094 1097 3806 1169; baseline -0.002 -15"><span class='ocrx_word' id='word_1_363' title='bbox 2094 1117 2203 1154; x_wconf 90' lang='lat' dir='ltr'><strong>nus</strong></span> <span class='ocrx_word' id='word_1_364' title='bbox 2250 1104 2504 1152; x_wconf 90' lang='lat' dir='ltr'><strong>sanctam</strong></span> <span class='ocrx_word' id='word_1_365' title='bbox 2579 1097 2882 1151; x_wconf 63' lang='lat' dir='ltr'><strong>aediﬁcavit</strong></span> <span class='ocrx_word' id='word_1_366' title='bbox 2956 1097 3284 1161; x_wconf 81' lang='lat' dir='ltr'><strong>Ecclesiam,</strong></span> <span class='ocrx_word' id='word_1_367' title='bbox 3344 1104 3544 1151; x_wconf 91' lang='lat' dir='ltr'><strong>contra</strong></span> <span class='ocrx_word' id='word_1_368' title='bbox 3614 1114 3806 1169; x_wconf 86' lang='lat' dir='ltr'><strong>quam</strong></span> 
     </span>
    </p>
   </div>
   <div class='ocr_carea' id='block_1_56' title="bbox 2098 1187 3807 1258">
    <p class='ocr_par' dir='ltr' id='par_1_56' title="bbox 2098 1187 3807 1258">
     <span class='ocr_line' id='line_1_56' title="bbox 2098 1187 3807 1258; baseline -0.001 -16"><span class='ocrx_word' id='word_1_369' title='bbox 2098 1194 2278 1258; x_wconf 72' lang='lat' dir='ltr'><strong>portas</strong></span> <span class='ocrx_word' id='word_1_370' title='bbox 2308 1188 2475 1241; x_wconf 86' lang='lat' dir='ltr'><strong>inferi</strong></span> <span class='ocrx_word' id='word_1_371' title='bbox 2506 1204 2627 1241; x_wconf 88' lang='lat' dir='ltr'><strong>non</strong></span> <span class='ocrx_word' id='word_1_372' title='bbox 2669 1187 3084 1257; x_wconf 74' lang='lat' dir='ltr'><strong>praevalebunt,</strong></span> <span class='ocrx_word' id='word_1_373' title='bbox 3116 1188 3389 1241; x_wconf 87' lang='lat' dir='ltr'><strong>canonice</strong></span> <span class='ocrx_word' id='word_1_374' title='bbox 3421 1188 3480 1241; x_wconf 91' lang='lat' dir='ltr'><strong>in</strong></span> <span class='ocrx_word' id='word_1_375' title='bbox 3527 1189 3807 1242; x_wconf 84' lang='lat' dir='ltr'><strong>omnibus</strong></span> 
     </span>
    </p>
   </div>
   <div class='ocr_carea' id='block_1_57' title="bbox 2100 1276 2736 1347">
    <p class='ocr_par' dir='ltr' id='par_1_57' title="bbox 2100 1276 2736 1347">
     <span class='ocr_line' id='line_1_57' title="bbox 2100 1276 2736 1347; baseline -0.003 -17"><span class='ocrx_word' id='word_1_376' title='bbox 2100 1293 2190 1330; x_wconf 92' lang='lat' dir='ltr'><strong>me</strong></span> <span class='ocrx_word' id='word_1_377' title='bbox 2223 1277 2411 1331; x_wconf 83' lang='lat' dir='ltr'><strong>favere</strong></span> <span class='ocrx_word' id='word_1_378' title='bbox 2442 1276 2736 1347; x_wconf 80' lang='lat' dir='ltr'><strong>proﬁteor.</strong></span> 
     </span>
    </p>
   </div>
   <div class='ocr_carea' id='block_1_58' title="bbox 2922 1400 2987 1452">
    <p class='ocr_par' dir='ltr' id='par_1_58' title="bbox 2922 1400 2987 1452">
     <span class='ocr_line' id='line_1_58' title="bbox 2922 1400 2987 1452; baseline 0.015 -1"><span class='ocrx_word' id='word_1_379' title='bbox 2922 1400 2987 1452; x_wconf 88' lang='lat' dir='ltr'><strong>Vl</strong></span> 
     </span>
    </p>
   </div>
   <div class='ocr_carea' id='block_1_59' title="bbox 2167 1540 3807 1611">
    <p class='ocr_par' dir='ltr' id='par_1_59' title="bbox 2167 1540 3807 1611">
     <span class='ocr_line' id='line_1_59' title="bbox 2167 1540 3807 1611; baseline -0.002 -14"><span class='ocrx_word' id='word_1_380' title='bbox 2167 1545 2339 1597; x_wconf 88' lang='lat' dir='ltr'><strong>Porro</strong></span> <span class='ocrx_word' id='word_1_381' title='bbox 2388 1541 2653 1596; x_wconf 88' lang='lat' dir='ltr'><strong>sanctitas</strong></span> <span class='ocrx_word' id='word_1_382' title='bbox 2712 1545 2912 1595; x_wconf 68' lang='lat' dir='ltr'><strong>vestra:</strong></span> <span class='ocrx_word' id='word_1_383' title='bbox 2969 1541 3333 1611; x_wconf 85' lang='lat' dir='ltr'><strong>paternitatis</strong></span> <span class='ocrx_word' id='word_1_384' title='bbox 3386 1540 3807 1593; x_wconf 86' lang='lat' dir='ltr'><strong>inviolabiliter</strong></span> 
     </span>
    </p>
   </div>
   <div class='ocr_carea' id='block_1_60' title="bbox 2106 1630 3809 1700">
    <p class='ocr_par' dir='ltr' id='par_1_60' title="bbox 2106 1630 3809 1700">
     <span class='ocr_line' id='line_1_60' title="bbox 2106 1630 3809 1700; baseline -0.003 -14"><span class='ocrx_word' id='word_1_385' title='bbox 2106 1632 2326 1687; x_wconf 84' lang='lat' dir='ltr'><strong>sensuit</strong></span> <span class='ocrx_word' id='word_1_386' title='bbox 2382 1632 2538 1685; x_wconf 91' lang='lat' dir='ltr'><strong>nullo</strong></span> <span class='ocrx_word' id='word_1_387' title='bbox 2580 1630 2750 1684; x_wconf 92' lang='lat' dir='ltr'><strong>modo</strong></span> <span class='ocrx_word' id='word_1_388' title='bbox 2802 1631 3112 1700; x_wconf 51' lang='lat' dir='ltr'><strong>pavendan</strong></span> <span class='ocrx_word' id='word_1_389' title='bbox 3161 1630 3443 1683; x_wconf 86' lang='lat' dir='ltr'><strong>bonorum</strong></span> <span class='ocrx_word' id='word_1_390' title='bbox 3494 1630 3809 1683; x_wconf 84' lang='lat' dir='ltr'><strong>admissio-</strong></span> 
     </span>
    </p>
   </div>
   <div class='ocr_carea' id='block_1_61' title="bbox 2100 1718 3808 1791">
    <p class='ocr_par' dir='ltr' id='par_1_61' title="bbox 2100 1718 3808 1791">
     <span class='ocr_line' id='line_1_61' title="bbox 2100 1718 3808 1791; baseline -0.002 -16"><span class='ocrx_word' id='word_1_391' title='bbox 2100 1738 2232 1775; x_wconf 91' lang='lat' dir='ltr'><strong>nem</strong></span> <span class='ocrx_word' id='word_1_392' title='bbox 2296 1737 2397 1791; x_wconf 89' lang='lat' dir='ltr'><strong>pro</strong></span> <span class='ocrx_word' id='word_1_393' title='bbox 2456 1720 2872 1773; x_wconf 90' lang='lat' dir='ltr'><strong>temeritatibus</strong></span> <span class='ocrx_word' id='word_1_394' title='bbox 2920 1724 2975 1771; x_wconf 93' lang='lat' dir='ltr'><strong>et</strong></span> <span class='ocrx_word' id='word_1_395' title='bbox 3020 1718 3565 1787; x_wconf 86' lang='lat' dir='ltr'><strong>subscriptionibus:</strong></span> <span class='ocrx_word' id='word_1_396' title='bbox 3626 1726 3808 1789; x_wconf 90' lang='lat' dir='ltr'><strong>atque</strong></span> 
     </span>
    </p>
   </div>
   <div class='ocr_carea' id='block_1_62' title="bbox 2096 1796 3809 1878">
    <p class='ocr_par' dir='ltr' id='par_1_62' title="bbox 2096 1796 3809 1878">
     <span class='ocr_line' id='line_1_62' title="bbox 2096 1796 3809 1878; baseline -0.004 -15"><span class='ocrx_word' id='word_1_397' title='bbox 2096 1809 2519 1878; x_wconf 89' lang='lat' dir='ltr'><strong>indulgentiam</strong></span> <span class='ocrx_word' id='word_1_398' title='bbox 2572 1824 2686 1861; x_wconf 91' lang='lat' dir='ltr'><strong>non</strong></span> <span class='ocrx_word' id='word_1_399' title='bbox 2739 1824 2860 1861; x_wconf 89' lang='lat' dir='ltr'><strong>esse</strong></span> <span class='ocrx_word' id='word_1_400' title='bbox 2919 1796 3337 1875; x_wconf 80' lang='lat' dir='ltr'><strong>denegandam,</strong></span> <span class='ocrx_word' id='word_1_401' title='bbox 3400 1806 3447 1859; x_wconf 92' lang='lat' dir='ltr'><strong>si</strong></span> <span class='ocrx_word' id='word_1_402' title='bbox 3500 1806 3809 1859; x_wconf 89' lang='lat' dir='ltr'><strong>vobiscum</strong></span> 
     </span>
    </p>
   </div>
   <div class='ocr_carea' id='block_1_63' title="bbox 2097 1895 3808 1969">
    <p class='ocr_par' dir='ltr' id='par_1_63' title="bbox 2097 1895 3808 1969">
     <span class='ocr_line' id='line_1_63' title="bbox 2097 1895 3808 1969; baseline -0.004 -17"><span class='ocrx_word' id='word_1_403' title='bbox 2097 1915 2317 1969; x_wconf 86' lang='lat' dir='ltr'><strong>sapere,</strong></span> <span class='ocrx_word' id='word_1_404' title='bbox 2346 1902 2719 1967; x_wconf 89' lang='lat' dir='ltr'><strong>nostrumque</strong></span> <span class='ocrx_word' id='word_1_405' title='bbox 2747 1912 2851 1966; x_wconf 91' lang='lat' dir='ltr'><strong>per</strong></span> <span class='ocrx_word' id='word_1_406' title='bbox 2882 1895 3278 1964; x_wconf 88' lang='lat' dir='ltr'><strong>nosmetipsos,</strong></span> <span class='ocrx_word' id='word_1_407' title='bbox 3316 1899 3414 1947; x_wconf 91' lang='lat' dir='ltr'><strong>aut</strong></span> <span class='ocrx_word' id='word_1_408' title='bbox 3446 1910 3546 1963; x_wconf 91' lang='lat' dir='ltr'><strong>per</strong></span> <span class='ocrx_word' id='word_1_409' title='bbox 3578 1895 3808 1963; x_wconf 85' lang='lat' dir='ltr'><strong>legatos</strong></span> 
     </span>
    </p>
   </div>
   <div class='ocr_carea' id='block_1_64' title="bbox 2097 1983 3806 2054">
    <p class='ocr_par' dir='ltr' id='par_1_64' title="bbox 2097 1983 3806 2054">
     <span class='ocr_line' id='line_1_64' title="bbox 2097 1983 3806 2054; baseline -0.004 -13"><span class='ocrx_word' id='word_1_410' title='bbox 2097 1992 2320 2041; x_wconf 88' lang='lat' dir='ltr'><strong>nostros</strong></span> <span class='ocrx_word' id='word_1_411' title='bbox 2369 2002 2663 2040; x_wconf 84' lang='lat' dir='ltr'><strong>assensum</strong></span> <span class='ocrx_word' id='word_1_412' title='bbox 2712 2000 2841 2038; x_wconf 92' lang='lat' dir='ltr'><strong>cum</strong></span> <span class='ocrx_word' id='word_1_413' title='bbox 2894 1984 3119 2054; x_wconf 91' lang='lat' dir='ltr'><strong>scriptis</strong></span> <span class='ocrx_word' id='word_1_414' title='bbox 3165 1984 3369 2037; x_wconf 80' lang='lat' dir='ltr'><strong>offerre</strong></span> <span class='ocrx_word' id='word_1_415' title='bbox 3415 1983 3806 2036; x_wconf 75' lang='lat' dir='ltr'><strong>studeremus.</strong></span> 
     </span>
    </p>
   </div>
   <div class='ocr_carea' id='block_1_65' title="bbox 2096 2071 3808 2147">
    <p class='ocr_par' dir='ltr' id='par_1_65' title="bbox 2096 2071 3808 2147">
     <span class='ocr_line' id='line_1_65' title="bbox 2096 2071 3808 2147; baseline -0.006 -14"><span class='ocrx_word' id='word_1_416' title='bbox 2096 2077 2329 2133; x_wconf 87' lang='lat' dir='ltr'><strong>Noverit</strong></span> <span class='ocrx_word' id='word_1_417' title='bbox 2377 2075 2776 2147; x_wconf 54' lang='lat' dir='ltr'><strong>praecellentia</strong></span> <span class='ocrx_word' id='word_1_418' title='bbox 2821 2079 3021 2127; x_wconf 68' lang='lat' dir='ltr'><strong>vestrae</strong></span> <span class='ocrx_word' id='word_1_419' title='bbox 3062 2073 3331 2126; x_wconf 86' lang='lat' dir='ltr'><strong>sanctitas</strong></span> <span class='ocrx_word' id='word_1_420' title='bbox 3384 2071 3808 2125; x_wconf 81' lang='lat' dir='ltr'><strong>muniﬁcentis-</strong></span> 
     </span>
    </p>
   </div>
   <div class='ocr_carea' id='block_1_66' title="bbox 2096 2160 3807 2235">
    <p class='ocr_par' dir='ltr' id='par_1_66' title="bbox 2096 2160 3807 2235">
     <span class='ocr_line' id='line_1_66' title="bbox 2096 2160 3807 2235; baseline -0.004 -15"><span class='ocrx_word' id='word_1_421' title='bbox 2096 2166 2260 2232; x_wconf 89' lang='lat' dir='ltr'><strong>sima,</strong></span> <span class='ocrx_word' id='word_1_422' title='bbox 2311 2164 2467 2235; x_wconf 92' lang='lat' dir='ltr'><strong>quod</strong></span> <span class='ocrx_word' id='word_1_423' title='bbox 2523 2164 2748 2233; x_wconf 91' lang='lat' dir='ltr'><strong>legatus</strong></span> <span class='ocrx_word' id='word_1_424' title='bbox 2806 2168 3016 2223; x_wconf 91' lang='lat' dir='ltr'><strong>noster,</strong></span> <span class='ocrx_word' id='word_1_425' title='bbox 3078 2162 3177 2232; x_wconf 92' lang='lat' dir='ltr'><strong>qui</strong></span> <span class='ocrx_word' id='word_1_426' title='bbox 3205 2162 3322 2231; x_wconf 89' lang='lat' dir='ltr'><strong>jam</strong></span> <span class='ocrx_word' id='word_1_427' title='bbox 3370 2160 3531 2213; x_wconf 86' lang='lat' dir='ltr'><strong>vobis</strong></span> <span class='ocrx_word' id='word_1_428' title='bbox 3586 2160 3807 2213; x_wconf 84' lang='lat' dir='ltr'><strong>factam</strong></span> 
     </span>
    </p>
   </div>
   <div class='ocr_carea' id='block_1_67' title="bbox 2096 2248 3805 2325">
    <p class='ocr_par' dir='ltr' id='par_1_67' title="bbox 2096 2248 3805 2325">
     <span class='ocr_line' id='line_1_67' title="bbox 2096 2248 3805 2325; baseline -0.004 -17"><span class='ocrx_word' id='word_1_429' title='bbox 2096 2254 2509 2325; x_wconf 89' lang='lat' dir='ltr'><strong>professionem</strong></span> <span class='ocrx_word' id='word_1_430' title='bbox 2582 2252 2925 2319; x_wconf 90' lang='lat' dir='ltr'><strong>ostenderet,</strong></span> <span class='ocrx_word' id='word_1_431' title='bbox 2997 2256 3052 2304; x_wconf 90' lang='lat' dir='ltr'><strong>et</strong></span> <span class='ocrx_word' id='word_1_432' title='bbox 3124 2249 3543 2319; x_wconf 87' lang='lat' dir='ltr'><strong>multiplicibus</strong></span> <span class='ocrx_word' id='word_1_433' title='bbox 3609 2248 3805 2301; x_wconf 76' lang='lat' dir='ltr'><strong>verbis</strong></span> 
     </span>
    </p>
   </div>
   <div class='ocr_carea' id='block_1_68' title="bbox 2095 2338 3805 2409">
    <p class='ocr_par' dir='ltr' id='par_1_68' title="bbox 2095 2338 3805 2409">
     <span class='ocr_line' id='line_1_68' title="bbox 2095 2338 3805 2409; baseline -0.004 -13"><span class='ocrx_word' id='word_1_434' title='bbox 2095 2343 2441 2405; x_wconf 90' lang='lat' dir='ltr'><strong>enuclearet,</strong></span> <span class='ocrx_word' id='word_1_435' title='bbox 2492 2340 2620 2393; x_wconf 89' lang='lat' dir='ltr'><strong>ideo</strong></span> <span class='ocrx_word' id='word_1_436' title='bbox 2672 2339 2935 2403; x_wconf 88' lang='lat' dir='ltr'><strong>tardavit,</strong></span> <span class='ocrx_word' id='word_1_437' title='bbox 3003 2338 3139 2409; x_wconf 92' lang='lat' dir='ltr'><strong>quia</strong></span> <span class='ocrx_word' id='word_1_438' title='bbox 3190 2343 3424 2391; x_wconf 71' lang='lat' dir='ltr'><strong>caeteros</strong></span> <span class='ocrx_word' id='word_1_439' title='bbox 3482 2338 3805 2391; x_wconf 87' lang='lat' dir='ltr'><strong>confratres</strong></span> 
     </span>
    </p>
   </div>
   <div class='ocr_carea' id='block_1_69' title="bbox 2095 2426 3804 2498">
    <p class='ocr_par' dir='ltr' id='par_1_69' title="bbox 2095 2426 3804 2498">
     <span class='ocr_line' id='line_1_69' title="bbox 2095 2426 3804 2498; baseline -0.004 -13"><span class='ocrx_word' id='word_1_440' title='bbox 2095 2436 2318 2485; x_wconf 90' lang='lat' dir='ltr'><strong>nostros</strong></span> <span class='ocrx_word' id='word_1_441' title='bbox 2348 2431 2459 2484; x_wconf 91' lang='lat' dir='ltr'><strong>huc</strong></span> <span class='ocrx_word' id='word_1_442' title='bbox 2491 2430 2741 2498; x_wconf 90' lang='lat' dir='ltr'><strong>illucque</strong></span> <span class='ocrx_word' id='word_1_443' title='bbox 2791 2428 2859 2481; x_wconf 92' lang='lat' dir='ltr'><strong>de</strong></span> <span class='ocrx_word' id='word_1_444' title='bbox 2904 2428 3140 2481; x_wconf 89' lang='lat' dir='ltr'><strong>diversis</strong></span> <span class='ocrx_word' id='word_1_445' title='bbox 3189 2426 3445 2497; x_wconf 89' lang='lat' dir='ltr'><strong>partibus</strong></span> <span class='ocrx_word' id='word_1_446' title='bbox 3488 2426 3804 2491; x_wconf 79' lang='lat' dir='ltr'><strong>advocans,</strong></span> 
     </span>
    </p>
   </div>
   <div class='ocr_carea' id='block_1_70' title="bbox 2094 2516 3795 2585">
    <p class='ocr_par' dir='ltr' id='par_1_70' title="bbox 2094 2516 3795 2585">
     <span class='ocr_line' id='line_1_70' title="bbox 2094 2516 3795 2585; baseline -0.003 -15"><span class='ocrx_word' id='word_1_447' title='bbox 2094 2519 2387 2573; x_wconf 90' lang='lat' dir='ltr'><strong>vobiscum</strong></span> <span class='ocrx_word' id='word_1_448' title='bbox 2410 2518 2620 2571; x_wconf 88' lang='lat' dir='ltr'><strong>sentire</strong></span> <span class='ocrx_word' id='word_1_449' title='bbox 2645 2516 2997 2570; x_wconf 87' lang='lat' dir='ltr'><strong>unanimiter</strong></span> <span class='ocrx_word' id='word_1_450' title='bbox 3030 2523 3086 2569; x_wconf 85' lang='lat' dir='ltr'><strong>et</strong></span> <span class='ocrx_word' id='word_1_451' title='bbox 3107 2531 3304 2585; x_wconf 86' lang='lat' dir='ltr'><strong>sapere</strong></span> <span class='ocrx_word' id='word_1_452' title='bbox 3339 2516 3601 2568; x_wconf 89' lang='lat' dir='ltr'><strong>hortatus</strong></span> <span class='ocrx_word' id='word_1_453' title='bbox 3643 2532 3795 2568; x_wconf 90' lang='lat' dir='ltr'><strong>sum.</strong></span> 
     </span>
    </p>
   </div>
   <div class='ocr_carea' id='block_1_71' title="bbox 2100 2604 3799 2676">
    <p class='ocr_par' dir='ltr' id='par_1_71' title="bbox 2100 2604 3799 2676">
     <span class='ocr_line' id='line_1_71' title="bbox 2100 2604 3799 2676; baseline -0.003 -16"><span class='ocrx_word' id='word_1_454' title='bbox 2100 2609 2418 2676; x_wconf 86' lang='lat' dir='ltr'><strong>Eorumque</strong></span> <span class='ocrx_word' id='word_1_455' title='bbox 2480 2605 3141 2675; x_wconf 84' lang='lat' dir='ltr'><strong>omniumgcneruliter</strong></span> <span class='ocrx_word' id='word_1_456' title='bbox 3202 2604 3584 2656; x_wconf 85' lang='lat' dir='ltr'><strong>unanimitate</strong></span> <span class='ocrx_word' id='word_1_457' title='bbox 3645 2620 3799 2656; x_wconf 87' lang='lat' dir='ltr'><strong>com-</strong></span> 
     </span>
    </p>
   </div>
   <div class='ocr_carea' id='block_1_72' title="bbox 2095 2692 3797 2767">
    <p class='ocr_par' dir='ltr' id='par_1_72' title="bbox 2095 2692 3797 2767">
     <span class='ocr_line' id='line_1_72' title="bbox 2095 2692 3797 2767; baseline -0.004 -18"><span class='ocrx_word' id='word_1_458' title='bbox 2095 2702 2272 2767; x_wconf 85' lang='lat' dir='ltr'><strong>perta,</strong></span> <span class='ocrx_word' id='word_1_459' title='bbox 2308 2696 2468 2765; x_wconf 90' lang='lat' dir='ltr'><strong>quasi</strong></span> <span class='ocrx_word' id='word_1_460' title='bbox 2498 2710 2818 2765; x_wconf 65' lang='lat' dir='ltr'><strong>praeconem</strong></span> <span class='ocrx_word' id='word_1_461' title='bbox 2844 2694 3011 2763; x_wconf 85' lang='lat' dir='ltr'><strong>legati</strong></span> <span class='ocrx_word' id='word_1_462' title='bbox 3046 2692 3245 2758; x_wconf 91' lang='lat' dir='ltr'><strong>nostri,</strong></span> <span class='ocrx_word' id='word_1_463' title='bbox 3281 2693 3336 2744; x_wconf 91' lang='lat' dir='ltr'><strong>in</strong></span> <span class='ocrx_word' id='word_1_464' title='bbox 3372 2693 3495 2761; x_wconf 90' lang='lat' dir='ltr'><strong>ipso</strong></span> <span class='ocrx_word' id='word_1_465' title='bbox 3534 2693 3797 2761; x_wconf 82' lang='lat' dir='ltr'><strong>margine</strong></span> 
     </span>
    </p>
   </div>
   <div class='ocr_carea' id='block_1_73' title="bbox 2094 2779 3801 2855">
    <p class='ocr_par' dir='ltr' id='par_1_73' title="bbox 2094 2779 3801 2855">
     <span class='ocr_line' id='line_1_73' title="bbox 2094 2779 3801 2855; baseline -0.004 -18"><span class='ocrx_word' id='word_1_466' title='bbox 2094 2784 2388 2855; x_wconf 57' lang='lat' dir='ltr'><strong>praesentis</strong></span> <span class='ocrx_word' id='word_1_467' title='bbox 2422 2783 2548 2835; x_wconf 69' lang='lat' dir='ltr'><strong>vitre</strong></span> <span class='ocrx_word' id='word_1_468' title='bbox 2578 2783 2934 2842; x_wconf 87' lang='lat' dir='ltr'><strong>constitutus,</strong></span> <span class='ocrx_word' id='word_1_469' title='bbox 2974 2788 3175 2833; x_wconf 66' lang='lat' dir='ltr'><strong>vestrm</strong></span> <span class='ocrx_word' id='word_1_470' title='bbox 3208 2788 3420 2832; x_wconf 59' lang='lat' dir='ltr'><strong>sancta;</strong></span> <span class='ocrx_word' id='word_1_471' title='bbox 3461 2779 3801 2849; x_wconf 81' lang='lat' dir='ltr'><strong>paternitati</strong></span> 
     </span>
    </p>
   </div>
   <div class='ocr_carea' id='block_1_74' title="bbox 2094 2868 3792 2943">
    <p class='ocr_par' dir='ltr' id='par_1_74' title="bbox 2094 2868 3792 2943">
     <span class='ocr_line' id='line_1_74' title="bbox 2094 2868 3792 2943; baseline -0.004 -17"><span class='ocrx_word' id='word_1_472' title='bbox 2094 2873 2364 2943; x_wconf 70' lang='lat' dir='ltr'><strong>praemissi,</strong></span> <span class='ocrx_word' id='word_1_473' title='bbox 2396 2877 2738 2942; x_wconf 68' lang='lat' dir='ltr'><strong>praesentem</strong></span> <span class='ocrx_word' id='word_1_474' title='bbox 2770 2870 3033 2923; x_wconf 86' lang='lat' dir='ltr'><strong>videlicet</strong></span> <span class='ocrx_word' id='word_1_475' title='bbox 3064 2870 3385 2921; x_wconf 88' lang='lat' dir='ltr'><strong>litterarum</strong></span> <span class='ocrx_word' id='word_1_476' title='bbox 3418 2868 3792 2937; x_wconf 85' lang='lat' dir='ltr'><strong>portitorem.</strong></span> 
     </span>
    </p>
   </div>
   <div class='ocr_carea' id='block_1_75' title="bbox 2048 2956 3799 3029">
    <p class='ocr_par' dir='ltr' id='par_1_75' title="bbox 2048 2956 3799 3029">
     <span class='ocr_line' id='line_1_75' title="bbox 2048 2956 3799 3029; baseline -0.004 -14"><span class='ocrx_word' id='word_1_477' title='bbox 2048 2963 2244 3029; x_wconf 64' lang='grc' dir='ltr'>ιΝιιιὶΙ</span> <span class='ocrx_word' id='word_1_478' title='bbox 2294 2962 2353 3015; x_wconf 91' lang='lat' dir='ltr'><strong>in</strong></span> <span class='ocrx_word' id='word_1_479' title='bbox 2384 2977 2475 3014; x_wconf 90' lang='lat' dir='ltr'><strong>me</strong></span> <span class='ocrx_word' id='word_1_480' title='bbox 2520 2960 2879 3029; x_wconf 87' lang='lat' dir='ltr'><strong>ambiguum,</strong></span> <span class='ocrx_word' id='word_1_481' title='bbox 2915 2958 3173 3028; x_wconf 89' lang='lat' dir='ltr'><strong>nihilque</strong></span> <span class='ocrx_word' id='word_1_482' title='bbox 3224 2956 3557 3010; x_wconf 83' lang='lat' dir='ltr'><strong>damnabile</strong></span> <span class='ocrx_word' id='word_1_483' title='bbox 3608 2972 3799 3009; x_wconf 88' lang='lat' dir='ltr'><strong>rema-</strong></span> 
     </span>
    </p>
   </div>
   <div class='ocr_carea' id='block_1_76' title="bbox 2092 3045 3798 3121">
    <p class='ocr_par' dir='ltr' id='par_1_76' title="bbox 2092 3045 3798 3121">
     <span class='ocr_line' id='line_1_76' title="bbox 2092 3045 3798 3121; baseline -0.005 -16"><span class='ocrx_word' id='word_1_484' title='bbox 2092 3068 2228 3106; x_wconf 89' lang='lat' dir='ltr'><strong>nere</strong></span> <span class='ocrx_word' id='word_1_485' title='bbox 2264 3052 2471 3121; x_wconf 90' lang='lat' dir='ltr'><strong>patior,</strong></span> <span class='ocrx_word' id='word_1_486' title='bbox 2505 3050 2596 3103; x_wconf 90' lang='lat' dir='ltr'><strong>cui</strong></span> <span class='ocrx_word' id='word_1_487' title='bbox 2628 3049 2777 3102; x_wconf 90' lang='lat' dir='ltr'><strong>viam</strong></span> <span class='ocrx_word' id='word_1_488' title='bbox 2826 3048 3013 3101; x_wconf 89' lang='lat' dir='ltr'><strong>omnis</strong></span> <span class='ocrx_word' id='word_1_489' title='bbox 3050 3047 3234 3100; x_wconf 85' lang='lat' dir='ltr'><strong>carnis</strong></span> <span class='ocrx_word' id='word_1_490' title='bbox 3268 3047 3524 3116; x_wconf 87' lang='lat' dir='ltr'><strong>arripere</strong></span> <span class='ocrx_word' id='word_1_491' title='bbox 3574 3045 3798 3115; x_wconf 89' lang='lat' dir='ltr'><strong>proprii</strong></span> 
     </span>
    </p>
   </div>
   <div class='ocr_carea' id='block_1_77' title="bbox 2091 3134 3799 3210">
    <p class='ocr_par' dir='ltr' id='par_1_77' title="bbox 2091 3134 3799 3210">
     <span class='ocr_line' id='line_1_77' title="bbox 2091 3134 3799 3210; baseline -0.004 -17"><span class='ocrx_word' id='word_1_492' title='bbox 2091 3140 2342 3210; x_wconf 89' lang='lat' dir='ltr'><strong>corporis</strong></span> <span class='ocrx_word' id='word_1_493' title='bbox 2400 3138 2676 3192; x_wconf 88' lang='lat' dir='ltr'><strong>resolutio</strong></span> <span class='ocrx_word' id='word_1_494' title='bbox 2737 3137 3060 3206; x_wconf 88' lang='lat' dir='ltr'><strong>pollicetur.</strong></span> <span class='ocrx_word' id='word_1_495' title='bbox 3102 3136 3213 3190; x_wconf 90' lang='lat' dir='ltr'><strong>Sed</strong></span> <span class='ocrx_word' id='word_1_496' title='bbox 3270 3136 3328 3188; x_wconf 90' lang='lat' dir='ltr'><strong>in</strong></span> <span class='ocrx_word' id='word_1_497' title='bbox 3376 3134 3799 3204; x_wconf 86' lang='lat' dir='ltr'><strong>omnipotentis</strong></span> 
     </span>
    </p>
   </div>
   <div class='ocr_carea' id='block_1_78' title="bbox 2094 3224 3800 3295">
    <p class='ocr_par' dir='ltr' id='par_1_78' title="bbox 2094 3224 3800 3295">
     <span class='ocr_line' id='line_1_78' title="bbox 2094 3224 3800 3295; baseline -0.005 -12"><span class='ocrx_word' id='word_1_498' title='bbox 2094 3230 2191 3283; x_wconf 92' lang='lat' dir='ltr'><strong>Dei</strong></span> <span class='ocrx_word' id='word_1_499' title='bbox 2222 3226 2669 3283; x_wconf 88' lang='lat' dir='ltr'><strong>misericordiam</strong></span> <span class='ocrx_word' id='word_1_500' title='bbox 2702 3226 2863 3279; x_wconf 87' lang='lat' dir='ltr'><strong>valde</strong></span> <span class='ocrx_word' id='word_1_501' title='bbox 2910 3224 3157 3290; x_wconf 81' lang='lat' dir='ltr'><strong>conﬁdo,</strong></span> <span class='ocrx_word' id='word_1_502' title='bbox 3209 3225 3362 3295; x_wconf 88' lang='lat' dir='ltr'><strong>quod</strong></span> <span class='ocrx_word' id='word_1_503' title='bbox 3411 3224 3558 3276; x_wconf 87' lang='lat' dir='ltr'><strong>nihil</strong></span> <span class='ocrx_word' id='word_1_504' title='bbox 3608 3239 3800 3293; x_wconf 83' lang='lat' dir='ltr'><strong>pecca-</strong></span> 
     </span>
    </p>
   </div>
   <div class='ocr_carea' id='block_1_79' title="bbox 2092 3312 3793 3387">
    <p class='ocr_par' dir='ltr' id='par_1_79' title="bbox 2092 3312 3793 3387">
     <span class='ocr_line' id='line_1_79' title="bbox 2092 3312 3793 3387; baseline -0.005 -16"><span class='ocrx_word' id='word_1_505' title='bbox 2092 3318 2200 3371; x_wconf 87' lang='lat' dir='ltr'><strong>tori</strong></span> <span class='ocrx_word' id='word_1_506' title='bbox 2232 3316 2479 3387; x_wconf 88' lang='lat' dir='ltr'><strong>spatium</strong></span> <span class='ocrx_word' id='word_1_507' title='bbox 2502 3317 2672 3385; x_wconf 88' lang='lat' dir='ltr'><strong>hujus</strong></span> <span class='ocrx_word' id='word_1_508' title='bbox 2693 3314 3037 3367; x_wconf 58' lang='lat' dir='ltr'><strong>calamitosas</strong></span> <span class='ocrx_word' id='word_1_509' title='bbox 3063 3314 3192 3366; x_wconf 64' lang='lat' dir='ltr'><strong>vita:</strong></span> <span class='ocrx_word' id='word_1_510' title='bbox 3213 3314 3524 3366; x_wconf 88' lang='lat' dir='ltr'><strong>concedere</strong></span> <span class='ocrx_word' id='word_1_511' title='bbox 3560 3312 3793 3375; x_wconf 87' lang='lat' dir='ltr'><strong>debeat,</strong></span> 
     </span>
    </p>
   </div>
   <div class='ocr_carea' id='block_1_80' title="bbox 2089 3402 3795 3476">
    <p class='ocr_par' dir='ltr' id='par_1_80' title="bbox 2089 3402 3795 3476">
     <span class='ocr_line' id='line_1_80' title="bbox 2089 3402 3795 3476; baseline -0.004 -17"><span class='ocrx_word' id='word_1_512' title='bbox 2089 3421 2388 3476; x_wconf 90' lang='lat' dir='ltr'><strong>quousque</strong></span> <span class='ocrx_word' id='word_1_513' title='bbox 2450 3405 2623 3473; x_wconf 55' lang='lat' dir='ltr'><strong>digna</strong></span> <span class='ocrx_word' id='word_1_514' title='bbox 2668 3402 3053 3456; x_wconf 85' lang='lat' dir='ltr'><strong>satisfactione</strong></span> <span class='ocrx_word' id='word_1_515' title='bbox 3101 3409 3402 3472; x_wconf 79' lang='lat' dir='ltr'><strong>purgatus,</strong></span> <span class='ocrx_word' id='word_1_516' title='bbox 3437 3406 3645 3454; x_wconf 68' lang='lat' dir='ltr'><strong>vestra:</strong></span> <span class='ocrx_word' id='word_1_517' title='bbox 3692 3416 3795 3469; x_wconf 88' lang='lat' dir='ltr'><strong>pa-</strong></span> 
     </span>
    </p>
   </div>
   <div class='ocr_carea' id='block_1_81' title="bbox 2088 3488 3793 3562">
    <p class='ocr_par' dir='ltr' id='par_1_81' title="bbox 2088 3488 3793 3562">
     <span class='ocr_line' id='line_1_81' title="bbox 2088 3488 3793 3562; baseline -0.005 -15"><span class='ocrx_word' id='word_1_518' title='bbox 2088 3498 2263 3548; x_wconf 69' lang='lat' dir='ltr'><strong>ternae</strong></span> <span class='ocrx_word' id='word_1_519' title='bbox 2307 3493 2537 3562; x_wconf 88' lang='lat' dir='ltr'><strong>pietatis</strong></span> <span class='ocrx_word' id='word_1_520' title='bbox 2580 3491 2823 3561; x_wconf 90' lang='lat' dir='ltr'><strong>gratiam</strong></span> <span class='ocrx_word' id='word_1_521' title='bbox 2864 3489 3081 3560; x_wconf 87' lang='lat' dir='ltr'><strong>petenti</strong></span> <span class='ocrx_word' id='word_1_522' title='bbox 3115 3490 3393 3543; x_wconf 89' lang='lat' dir='ltr'><strong>redditam</strong></span> <span class='ocrx_word' id='word_1_523' title='bbox 3446 3488 3793 3557; x_wconf 84' lang='lat' dir='ltr'><strong>intelligam,</strong></span> 
     </span>
    </p>
   </div>
   <div class='ocr_carea' id='block_1_82' title="bbox 2088 3576 3789 3653">
    <p class='ocr_par' dir='ltr' id='par_1_82' title="bbox 2088 3576 3789 3653">
     <span class='ocr_line' id='line_1_82' title="bbox 2088 3576 3789 3653; baseline -0.005 -17"><span class='ocrx_word' id='word_1_524' title='bbox 2088 3598 2295 3653; x_wconf 89' lang='lat' dir='ltr'><strong>meque</strong></span> <span class='ocrx_word' id='word_1_525' title='bbox 2334 3586 2627 3650; x_wconf 89' lang='lat' dir='ltr'><strong>receptum</strong></span> <span class='ocrx_word' id='word_1_526' title='bbox 2659 3580 2717 3633; x_wconf 92' lang='lat' dir='ltr'><strong>in</strong></span> <span class='ocrx_word' id='word_1_527' title='bbox 2744 3585 2929 3633; x_wconf 82' lang='lat' dir='ltr'><strong>vestro</strong></span> <span class='ocrx_word' id='word_1_528' title='bbox 2966 3580 3080 3633; x_wconf 85' lang='lat' dir='ltr'><strong>Deo</strong></span> <span class='ocrx_word' id='word_1_529' title='bbox 3112 3578 3286 3649; x_wconf 85' lang='lat' dir='ltr'><strong>digno</strong></span> <span class='ocrx_word' id='word_1_530' title='bbox 3331 3576 3619 3630; x_wconf 88' lang='lat' dir='ltr'><strong>consortio</strong></span> <span class='ocrx_word' id='word_1_531' title='bbox 3649 3592 3789 3629; x_wconf 89' lang='lat' dir='ltr'><strong>con—</strong></span> 
     </span>
    </p>
   </div>
   <div class='ocr_carea' id='block_1_83' title="bbox 2087 3667 3791 3743">
    <p class='ocr_par' dir='ltr' id='par_1_83' title="bbox 2087 3667 3791 3743">
     <span class='ocr_line' id='line_1_83' title="bbox 2087 3667 3791 3743; baseline -0.004 -19"><span class='ocrx_word' id='word_1_532' title='bbox 2087 3670 2356 3743; x_wconf 89' lang='lat' dir='ltr'><strong>gratuler.</strong></span> <span class='ocrx_word' id='word_1_533' title='bbox 2416 3670 2711 3724; x_wconf 87' lang='lat' dir='ltr'><strong>Credimus</strong></span> <span class='ocrx_word' id='word_1_534' title='bbox 2785 3669 2939 3722; x_wconf 90' lang='lat' dir='ltr'><strong>enim</strong></span> <span class='ocrx_word' id='word_1_535' title='bbox 3003 3667 3178 3739; x_wconf 92' lang='lat' dir='ltr'><strong>quod,</strong></span> <span class='ocrx_word' id='word_1_536' title='bbox 3241 3667 3467 3721; x_wconf 83' lang='lat' dir='ltr'><strong>favente</strong></span> <span class='ocrx_word' id='word_1_537' title='bbox 3530 3667 3668 3728; x_wconf 89' lang='lat' dir='ltr'><strong>Deo,</strong></span> <span class='ocrx_word' id='word_1_538' title='bbox 3736 3670 3791 3717; x_wconf 88' lang='lat' dir='ltr'><strong>et</strong></span> 
     </span>
    </p>
   </div>
   <div class='ocr_carea' id='block_1_84' title="bbox 2088 3755 3792 3831">
    <p class='ocr_par' dir='ltr' id='par_1_84' title="bbox 2088 3755 3792 3831">
     <span class='ocr_line' id='line_1_84' title="bbox 2088 3755 3792 3831; baseline -0.005 -17"><span class='ocrx_word' id='word_1_539' title='bbox 2088 3761 2478 3831; x_wconf 90' lang='lat' dir='ltr'><strong>apostolorum</strong></span> <span class='ocrx_word' id='word_1_540' title='bbox 2524 3757 2783 3816; x_wconf 86' lang='lat' dir='ltr'><strong>omnium</strong></span> <span class='ocrx_word' id='word_1_541' title='bbox 2819 3756 3095 3827; x_wconf 89' lang='lat' dir='ltr'><strong>principe,</strong></span> <span class='ocrx_word' id='word_1_542' title='bbox 3129 3756 3226 3827; x_wconf 91' lang='lat' dir='ltr'><strong>qui</strong></span> <span class='ocrx_word' id='word_1_543' title='bbox 3276 3755 3335 3808; x_wconf 90' lang='lat' dir='ltr'><strong>in</strong></span> <span class='ocrx_word' id='word_1_544' title='bbox 3385 3755 3792 3823; x_wconf 74' lang='lat' dir='ltr'><strong>eleemosynis,</strong></span> 
     </span>
    </p>
   </div>
   <div class='ocr_carea' id='block_1_85' title="bbox 2087 3842 3789 3919">
    <p class='ocr_par' dir='ltr' id='par_1_85' title="bbox 2087 3842 3789 3919">
     <span class='ocr_line' id='line_1_85' title="bbox 2087 3842 3789 3919; baseline -0.005 -17"><span class='ocrx_word' id='word_1_545' title='bbox 2087 3854 2145 3902; x_wconf 91' lang='lat' dir='ltr'><strong>et</strong></span> <span class='ocrx_word' id='word_1_546' title='bbox 2168 3847 2418 3919; x_wconf 84' lang='lat' dir='ltr'><strong>jejuniis,</strong></span> <span class='ocrx_word' id='word_1_547' title='bbox 2453 3851 2509 3899; x_wconf 91' lang='lat' dir='ltr'><strong>et</strong></span> <span class='ocrx_word' id='word_1_548' title='bbox 2563 3845 2786 3898; x_wconf 86' lang='lat' dir='ltr'><strong>furtivis</strong></span> <span class='ocrx_word' id='word_1_549' title='bbox 2827 3844 3185 3897; x_wconf 85' lang='lat' dir='ltr'><strong>orationibus</strong></span> <span class='ocrx_word' id='word_1_550' title='bbox 3229 3842 3566 3912; x_wconf 86' lang='lat' dir='ltr'><strong>spiritaliter</strong></span> <span class='ocrx_word' id='word_1_551' title='bbox 3610 3857 3789 3895; x_wconf 90' lang='lat' dir='ltr'><strong>occu-</strong></span> 
     </span>
    </p>
   </div>
   <div class='ocr_carea' id='block_1_86' title="bbox 2086 3930 3791 4007">
    <p class='ocr_par' dir='ltr' id='par_1_86' title="bbox 2086 3930 3791 4007">
     <span class='ocr_line' id='line_1_86' title="bbox 2086 3930 3791 4007; baseline -0.005 -17"><span class='ocrx_word' id='word_1_552' title='bbox 2086 3936 2205 4007; x_wconf 84' lang='lat' dir='ltr'><strong>pati</strong></span> <span class='ocrx_word' id='word_1_553' title='bbox 2236 3936 2388 4002; x_wconf 89' lang='lat' dir='ltr'><strong>estis,</strong></span> <span class='ocrx_word' id='word_1_554' title='bbox 2419 3934 2685 3988; x_wconf 89' lang='lat' dir='ltr'><strong>omnibus</strong></span> <span class='ocrx_word' id='word_1_555' title='bbox 2728 3933 2942 3986; x_wconf 88' lang='lat' dir='ltr'><strong>viribus</strong></span> <span class='ocrx_word' id='word_1_556' title='bbox 2990 3931 3185 3985; x_wconf 89' lang='lat' dir='ltr'><strong>divina</strong></span> <span class='ocrx_word' id='word_1_557' title='bbox 3221 3930 3601 4001; x_wconf 89' lang='lat' dir='ltr'><strong>dispositione</strong></span> <span class='ocrx_word' id='word_1_558' title='bbox 3647 3946 3791 3998; x_wconf 69' lang='lat' dir='ltr'><strong>pra:-</strong></span> 
     </span>
    </p>
   </div>
   <div class='ocr_carea' id='block_1_87' title="bbox 2085 4019 3792 4090">
    <p class='ocr_par' dir='ltr' id='par_1_87' title="bbox 2085 4019 3792 4090">
     <span class='ocr_line' id='line_1_87' title="bbox 2085 4019 3792 4090; baseline -0.006 -11"><span class='ocrx_word' id='word_1_559' title='bbox 2085 4026 2278 4079; x_wconf 86' lang='lat' dir='ltr'><strong>videre</strong></span> <span class='ocrx_word' id='word_1_560' title='bbox 2307 4023 2580 4086; x_wconf 89' lang='lat' dir='ltr'><strong>debeatis,</strong></span> <span class='ocrx_word' id='word_1_561' title='bbox 2610 4039 2680 4075; x_wconf 92' lang='lat' dir='ltr'><strong>ne</strong></span> <span class='ocrx_word' id='word_1_562' title='bbox 2713 4038 2813 4075; x_wconf 92' lang='lat' dir='ltr'><strong>ore</strong></span> <span class='ocrx_word' id='word_1_563' title='bbox 2865 4022 3117 4075; x_wconf 84' lang='lat' dir='ltr'><strong>falsidica</strong></span> <span class='ocrx_word' id='word_1_564' title='bbox 3159 4020 3492 4090; x_wconf 89' lang='lat' dir='ltr'><strong>deceptione</strong></span> <span class='ocrx_word' id='word_1_565' title='bbox 3539 4019 3792 4071; x_wconf 83' lang='lat' dir='ltr'><strong>viventia</strong></span> 
     </span>
    </p>
   </div>
   <div class='ocr_carea' id='block_1_88' title="bbox 2086 4106 3792 4182">
    <p class='ocr_par' dir='ltr' id='par_1_88' title="bbox 2086 4106 3792 4182">
     <span class='ocr_line' id='line_1_88' title="bbox 2086 4106 3792 4182; baseline -0.005 -15"><span class='ocrx_word' id='word_1_566' title='bbox 2086 4114 2146 4167; x_wconf 94' lang='lat' dir='ltr'><strong>in</strong></span> <span class='ocrx_word' id='word_1_567' title='bbox 2169 4112 2377 4169; x_wconf 89' lang='lat' dir='ltr'><strong>Christi</strong></span> <span class='ocrx_word' id='word_1_568' title='bbox 2421 4127 2656 4182; x_wconf 87' lang='lat' dir='ltr'><strong>corpore</strong></span> <span class='ocrx_word' id='word_1_569' title='bbox 2691 4111 2947 4163; x_wconf 88' lang='lat' dir='ltr'><strong>membra</strong></span> <span class='ocrx_word' id='word_1_570' title='bbox 2980 4110 3319 4164; x_wconf 87' lang='lat' dir='ltr'><strong>moriantur.</strong></span> <span class='ocrx_word' id='word_1_571' title='bbox 3356 4108 3535 4178; x_wconf 86' lang='lat' dir='ltr'><strong>Igitur</strong></span> <span class='ocrx_word' id='word_1_572' title='bbox 3566 4106 3613 4159; x_wconf 92' lang='lat' dir='ltr'><strong>si</strong></span> <span class='ocrx_word' id='word_1_573' title='bbox 3645 4107 3792 4159; x_wconf 87' lang='lat' dir='ltr'><strong>meis</strong></span> 
     </span>
    </p>
   </div>
   <div class='ocr_carea' id='block_1_89' title="bbox 2088 4196 3790 4273">
    <p class='ocr_par' dir='ltr' id='par_1_89' title="bbox 2088 4196 3790 4273">
     <span class='ocr_line' id='line_1_89' title="bbox 2088 4196 3790 4273; baseline -0.005 -17"><span class='ocrx_word' id='word_1_574' title='bbox 2088 4201 2417 4273; x_wconf 85' lang='lat' dir='ltr'><strong>lacrymosis</strong></span> <span class='ocrx_word' id='word_1_575' title='bbox 2467 4200 2731 4270; x_wconf 86' lang='lat' dir='ltr'><strong>precibus</strong></span> <span class='ocrx_word' id='word_1_576' title='bbox 2796 4205 2979 4251; x_wconf 88' lang='lat' dir='ltr'><strong>vestra</strong></span> <span class='ocrx_word' id='word_1_577' title='bbox 3033 4197 3421 4251; x_wconf 88' lang='lat' dir='ltr'><strong>misericordia</strong></span> <span class='ocrx_word' id='word_1_578' title='bbox 3475 4196 3533 4248; x_wconf 91' lang='lat' dir='ltr'><strong>in</strong></span> <span class='ocrx_word' id='word_1_579' title='bbox 3591 4196 3790 4265; x_wconf 89' lang='lat' dir='ltr'><strong>aliquo</strong></span> 
     </span>
    </p>
   </div>
   <div class='ocr_carea' id='block_1_90' title="bbox 285 4283 3787 4359">
    <p class='ocr_par' dir='ltr' id='par_1_90' title="bbox 285 4283 3787 4359">
     <span class='ocr_line' id='line_1_90' title="bbox 285 4283 3787 4359; baseline 0 -24"><span class='ocrx_word' id='word_1_580' title='bbox 285 4283 595 4351; x_wconf 89' lang='lat' dir='ltr'><strong>apostolica</strong></span> <span class='ocrx_word' id='word_1_581' title='bbox 653 4285 847 4337; x_wconf 90' lang='lat' dir='ltr'><strong>emissi</strong></span> <span class='ocrx_word' id='word_1_582' title='bbox 894 4303 1065 4355; x_wconf 88' lang='lat' dir='ltr'><strong>super</strong></span> <span class='ocrx_word' id='word_1_583' title='bbox 1114 4288 1501 4357; x_wconf 89' lang='lat' dir='ltr'><strong>lngeltrudem</strong></span> <span class='ocrx_word' id='word_1_584' title='bbox 1551 4289 1783 4342; x_wconf 89' lang='lat' dir='ltr'><strong>Bosonis</strong></span> <span class='ocrx_word' id='word_1_585' title='bbox 1834 4306 1975 4344; x_wconf 85' lang='lat' dir='ltr'><strong>uxo-</strong></span> <span class='ocrx_word' id='word_1_586' title='bbox 2014 4288 2057 4341; x_wconf 88' lang='lat' dir='ltr'><strong>D</strong></span> <span class='ocrx_word' id='word_1_587' title='bbox 2084 4292 2352 4356; x_wconf 86' lang='lat' dir='ltr'><strong>ﬂectitur,</strong></span> <span class='ocrx_word' id='word_1_588' title='bbox 2385 4306 2488 4359; x_wconf 91' lang='lat' dir='ltr'><strong>per</strong></span> <span class='ocrx_word' id='word_1_589' title='bbox 2530 4294 2784 4342; x_wconf 87' lang='lat' dir='ltr'><strong>sanctam</strong></span> <span class='ocrx_word' id='word_1_590' title='bbox 2816 4294 2870 4341; x_wconf 93' lang='lat' dir='ltr'><strong>et</strong></span> <span class='ocrx_word' id='word_1_591' title='bbox 2899 4288 3249 4341; x_wconf 87' lang='lat' dir='ltr'><strong>individuam</strong></span> <span class='ocrx_word' id='word_1_592' title='bbox 3297 4284 3641 4338; x_wconf 87' lang='lat' dir='ltr'><strong>Trinitatem</strong></span> <span class='ocrx_word' id='word_1_593' title='bbox 3675 4285 3787 4337; x_wconf 78' lang='lat' dir='ltr'><strong>hu~</strong></span> 
     </span>
    </p>
   </div>
   <div class='ocr_carea' id='block_1_91' title="bbox 285 4372 1976 4445">
    <p class='ocr_par' dir='ltr' id='par_1_91' title="bbox 285 4372 1976 4445">
     <span class='ocr_line' id='line_1_91' title="bbox 285 4372 1976 4445; baseline 0.005 -21"><span class='ocrx_word' id='word_1_594' title='bbox 285 4387 427 4431; x_wconf 87' lang='lat' dir='ltr'><strong>rem.</strong></span> <span class='ocrx_word' id='word_1_595' title='bbox 487 4372 679 4425; x_wconf 88' lang='lat' dir='ltr'><strong>sciatis</strong></span> <span class='ocrx_word' id='word_1_596' title='bbox 737 4374 1048 4439; x_wconf 87' lang='lat' dir='ltr'><strong>verissime,</strong></span> <span class='ocrx_word' id='word_1_597' title='bbox 1122 4376 1255 4445; x_wconf 86' lang='lat' dir='ltr'><strong>quia</strong></span> <span class='ocrx_word' id='word_1_598' title='bbox 1308 4376 1364 4429; x_wconf 91' lang='lat' dir='ltr'><strong>in</strong></span> <span class='ocrx_word' id='word_1_599' title='bbox 1422 4378 1544 4445; x_wconf 83' lang='lat' dir='ltr'><strong>ejus</strong></span> <span class='ocrx_word' id='word_1_600' title='bbox 1618 4378 1976 4432; x_wconf 90' lang='lat' dir='ltr'><strong>absolutione</strong></span> 
     </span>
    </p>
   </div>
   <div class='ocr_carea' id='block_1_92' title="bbox 283 4462 1978 4536">
    <p class='ocr_par' dir='ltr' id='par_1_92' title="bbox 283 4462 1978 4536">
     <span class='ocr_line' id='line_1_92' title="bbox 283 4462 1978 4536; baseline 0.004 -23"><span class='ocrx_word' id='word_1_601' title='bbox 283 4476 649 4532; x_wconf 86' lang='lat' dir='ltr'><strong>nequaquam</strong></span> <span class='ocrx_word' id='word_1_602' title='bbox 718 4462 1000 4533; x_wconf 87' lang='lat' dir='ltr'><strong>particeps</strong></span> <span class='ocrx_word' id='word_1_603' title='bbox 1052 4462 1275 4517; x_wconf 83' lang='lat' dir='ltr'><strong>exstiti:</strong></span> <span class='ocrx_word' id='word_1_604' title='bbox 1334 4471 1389 4517; x_wconf 91' lang='lat' dir='ltr'><strong>et</strong></span> <span class='ocrx_word' id='word_1_605' title='bbox 1444 4473 1749 4536; x_wconf 89' lang='lat' dir='ltr'><strong>postquam</strong></span> <span class='ocrx_word' id='word_1_606' title='bbox 1820 4466 1978 4522; x_wconf 83' lang='lat' dir='ltr'><strong>illam</strong></span> 
     </span>
    </p>
   </div>
   <div class='ocr_carea' id='block_1_93' title="bbox 284 4550 1977 4621">
    <p class='ocr_par' dir='ltr' id='par_1_93' title="bbox 284 4550 1977 4621">
     <span class='ocr_line' id='line_1_93' title="bbox 284 4550 1977 4621; baseline 0.004 -19"><span class='ocrx_word' id='word_1_607' title='bbox 284 4566 415 4603; x_wconf 91' lang='lat' dir='ltr'><strong>vera</strong></span> <span class='ocrx_word' id='word_1_608' title='bbox 471 4550 745 4604; x_wconf 88' lang='lat' dir='ltr'><strong>relatione</strong></span> <span class='ocrx_word' id='word_1_609' title='bbox 801 4552 1049 4605; x_wconf 89' lang='lat' dir='ltr'><strong>infausto</strong></span> <span class='ocrx_word' id='word_1_610' title='bbox 1079 4552 1346 4605; x_wconf 89' lang='lat' dir='ltr'><strong>adulterii</strong></span> <span class='ocrx_word' id='word_1_611' title='bbox 1403 4570 1610 4621; x_wconf 88' lang='lat' dir='ltr'><strong>genere</strong></span> <span class='ocrx_word' id='word_1_612' title='bbox 1668 4555 1977 4609; x_wconf 88' lang='lat' dir='ltr'><strong>sauciatam</strong></span> 
     </span>
    </p>
   </div>
   <div class='ocr_carea' id='block_1_94' title="bbox 286 4636 1977 4709">
    <p class='ocr_par' dir='ltr' id='par_1_94' title="bbox 286 4636 1977 4709">
     <span class='ocr_line' id='line_1_94' title="bbox 286 4636 1977 4709; baseline 0.005 -21"><span class='ocrx_word' id='word_1_613' title='bbox 286 4636 495 4701; x_wconf 86' lang='lat' dir='ltr'><strong>audivi,</strong></span> <span class='ocrx_word' id='word_1_614' title='bbox 535 4655 763 4708; x_wconf 89' lang='lat' dir='ltr'><strong>semper</strong></span> <span class='ocrx_word' id='word_1_615' title='bbox 802 4641 963 4709; x_wconf 88' lang='lat' dir='ltr'><strong>quasi</strong></span> <span class='ocrx_word' id='word_1_616' title='bbox 1021 4642 1378 4694; x_wconf 88' lang='lat' dir='ltr'><strong>mortiferum</strong></span> <span class='ocrx_word' id='word_1_617' title='bbox 1430 4658 1712 4695; x_wconf 83' lang='lat' dir='ltr'><strong>venenum</strong></span> <span class='ocrx_word' id='word_1_618' title='bbox 1760 4642 1977 4696; x_wconf 91' lang='lat' dir='ltr'><strong>abomi-</strong></span> 
     </span>
    </p>
   </div>
   <div class='ocr_carea' id='block_1_95' title="bbox 284 4728 1977 4784">
    <p class='ocr_par' dir='ltr' id='par_1_95' title="bbox 284 4728 1977 4784">
     <span class='ocr_line' id='line_1_95' title="bbox 284 4728 1977 4784; baseline 0.004 -7"><span class='ocrx_word' id='word_1_619' title='bbox 284 4730 453 4779; x_wconf 90' lang='lat' dir='ltr'><strong>natus</strong></span> <span class='ocrx_word' id='word_1_620' title='bbox 496 4742 639 4780; x_wconf 90' lang='lat' dir='ltr'><strong>sum.</strong></span> <span class='ocrx_word' id='word_1_621' title='bbox 677 4728 1155 4782; x_wconf 90' lang='lat' dir='ltr'><strong>Communionem</strong></span> <span class='ocrx_word' id='word_1_622' title='bbox 1187 4747 1319 4782; x_wconf 86' lang='lat' dir='ltr'><strong>vero</strong></span> <span class='ocrx_word' id='word_1_623' title='bbox 1353 4745 1481 4783; x_wconf 92' lang='lat' dir='ltr'><strong>cum</strong></span> <span class='ocrx_word' id='word_1_624' title='bbox 1526 4730 1977 4784; x_wconf 87' lang='lat' dir='ltr'><strong>excommunica-</strong></span> 
     </span>
    </p>
   </div>
   <div class='ocr_carea' id='block_1_96' title="bbox 285 4813 1975 4885">
    <p class='ocr_par' dir='ltr' id='par_1_96' title="bbox 285 4813 1975 4885">
     <span class='ocr_line' id='line_1_96' title="bbox 285 4813 1975 4885; baseline 0.004 -20"><span class='ocrx_word' id='word_1_625' title='bbox 285 4813 353 4865; x_wconf 91' lang='lat' dir='ltr'><strong>tis</strong></span> <span class='ocrx_word' id='word_1_626' title='bbox 401 4814 725 4868; x_wconf 86' lang='lat' dir='ltr'><strong>nullatenus</strong></span> <span class='ocrx_word' id='word_1_627' title='bbox 756 4816 965 4870; x_wconf 89' lang='lat' dir='ltr'><strong>habere</strong></span> <span class='ocrx_word' id='word_1_628' title='bbox 1019 4818 1307 4870; x_wconf 78' lang='lat' dir='ltr'><strong>unchrsos</strong></span> <span class='ocrx_word' id='word_1_629' title='bbox 1341 4834 1567 4885; x_wconf 89' lang='lat' dir='ltr'><strong>moneo,</strong></span> <span class='ocrx_word' id='word_1_630' title='bbox 1605 4818 1650 4871; x_wconf 93' lang='lat' dir='ltr'><strong>si</strong></span> <span class='ocrx_word' id='word_1_631' title='bbox 1682 4819 1857 4870; x_wconf 88' lang='lat' dir='ltr'><strong>sacris</strong></span> <span class='ocrx_word' id='word_1_632' title='bbox 1890 4819 1975 4872; x_wconf 87' lang='lat' dir='ltr'><strong>uti</strong></span> 
     </span>
    </p>
   </div>
   <div class='ocr_carea' id='block_1_97' title="bbox 286 4902 1976 4981">
    <p class='ocr_par' dir='ltr' id='par_1_97' title="bbox 286 4902 1976 4981">
     <span class='ocr_line' id='line_1_97' title="bbox 286 4902 1976 4981; baseline 0.004 -28"><span class='ocrx_word' id='word_1_633' title='bbox 286 4902 406 4954; x_wconf 88' lang='lat' dir='ltr'><strong>ausi</strong></span> <span class='ocrx_word' id='word_1_634' title='bbox 466 4902 701 4969; x_wconf 86' lang='lat' dir='ltr'><strong>fuerint,</strong></span> <span class='ocrx_word' id='word_1_635' title='bbox 772 4904 915 4957; x_wconf 90' lang='lat' dir='ltr'><strong>sicut</strong></span> <span class='ocrx_word' id='word_1_636' title='bbox 964 4906 1278 4976; x_wconf 90' lang='lat' dir='ltr'><strong>capitulum</strong></span> <span class='ocrx_word' id='word_1_637' title='bbox 1346 4908 1574 4960; x_wconf 91' lang='lat' dir='ltr'><strong>concilii</strong></span> <span class='ocrx_word' id='word_1_638' title='bbox 1639 4906 1976 4981; x_wconf 87' lang='lat' dir='ltr'><strong>Antiocheni</strong></span> 
     </span>
    </p>
   </div>
   <div class='ocr_carea' id='block_1_98' title="bbox 286 4992 1975 5064">
    <p class='ocr_par' dir='ltr' id='par_1_98' title="bbox 286 4992 1975 5064">
     <span class='ocr_line' id='line_1_98' title="bbox 286 4992 1975 5064; baseline 0.005 -23"><span class='ocrx_word' id='word_1_639' title='bbox 286 4994 551 5059; x_wconf 85' lang='lat' dir='ltr'><strong>quartum</strong></span> <span class='ocrx_word' id='word_1_640' title='bbox 587 4992 857 5061; x_wconf 89' lang='lat' dir='ltr'><strong>ostendit,</strong></span> <span class='ocrx_word' id='word_1_641' title='bbox 884 4994 1039 5064; x_wconf 91' lang='lat' dir='ltr'><strong>quod</strong></span> <span class='ocrx_word' id='word_1_642' title='bbox 1061 4996 1547 5048; x_wconf 88' lang='lat' dir='ltr'><strong>communicantes</strong></span> <span class='ocrx_word' id='word_1_643' title='bbox 1578 4996 1659 5050; x_wconf 91' lang='lat' dir='ltr'><strong>eis</strong></span> <span class='ocrx_word' id='word_1_644' title='bbox 1690 4994 1757 5048; x_wconf 89' lang='lat' dir='ltr'><strong>ab</strong></span> <span class='ocrx_word' id='word_1_645' title='bbox 1792 4996 1975 5049; x_wconf 87' lang='lat' dir='ltr'><strong>Eccle-</strong></span> 
     </span>
    </p>
   </div>
   <div class='ocr_carea' id='block_1_99' title="bbox 287 5076 765 5148">
    <p class='ocr_par' dir='ltr' id='par_1_99' title="bbox 287 5076 765 5148">
     <span class='ocr_line' id='line_1_99' title="bbox 287 5076 765 5148; baseline 0.006 -19"><span class='ocrx_word' id='word_1_646' title='bbox 287 5076 370 5130; x_wconf 91' lang='lat' dir='ltr'><strong>sia</strong></span> <span class='ocrx_word' id='word_1_647' title='bbox 396 5077 565 5147; x_wconf 83' lang='lat' dir='ltr'><strong>abjici</strong></span> <span class='ocrx_word' id='word_1_648' title='bbox 582 5080 765 5148; x_wconf 86' lang='lat' dir='ltr'><strong>jubet.</strong></span> 
     </span>
    </p>
   </div>
   <div class='ocr_carea' id='block_1_100' title="bbox 2086 4374 3790 4448">
    <p class='ocr_par' dir='ltr' id='par_1_100' title="bbox 2086 4374 3790 4448">
     <span class='ocr_line' id='line_1_100' title="bbox 2086 4374 3790 4448; baseline -0.005 -15"><span class='ocrx_word' id='word_1_649' title='bbox 2086 4380 2301 4435; x_wconf 89' lang='lat' dir='ltr'><strong>militer</strong></span> <span class='ocrx_word' id='word_1_650' title='bbox 2322 4378 2618 4448; x_wconf 89' lang='lat' dir='ltr'><strong>deprecor,</strong></span> <span class='ocrx_word' id='word_1_651' title='bbox 2648 4384 2706 4430; x_wconf 92' lang='lat' dir='ltr'><strong>ut</strong></span> <span class='ocrx_word' id='word_1_652' title='bbox 2740 4393 2844 4446; x_wconf 90' lang='lat' dir='ltr'><strong>per</strong></span> <span class='ocrx_word' id='word_1_653' title='bbox 2881 4378 3119 4430; x_wconf 89' lang='lat' dir='ltr'><strong>latorem</strong></span> <span class='ocrx_word' id='word_1_654' title='bbox 3158 4374 3532 4444; x_wconf 71' lang='lat' dir='ltr'><strong>praesentium</strong></span> <span class='ocrx_word' id='word_1_655' title='bbox 3560 4374 3790 4426; x_wconf 88' lang='lat' dir='ltr'><strong>littera-</strong></span> 
     </span>
    </p>
   </div>
   <div class='ocr_carea' id='block_1_101' title="bbox 2088 4462 3792 4537">
    <p class='ocr_par' dir='ltr' id='par_1_101' title="bbox 2088 4462 3792 4537">
     <span class='ocr_line' id='line_1_101' title="bbox 2088 4462 3792 4537; baseline -0.005 -16"><span class='ocrx_word' id='word_1_656' title='bbox 2088 4484 2237 4533; x_wconf 88' lang='lat' dir='ltr'><strong>rum,</strong></span> <span class='ocrx_word' id='word_1_657' title='bbox 2291 4468 2337 4521; x_wconf 89' lang='lat' dir='ltr'><strong>si</strong></span> <span class='ocrx_word' id='word_1_658' title='bbox 2389 4466 2636 4537; x_wconf 90' lang='lat' dir='ltr'><strong>amplius</strong></span> <span class='ocrx_word' id='word_1_659' title='bbox 2677 4482 2797 4517; x_wconf 91' lang='lat' dir='ltr'><strong>esse</strong></span> <span class='ocrx_word' id='word_1_660' title='bbox 2850 4481 2963 4518; x_wconf 91' lang='lat' dir='ltr'><strong>non</strong></span> <span class='ocrx_word' id='word_1_661' title='bbox 3007 4468 3213 4533; x_wconf 90' lang='lat' dir='ltr'><strong>potest,</strong></span> <span class='ocrx_word' id='word_1_662' title='bbox 3249 4463 3451 4515; x_wconf 88' lang='lat' dir='ltr'><strong>saltem</strong></span> <span class='ocrx_word' id='word_1_663' title='bbox 3484 4462 3554 4515; x_wconf 90' lang='lat' dir='ltr'><strong>de</strong></span> <span class='ocrx_word' id='word_1_664' title='bbox 3604 4467 3792 4513; x_wconf 89' lang='lat' dir='ltr'><strong>vestra</strong></span> 
     </span>
    </p>
   </div>
   <div class='ocr_carea' id='block_1_102' title="bbox 2087 4550 3786 4623">
    <p class='ocr_par' dir='ltr' id='par_1_102' title="bbox 2087 4550 3786 4623">
     <span class='ocr_line' id='line_1_102' title="bbox 2087 4550 3786 4623; baseline -0.005 -13"><span class='ocrx_word' id='word_1_665' title='bbox 2087 4564 2280 4610; x_wconf 86' lang='lat' dir='ltr'><strong>sancta</strong></span> <span class='ocrx_word' id='word_1_666' title='bbox 2303 4571 2471 4609; x_wconf 85' lang='lat' dir='ltr'><strong>manu</strong></span> <span class='ocrx_word' id='word_1_667' title='bbox 2506 4554 2807 4623; x_wconf 88' lang='lat' dir='ltr'><strong>naufragio</strong></span> <span class='ocrx_word' id='word_1_668' title='bbox 2830 4554 2959 4606; x_wconf 69' lang='lat' dir='ltr'><strong>vitae</strong></span> <span class='ocrx_word' id='word_1_669' title='bbox 2990 4552 3333 4605; x_wconf 88' lang='lat' dir='ltr'><strong>constitutus</strong></span> <span class='ocrx_word' id='word_1_670' title='bbox 3364 4550 3506 4603; x_wconf 91' lang='lat' dir='ltr'><strong>illud</strong></span> <span class='ocrx_word' id='word_1_671' title='bbox 3525 4550 3786 4619; x_wconf 88' lang='lat' dir='ltr'><strong>recipere</strong></span> 
     </span>
    </p>
   </div>
   <div class='ocr_carea' id='block_1_103' title="bbox 2088 4638 3784 4714">
    <p class='ocr_par' dir='ltr' id='par_1_103' title="bbox 2088 4638 3784 4714">
     <span class='ocr_line' id='line_1_103' title="bbox 2088 4638 3784 4714; baseline -0.005 -16"><span class='ocrx_word' id='word_1_672' title='bbox 2088 4661 2329 4711; x_wconf 88' lang='lat' dir='ltr'><strong>merear,</strong></span> <span class='ocrx_word' id='word_1_673' title='bbox 2390 4644 2545 4714; x_wconf 92' lang='lat' dir='ltr'><strong>quod</strong></span> <span class='ocrx_word' id='word_1_674' title='bbox 2580 4643 2735 4696; x_wconf 91' lang='lat' dir='ltr'><strong>mitis</strong></span> <span class='ocrx_word' id='word_1_675' title='bbox 2777 4642 3052 4711; x_wconf 82' lang='lat' dir='ltr'><strong>magister</strong></span> <span class='ocrx_word' id='word_1_676' title='bbox 3102 4649 3286 4694; x_wconf 86' lang='lat' dir='ltr'><strong>vester</strong></span> <span class='ocrx_word' id='word_1_677' title='bbox 3332 4640 3615 4703; x_wconf 89' lang='lat' dir='ltr'><strong>Christus,</strong></span> <span class='ocrx_word' id='word_1_678' title='bbox 3658 4638 3784 4708; x_wconf 83' lang='lat' dir='ltr'><strong>qui-</strong></span> 
     </span>
    </p>
   </div>
   <div class='ocr_carea' id='block_1_104' title="bbox 2090 4728 3787 4801">
    <p class='ocr_par' dir='ltr' id='par_1_104' title="bbox 2090 4728 3787 4801">
     <span class='ocr_line' id='line_1_104' title="bbox 2090 4728 3787 4801; baseline -0.005 -13"><span class='ocrx_word' id='word_1_679' title='bbox 2090 4735 2329 4788; x_wconf 87' lang='lat' dir='ltr'><strong>busdam</strong></span> <span class='ocrx_word' id='word_1_680' title='bbox 2358 4733 2649 4801; x_wconf 90' lang='lat' dir='ltr'><strong>discipulis</strong></span> <span class='ocrx_word' id='word_1_681' title='bbox 2681 4730 3076 4785; x_wconf 63' lang='lat' dir='ltr'><strong>haesitantibus</strong></span> <span class='ocrx_word' id='word_1_682' title='bbox 3107 4728 3301 4799; x_wconf 87' lang='lat' dir='ltr'><strong>januis</strong></span> <span class='ocrx_word' id='word_1_683' title='bbox 3332 4728 3573 4781; x_wconf 90' lang='lat' dir='ltr'><strong>diversis</strong></span> <span class='ocrx_word' id='word_1_684' title='bbox 3614 4743 3787 4797; x_wconf 86' lang='lat' dir='ltr'><strong>appa-</strong></span> 
     </span>
    </p>
   </div>
   <div class='ocr_carea' id='block_1_105' title="bbox 2090 4816 3785 4890">
    <p class='ocr_par' dir='ltr' id='par_1_105' title="bbox 2090 4816 3785 4890">
     <span class='ocr_line' id='line_1_105' title="bbox 2090 4816 3785 4890; baseline -0.004 -17"><span class='ocrx_word' id='word_1_685' title='bbox 2090 4837 2237 4884; x_wconf 85' lang='lat' dir='ltr'><strong>rens,</strong></span> <span class='ocrx_word' id='word_1_686' title='bbox 2305 4821 2650 4890; x_wconf 73' lang='lat' dir='ltr'><strong>imprecatus</strong></span> <span class='ocrx_word' id='word_1_687' title='bbox 2700 4826 2785 4873; x_wconf 88' lang='lat' dir='ltr'><strong>est</strong></span> <span class='ocrx_word' id='word_1_688' title='bbox 2834 4819 3046 4872; x_wconf 86' lang='lat' dir='ltr'><strong>dicens:</strong></span> <span class='ocrx_word' id='word_1_689' title='bbox 3095 4820 3213 4871; x_wconf 72' lang='lat' dir='ltr'><strong>Pas:</strong></span> <span class='ocrx_word' id='word_1_690' title='bbox 3243 4817 3394 4870; x_wconf 80' lang='lat' dir='ltr'><strong>vobis</strong></span> <span class='ocrx_word' id='word_1_691' title='bbox 3442 4816 3635 4884; x_wconf 86' lang='lat' dir='ltr'><strong>(Joan.</strong></span> <span class='ocrx_word' id='word_1_692' title='bbox 3678 4817 3785 4881; x_wconf 83' lang='lat' dir='ltr'><strong>xx).</strong></span> 
     </span>
    </p>
   </div>
   <div class='ocr_carea' id='block_1_106' title="bbox 2088 4904 3791 4963">
    <p class='ocr_par' dir='ltr' id='par_1_106' title="bbox 2088 4904 3791 4963">
     <span class='ocr_line' id='line_1_106' title="bbox 2088 4904 3791 4963; baseline -0.005 0"><span class='ocrx_word' id='word_1_693' title='bbox 2088 4910 2493 4963; x_wconf 85' lang='lat' dir='ltr'><strong>Excellentiam</strong></span> <span class='ocrx_word' id='word_1_694' title='bbox 2565 4908 2879 4962; x_wconf 88' lang='lat' dir='ltr'><strong>sanctitatis</strong></span> <span class='ocrx_word' id='word_1_695' title='bbox 2940 4912 3141 4961; x_wconf 56' lang='lat' dir='ltr'><strong>vestras</strong></span> <span class='ocrx_word' id='word_1_696' title='bbox 3206 4904 3449 4958; x_wconf 89' lang='lat' dir='ltr'><strong>assiduis</strong></span> <span class='ocrx_word' id='word_1_697' title='bbox 3520 4905 3671 4957; x_wconf 86' lang='lat' dir='ltr'><strong>votis</strong></span> <span class='ocrx_word' id='word_1_698' title='bbox 3739 4911 3791 4956; x_wconf 90' lang='lat' dir='ltr'><strong>et</strong></span> 
     </span>
    </p>
   </div>
   <div class='ocr_carea' id='block_1_107' title="bbox 2085 4994 3783 5067">
    <p class='ocr_par' dir='ltr' id='par_1_107' title="bbox 2085 4994 3783 5067">
     <span class='ocr_line' id='line_1_107' title="bbox 2085 4994 3783 5067; baseline -0.003 -16"><span class='ocrx_word' id='word_1_699' title='bbox 2085 4998 2355 5067; x_wconf 84' lang='lat' dir='ltr'><strong>precibus</strong></span> <span class='ocrx_word' id='word_1_700' title='bbox 2382 4999 2481 5052; x_wconf 92' lang='lat' dir='ltr'><strong>diu</strong></span> <span class='ocrx_word' id='word_1_701' title='bbox 2524 4998 2877 5052; x_wconf 91' lang='lat' dir='ltr'><strong>incolumem</strong></span> <span class='ocrx_word' id='word_1_702' title='bbox 2908 4996 3100 5065; x_wconf 90' lang='lat' dir='ltr'><strong>vigere</strong></span> <span class='ocrx_word' id='word_1_703' title='bbox 3133 4994 3430 5048; x_wconf 88' lang='lat' dir='ltr'><strong>humiliter</strong></span> <span class='ocrx_word' id='word_1_704' title='bbox 3455 5008 3783 5046; x_wconf 85' lang='lat' dir='ltr'><strong>exoramus.</strong></span> 
     </span>
    </p>
   </div>
  </div>
