3884 6218
86 274 206 325 1149

1101 276 1565 334 PBIVILEGIUM
1609 280 1746 337 PRO
1783 280 2084 335 ABBATIA
2122 280 2513 337 GORZIENSI.

3437 281 3572 333 1150

1406 630 2037 739 ORATION
2066 631 2229 737 ES

410 818 489 881 IN
542 817 849 882 SYNODO
902 817 1150 882 METIS
1199 817 1682 883 COADUNATA
1736 820 1816 882 IN
1865 819 2251 885 ECCLESIA
2300 819 2365 884 S.
2423 820 2826 884 STEPHANI
2878 821 3228 885 HABITfE.

643 1086 870 1138 CAPUT
905 1085 1195 1139 PRIMUM.

146 1175 253 1225 Vos
284 1173 457 1235 scitis,
492 1178 546 1226 et
578 1173 772 1225 multis
818 1173 877 1225 in
924 1173 1187 1243 plurimis
1234 1172 1429 1242 regnis
1462 1177 1544 1226 est
1578 1174 1767 1241 cogni-

82 1268 219 1327 tum,
249 1265 494 1331 quantos
523 1267 577 1314 et
607 1263 802 1331 quales
834 1267 1073 1315 eventus
1097 1267 1358 1331 tempore
1389 1262 1628 1315 senioris
1662 1279 1764 1314 no-

84 1351 198 1415 stri,
232 1365 403 1419 quem
436 1351 708 1403 hactenus
747 1350 1073 1415 habuimus,
1107 1366 1209 1419 pro
1238 1350 1422 1403 causis
1456 1351 1767 1403 notissimis

82 1440 455 1491 communiter
489 1439 882 1502 sustinuimus,
914 1444 969 1491 et
1012 1444 1227 1508 quanto
1275 1440 1489 1506 dolore,
1524 1446 1766 1509 quauta-

85 1544 189 1597 que
212 1527 479 1595 angustia
505 1527 573 1579 de
608 1526 761 1579 illius
795 1526 1038 1580 infausta
1072 1531 1253 1579 morte
1286 1544 1470 1597 nuper
1499 1528 1768 1580 cordibus

84 1614 321 1683 perculsi
350 1630 566 1667 sumus.
606 1615 761 1667 Unde
793 1616 1025 1667 unicum
1078 1615 1383 1684 refugium,
1414 1621 1467 1667 et
1516 1616 1767 1685 singula-

82 1703 213 1755 riter
241 1702 467 1755 salubre
501 1701 826 1767 consilium,
870 1718 1003 1770 rege
1034 1709 1088 1755 et
1138 1702 1399 1772 principe
1449 1709 1643 1756 nostro
1680 1705 1771 1756 de-

84 1792 259 1843 stituti
295 1807 356 1843 ac
388 1791 647 1857 desolati,
690 1790 852 1843 nobis
901 1791 1169 1845 omnibus
1217 1808 1336 1843 esse
1387 1792 1769 1845 consideravi-

84 1896 221 1945 mus,
259 1883 320 1931 ut
342 1880 581 1949 jejuniis
612 1884 667 1932 et
713 1880 1070 1933 orationibus
1099 1880 1167 1933 ad
1217 1896 1348 1933 eum
1397 1897 1501 1933 nos
1534 1897 1766 1934 conver-

86 1976 348 2030 teremus,
382 1968 479 2038 qui
510 1973 595 2021 est
624 1967 851 2036 adjutor
882 1969 940 2021 in
992 1968 1526 2038 opportunitatibus
1572 1970 1627 2022 in
1661 1969 1769 2021 tri-

86 2057 390 2123 bulatione,
454 2062 510 2110 et
575 2056 735 2127 cujus
789 2065 875 2110 est
938 2058 1264 2124 consilium,
1341 2074 1403 2110 ac
1466 2058 1629 2127 cujus
1688 2063 1771 2111 est

87 2162 343 2215 regnum,
375 2151 447 2211 et,
506 2152 567 2199 ut
597 2147 868 2215 scriptum
901 2152 1003 2212 est,
1037 2147 1129 2199 cui
1161 2146 1407 2201 voluerit
1438 2147 1596 2200 dabit
1631 2146 1769 2200 illud

89 2236 235 2295 (Dan.
272 2236 343 2303 iv)
374 2254 388 2300 ;
419 2239 475 2287 et
523 2234 580 2287 in
627 2234 787 2303 cujus
832 2250 1005 2287 manu
1049 2234 1222 2287 corda
1269 2238 1401 2287 sunt
1444 2250 1666 2304 regum,
1719 2239 1774 2287 et

89 2323 209 2375 facit
232 2324 532 2376 unanimes
582 2323 839 2376 habitare
891 2323 949 2375 in
994 2323 1187 2388 domo,
1244 2323 1467 2378 solvens
1516 2324 1767 2377 medium

87 2413 374 2481 parietem,
425 2424 482 2465 et
538 2412 747 2465 faciens
810 2419 1049 2482 utraque
1122 2427 1336 2464 unum:
1400 2413 1766 2482 deprecantes

90 2501 253 2569 ipsius
289 2500 761 2567 misericordiam,
795 2504 854 2553 ut
880 2501 1041 2554 daret
1087 2500 1249 2553 nobis
1292 2516 1487 2570 regem
1517 2516 1580 2552 ac
1610 2500 1766 2569 prin-

90 2589 262 2658 cipem
299 2590 613 2643 secundum
644 2606 742 2643 cor
774 2605 963 2655 suum,
997 2590 1095 2660 qui
1127 2589 1185 2641 in
1218 2589 1438 2659 judicio
1471 2588 1771 2658 etjustitia

90 2694 182 2730 nos
210 2678 268 2730 in
302 2678 463 2730 omni
494 2678 695 2730 ordine
737 2693 800 2730 ac
833 2677 1184 2746 professione
1238 2683 1481 2745 regeret,
1534 2677 1775 2731 salvaret

90 2774 248 2836 atque
295 2767 629 2820 defenderet
676 2767 839 2835 juxta
897 2767 1250 2819 voluntatem
1302 2766 1446 2834 ejus,
1507 2771 1563 2818 et
1604 2766 1773 2818 corda

91 2857 337 2909 omnium
393 2861 720 2909 nostrorum
780 2855 1130 2908 unanimiter
1176 2855 1233 2907 in
1291 2871 1420 2907 eum
1471 2854 1773 2908 inclinaret

92 2950 246 3015 atque
276 2946 486 3011 uniret,
519 2960 688 3015 quem
722 2945 841 3014 ipse
875 2945 943 2997 ad
968 2945 1211 2998 salutem
1242 2949 1299 2997 et
1324 2944 1643 3013 profectum
1675 2960 1771 2997 no-

90 3038 258 3087 strum
314 3034 642 3104 praescitum
690 3039 747 3086 et
793 3035 1037 3086 electum
1079 3038 1249 3103 atque
1296 3032 1767 3102 praedestinatum

89 3122 283 3177 haheat
310 3124 625 3177 secundum
659 3122 1109 3177 misericordiam
1133 3112 1318 3176 suain.

2568 1087 2791 1141 CAPUT
2832 1088 2898 1141 II.

1948 1175 2093 1239 Quia
2154 1176 2402 1246 denique
2462 1176 2813 1229 voluntatem
2870 1175 2990 1240 Dei,
3061 1175 3161 1245 qui
3216 1175 3571 1227 voluntatem

1878 1264 2203 1318 timentium
2238 1282 2294 1317 se
2328 1265 2481 1330 facit,
2516 1270 2570 1316 et
2604 1264 3037 1334 deprecationes
3088 1280 3285 1316 eorum
3323 1264 3568 1329 exaudit,

1874 1354 1933 1405 in
1964 1354 2232 1405 concordi
2268 1353 2646 1405 unanimitate
2694 1358 2884 1405 nostra
2916 1353 3192 1416 videmus,
3229 1353 3380 1404 hunc
3411 1351 3574 1421 regni

1876 1444 1997 1511 ejus
2033 1442 2319 1495 haeredem
2350 1458 2468 1493 esse
2520 1441 2865 1510 legitimum,
2897 1440 2985 1493 cui
3040 1458 3140 1493 nos
3180 1446 3382 1509 sponte
3415 1456 3567 1493 com-

1878 1531 2177 1595 misimus,
2229 1530 2506 1582 domnum
2562 1530 2823 1582 videlicet
2870 1535 3213 1598 praesentem
3266 1545 3457 1597 regem
3503 1546 3567 1581 ac

1877 1618 2196 1688 principem
2236 1625 2494 1671 nostrum
2524 1620 2804 1675 Carolum,
2845 1625 2907 1671 ut
2941 1618 3104 1670 nobis
3140 1618 3333 1687 prmsit
3364 1622 3418 1669 et
3448 1634 3573 1687 pro-

1879 1708 2236 1761 sitzvidctur
2282 1706 2466 1771 nobis,
2502 1706 2547 1758 si
2588 1706 2744 1759 vobis
2791 1707 2993 1776 placet,
3046 1711 3109 1758 ut
3157 1706 3300 1758 sicut
3350 1709 3475 1774 post
3506 1706 3573 1759 il-

1878 1794 1988 1847 lius
2035 1796 2203 1848 verba
2255 1795 2415 1848 vobis
2469 1794 2983 1861 manifestabimus,
3036 1795 3199 1864 signo
3254 1793 3570 1849 certissimo

1880 1882 2362 1945 demonstremus,
2398 1884 2532 1953 quia
2572 1883 2732 1937 illum
2766 1900 2797 1935 a
2849 1884 2961 1935 Deo
3012 1884 3253 1936 electum
3311 1889 3367 1935 et
3409 1882 3575 1935 nobis

1878 1972 2076 2024 datum
2127 1972 2447 2041 principem
2480 1972 2786 2037 credimus,
2824 1977 2878 2023 et
2923 1972 3106 2024 eidem
3157 1972 3411 2040 largitori
3464 1972 3573 2024 Deo

1880 2076 1946 2112 ex
1971 2060 2087 2112 suis
2120 2060 2408 2113 beneficiis
2441 2077 2552 2112 non
2594 2060 2772 2113 simus
2804 2060 3049 2127 ingrati;
3084 2059 3200 2125 sed,
3256 2059 3573 2127 gratiarum

1880 2149 2129 2201 actiones
2182 2148 2264 2201 illi
2319 2149 2647 2215 referentes,
2704 2165 2935 2201 oremus
2991 2154 3271 2218 quatenus
3330 2153 3383 2200 et
3439 2164 3570 2200 eum

1880 2236 2045 2289 nobis
2078 2236 2147 2289 ad
2178 2236 2416 2289 salutem
2454 2240 2508 2288 et
2540 2236 2933 2289 defensionem
2966 2240 3172 2288 sanctas
3225 2252 3341 2288 sua:
3382 2236 3571 2289 Eccle-

1884 2326 2002 2388 sim,
2035 2330 2091 2378 et
2137 2325 2204 2378 ad
2264 2326 2539 2378 auxilium
2587 2330 2757 2395 atque
2809 2324 3123 2395 profectum
3177 2324 3434 2377 omnium
3472 2340 3573 2376 no-

1884 2420 2064 2466 strum
2111 2430 2240 2466 cum
2290 2413 2471 2465 salute
2528 2429 2591 2465 ac
2642 2429 2801 2482 pace,
2861 2418 2915 2464 et
2944 2412 3361 2482 tranquillitate
3412 2412 3576 2465 nobis

1880 2508 2174 2555 conservet
2206 2502 2437 2561 diutius,
2474 2506 2529 2554 et
2558 2517 2662 2554 nos
2712 2501 2866 2554 deli
2912 2501 3207 2553 devotione
3256 2500 3338 2553 illi
3415 2500 3575 2553 obse-

1883 2596 2143 2661 quentes,
2192 2597 2360 2660 atque
2408 2596 2601 2660 optata
2647 2591 2955 2642 salvatione
2990 2590 3262 2655 fruentes,
3297 2589 3400 2642 sub
3428 2588 3577 2642 illius

1881 2679 2377 2733 administratione
2410 2680 2467 2731 in
2497 2696 2597 2731 suo
2627 2680 2907 2747 gubernet
2936 2678 3183 2732 servitio.

2556 2769 2779 2821 CAPUT
2822 2768 2911 2820 IlI.

1954 2856 2017 2908 Et
2048 2854 2093 2907 si
2124 2855 2206 2908 illi
2240 2856 2448 2924 placet,
2478 2855 2719 2925 dignum
2761 2857 2870 2924 ipsi
2904 2861 2960 2908 et
2991 2854 3372 2908 necessarium
3408 2854 3571 2907 nobis

1881 2959 2001 2997 esse
2028 2944 2271 3009 videtur,
2306 2949 2369 2997 ut
2399 2960 2463 2997 ex
2497 2946 2619 3013 ejus
2651 2960 2747 2997 ore
2794 2944 3114 3010 audiamus,
3159 2943 3309 3013 quod
3343 2960 3375 2994 a
3407 2942 3569 2996 Chrio

1880 3033 2227 3085 stianissimo
2260 3048 2413 3101 rege,
2465 3032 2621 3086 fideli
2652 3039 2709 3085 et
2740 3031 2999 3084 unanimi
3032 3032 3091 3084 in
3139 3031 3367 3083 servitio
3420 3030 3573 3083 illius

1880 3122 2115 3191 populo,
2151 3121 2462 3190 unicuique
2494 3122 2551 3173 in
2582 3137 2685 3174 suo
2716 3120 2917 3175 ordine
2947 3120 3214 3173 convenit
3242 3118 3464 3187 audire,
3504 3135 3567 3171 ac

1878 3210 2086 3264 devota
2116 3215 2307 3264 mente
2340 3209 2648 3279 suscipere.

2176 3371 2204 3382 .-

460 3497 959 3598 ADVENTII
1026 3496 1718 3599 PRIVILEGIUM
1790 3496 1995 3596 PRO
2068 3495 2529 3595 ABBATIA
2598 3494 3185 3607 GORZIENSI,

1617 3683 1815 3763 [ANNO
1858 3681 2026 3761 863.]

1226 3836 1397 3900 (Apud
1433 3836 1497 3885 D.
1537 3836 1773 3891 Calmet.,
1803 3836 2027 3884 Histoire
2053 3833 2115 3883 dc
2145 3835 2429 3895 Lorraine.)

152 4107 455 4160 Pastoralis
484 4106 655 4161 officii
688 4107 914 4160 solertia
944 4106 1082 4160 dum
1115 4106 1260 4160 circa
1292 4106 1611 4159 custodiam
1644 4122 1762 4158 cre-
1805 4105 1845 4159 C
1876 4103 2033 4174 genti
2077 4101 2284 4156 mentis
2331 4101 2635 4171 sagacitate
2684 4101 2970 4155 desuans
3024 4101 3184 4171 [forte
3237 4100 3568 4173 desudans],

92 4194 183 4248 diti
204 4196 394 4265 gregis
426 4196 704 4267 invigilat,
758 4196 1118 4266 asperitatem
1162 4195 1629 4265 persequentium
1664 4195 1768 4247 sub

92 4284 243 4337 ovina
272 4286 418 4355 pelle
451 4285 751 4338 latentium
781 4284 975 4337 sedare
1001 4300 1115 4336 non
1143 4284 1406 4353 trepidat.
1443 4284 1580 4337 Cum
1616 4282 1768 4335 enim

90 4371 224 4426 vices
257 4374 352 4427 Dei
399 4372 547 4442 regis
579 4373 779 4426 interni
821 4372 1075 4442 suscipit,
1111 4376 1172 4424 ut
1220 4374 1342 4441 ejus
1373 4371 1623 4425 nominis
1655 4371 1769 4423 vir-

91 4465 195 4513 tute
235 4478 613 4532 personarum
648 4462 901 4531 acceptio
952 4460 1300 4526 aunulletur,
1346 4466 1403 4513 et
1433 4461 1766 4513 inviolatum

90 4550 669 4619 aequitatisjudicium
702 4551 1026 4614 roboretur,
1078 4550 1331 4619 profecto
1380 4566 1494 4603 non
1544 4554 1771 4618 oportet

90 4637 435 4692 dissimulare
482 4640 805 4692 libertatem
873 4639 1148 4705 veritatis,
1200 4639 1439 4691 Domino
1505 4637 1765 4691 dicente:

89 4726 141 4777 In
193 4728 393 4782 mundo
450 4742 765 4796 pressuram
836 4727 1137 4792 habebitis,
1182 4727 1275 4780 sed
1302 4727 1570 4794 condite,
1638 4728 1770 4795 quia

89 4827 169 4879 ego
198 4816 306 4868 vici
334 4815 591 4868 mundum
623 4816 797 4880 (Joan.
848 4830 955 4879 xvr,
989 4814 1077 4883 33)
1105 4830 1117 4879 ;
1160 4830 1276 4866 non
1322 4813 1459 4866 levis
1513 4819 1597 4865 est
1623 4829 1770 4866 noxa

88 4904 317 4969 peccatis
365 4902 792 4956 communicare
841 4902 1061 4969 alienis,
1098 4902 1178 4955 eis
1217 4903 1317 4972 qui
1365 4902 1535 4955 sacris
1576 4902 1763 4954 Eccle-

94 4990 291 5044 siarum
325 4991 554 5044 sedibus
602 4990 929 5060 praesident,
965 5007 1067 5060 pro
1099 4991 1441 5044 exaltatione
1475 5006 1759 5043 commen-

88 5076 218 5133 datae
244 5080 463 5133 ratione
496 5078 789 5147 dignitatis
819 5079 1058 5149 dignum
1093 5087 1179 5133 est
1214 5086 1275 5132 ut
1320 5080 1618 5150 ingeniosa
1651 5096 1766 5132 ma-

91 5180 202 5233 gnae
232 5168 632 5222 sollicitudinis
675 5183 811 5221 cura
841 5168 1141 5233 excubent,
1185 5174 1468 5237 quatenus
1499 5168 1768 5239 spiritua-

89 5253 157 5306 les
195 5273 324 5309 oves
374 5256 589 5325 absque
636 5256 810 5308 ullius
875 5256 1185 5309 occasionis
1239 5257 1499 5310 molestia
1549 5273 1766 5310 sacram

86 5343 336 5399 exhibere
372 5343 637 5397 militiam
680 5344 923 5397 valeant.
974 5344 1153 5415 Igitur
1193 5346 1507 5399 Adventius
1556 5351 1763 5399 sancta:

1881 4192 2231 4245 monasteria
2280 4196 2336 4243 et
2384 4190 2599 4261 praedia
2644 4190 2709 4243 ad
2758 4192 3122 4258 magnificam
3175 4190 3572 4259 pretiosissimi

1880 4280 2087 4334 Christi
2121 4280 2383 4350 martyris
2408 4296 2561 4332 aram
2586 4278 2944 4349 aspicientia,
2974 4296 3103 4349 qua:
3132 4280 3268 4331 olim
3303 4279 3574 4332 distracta

1879 4369 2106 4421 fuerant
2139 4374 2263 4438 post
2308 4368 2613 4421 transitum
2669 4368 3101 4436 prmdecessoris
3134 4368 3245 4421 mei
3291 4368 3572 4437 Drogonis

1879 4457 2198 4511 recolendas
2251 4458 2546 4510 memoriae
2594 4456 3029 4525 archiepiscopi,
3085 4472 3198 4508 non
3240 4457 3425 4509 solum
3470 4472 3574 4525 per

1878 4547 2209 4600 firmitatem
2248 4547 2455 4616 regalis
2495 4546 2661 4599 edicti
2693 4563 2723 4599 a
2753 4544 3278 4615 praecellentissimo
3314 4560 3444 4613 rege
3476 4546 3574 4597 Lo-

1877 4636 2067 4688 tbario
2100 4636 2388 4704 adeptam,
2424 4651 2645 4699 verum,
2675 4634 2846 4687 etiam
2878 4650 2943 4687 ex
2973 4638 3308 4686 auctoritate
3340 4633 3570 4702 synodi-

1878 4739 1953 4776 ca!
1988 4724 2360 4788 definitionis,
2400 4739 2524 4793 quae
2554 4723 2612 4776 in
2646 4729 2836 4775 nostra
2867 4722 3020 4787 sede,
3067 4724 3383 4791 imperante
3416 4738 3569 4775 sum-

1877 4829 1972 4866 mo
2006 4818 2061 4866 et
2089 4814 2391 4866 universali
2454 4828 2597 4882 papa
2653 4811 2903 4876 Nicolao,
2960 4811 3232 4864 canonice
3283 4810 3567 4863 celebrata

1878 4908 1982 4967 est,
2020 4902 2077 4954 in
2128 4918 2229 4955 suo
2279 4907 2449 4964 statu,
2504 4902 2616 4953 Deo
2665 4900 2999 4965 auxiliante,
3046 4900 3419 4961 restituimus,
3468 4899 3563 4953 ubi

1877 4990 2049 5043 etiam
2084 4992 2188 5043 hoc
2236 4989 2602 5059 privilegium
2650 5004 2753 5057 per
2799 4990 3066 5042 mandata
3118 4989 3387 5041 Romanae
3418 4988 3570 5041 sedis

1877 5080 2220 5149 accepimus,
2258 5084 2318 5129 ut
2360 5077 2655 5131 facultates
2704 5094 2893 5130 rerum
2939 5078 3201 5130 Ecclesia:
3237 5082 3444 5130 nostrae
3479 5093 3565 5130 re-

1877 5169 2316 5237 integraremus,
2351 5165 2494 5219 sicut
2523 5166 2583 5219 in
2636 5166 2837 5219 eodem
2885 5166 3187 5236 privilegio
3220 5165 3565 5231 continetur,

1878 5256 2029 5327 quod
2062 5255 2120 5308 in
2153 5254 2353 5309 eadem
2380 5258 2573 5307 sancta
2603 5254 2814 5325 synodo
2838 5254 3054 5324 judicio
3088 5260 3408 5324 legatorum
3444 5254 3570 5307 bea-

1875 5343 2081 5398 tissimi
2116 5360 2278 5413 papas
2309 5343 2544 5407 Nicolai,
2588 5348 2642 5395 et
2671 5359 2949 5395 consensu
2986 5342 3386 5413 episcoporum
3420 5344 3567 5396 mul-

88 5434 135 5480 et
159 5432 495 5486 venerabilis
540 5432 803 5485 Metensis
855 5432 1011 5487 urbis
1058 5433 1207 5487 sedis
1257 5434 1435 5488 divini
1472 5438 1761 5503 respectus
1878 5432 2160 5502 tiplicium
2221 5432 2516 5500 regionum
2600 5435 2884 5501 patratum
2946 5438 3082 5497 est;
3140 5436 3296 5501 patet
3351 5431 3567 5485 cunctis

85 5520 252 5584 gratia
281 5519 561 5589 pontifex.
611 5520 759 5574 circa
792 5520 1016 5591 vigilias
1050 5520 1233 5591 plebis
1278 5523 1599 5577 commissa:
1626 5522 1764 5576 dili-

1874 5526 2117 5593 quantas
2176 5520 2418 5574 Ecclesia
2476 5525 2670 5573 nostra
2742 5519 3014 5574 scissuras
3068 5519 3391 5590 pertulerit,
3438 5535 3569 5573 cum
