3884 6218
334 249 459 299 1151

1283 245 1607 299 ADVENTII
1650 244 1995 299 METENSIS
2034 244 2350 298 EPISCOPI
2392 224 2851 307 EQITAPHIUM.

3708 250 3823 302 1152

331 384 684 439 monasteria
732 382 1095 436 saecularium
1154 381 1369 435 fuerint
1414 380 1704 435 domicilia
1750 381 2025 445 virorum,
2066 380 2112 432 Α
2144 380 2342 433 Betoni
2384 380 2574 434 abbati
2599 387 2654 434 et
2684 381 3109 435 successoribus
3154 382 3272 436 suis
3317 382 3602 453 perpetim
3654 383 3831 452 dispo-

328 489 473 543 pene
500 474 623 543 jam
674 471 975 525 haereditas
1023 470 1121 523 Dei
1176 470 1292 522 suis
1341 470 1665 523 nudabatur
1715 470 2025 539 obsequiis,

329 562 550 616 nefaria
576 560 980 614 distributione
1014 560 1381 629 prwvalente,
1417 559 1568 612 inter
1602 576 1729 629 quas
1760 559 2028 627 direptio-

331 651 423 704 nis
448 649 749 719 dispendia
780 648 971 701 nobile
1002 648 1419 701 monasterium
1444 654 1650 700 nostrae
1697 648 2027 713 diofceseos,

330 739 482 809 quod
517 753 686 807 super
727 737 965 790 ﬂuvium
997 736 1208 791 (ἰοΓΖὶξὲ
1256 736 1559 789 fundatum
1594 742 1676 788 est
1718 736 1774 788 in
1812 737 2028 788 honore

328 827 628 880 beatorum
681 828 1076 895 apostolorum
1129 824 1279 878 Petri
1326 830 1379 877 et
1412 825 1594 889 Pauli,
1631 828 1687 876 et
1728 824 1876 877 beati
1906 824 2029 877 Ste-

331 915 507 984 phani
546 914 1000 984 protomartyris,
1054 913 1152 966 ubi
1195 914 1531 983 praeclarum
1584 912 1731 964 beati
1765 913 2029 982 martyris

330 1003 606 1073 Gorgonii
640 1019 844 1071 corpus
882 1004 1183 1055 humatum
1216 1006 1464 1066 tenetur,
1497 1000 1849 1070 temporibus
1881 1017 2025 1066 prae-

332 1092 467 1145 dicti
497 1090 877 1143 antecessoris
910 1090 1089 1143 nostri
1121 1090 1231 1143 huc
1270 1090 1517 1158 illucque
1552 1105 1742 1141 rerum
1793 1105 2025 1142 suarum

332 1179 663 1233 scissionem
697 1178 955 1248 pertulit,
987 1193 1114 1229 cum
1167 1176 1433 1246 proprius
1489 1176 1823 1229 monasterii
1855 1177 2028 1230 abbas

332 1268 565 1321 nomine
602 1267 893 1330 Haldinus,
954 1266 1025 1318 ab
1084 1265 1188 1318 hac
1242 1266 1363 1318 luce
1425 1265 1744 1318 subtractus
1801 1271 1922 1331 est;
1968 1266 2027 1318 in

338 1360 583 1417 tantum,
632 1354 785 1424 quod
831 1357 951 1406 sine
996 1353 1193 1406 dolore
1242 1353 1498 1423 proferre
1545 1369 1659 1405 non
1702 1369 2023 1422 possumus,

333 1448 396 1497 ut
427 1443 514 1495 vix
546 1458 769 1495 sacrum
802 1442 1212 1495 monachorum
1247 1458 1455 1509 agmen
1504 1442 1684 1495 victus
1715 1442 2027 1495 necessita-

332 1537 446 1585 tem
479 1532 742 1598 haberet;
779 1531 875 1583 sed
908 1546 1035 1583 cum
1078 1530 1200 1599 jam
1250 1530 1545 1583 laicalibus
1596 1530 1877 1582 deservire
1912 1530 2027 1583 im-

334 1618 506 1689 periis
536 1618 871 1688 praedictum
909 1619 1093 1671 locum
1125 1618 1424 1672 Lotharius
1468 1633 1565 1670 rex
1610 1618 1852 1683 censuit,
1888 1619 2025 1672 Bui-

332 1709 427 1762 nio
458 1709 683 1762 cuidam
716 1709 911 1761 comiti
957 1708 1099 1761 illud
1149 1708 1504 1761 committere
1531 1727 1545 1773 ;
1578 1708 1855 1777 paulatim
1886 1709 2027 1763 deﬁ-

335 1797 615 1850 cientibus
668 1797 1073 1850 alimentorum
1117 1802 1173 1850 et
1218 1802 1687 1867 tegumentorum
1732 1799 2028 1852 solamini-

337 1886 463 1950 bus,
498 1886 778 1953 regularis
807 1885 1125 1939 observatio
1156 1886 1548 1950 minuebatur,
1585 1887 1787 1955 religio
1820 1903 2029 1941 mona-

335 1975 471 2027 stica
501 1974 922 2039 inﬁrmabatur,
956 1974 1209 2028 ecclesiae
1241 1975 1399 2027 nulla
1431 1980 1664 2027 ornatus
1711 1976 1895 2045 gratia
1925 1977 2030 2029 de-

333 2062 697 2121 corabantur,
753 2061 990 2131 ipsaque
1061 2062 1258 2113 altaria
1301 2061 1510 2130 pluviis
1568 2068 1624 2114 et
1673 2064 2031 2117 nuditatibus

335 2149 808 2218 aspernabantur.
842 2148 943 2201 llic
978 2148 1450 2201 lamentationum
1481 2148 1823 2217 singultibus
1856 2150 2029 2202 laces-

335 2237 494 2303 situs,
531 2252 660 2289 cum
692 2237 978 2307 Propheta
1027 2236 1348 2306 ejulabam:
1386 2238 1540 2299 Quis,
1595 2238 1884 2308 inquiens,
1928 2238 2029 2291 da-

335 2326 412 2378 bit
439 2326 609 2393 capiti
652 2340 763 2378 meo
804 2341 1005 2394 aquam
1052 2331 1102 2378 et
1151 2326 1316 2378 oculis
1356 2340 1486 2378 mas
1522 2327 1727 2390 fontem
1753 2327 2032 2393 lacryma-

334 2428 476 2479 rum,
514 2418 563 2466 et
586 2413 717 2480 flebo
747 2414 1008 2482 populum
1033 2429 1206 2465 meum
1254 2413 1342 2466 die
1386 2429 1448 2467 ac
1498 2421 1645 2467 nocte
1676 2417 1803 2483 (Jer.
1842 2431 1915 2479 ix,
1953 2418 2028 2484 1.)

338 2502 476 2555 Nam
501 2501 635 2570 quia
668 2501 942 2554 instantia
988 2517 1113 2554 mea
1162 2508 1284 2554 erat
1330 2501 1651 2556 Sollicitudo
1702 2504 2032 2556 monasterii

334 2590 619 2659 praedicti,
652 2590 802 2659 quod
836 2590 1280 2659 praedecessores
1324 2590 1436 2642 mei
1480 2607 1624 2643 novo
1675 2592 2031 2645 liberalitatis

335 2679 512 2733 fundo
543 2679 890 2746 ditaverunt,
939 2679 1147 2732 accessi
1196 2680 1264 2732 ad
1316 2680 1786 2748 gloriosissimum
1838 2697 2031 2749 regem

339 2768 692 2832 Lotharium,
740 2773 797 2820 et
828 2768 1103 2836 expositis
1150 2768 1463 2837 privilegiis
1495 2774 1551 2821 et
1598 2769 1871 2823 chartulis
1912 2772 2034 2840 qui-

334 2854 441 2908 bus
464 2871 622 2908 sacer
649 2856 802 2908 locus
837 2856 1147 2917 nitebatur,
1182 2873 1211 2907 a
1246 2861 1526 2923 potestate
1573 2857 1789 2911 illicitae
1841 2858 2028 2911 domi-

339 2944 588 2997 nationis
620 2959 820 2996 eruere
852 2943 1137 3008 festinavi,
1172 2944 1368 3012 ibique
1400 2946 1679 3013 regularis
1728 2945 2036 3000 observan-

336 3032 429 3086 tiae
460 3033 745 3099 abbatem,
786 3033 1017 3085 nomine
1056 3033 1322 3085 Betonem
1354 3034 1643 3097 constitui,
1678 3040 1739 3087 ut
1770 3036 2036 3090 monachi

337 3137 453 3174 sua:
488 3120 858 3190 professionis
890 3137 1005 3173 non
1060 3121 1447 3187 immemores,
1493 3123 1633 3191 jugo
1665 3122 1866 3176 Christi
1900 3141 2037 3178 sua—

336 3209 567 3261 vissimo
618 3208 763 3261 colla
824 3208 1051 3261 ﬂectere
1098 3224 1211 3260 non
1264 3208 1571 3277 ignorent:
1622 3226 1830 3280 nempe
1881 3220 2034 3282 post-

338 3313 512 3367 quam
537 3296 681 3351 divre
714 3297 1124 3350 recordationis
1169 3298 1550 3366 praedecessor
1592 3314 1753 3351 meus
1785 3300 2033 3354 Chrode-

337 3402 558 3457 gangus
612 3387 1095 3457 archiepiscopus,
1162 3386 1284 3455 jam
1342 3387 1557 3440 dictum
1619 3390 2035 3443 monasterium

339 3492 489 3529 novo
544 3475 880 3529 fundamine
940 3475 1225 3538 instruxit,
1308 3491 1490 3545 usque
1551 3477 1620 3529 ad
1673 3477 2034 3531 detestandas

338 3564 665 3635 przelocutze
728 3564 1068 3618 calamitatis
1119 3565 1542 3633 oppressiones,
1596 3581 1629 3618 a
1678 3566 2038 3635 regularibus

340 3653 636 3706 abbatibus
666 3652 1114 3722 gubernabatur,
1154 3652 1578 3722 possidentibus
1627 3658 1683 3706 et
1733 3656 2037 3708 dominan-

339 3741 493 3795 tibus
546 3741 937 3812 integritatem
1000 3742 1428 3811 assequentium
1479 3742 1834 3796 facultatum.
1885 3744 2038 3807 Qua-

340 3836 579 3901 propter
607 3831 763 3901 quia,
810 3832 924 3884 Deo
955 3835 1322 3898 coaperante,
1372 3830 1560 3899 ipsum
1595 3846 1721 3884 cum
1769 3832 2038 3885 omnibus

341 3918 409 3972 ad
456 3935 513 3972 se
563 3919 981 3989 pertinentibus
1030 3936 1060 3971 a
1123 3919 1336 3972 ditione
1383 3919 1661 3989 improbae
1710 3920 2040 3974 vastationis

343 4006 729 4073 liberavimus,
797 4008 1158 4061 decernimus
1225 4007 1548 4061 coenobium
1616 4009 1919 4063 Gorziense
1979 4010 2036 4062 in

343 4096 561 4149 honore
598 4095 751 4148 beati
815 4096 966 4149 Petri
1023 4096 1264 4166 apostoli
1325 4101 1381 4149 et
1424 4096 1701 4165 Stephani
1746 4098 2034 4167 martyris,

346 4184 441 4238 ubi
474 4184 720 4253 inclytus
762 4190 975 4253 martyr
1027 4185 1348 4254 Gorgonius
1394 4185 1712 4239 admirabili
1763 4186 2034 4240 virtutum

2141 468 2332 523 nimus
2358 469 2737 523 obtinendum
2764 487 2777 535 ;
2811 486 2874 523 ea
2897 471 3134 538 ratione,
3168 472 3400 541 quando
3432 473 3583 525 viam
3610 472 3823 525 univer-

2139 557 2320 610 sitatis
2380 558 2589 628 aliquis
2646 559 2871 627 abierit,
2940 566 3132 612 noster
3187 562 3439 614 vassalus
3497 567 3595 614 aut
3646 562 3834 630 aliqua

2138 661 2404 714 persona,
2440 647 2540 716 qui
2583 647 2860 700 beneﬁcia
2899 648 2968 701 de
3019 648 3188 701 rebus
3236 650 3580 717 supradictis
3624 649 3835 702 habent

2137 734 2240 787 ﬁlii
2264 751 2460 788 eorum
2505 741 2559 788 et
2590 736 2898 805 propinqui
2948 752 3065 788 non
3100 736 3400 789 obtineant
3429 753 3515 801 ea,
3560 738 3834 790 omnime

2138 823 2226 876 dis
2275 824 2695 890 interdicimus,
2729 825 2828 877 sed
2886 824 3099 894 absque
3161 842 3341 888 mora,
3396 826 3613 895 absque
3665 826 3832 878 ullius

2136 912 2603 976 contradictione,
2641 913 2709 965 ad
2765 914 3035 966 Betonem
3088 913 3374 981 abbatem,
3426 920 3483 966 et
3523 914 3590 967 ad
3627 930 3833 967 succes-

2137 1001 2444 1069 soresejus;
2480 1017 2543 1053 ac
2573 1001 2642 1054 ad
2676 1001 2988 1054 monachos
3027 1002 3127 1071 qui
3160 1002 3374 1055 ibidem
3410 1003 3523 1055 Deo
3565 1003 3827 1068 militant,

2137 1088 2395 1141 redeant.
2425 1089 2482 1143 Si
2516 1105 2648 1142 vero
2681 1089 2911 1142 interim
2946 1090 3102 1143 locus
3131 1091 3406 1156 evenerit,
3445 1097 3507 1144 ut
3538 1091 3608 1144 de
3642 1098 3829 1145 nostro

2135 1175 2567 1240 indominicato,
2622 1183 2721 1230 aut
2771 1178 2839 1230 de
2886 1178 3052 1231 rebus
3093 1195 3234 1247 quas
3284 1180 3471 1233 adhuc
3519 1180 3690 1232 multi
3738 1196 3833 1248 per

2136 1271 2400 1317 nostrum
2433 1264 2777 1318 beneﬁcium
2824 1264 3093 1331 retinent,
3125 1271 3506 1335 commutare,
3551 1275 3830 1337 oportune

2136 1352 2441 1419 possimus,
2489 1352 2753 1406 dabimus
2802 1352 2871 1406 de
2928 1359 3148 1417 nostro,
3201 1359 3263 1406 ut
3310 1354 3597 1407 restitutio
3656 1355 3829 1407 sancti

2138 1439 2288 1492 Petri
2346 1455 2541 1492 rerum
2602 1439 2823 1509 integra
2882 1448 3242 1509 perseveret:
3302 1444 3590 1510 precarias
3643 1450 3826 1495 autem

2136 1533 2191 1581 et
2241 1528 2724 1581 commutationes
2792 1530 3090 1599 provideat
3127 1530 3435 1599 pra>dictus
3484 1531 3661 1584 abbas
3708 1548 3826 1584 cum

2069 1654 2107 1707 Β
2140 1617 2435 1670 monachis
2466 1616 2589 1684 sibi
2637 1617 2975 1683 commissis,
3023 1624 3086 1671 ut
3128 1619 3279 1689 quod
3317 1620 3458 1673 utile
3496 1620 3827 1689 judicaverit

2140 1706 2327 1759 faciat.
2379 1706 2635 1775 Capellas
2691 1706 2954 1759 villarum
3004 1712 3059 1759 et
3106 1707 3368 1760 dotalitia
3417 1708 3475 1760 in
3533 1709 3825 1776 antiquum

2137 1800 2347 1848 statum
2382 1795 2782 1854 reformamus.
2822 1800 2882 1849 ut
2926 1795 3070 1848 sicut
3117 1795 3223 1848 fuit
3268 1796 3626 1864 temporibus
3656 1796 3828 1848 Theo-

2138 1883 2283 1936 mari
2311 1883 2564 1953 ejusdem
2600 1882 2711 1936 loci
2744 1884 2980 1948 abbatis,
3015 1884 3094 1936 ita
3120 1883 3551 1937 necessitatibus
3590 1884 3823 1936 fratrum

2140 1972 2424 2025 deservire
2480 1972 2663 2025 faciat.
2730 1972 2967 2026 Familia
3025 1988 3159 2024 vero
3205 1972 3467 2042 ejusdem
3525 1972 3825 2025 coanobiia

2139 2059 2426 2112 servitutis
2476 2060 2662 2113 ofﬁcio
2702 2077 2815 2129 quo
2866 2061 2973 2114 fuit
3018 2060 3219 2130 priscis
3258 2060 3634 2129 temporibus,
3675 2061 3731 2112 in
3764 2076 3822 2112 eo

2140 2153 2491 2218 permaneat.
2525 2148 2607 2202 Ad
2644 2150 2909 2203 ultimum
2943 2165 3073 2202 vero
3112 2150 3412 2202 humiliter
3446 2154 3819 2218 peroptamus,

2140 2244 2205 2291 ut
2236 2239 2436 2292 eodem
2460 2238 2696 2291 honoris
2724 2238 3020 2308 privilegio
3045 2237 3200 2291 locus
3224 2238 3672 2306 praenominatus
3703 2252 3818 2304 per-

2140 2334 2379 2394 severet,
2413 2344 2541 2380 cum
2575 2327 2843 2380 omnibus
2889 2326 3235 2397 appenditiis
3267 2327 3404 2389 suis,
3435 2343 3546 2396 quo
3575 2327 3820 2378 contine-

2140 2420 2234 2469 tur
2264 2416 2324 2468 in
2356 2415 2592 2469 decretis
2618 2414 3099 2484 praedecessorum
3133 2430 3395 2467 meorum
3422 2431 3435 2479 ;
3478 2414 3689 2483 praedia
3721 2414 3816 2464 vil-

2144 2506 2324 2558 larum
2356 2520 2484 2574 quas
2531 2509 2861 2572 comparata
2918 2508 3066 2568 sunt,
3130 2503 3214 2556 vel
3264 2519 3296 2555 a
3356 2503 3640 2555 nobilibus
3693 2503 3812 2553 viris

2140 2594 2351 2647 donata
2407 2597 2541 2645 sunt
2591 2594 2675 2644 vel
2739 2598 2929 2658 erunt,
3003 2592 3199 2644 usibus
3256 2596 3313 2644 et
3369 2590 3814 2660 dispositionibus

2141 2682 2363 2735 abbatis
2396 2688 2453 2733 et
2484 2681 2895 2733 monachorum
2944 2679 3355 2749 perpetualiter
3403 2680 3733 2741 subdantur,
3766 2682 3815 2728 ut

2141 2769 2462 2839 spiritualia
2515 2774 2571 2821 et
2622 2768 2959 2837 temporalia
3037 2766 3289 2820 habeant
3343 2766 3709 2830 sufﬁcienter,
3762 2768 3813 2814 ut

2143 2861 2254 2913 Deo
2285 2858 2342 2910 in
2372 2864 2713 2926 perpetuum
2747 2858 3022 2926 placeant.
3061 2855 3112 2909 Si
3148 2871 3281 2908 vero
3314 2855 3458 2924 ipse,
3503 2859 3599 2907 aut
3627 2852 3813 2922 aliquis

2076 2950 2527 3003 Csuccessorum
2564 2962 2844 3009 meorum,
2895 2961 3025 2997 cum
3072 2943 3264 2996 divino
3316 2944 3550 3004 intuitu,
3604 2958 3701 3012 pro
3732 2957 3812 2992 re-

2150 3036 2395 3088 verentia
2444 3035 2555 3093 Dei,
2603 3040 2657 3086 et
2708 3038 3029 3086 sanctorum
3080 3033 3410 3102 patrociniis
3457 3032 3519 3084 in
3564 3030 3809 3101 praedicto

2145 3124 2269 3177 loco
2303 3123 2520 3189 locatis,
2556 3128 2611 3175 et
2642 3122 2849 3174 animae
2882 3127 3087 3174 nostrae
3118 3121 3371 3174 remedio
3401 3120 3458 3172 in
3493 3126 3811 3189 perpetuum

2147 3212 2497 3265 manendum
2532 3227 2848 3276 censemus,
2885 3210 3110 3263 irritum
3146 3209 3391 3275 duxerit,
3428 3214 3524 3261 aut
3555 3208 3613 3262 in
3644 3207 3812 3275 aliqua

2144 3307 2301 3372 parte
2336 3299 2731 3363 inﬁrmaverit,
2785 3298 2923 3351 sciat
2954 3316 3012 3350 se
3044 3298 3359 3351 terribilem
3393 3297 3669 3350 rationem
3702 3294 3810 3348 red-

2144 3389 2399 3443 diturum
2461 3389 2517 3441 in
2577 3388 2666 3441 die
2734 3387 3019 3439 tremendi
3077 3386 3357 3439 examinis
3404 3401 3511 3454 pro
3562 3384 3809 3450 sacrilego

2145 3493 2308 3542 ausu,
2342 3493 2469 3529 cum
2512 3476 2791 3530 Dominus
2831 3474 3187 3544 justissimus
3223 3473 3397 3544 judex
3453 3474 3526 3527 ad
3568 3474 3811 3542 judican-

2147 3567 2283 3620 dum
2322 3564 2562 3630 venerit,
2597 3572 2653 3617 et
2698 3564 2930 3634 dignam
2978 3564 3290 3633 unicuique
3322 3562 3468 3615 facto
3500 3576 3810 3615 remunera-

2144 3654 2363 3707 tionem
2396 3652 2664 3706 attulerit.
2702 3653 2770 3706 Ut
2800 3657 2989 3705 autem
3041 3651 3147 3704 hoc
3190 3650 3478 3704 ﬁrmitatis
3513 3655 3709 3702 nostra:
3737 3648 3813 3700 de-

2145 3748 2364 3796 cretum
2395 3747 2670 3812 perpetuo
2704 3747 2962 3810 tempore
2996 3745 3269 3803 servetur,
3290 3745 3345 3792 et
3373 3755 3405 3791 a
3435 3739 3593 3791 nullo
3623 3738 3809 3790 immu-

2148 3836 2319 3898 tetur,
2349 3846 2550 3883 manus
2584 3828 2829 3899 propriaa
2868 3826 3351 3896 conscriptionem
3401 3824 3809 3879 immutabiliter

2146 3920 2490 3975 censuimus.
2533 3917 2847 3971 Adventius
2892 3921 3099 3969 sanctae
3154 3913 3681 3968 Mediomatricensis
3728 3912 3808 3964 Ec-

2146 4008 2330 4063 clesia!
2361 4007 2684 4076 episcopus,
2716 4005 2882 4074 hujus
2930 4003 3443 4057 ecclesiasticarum
3490 4017 3675 4054 rerum
3705 3999 3806 4070 pri-

2148 4097 2339 4167 vilegii
2375 4095 2794 4149 restitutionem
2834 4108 3005 4146 manu
3036 4091 3272 4161 propria
3304 4090 3553 4155 ﬁrmavi,
3585 4106 3647 4142 ac
3676 4089 3809 4141 robo.

2146 4186 2389 4239 randum
2422 4184 2681 4237 omnium
2711 4197 3099 4235 successorum
3132 4195 3390 4233 meorum
3423 4195 3521 4249 per
3548 4180 3804 4234 Christum

346 4272 511 4326 laude
540 4277 815 4334 coruscat,
850 4273 1194 4341 regulariter
1242 4274 1571 4342 gubernari,
1628 4275 1933 4344 ipsumque
1974 4292 2037 4329 ac
2081 4250 2120 4303 θ
2150 4273 2414 4327 manibus
2461 4288 2631 4327 exoro
2683 4276 2739 4324 et
2788 4270 3085 4323 humiliter
3124 4284 3384 4337 eXposco.
3429 4270 3545 4321 Hoc
3592 4283 3726 4320 anno
3752 4263 3805 4316 ab

346 4361 649 4431 pristinam
687 4360 950 4414 omnium
1000 4377 1191 4415 rerum
1238 4378 1471 4416 suarum
1526 4363 2035 4434 reintegrationem

2147 4362 2547 4418 lncarnatione
2580 4360 2809 4413 Domini
2841 4361 2942 4413 873
2972 4358 3283 4412 indictione
3318 4360 3373 4410 lt
3414 4360 3609 4426 epacta
3640 4358 3715 4409 28.

1552 4661 2151 4734 EPITAPHIUM
2210 4659 2667 4732 ADVENTII

1679 4837 1718 4879 A
1768 4835 2113 4880 SEMETIPSO
2162 4834 2522 4879 EXARATUM.

1340 4981 1581 5042 (Histoire
1607 4980 1867 5029 littéraz're
1891 4978 1954 5027 de
1983 4978 2034 5026 la
2062 4978 2275 5034 France,
2309 4981 2435 5025 tom.
2470 4976 2532 5037 V,
2562 4990 2680 5039 pag.
2714 4975 2843 5037 451.)

346 5233 541 5286 Tristis
587 5232 748 5303 origo
795 5232 1066 5300 hominis,
1108 5234 1202 5288 sed
1248 5235 1465 5288 tristior
1522 5235 1724 5289 ultima
1768 5252 1889 5289 sors
1934 5240 2037 5289 est.

420 5322 614 5375 Invida
644 5338 797 5375 mors
827 5323 1035 5391 repetit
1065 5324 1216 5392 quod
1249 5340 1350 5376 sua
1380 5323 1511 5394 jura
1545 5324 1772 5377 debent.

352 5409 571 5461 Divitiis
600 5410 819 5479 pollens
851 5410 1119 5477 nimium,
1152 5412 1296 5465 hanc
1326 5412 1601 5465 formidet
1631 5428 1867 5481 egenus.

419 5496 461 5550 Ο
492 5512 637 5564 puer
666 5504 837 5567 atque
871 5514 1060 5563 senex,
1096 5499 1294 5552 mortis
1328 5515 1522 5554 amara
1550 5517 1719 5554 cave:

2152 5232 2496 5303 Impavidus,
2535 5231 2798 5301 pavidus,
2830 5229 3009 5294 fortis,
3044 5228 3385 5299 perterritus
3419 5229 3560 5299 ipse.

2224 5325 2384 5376 Hunc
2413 5325 2659 5389 pereunt
2688 5320 2878 5371 cuncti
2908 5324 3057 5370 sorte
3090 5318 3193 5371 sub
3223 5318 3463 5371 occidua
3489 5318 3501 5372 l

2152 5413 2249 5466 Hic
2281 5428 2386 5481 ego
2416 5412 2574 5463 vanis
2605 5408 2894 5480 quondam
2929 5414 3081 5460 ostro
3113 5412 3374 5477 comptus
3408 5414 3465 5460 et
3493 5424 3647 5470 auro,

2226 5501 2651 5567 Fortunamque
2680 5495 2905 5550 avidam
2933 5495 3198 5565 experior
3226 5495 3471 5548 tumulo.
