3884 6218
74 222 204 273 1153
1094 224 1458 279 ΒΑΤΒΑΜΝΙ
1498 225 1608 281 EP]

2046 224 2563 281 iYNOCEPHALlS.
3446 225 3580 278 1154

73 353 419 405 innumeras
450 351 729 406 concessit
756 369 893 423 opes
924 352 1064 407 mihi
1096 355 1357 409 conditor
1387 356 1569 422 orbis;
1812 361 1857 412 Α
1890 358 2119 409 Francia
2152 373 2242 408 me
2272 355 2489 425 genuit,
2532 355 2754 423 genitor
2781 353 3015 408 nomine
3049 354 3216 409 Saxo.

130 439 405 508 Sumpsit
436 441 602 510 inops
636 442 906 504 modicas,
941 459 1161 513 pauper
1194 449 1249 497 et
1289 444 1542 514 exiguas.
1960 446 2243 499 Oromatis
2266 445 2449 497 merui
2480 460 2691 498 nomen
2722 445 2933 498 habere
2968 461 3198 497 novum.

73 529 347 581 Praesulis
379 528 656 594 oflicium,
690 532 903 600 populo
934 532 1302 599 acclamante,
1340 533 1549 604 recepi.
1888 533 1986 586 Dic
2019 533 2315 602 relegens:
2353 533 2625 602 Requiem
2658 538 2849 586 teneat
2872 533 3184 587 Adventius
3215 535 3448 602 almam,

132 616 380 671 Semina
407 618 672 672 distribui
702 619 928 689 parcius
967 621 1117 673 alma
1160 622 1341 692 gregi.
1958 623 2096 676 Cum
2122 637 2293 691 grege
2316 622 2620 675 candidulo
2651 638 2825 691 regna
2856 622 3021 676 beata
3051 628 3270 691 petens.

74 706 355 759 Ecclesias
388 707 593 760 Christi
625 706 781 760 cultu
811 708 1122 762 venerabar
1152 710 1389 764 honesto
1427 728 1439 764 :
1883 712 1998 765 Rex
2024 711 2148 764 coeli
2183 710 2490 764 adveniens
2520 712 2815 780 plasmatis
2846 710 3085 765 reddere
3117 711 3312 781 digna,

130 795 368 848 Peccati
401 795 535 849 hinc
565 795 789 849 veniam
814 796 1082 851 ccelicolee
1114 799 1432 852 obtineant.
1955 801 2016 853 ln
2037 799 2391 868 paradisiaco
2412 799 2671 869 gramine
2701 799 2887 868 pande
2910 800 3077 852 viam.

72 882 499 937 Carminalseta
531 884 667 937 olim
696 885 895 951 cecini,
932 902 1086 939 nunc
1116 887 1298 940 tristia
1328 887 1506 957 ﬁngo,
1879 887 2122 942 Obsecro
2166 903 2270 957 per
2308 888 2525 940 trinum
2575 887 2900 948 Dominum,
2944 892 3233 941 contestor
3274 892 3330 942 et
3371 904 3575 955 unum,

136 972 392 1025 Funeris
420 973 719 1043 exsequias
752 989 914 1027 musa
943 980 1185 1029 venusta
1209 980 1389 1044 parat.
1953 976 2222 1030 Mauseoli
2250 981 2477 1046 septum
2504 976 2663 1030 nulla
2690 992 2893 1030 manus
2928 976 3116 1055 violet.

74 1255 473 1336 {Opusculum
502 1258 880 1337 subsequens,
914 1278 1019 1317 suo
1052 1258 1175 1318 loco
1205 1259 1506 1341 omissum,
1540 1258 1750 1318 seriem
1774 1257 2007 1341 claudit
2043 1258 2655 1341 QperumRatramni
2692 1259 3063 1321 Corbeiensis
3102 1259 3407 1329 monac/22',
3451 1280 3582 1341 quae

1330 1337 1510 1398 habes
1536 1357 1723 1418 supra
1755 1340 1816 1397 z'n
1845 1338 1955 1398 hoc
1983 1337 2329 1418 volumine.)

1292 1633 2373 1758 RATRAMNI

1459 1839 1861 1883 CORBEIENSIS
1908 1840 2195 1884 MONACHI

750 1988 1451 2095 EPISTOLA
1539 1988 1723 2095 DE
1816 1987 2913 2097 CYNOCI‘ZPHALIS

990 2181 1095 2244 AD
1148 2180 1624 2244 RIMBERTUM
1674 2180 2263 2246 PRESBYTERUM
2313 2180 2679 2245 SCRIPTA.

1194 2318 1361 2381 (Apud
1391 2318 1678 2378 Oudinum,
1709 2318 1773 2367 de
1803 2318 1991 2382 Script.
2018 2316 2203 2367 eccles.
2228 2322 2355 2367 tom.
2386 2318 2476 2379 II.)

150 2578 370 2631 Divinm
427 2576 627 2645 gratiae
684 2571 1018 2626 muneribus
1074 2571 1371 2637 honorato,
1440 2570 1781 2639 plurimum-
1819 2572 1860 2624 Β
1893 2571 2058 2625 ritate
2100 2572 2264 2625 nobis
2294 2572 2544 2636 directa,
2594 2572 2730 2625 dum
2764 2576 3025 2645 naturam
3081 2572 3313 2626 illorum
3343 2573 3586 2645 diligen-
3641 2593 3647 2597 ’

87 2683 191 2737 que
215 2666 275 2719 in
310 2665 534 2718 Christo
561 2661 852 2732 diligendo
886 2660 1162 2713 Rmnenro
1198 2659 1511 2712 venerabili
1545 2656 1780 2728 preshy-
1890 2660 2004 2712 tius
2042 2660 2463 2730 signiﬁcarunt,
2498 2661 2773 2713 nonnulla
2806 2660 3106 2714 docuerint
3137 2678 3264 2732 qua:
3315 2662 3583 2717 humanae

85 2760 225 2821 tero,
264 2755 598 2807 Barnamvos
630 2751 1036 2821 sempiternam
1066 2750 1124 2801 in
1178 2748 1418 2801 Domino
1446 2748 1575 2801 Jesu
1618 2747 1779 2801 Chri-
1889 2748 2103 2801 rationi
2143 2750 2338 2818 potius
2381 2766 2553 2819 quam
2600 2749 2823 2802 bestiali
2864 2749 3225 2803 sensibilitati
3280 2752 3584 2805 convenire

88 2851 167 2897 sto
201 2845 467 2897 salutem.
1892 2837 2159 2891 videntur
2191 2855 2202 2890 :
2253 2838 2464 2891 scilicet
2503 2838 2655 2908 quod
2699 2837 2985 2891 societatis
3025 2839 3288 2907 quendam
3314 2840 3449 2908 jura
3475 2857 3580 2893 cu-

151 2933 314 2997 Quod
369 2936 580 2984 nostrae
622 2927 920 2999 petitionis
973 2941 1255 2980 memores
1295 2924 1500 2991 effecti,
1552 2923 1778 2993 scripsi-
1892 2924 2162 2990 stodiant,
2243 2926 2395 2995 quod
2451 2926 2716 2979 villarum
2791 2926 3135 2980 cohabitatio
3216 2927 3584 2997 testiﬁcatur;

89 3023 181 3074 stis
207 3021 377 3074 nobis
414 3021 512 3073 illa
551 3034 677 3088 quae
709 3021 776 3071 de
827 3014 1352 3084 Cenocephalorum
1377 3022 1401 3046 ³
1440 3019 1641 3065 natura
1673 3028 1783 3081 po-
1895 3014 2045 3082 quod
2081 3014 2204 3083 agri
2252 3016 2535 3067 culturam
2568 3020 2849 3081 exercent,
2881 3015 3031 3084 quod
3064 3020 3119 3067 et
3170 3014 3399 3084 frugum
3433 3031 3579 3069 mes-

88 3112 269 3164 tuistis
299 3123 663 3180 cognoscere,
698 3123 812 3159 non
845 3105 1065 3158 modice
1102 3120 1193 3156 me
1226 3102 1572 3156 lwtiﬁcastis.
1623 3101 1783 3165 Quod
1894 3102 2053 3155 sione
2081 3103 2401 3173 colligitur;
2435 3104 2589 3172 quod
2624 3104 2869 3157 verenda
2906 3119 3019 3156 non
3070 3104 3379 3157 bestiarum
3431 3120 3588 3159 more

88 3216 213 3253 vero
278 3201 349 3252 ad
404 3214 471 3251 ea
516 3212 643 3266 qua!
703 3193 1026 3265 postulastis
1075 3192 1311 3245 minime
1370 3191 1783 3260 rescripserim,
1893 3190 2187 3260 detegant,
2229 3191 2324 3244 sed
2384 3192 2635 3245 humana
2688 3193 2879 3245 velent
2908 3192 3271 3258 verecundia,
3314 3209 3442 3263 quae
3501 3210 3589 3246 res

92 3289 361 3342 noveritis
408 3286 773 3354 negligentiae
807 3287 1036 3351 torpore
1086 3296 1451 3350 nequaquam
1502 3280 1610 3332 hoc
1650 3295 1782 3331 con-
1894 3279 2131 3349 pudoris
2161 3284 2248 3332 est
2275 3279 2767 3349 indicium-,quod
2809 3280 2868 3332 in
2901 3296 3007 3334 usu
3039 3282 3328 3350 tegminis,
3355 3297 3473 3335 non
3503 3299 3593 3335 so-

93 3378 320 3447 tigisse,
362 3390 557 3428 verum
601 3373 736 3443 quia
785 3371 1053 3424 delatoris
1104 3369 1407 3439 praesentia
1437 3383 1551 3420 non
1582 3366 1784 3420 aﬂ‘ece-
1894 3368 2015 3420 lum
2048 3367 2242 3436 pelles,
2279 3383 2476 3420 verum
2509 3368 2680 3421 etiam
2727 3374 2783 3422 et
2810 3374 2994 3422 vestes
3029 3386 3125 3423 eos
3184 3371 3393 3424 habere
3450 3371 3591 3424 scri-

88 3471 191 3530 rat,
227 3478 572 3533 suspensum
615 3459 803 3513 fuisse.
858 3459 1013 3511 Nunc
1061 3463 1253 3510 autem
1304 3455 1570 3508 veniente
1612 3454 1786 3507 fratre
1894 3455 2124 3524 psistis:
2156 3455 2278 3508 hazc
2324 3456 2478 3509 enim
2537 3456 2729 3509 omnia
2778 3458 3115 3511 rationalem
3163 3457 3625 3528 quodammodo

90 3554 377 3607 Sarwardo
430 3552 499 3604 ad
555 3566 658 3602 nos
707 3553 763 3601 et
820 3548 891 3600 ad
930 3562 1028 3599 vos
1080 3550 1390 3613 remeante,
1448 3544 1580 3596 data
1631 3559 1786 3596 occa—
1896 3542 2188 3595 testiﬁcari
2246 3543 2507 3597 videntur
2564 3545 2643 3596 eis
2696 3547 2881 3599 inesse
2934 3547 3213 3601 animam.
3270 3547 3410 3600 Nam
3462 3562 3592 3600 cum

92 3642 269 3707 sione,
302 3638 529 3693 solliciti
573 3637 808 3702 fuimus,
861 3635 1108 3688 breviter
1149 3633 1415 3687 intimare
1444 3648 1573 3702 quae
1621 3631 1787 3684 nobis
1895 3629 2116 3683 dicatur
2144 3631 2341 3684 civitas
2367 3648 2489 3686 esse
2531 3638 2709 3687 coetus
2740 3634 3042 3688 hominum
3094 3635 3294 3689 eodem
3326 3636 3427 3689 sub
3460 3636 3591 3705 jure

90 3730 424 3783 videbantur
454 3741 626 3796 super
657 3724 1030 3795 inquisitione
1063 3727 1265 3775 vestra.
1309 3720 1573 3785 Quaeritis
1629 3718 1785 3772 enim
1894 3718 2111 3786 pariter
2140 3718 2494 3788 degentium,
2528 3721 2737 3791 istique
2787 3724 2957 3776 simul
2995 3723 3323 3777 cohabitare
3362 3739 3464 3792 per
3492 3723 3592 3776 vil-

94 3820 223 3889 quid
297 3818 367 3872 de
424 3813 837 3883 Cenocephalis
891 3811 1122 3864 credere
1181 3809 1455 3875 debeatis,
1532 3806 1790 3861 videlicet
1827 3864 1866 3889 ρ
1899 3806 2082 3858 larum
2113 3806 2485 3860 contubernia
2520 3807 2801 3874 dicantur,
2850 3810 3093 3863 civitatis
3124 3810 3415 3864 distinctio
3463 3810 3591 3864 tali-

135 3864 223 3872 “’“’“⁴“
300 3864 365 3872 *⁸⁷
432 3864 761 3883 ⁷⁷⁷“““”ι⁷“”
1445 3864 1453 3875 ι
2790 3864 2800 3874 1

94 3864 286 3961 iitrum
315 3906 383 3959 de
411 3905 548 3957 Adae
598 3903 713 3956 sint
770 3901 946 3969 stirpe
996 3897 1304 3968 progeniti,
1354 3913 1427 3950 an
1474 3896 1786 3949 bestiarum
1827 3864 1868 3919 Ο
1899 3894 2005 3948 bus
2038 3895 2342 3948 convenire
2375 3912 2486 3948 non
2521 3896 2621 3949 abs
2666 3914 2725 3949 re
2754 3898 3025 3951 creditur.
3072 3898 3363 3969 Siquidem
3394 3903 3449 3952 et
3478 3899 3590 3952 col-

97 3995 305 4048 habent
328 3994 550 4047 animas
584 4008 595 4044 :
631 4006 758 4061 quea
792 3988 1030 4059 quaestio
1052 3986 1459 4056 compendiose
1490 3985 1568 4038 ita
1600 3988 1790 4054 potest
1900 3983 2140 4036 lectione
2171 3999 2273 4036 sua
2314 3984 2742 4038 multitudinem
2795 3986 3030 4052 faciunt,
3061 3992 3118 4040 et
3172 3990 3383 4057 pariter
3426 3987 3588 4041 habi—

98 4081 484 4137 determinari.
546 4078 603 4133 Si
658 4077 959 4131 hominum
1021 4074 1217 4144 generi
1247 4072 1559 4142 deputandi
1635 4077 1786 4139 sunt,
1901 4076 2021 4125 tare
2076 4072 2307 4125 nonnisi
2338 4073 2441 4125 sub
2472 4073 2714 4143 alicujus
2755 4074 2879 4143 jure
2908 4076 3254 4129 conditionis
3300 4082 3583 4146 poterant.

98 4173 233 4225 nulli
276 4169 517 4225 dubium
573 4166 743 4221 debet
802 4163 981 4217 videri
1028 4162 1182 4232 quod
1213 4161 1386 4232 primi
1438 4161 1688 4215 hominis
1719 4161 1787 4214 de
1902 4161 2007 4214 Ubi
2038 4176 2169 4214 vero
2219 4160 2313 4231 jus
2370 4161 2605 4231 aliquod
2684 4168 2961 4230 servatur,
3025 4180 3303 4218 consensu
3362 4179 3586 4235 quoque

99 4259 409 4332 propagine
444 4254 860 4312 descenderint.
903 4254 1098 4323 Neque
1146 4251 1301 4305 enim
1332 4251 1415 4304 fas
1450 4255 1534 4304 est
1580 4250 1788 4303 huma-
1899 4249 2228 4302 animorum
2260 4266 2375 4303 una
2413 4249 2757 4304 continetur.
2793 4251 2987 4321 Neque
3012 4254 3107 4321 jus
3140 4254 3369 4323 aliquod
3404 4256 3589 4323 potest

99 4364 225 4403 nam
258 4348 411 4403 credi
463 4345 693 4400 aliunde
744 4342 949 4397 deduci
989 4340 1273 4410 originem
1309 4354 1482 4410 quam
1518 4338 1690 4409 primi
1719 4338 1788 4391 de
1900 4353 2041 4404 esse,
2113 4337 2264 4408 quod
2339 4353 2649 4392 consensus
2701 4339 3025 4392 communis
3082 4356 3197 4393 non
3255 4339 3583 4395 decreverit.

98 4435 346 4504 parentis
395 4432 734 4488 substantia.
766 4429 928 4493 Quod
972 4428 1020 4481 si
1064 4426 1289 4481 bestiali
1333 4426 1531 4496 generi
1578 4441 1790 4479 connu-
1896 4426 2103 4479 Verum
2161 4425 2336 4480 talem
2391 4432 2601 4496 praeter
2672 4428 3004 4481 moralitalis
3066 4428 3423 4499 disciplinam
3485 4444 3588 4483 nec

102 4527 410 4588 merantnr,
462 4519 693 4573 nomine
750 4522 976 4571 tantum
1032 4514 1382 4579 hominibus,
1436 4530 1552 4567 non
1582 4519 1789 4567 natura
1898 4514 2188 4580 constitui,
2233 4531 2338 4569 nec
2368 4516 2639 4570 custodiri
2684 4516 2991 4587 aliquando
3020 4518 3225 4587 potuit.
3279 4518 3402 4570 1am
3453 4533 3586 4570 vero

102 4610 542 4665 communicant.
577 4608 734 4660 Inter
763 4606 885 4659 haec
928 4604 1225 4657 sciendum
1278 4618 1410 4655 vero
1444 4602 1486 4654 si
1535 4602 1788 4655 contenti
1897 4620 2061 4673 agros
2090 4603 2297 4670 colere,
2351 4609 2560 4658 terram
2609 4605 2990 4675 proscindere,
3045 4609 3360 4659 sementem
3401 4606 3585 4659 rurali

103 4697 371 4753 fuerimus
428 4696 698 4766 opinione
748 4699 1091 4755 nostrorum,
1137 4691 1397 4745 videlicet
1449 4690 1787 4745 ecclesiasti-
1896 4691 2079 4745 fenori
2127 4692 2486 4757 concredere,
2537 4694 2673 4746 artis
2717 4692 2983 4761 peritiam
3030 4694 3397 4747 demonstrat.
3446 4692 3585 4755 Quae

104 4803 291 4842 corum
343 4787 664 4850 doctorum,
698 4783 847 4837 inter
903 4781 1111 4835 bestias
1168 4779 1360 4850 potius
1414 4795 1585 4849 quam
1638 4779 1789 4833 inter
1896 4795 1988 4833 res
2020 4780 2130 4833 nisi
2177 4780 2397 4833 ratione
2459 4781 2716 4850 praeditis
2762 4780 3205 4850 haudquaquam
3258 4780 3444 4831 favere
3491 4796 3582 4833 co-

102 4874 354 4931 homines
387 4856 700 4945 deputandi
749 4875 901 4935 sunt,
953 4869 1235 4939 siquidem
1264 4874 1321 4921 et
1370 4867 1554 4921 forma
1586 4866 1786 4936 capitis
1894 4869 2204 4939 gnoscitur.
2264 4867 2487 4920 Etenim
2546 4868 2779 4921 rationis
2855 4872 2935 4921 est
3005 4878 3233 4916 causam
3290 4866 3581 4934 requirere

105 4969 157 5017 et
182 4966 420 5019 latratus
446 4977 674 5025 canum,
707 4975 822 5012 non
852 4958 1181 5012 hominibus
1213 4956 1308 5010 sed
1340 4955 1535 5009 bestiis
1572 4955 1786 5008 similes
1896 4957 2247 5028 singularum
2281 4956 2593 5018 actionum,
2628 4956 2726 5010 ubi
2758 4967 2960 5005 causa:
3018 4967 3145 5021 quae
3196 4968 3285 5005 res
3340 4954 3583 5023 pingues

105 5053 356 5107 ostendit.
414 5049 724 5106 Hominum
774 5046 1023 5116 denique
1080 5050 1165 5098 est
1213 5043 1527 5096 rotundum
1578 5041 1784 5096 vertice
1896 5045 2103 5098 efﬁciat
2130 5050 2330 5110 terras,
2364 5061 2490 5114 quae
2523 5059 2689 5098 causa
2738 5040 3010 5093 sementis
3071 5040 3390 5093 ubertatem
3446 5057 3586 5110 pro-

106 5142 305 5194 cuzlum
341 5139 615 5208 aspicere,
657 5150 861 5188 canum
907 5149 1039 5186 vero
1070 5133 1318 5201 oblongo
1350 5131 1532 5199 capite
1568 5134 1782 5183 rostro-
1825 5156 1869 5212 ι)
1902 5133 2102 5197 ducat;
2135 5148 2380 5202 quarum
2433 5134 2554 5185 sine
2601 5126 2838 5180 scientia
2893 5127 3240 5197 agricultura
3290 5144 3586 5198 nunquam

106 5241 205 5296 que
234 5228 476 5282 deducto
519 5231 727 5277 terram
776 5219 1003 5274 intueri.
1038 5220 1107 5272 Et
1153 5218 1415 5271 homines
1444 5218 1779 5286 loquuntur,
1895 5221 2065 5289 digne
2096 5221 2309 5290 poterit
2336 5215 2600 5274 exerceri.
2650 5216 2823 5269 Porro
2859 5222 3191 5285 tegumenta
3242 5232 3409 5269 nosse
3443 5233 3581 5271 con-

108 5328 262 5370 canes
295 5331 426 5369 vere
458 5316 684 5367 latrant.
725 5311 935 5364 Verum
970 5323 1084 5377 quo
1117 5306 1325 5360 litterae
1361 5323 1393 5360 a
1436 5312 1621 5359 vestra
1651 5306 1783 5359 cha-
1902 5308 2092 5377 ﬁcere,
2117 5309 2203 5363 vel
2232 5310 2395 5379 pelle,
2430 5306 2516 5358 vel
2549 5304 2676 5358 lana
2705 5305 2963 5374 linoque,
3006 5304 3260 5358 studium
3293 5311 3379 5358 est
3405 5305 3587 5358 ratio-

172 5498 193 5523 ⁸
231 5492 321 5547 Sic
352 5490 510 5545 miss.
536 5488 773 5559 ubique.
