3884 6218
256 259 387 311 1155
892 252 1255 308 RATRAMNI
1298 251 1759 307 COBBEIENSIS
1800 249 2116 305 MONACHI
2158 250 2372 304 EPIST.
2419 249 2507 302 DE
2545 248 3084 305 CYNOCEPHALIS.
3624 256 3772 305 llitii

250 386 396 441 nalis
424 386 652 439 animm.
689 384 804 437 Nisi
838 384 991 436 enim
1036 382 1277 435 artilicio
1310 382 1555 451 quodam
1590 382 1709 434 haec
1768 381 1955 451 parari
1992 386 2035 437 Α
2064 380 2331 449 gentibus
2356 397 2489 434 vero
2529 381 2626 450 qui
2680 380 2827 434 inter
2877 381 2999 434 haec
3024 385 3291 452 portenta
3351 390 3776 447 numerantur,

250 492 366 529 non
400 479 656 545 possunt,
693 478 747 526 et
778 473 911 524 artis
943 471 1176 523 scientia
1222 471 1449 525 nonnisi
1488 472 1753 523 rationali
1806 486 1942 523 con-
2054 470 2320 523 homines
2349 469 2522 522 fuisse
2551 470 2619 522 de
2668 470 3001 523 hominibus
3034 474 3198 524 natos
3250 487 3422 525 nemo
3479 473 3601 525 fere
3656 473 3783 543 qui

250 564 470 618 ceditur
517 562 741 615 animas.
803 564 874 612 At
922 559 1188 629 pudenda
1244 559 1438 621 velari,
1491 558 1807 612 honestatis
1863 562 1947 611 est
2057 557 2296 617 dubitet,
2342 557 2810 627 quandoquidem
2842 559 3165 612 divinarum
3210 560 3548 613 auctoritate
3610 561 3786 614 litte-

251 654 500 722 signum,
551 651 702 721 quod
762 664 879 702 non
932 648 1210 718 quaeritur
1255 647 1367 700 nisi
1426 647 1493 701 ab
1551 648 1741 700 animo
1798 647 1947 699 inter
2056 662 2275 712 rarum,
2307 646 2415 698 hoc
2462 646 2639 698 astrui
2693 661 2805 698 non
2833 645 3183 715 ignoremus.
3242 646 3461 710 Quibus
3504 648 3782 702 Cenoce-

249 746 416 811 turpe
456 746 513 794 et
569 742 872 794 honestum
902 738 1148 791 habente
1209 736 1589 789 distinctionis
1640 734 1940 804 judicium.
2057 735 2213 804 phali
2254 735 2390 787 dum
2449 740 2957 801 connumerantur,
3021 735 3128 788 hoc
3187 736 3360 789 etiam
3415 741 3470 790 et
3508 739 3577 791 de
3638 738 3787 790 istis

250 830 595 883 Erubescere
628 842 876 896 namque
907 842 1074 879 nemo
1102 829 1290 894 potest
1312 825 1381 877 de
1406 822 1779 893 turpitudine,
1834 822 1948 874 nisi
2058 823 2421 876 sentiendum
2455 838 2575 876 esse
2607 828 2858 893 putatur,
2896 824 3140 877 maxime
3168 824 3213 878 si
3262 824 3359 877 illa
3396 827 3791 879 constiterint

250 918 341 973 cui
372 918 614 986 contigit
639 916 898 987 quaedam
930 914 1241 967 honestatis
1265 912 1534 981 cognitio.
1579 913 1708 965 Hrec
1757 915 1945 964 autem
2060 928 2187 981 quas
2216 913 2284 965 de
2316 919 2510 965 sancto
2553 912 2963 982 Cliristophoro
3002 914 3292 983 leguntur,
3356 919 3415 968 ut
3443 931 3573 985 quae
3609 914 3793 967 fama

252 1008 448 1061 omnia
502 1004 797 1059 rationalis
844 1004 1051 1057 animas
1108 1018 1228 1055 esse
1288 1001 1541 1070 propria,
1607 1016 1776 1053 nemo
1836 999 1947 1051 nisi
2059 1001 2128 1054 de
2178 1000 2258 1053 eis
2297 1000 2547 1070 vulgaris
2597 1001 2890 1070 dispergit.
2954 1003 3065 1056 Nec
3102 1008 3295 1056 tamen
3351 1003 3458 1056 ista
3504 1004 3791 1056 dicentes

252 1096 472 1149 ratione
531 1110 726 1147 carens
789 1091 1036 1161 negabit.
1102 1092 1256 1143 Inter
1312 1089 1615 1141 honestum
1664 1092 1950 1157 turpeque
2061 1090 2144 1142 vel
2178 1090 2508 1155 sentientes,
2569 1092 2939 1161 consequitur
2979 1097 3042 1145 ut
3082 1092 3359 1162 quidquid
3391 1092 3460 1145 de
3520 1092 3787 1145 homine

251 1186 593 1247 discernere,
656 1181 907 1251 artisque
984 1179 1220 1231 scientia
1295 1178 1532 1247 pollere,
1605 1176 1737 1246 jura
1796 1177 1950 1245 pacis
2060 1183 2408 1247 procreatur,
2444 1178 2737 1231 hominem
2790 1194 3019 1248 quoque
3061 1194 3181 1232 esse
3234 1180 3629 1249 humanaque
3669 1195 3785 1232 ra-

252 1271 688 1340 concordiaaque
720 1269 979 1334 condere,
1008 1283 1108 1320 nec
1138 1267 1256 1319 sine
1284 1266 1499 1339 judicio
1551 1264 1791 1318 rationis
1847 1280 1951 1318 nec
2061 1266 2234 1320 tionis
2266 1267 2500 1335 ingenio
2532 1268 2860 1337 praeditum.
2898 1268 3064 1322 Verbi
3104 1269 3307 1339 gratia,
3354 1285 3482 1322 cum
3530 1269 3786 1338 legatur

252 1366 463 1431 praeter
479 1358 975 1427 acuuieniugenii,
1027 1356 1147 1408 lieri
1182 1350 1437 1425 possunt.
1466 1355 1587 1418 Qua
1617 1354 1687 1407 de
1733 1370 1791 1406 re
1822 1370 1947 1407 cum
2059 1355 2270 1408 vitulus
2302 1371 2367 1408 ex
2403 1356 2641 1409 muliere
2672 1362 3019 1425 procreatus,
3057 1362 3158 1410 aut
3194 1374 3429 1427 serpens
3465 1357 3662 1411 editus
3691 1357 3779 1409 de

254 1451 390 1503 talia
440 1448 624 1502 dicitis
684 1447 835 1515 apud
870 1445 1293 1513 tlenocephalos
1350 1444 1550 1511 videri,
1609 1443 1949 1495 rationalem
2060 1443 2291 1497 femina.
2329 1444 2572 1497 Proinde
2604 1448 2795 1497 tamen
2836 1460 3022 1513 neque
3080 1445 3341 1509 vitulum,
3395 1461 3585 1516 neque
3640 1462 3779 1498 ser-

254 1539 334 1591 eis
365 1539 546 1591 inesse
575 1541 823 1589 mentem
872 1535 1057 1603 reipsa
1086 1533 1487 1585 testiiicamini.
1526 1534 1706 1585 Homo
1758 1549 1889 1585 vero
1922 1549 1952 1584 a
2064 1536 2297 1600 pentem
2350 1532 2534 1594 illum,
2577 1533 2889 1586 humanam
2951 1535 3199 1588 animam
3270 1536 3357 1588 vel
3415 1535 3780 1589 rationalem

254 1628 448 1681 bestiis
476 1625 694 1678 ratione
732 1622 1132 1676 tantummodo
1167 1622 1527 1675 discernitur.
1588 1621 1745 1687 Quae,
1798 1621 1949 1690 quod
1991 1682 2028 1694 ﬁ
2064 1620 2327 1672 habuisse
2381 1621 2786 1676 consenserim.
2845 1622 3229 1675 Monstruosus
3281 1640 3509 1694 quoque
3558 1628 3786 1693 partus

254 1717 479 1769 videtur
514 1714 695 1767 inesse
725 1713 813 1765 his
846 1712 912 1764 de
945 1712 1155 1781 quibus
1180 1709 1491 1780 loquimur,
1544 1709 1805 1762 homines
1853 1725 1950 1778 po-
1991 1682 2030 1735 Β
2064 1709 2159 1761 ille
2200 1714 2454 1778 tempore
2504 1710 2655 1778 regis
2699 1710 3005 1763 Alexandri
3052 1710 3125 1765 de
3174 1713 3415 1765 muliere
3465 1711 3782 1783 profusus,

263 1806 375 1857 tius
399 1819 569 1873 quam
601 1801 796 1854 bestiae
827 1799 1139 1868 deputandi
1168 1798 1451 1850 videntur.
2059 1796 2219 1866 cujus
2279 1798 2540 1867 superior
2596 1815 2725 1868 pars
2783 1799 3073 1853 hominem
3123 1800 3470 1869 proferebat,
3514 1800 3788 1853 inferior

331 1892 469 1945 Huic
522 1889 915 1959 intelligentiae
947 1904 1065 1940 non
1123 1902 1326 1955 parum
1384 1884 1683 1954 suffragari
1726 1884 1951 1938 videtur
2060 1900 2194 1937 vero
2266 1885 2575 1938 bestiarum
2648 1886 2859 1938 formas
2912 1887 3266 1940 diVersarum
3325 1887 3785 1957 viventiumque

255 1980 483 2033 libellus
546 1979 615 2031 de
684 1976 959 2046 martyrio
1041 1976 1218 2027 sancti
1281 1974 1673 2044 Christophori
1740 1974 1946 2027 editus.
2058 1974 2382 2042 protulerit.
2445 1974 2554 2026 Nec
2602 1980 2795 2027 tamen
2850 1974 3059 2027 bestias
3111 1975 3257 2041 illas,
3315 1976 3440 2029 licet
3500 1976 3783 2029 humano

256 2066 750 2132 Quemadmodum
778 2070 969 2117 autem
1000 2063 1057 2116 in
1107 2079 1174 2115 eo
1209 2063 1438 2132 legitur,
1472 2064 1577 2115 hoc
1620 2063 1689 2115 de
1738 2077 1949 2131 genere
2058 2062 2277 2114 semine
2346 2067 2690 2130 procreatas,
2748 2062 3087 2116 rationalem
3146 2063 3411 2116 habuisse
3479 2064 3780 2128 animam,

258 2156 555 2209 hominum
587 2154 759 2207 fuisse
792 2152 1175 2221 cognoscitur,
1222 2152 1383 2219 cujus
1424 2150 1536 2202 vita
1580 2157 1750 2219 alque
1792 2166 1950 2202 mar-
2059 2150 2167 2202 nisi
2191 2150 2427 2203 rationis
2470 2166 2691 2221 expers,
2739 2167 2994 2222 unquam
3046 2157 3188 2221 puto
3228 2151 3510 2222 praebebit
3564 2168 3780 2204 assen-

254 2244 468 2314 tyrium
529 2243 694 2296 claris
742 2241 1056 2294 admodum
1130 2239 1433 2291 virtutibus
1494 2239 1946 2293 commendatur.
2057 2254 2203 2291 sum.
2239 2239 2360 2302 Qua
2382 2240 2450 2292 de
2484 2256 2543 2292 re
2573 2256 2675 2293 nec
2701 2240 2803 2293 hos
2851 2241 2919 2294 de
2951 2240 3160 2310 quibus
3216 2257 3304 2293 res
3360 2241 3571 2311 agitur,
3627 2257 3775 2310 pro-

256 2334 393 2385 Nam
430 2337 482 2385 et
515 2329 781 2399 baptismi
817 2333 1237 2381 sacramentum
1271 2327 1546 2379 divinitus
1600 2327 1760 2379 illum
1812 2343 1948 2379 con-
2060 2332 2255 2394 pterea
2295 2329 2430 2393 quia
2481 2329 2765 2382 duxerant
2820 2328 3101 2398 originem
3162 2345 3229 2382 ex
3276 2329 3632 2393 hominibus,
3670 2345 3780 2382 eos

255 2426 511 2474 secutum
542 2419 736 2485 fuisse,
779 2418 949 2470 nubis
981 2415 1302 2469 ministerio
1359 2431 1492 2467 eum
1542 2416 1948 2484 perfundentc,
2060 2415 2332 2469 continuo
2367 2417 2633 2470 rationali
2665 2417 2883 2487 pollere
2906 2422 3131 2471 mentes
3161 2418 3522 2485 crediderim,
3566 2418 3611 2470 si
3646 2434 3772 2471 non

255 2509 398 2563 sicut
425 2508 651 2561 libellus
705 2506 825 2575 ipse
868 2510 1126 2565 testatur,
1182 2504 1451 2556 creditur.
1517 2504 1686 2555 Fama
1720 2520 1951 2573 quoque
2062 2505 2149 2556 vel
2182 2521 2246 2557 ea
2279 2522 2407 2575 quae
2452 2505 2775 2575 scripsistis,
2812 2506 2896 2559 vel
2933 2522 3062 2576 quae
3095 2507 3365 2577 leguntur
3396 2512 3453 2560 et
3492 2508 3778 2560 feruntur

252 2597 544 2665 vulgante,
580 2595 744 2663 plura
792 2594 1056 2645 feruntur
1085 2607 1210 2660 quae
1268 2590 1600 2658 hujusmodi
1650 2591 1950 2644 hominum
2061 2592 2130 2645 de
2166 2592 2230 2645 iis
2264 2594 2415 2657 talia,
2436 2594 2727 2663 quomodo
2763 2594 3057 2661 sentirem,
3092 2602 3405 2649 moverent.
3454 2596 3614 2649 Nune
3664 2611 3773 2648 au-

254 2701 435 2755 genus
464 2682 703 2737 rationis
749 2697 981 2750 compos
1036 2680 1331 2732 insinuare
1382 2680 1665 2731 videntur.
1699 2679 1952 2733 Isidorus
2061 2684 2176 2733 tem
2209 2685 2369 2734 tanta
2401 2686 2633 2751 tamque
2656 2682 2823 2735 fortia
2855 2682 3124 2736 videntur
3148 2699 3267 2736 esse
3300 2700 3429 2753 quas
3462 2700 3641 2754 super
3676 2684 3775 2736 his

254 2790 483 2845 quoque
513 2788 643 2826 cum
676 2773 743 2825 de
772 2774 1172 2839 portentorum
1209 2784 1272 2820 ex
1329 2767 1582 2820 humano
1615 2782 1825 2835 genere
1859 2767 1951 2821 de-
2063 2768 2353 2835 dicuntur,
2378 2774 2441 2823 ut
2476 2769 2561 2822 his
2589 2771 2674 2823 vel
2723 2771 2896 2824 tidem
2940 2786 3056 2824 non
3086 2771 3379 2832 adhibere.
3412 2774 3499 2826 vel
3534 2777 3775 2825 contra-

254 2864 543 2917 ﬂuxorum
577 2860 847 2913 varietate
881 2860 1214 2928 loqueretur
1257 2857 1315 2908 in
1358 2855 1513 2908 libris
1570 2856 1948 2926 Etymologia-
2060 2857 2248 2911 dicere
2280 2858 2448 2921 velle,
2494 2858 2808 2927 pervicacia
2861 2859 3051 2929 potius
3097 2860 3355 2914 videatur
3416 2878 3537 2913 esse
3590 2877 3775 2930 quam

258 2968 408 3009 rum.
443 2952 591 3005 inter
618 2949 840 3018 reliqua
874 2948 954 3000 sic
996 2947 1118 3000 ait:
1167 2946 1323 3000 Sicut
1372 2951 1563 2998 autem
1597 2945 1655 2997 in
1713 2944 1951 3015 singulis
1991 2968 2031 3023 α
2063 2946 2389 3016 prudentia.
2445 2947 2675 3000 Accedit
2704 2948 2771 3000 ad
2821 2948 2962 3013 haec,
3014 2949 3167 3018 quod
3200 2951 3409 3019 scripta
3442 2955 3633 3002 vestra
3680 2955 3769 3002 te-

257 3040 522 3109 gentibus
573 3036 836 3107 qusedam
885 3039 1018 3087 sunt
1071 3039 1325 3085 monstra
1376 3033 1700 3095 hominum,
1756 3032 1834 3085 ita
1888 3032 1947 3085 in
2062 3038 2305 3101 stantur,
2340 3035 2781 3089 domesticorum
2813 3052 2981 3089 omne
3003 3052 3182 3106 genus
3216 3037 3584 3103 animalium,
3637 3055 3772 3108 qum

254 3128 521 3182 universo
578 3141 785 3195 genere
852 3125 1104 3176 humano
1162 3122 1423 3191 quasdam
1492 3125 1744 3174 monstra
1821 3127 1952 3175 sunt
2059 3123 2268 3176 nostris
2308 3125 2368 3176 in
2417 3124 2748 3193 regionibus
2792 3124 3097 3192 habentur,
3154 3126 3302 3196 apud
3366 3126 3495 3179 illos
3538 3127 3769 3180 haberi.

256 3217 536 3288 gentium,
570 3221 632 3267 ut
660 3215 949 3284 Gigantes,
988 3210 1383 3278 Cenocephali,
1419 3210 1712 3279 Cyclopes,
1746 3215 1803 3262 et
1842 3226 1949 3263 caa—
2064 3213 2178 3265 Hoc
2209 3228 2340 3265 vero
2380 3212 2505 3266 ﬁeri
2539 3229 2724 3282 posse,
2762 3213 2806 3266 si
2830 3213 3124 3267 bestialem
3167 3220 3223 3267 et
3251 3231 3364 3267 non
3414 3215 3769 3268 rationalem

257 3311 396 3359 tera.
438 3326 459 3353 ι
497 3306 611 3358 Hoc
641 3302 832 3356 dicens
879 3299 1173 3353 manifeste
1227 3298 1473 3368 signavit
1502 3300 1652 3367 quod
1704 3298 1949 3351 Cenoce-
2060 3301 2312 3354 animam
2363 3301 2659 3368 haberent,
2695 3318 3062 3373 nequaquam
3115 3303 3290 3356 video.
3323 3303 3623 3372 Siquidem
3660 3305 3767 3357 ho-

257 3394 456 3464 phalos
486 3409 550 3446 ex
581 3392 753 3461 primi
780 3390 1026 3443 hominis
1061 3388 1378 3457 propagine
1415 3386 1698 3455 originem
1727 3386 1951 3440 duxisse
2062 3389 2204 3442 mini
2235 3390 2505 3443 animalia
2532 3395 2698 3444 terra:
2742 3390 2913 3444 fuisse
2950 3391 3223 3444 divinitus
3264 3392 3537 3461 subjecta,
3589 3394 3768 3446 Gene-

256 3480 430 3533 fuerit
459 3480 745 3550 opinatus.
796 3478 935 3531 Nam
968 3477 1112 3529 sicut
1138 3475 1196 3527 in
1226 3474 1467 3543 singulis
1499 3475 1765 3544 gentibus
1796 3491 1951 3545 quae-
2063 3493 2191 3529 seos
2221 3477 2463 3531 lectione
2496 3478 2911 3548 cognoscimus.
2950 3481 3020 3533 Ut
3068 3496 3201 3533 vero
3255 3479 3434 3533 bestia
3466 3481 3708 3534 alterius
3737 3498 3767 3533 a

265 3571 394 3622 dam
438 3573 636 3622 contra
686 3566 871 3637 legem
932 3570 1152 3617 natura:
1194 3564 1460 3617 videntur
1513 3564 1826 3632 procreari,
1888 3570 1950 3617 ut
2065 3582 2122 3619 se
2153 3565 2379 3635 generis
2408 3567 2742 3633 animantia,
2776 3572 2831 3620 et
2862 3568 3108 3621 maxime
3158 3568 3453 3622 domestici
3510 3570 3762 3639 generis,

263 3656 536 3726 bicipites,
566 3656 816 3721 trimani,
868 3653 1236 3724 pumiliones,
1278 3652 1786 3721 hermaphroditse,
1839 3653 1953 3705 sive
2060 3659 2279 3717 curent,
2314 3659 2368 3707 et
2399 3655 2478 3708 eis
2515 3655 2869 3725 diligentiam
2904 3657 3233 3723 adhibeant,
3269 3656 3500 3728 suisque
3554 3664 3770 3727 cogant

264 3746 633 3815 androgynaa,
685 3746 772 3797 vel
818 3744 927 3796 alia
970 3744 1262 3812 perplura,
1320 3757 1448 3810 quae
1506 3746 1701 3794 tamen
1756 3746 1955 3794 contra
2060 3742 2319 3811 imperiis
2349 3744 2639 3813 subjacere
2671 3751 2725 3798 et
2758 3744 2952 3798 usibus
2987 3761 3206 3815 parere,
3241 3745 3387 3798 sicut
3438 3762 3543 3799 nec
3598 3748 3763 3800 audi-

260 3838 478 3887 naturze
512 3835 697 3903 legem
748 3849 862 3885 non
888 3832 1056 3899 ﬁunt,
1106 3831 1202 3884 sed
1257 3828 1490 3900 propria
1533 3831 1953 3899 quodammodo
2063 3836 2207 3896 tum,
2241 3831 2319 3885 ita
2344 3849 2446 3886 nec
2467 3835 2750 3887 creditum
2781 3836 3157 3905 cognoscitur.
3201 3838 3272 3888 At
3325 3851 3460 3889 vero
3513 3836 3767 3889 Cenoce-

263 3921 631 3991 dispositione
681 3921 1047 3991 proveniunt,
1115 3918 1398 3989 siquidem
1454 3919 1539 3971 lex
1592 3926 1810 3972 natura:
1862 3921 1955 3973 Di-
2061 3920 2391 3990 phali,cum
2418 3921 2862 3976 domesticorum
2891 3924 3227 3977 animalium
3250 3923 3521 3977 dicuntur
3548 3923 3769 3978 habere

264 4010 511 4064 vinitatis
552 4016 635 4063 est
691 4009 1013 4079 dispositio.
1044 4007 1131 4061 Sic
1163 4024 1392 4077 quoque
1422 4007 1671 4060 universi
1727 4009 1954 4075 generis
2063 4010 2520 4078 multitudinem,
2555 4011 2634 4064 eis
2669 4012 2907 4066 minime
2941 4013 3204 4066 convenit
3252 4013 3506 4067 bestialis
3541 4013 3766 4076 feritas,

263 4097 496 4151 humani
545 4098 731 4151 ordini
789 4098 1035 4150 naturali
1085 4097 1354 4150 videntur
1402 4102 1824 4150 monstruosam
1858 4099 1953 4151 in-
2066 4114 2313 4170 quorum
2370 4099 2641 4152 animalia
2694 4099 3003 4154 domestica
3060 4101 3294 4153 lenitate
3350 4102 3765 4155 mansuetiunt.

266 4186 407 4240 ferre
438 4187 895 4255 procreationem
926 4186 1043 4253 illa,
1074 4202 1200 4255 quae
1222 4186 1481 4255 superius
1506 4194 1951 4241 commemorata
1993 4252 2028 4259 _
2069 4188 2198 4240 Haec
2224 4191 2359 4240 sunt
2392 4203 2519 4257 qua!
2575 4188 2645 4241 de
2685 4189 3091 4259 Cenocephalis
3147 4189 3390 4242 arbitror
3442 4190 3765 4244 sentienda.

268 4278 414 4339 sunt,
444 4252 769 4339 hominum,
805 4252 1133 4340 prodigiosa
1177 4252 1458 4340 portenta,
1492 4274 1575 4324 vel
1609 4273 1716 4325 alia
1764 4274 1947 4343 plura,
1992 4252 2036 4306 D
2066 4276 2345 4330 Caeterum
2379 4252 2451 4328 an
2484 4280 2541 4329 et
2598 4276 2723 4329 aliis
2776 4276 2855 4330 sic
2883 4252 3093 4330 sentire
3139 4278 3437 4348 placuerit,
3486 4294 3558 4331 an
3602 4295 3632 4330 e
3677 4280 3767 4333 di-

268 4377 395 4431 que:
437 4362 668 4430 longum
711 4366 796 4414 est
837 4375 1311 4427 commemorare,
1361 4366 1426 4413 ut
1482 4361 1740 4445 Pigmazi,
1790 4363 1952 4417 Anti-
2060 4380 2246 4429 verso,
2306 4381 2420 4418 non
2455 4364 2563 4417 erit
2610 4366 2787 4418 nostri
2835 4366 3060 4435 judicii.
3112 4367 3188 4420 De
3221 4366 3365 4420 libro
3423 4382 3556 4420 vero
3609 4368 3766 4421 beati

267 4450 483 4516 cauda},
513 4465 757 4519 quorum
809 4449 936 4501 aliis
975 4447 1234 4501 cubitalis
1264 4448 1468 4501 dicitur
1497 4449 1681 4502 inesse
1735 4454 1953 4503 statura
2060 4453 2365 4508 Clementis
2392 4454 2544 4523 quod
2577 4454 2966 4523 interrogasti,
3002 4470 3116 4507 non
3171 4455 3318 4508 inter
3365 4455 3561 4509 doctos
3612 4459 3767 4509 viros

268 4539 541 4607 corporis,
575 4538 697 4592 aliis
727 4539 1052 4608 plantarum
1074 4537 1364 4589 conversio
1396 4540 1523 4605 post
1564 4552 1747 4604 crura,
1806 4543 1862 4591 et
1892 4540 1951 4592 in
2056 4543 2243 4612 plenae
2275 4542 2627 4596 auctoritatis
2654 4542 2914 4609 habetur,
2945 4543 3204 4612 quamvis
3248 4559 3364 4595 non
3427 4559 3765 4613 usquequa-

266 4628 478 4696 plantis
509 4626 699 4681 octoni
748 4625 947 4697 digiti:
982 4625 1295 4696 Hippodes,
1348 4625 1448 4697 qui
1501 4625 1813 4679 humanam
1844 4628 1954 4681 for-
2059 4646 2170 4701 que
2222 4631 2573 4700 repudietur.
2638 4631 2930 4700 Leguntur
2993 4631 3143 4684 enim
3198 4633 3459 4702 quaedam
3519 4634 3576 4684 in
3639 4633 3762 4695 illo,

268 4731 420 4769 mam
453 4715 692 4786 pedibus
725 4716 961 4768 miscent
990 4714 1246 4784 equinis;
1308 4714 1594 4781 Macrobii,
1640 4714 1953 4770 humanam
2058 4722 2274 4785 nostro,
2308 4719 2361 4772 id
2403 4724 2488 4772 est
2519 4719 2920 4789 ecclesiastico,
2972 4719 3227 4790 dogmati
3259 4736 3377 4773 non
3444 4735 3765 4790 usquequa-

271 4806 544 4857 staturam
563 4819 705 4871 pene
732 4802 907 4866 duplo
925 4808 1290 4873 superantes;
1322 4820 1575 4874 gensque
1604 4803 1954 4860 feminarum
2061 4823 2172 4877 que
2199 4807 2623 4877 respondentia.
2662 4808 2871 4862 Verum
2904 4823 3032 4879 quae
3071 4808 3140 4861 de
3188 4809 3363 4878 gestis
3411 4808 3573 4861 Pauli
3633 4825 3767 4879 apo-

272 4890 332 4943 in
362 4890 525 4943 India
568 4887 769 4959 quinto
819 4901 968 4938 anno
1017 4892 1367 4962 concipiens,
1401 4896 1457 4946 et
1505 4897 1763 4947 octavum
1824 4894 1954 4949 vitae
2061 4896 2190 4950 stoli
2215 4895 2544 4949 scribuntur
2582 4895 2643 4949 in
2693 4895 2811 4960 illo,
2869 4896 3246 4966 recipiuntur,
3312 4901 3371 4949 ut
3426 4900 3553 4967 pote
3613 4897 3767 4951 nihil

273 4993 488 5029 annum
517 4991 629 5029 non
659 4974 959 5041 excedens,
1002 4979 1060 5026 et
1105 4980 1211 5032 alia
1237 4981 1536 5050 complura
1587 4982 1824 5053 fetuque
1868 4981 1955 5035 in-
2063 4984 2214 5055 quod
2244 4984 2519 5038 doctrinae
2560 4984 2893 5038 Christianae
2926 4985 3011 5037 vel
3052 4984 3403 5038 contradicat
3457 4985 3544 5038 vel
3588 5001 3763 5057 repu-

272 5062 583 5117 credibilia.
618 5063 683 5116 Et
718 5060 976 5131 quamvis
1012 5061 1265 5115 ferantur
1295 5069 1403 5122 ista
1441 5086 1507 5123 ex
1552 5069 1807 5124 humano
1858 5088 1956 5142 ge-
2064 5077 2220 5143 gnet,
2248 5073 2598 5127 continente.
2635 5074 2832 5127 Valere
2874 5072 3291 5127 beatitudinem
3327 5077 3574 5126 vestram
3609 5089 3763 5128 sem-

274 5165 411 5203 nere
440 5149 662 5203 duXisse
695 5150 977 5220 originem
1006 5166 1124 5203 non
1154 5156 1345 5205 tamen
1379 5174 1504 5211 mox
1532 5175 1715 5229 neque
1742 5165 1958 5214 temere
2064 5177 2167 5232 per
2196 5161 2255 5215 in
2291 5162 2511 5216 Christo
2561 5162 2898 5235 gaudemus,
2958 5166 3014 5214 et
3066 5166 3129 5215 ut
3178 5176 3401 5215 memor
3455 5161 3530 5214 sis
3580 5163 3768 5215 nostri

274 5235 536 5289 homines
578 5238 800 5291 ratione
825 5237 1102 5307 praeditos
1156 5254 1275 5293 esse
1335 5241 1702 5301 firmandum.
1740 5249 1817 5303 De
1871 5250 1959 5305 Gi-
2064 5250 2458 5320 deprecamur.

1564 5440 2450 5485 ψ
