3884 6218
1251 483 1715 608 ORDO
1802 486 2404 607 REBUM

826 698 1076 796 QUAE
1148 697 1257 779 IN
1335 694 1554 779 HOC
1628 693 1936 779 TOMO
2012 694 2832 781 CONTINENTUR.

228 931 680 999 RATRAMNUS,
722 930 1174 984 CORBEIENSIS
1212 928 1613 983 MONACHUS.

138 1019 333 1067 Notitia
354 1019 618 1066 historica.
1712 1018 1768 1064 10

140 1082 225 1129 DE
262 1080 879 1129 PRASDESTINATIONE
912 1080 1037 1128 DEI.
1715 1081 1766 1126 11

142 1143 383 1191 Praefatio
415 1144 661 1191 auctoris.
1711 1142 1767 1188 13

141 1206 331 1253 LIBER
367 1205 628 1253 PRIMUS.
666 1231 726 1240 —
762 1208 829 1252 De
861 1203 1048 1253 divina
1074 1201 1444 1267 dispositione.
1714 1203 1769 1267 13

140 1267 383 1315 Praefatio
414 1267 528 1315 libri
560 1266 801 1315 secundi.
1152 1265 1164 1267 '
1713 1265 1766 1310 41

140 1330 328 1377 LIBER
365 1330 716 1377 SECUNDUS.
749 1354 808 1363 —
842 1331 914 1377 De
942 1328 1424 1377 Prardeslinatione
1456 1326 1565 1373 Dei.
1714 1327 1771 1372 43

141 1409 225 1457 DE
250 1410 330 1459 EO
363 1408 541 1465 QUOD
567 1408 883 1456 CHRISTUS
913 1408 995 1456 EX
1020 1407 1288 1456 VIRGINE
1310 1404 1518 1454 NATUS
1542 1404 1676 1453 EST.
1714 1406 1766 1452 81

140 1488 397 1535 Monitum
428 1486 651 1535 Achcrii.
1714 1486 1765 1531 81

138 1550 378 1597 Auctoris
408 1550 663 1610 praefatio.
808 1609 812 1610 7
1310 1609 1314 1610 7
1621 1607 1629 1610 7
1714 1548 1766 1593 81

141 1612 300 1659 CAPUT
336 1607 541 1659 Paruum.
579 1636 638 1645 —
670 1612 741 1658 De
766 1609 955 1658 Christi
996 1610 1269 1658 nativitate
1304 1609 1359 1656 in
1390 1607 1663 1656 Germania
1691 1622 1770 1653 er-

80 1673 511 1779 EoIresiRationes
541 1672 690 1721 affert
719 1677 901 1721 auctor
921 1686 1082 1734 quare
1106 1672 1250 1719 nasci
1290 1677 1344 1719 ut
1379 1671 1554 1719 cteteri
1595 1669 1775 1779 demisi;

157 1749 224 1779 ns
252 1750 330 1779 IIS.

80 1736 330 1785 Christus.

139 1798 253 1845 CAP.
293 1798 352 1844 ll.
386 1823 445 1831 —
472 1796 730 1857 Objicitur
754 1795 1001 1843 violatam
1023 1795 1206 1843 matris
1237 1794 1608 1855 integritatem.
1648 1794 1771 1840 Res-

79 1859 581 1922 pondeturMariam
605 1871 810 1922 semper
831 1858 1095 1922 virginem
1111 1858 1488 1922 permansisse.
1534 1921 1537 1922 7
1674 1920 1679 1922 7
1714 1857 1771 1903 84

139 1922 252 1969 CAP.
295 1921 381 1967 IlI.
412 1946 475 1955 —
504 1920 598 1967 Per
628 1918 837 1967 vulvam
869 1920 1037 1966 exisse
1070 1919 1333 1966 Christum
1362 1918 1547 1979 probat
1568 1920 1769 1964 auctor.

79 2010 134 2017 —
168 1985 345 2030 Partes
379 1982 614 2044 corporis
641 1982 855 2029 minime
890 1985 1084 2043 turpes.
1120 1981 1414 2044 Quipartcs
1437 1979 1671 2044 corporis
1689 1979 1773 2044 de:

82 2048 373 2107 turpantur.
406 2040 724 2107 —'S7piritus
754 2040 1499 2107 sanctus'beatamVirginem
1532 2040 1595 2107 ab
1626 2040 1771 2088 omni

81 2104 321 2167 contagio
365 2106 725 2153 sanctiﬁcavit.
762 2132 820 2139 —
855 2106 1030 2152 Partes
1070 2104 1310 2166 quaedam
1346 2104 1579 2165 corporis
1609 2115 1771 2167 quare

80 2166 386 2215 inhonestae.
1711 2166 1768 2211 85

139 2232 251 2277 CAP.
290 2230 373 2277 IV.
402 2256 461 2264 —
499 2229 694 2277 Auctor
722 2228 920 2277 nrofert
955 2228 1258 2277 testimonia
1297 2241 1361 2275 ex
1399 2226 1568 2274 Veteri
1596 2227 1768 2274 Testa-

139 2244 251 2277 uAP.
290 2244 461 2277 1v.—
499 2244 694 2277 Auctor
758 2244 920 2276 I'OIeI‘L
955 2244 1258 2277 tesumonta
1297 2244 1361 2275 ex
1407 2244 1568 2274 veteri
1605 2244 1768 2274 lesui-

81 2298 275 2350 mento,
325 2296 383 2339 ut
425 2291 645 2339 suadeat
683 2244 946 2339 Ciiristum
986 2303 1077 2352 per
1114 2289 1324 2337 vulvam
1367 2288 1598 2350 Virginis
1638 2287 1772 2352 exis-

82 2368 255 2463 ἤδη.
298 2415 355 2463 V.
393 2442 448 2449 —
472 2414 792 2462 Testimonia
812 2413 931 2462 alia.

140 2478 252 2524 CAP.
292 2476 377 2524 VI.
403 2503 463 2511 —
496 2477 567 2524 Ex
598 2477 837 2524 Patribus
863 2489 1012 2522 suam
1042 2476 1227 2523 asserit
1247 2474 1581 2522 sententiam.
1712 2475 1771 2520 92

143 2540 255 2587 CAP.
294 2539 401 2585 VII.
437 2564 495 2572 —
520 2538 838 2586 Testimonia
868 2552 932 2585 ex
962 2538 1256 2599 Augustino
1286 2542 1337 2584 et
1368 2536 1641 2599 Hilario.777
1678 2536 1770 2599 _91

147 2603 263 2649 CAP.
302 2601 435 2648 VIII.
466 2626 523 2635 —
571 2600 696 2648 Item
726 2614 790 2649 ex
829 2596 1074 2661 Gregorio
1114 2613 1246 2661 papa
1275 2602 1327 2646 et
1362 2596 1647 2646 venerabili
1678 2597 1770 2672 BS:

85 2662 258 2772 daCAP.
296 2723 385 2771 IX.
412 2748 473 2758 —
499 2724 627 2771 Item
660 2736 725 2771 ex
756 2723 1095 2786 Hieronymo.
1462 2783 1501 2786 77
1562 2784 1570 2786 _
1632 2783 1640 2786 _

142 2786 259 2834 CAP.
296 2787 356 2833 Χ.
393 2811 451 2820 -
478 2786 533 2833 In
551 2786 781 2833 medium
805 2783 1142 2833 adducuntur
1161 2789 1430 2846 poetarum
1451 2783 1770 2831 Christiano-

84 2862 196 2896 rum
223 2848 491 2909 suffragia.
1714 2846 1773 2892 99

142 2927 226 2975 DE
260 2926 556 2977 CORPORE
589 2926 667 2974 ET
697 2926 1028 2975 SANGUINE
1062 2926 1315 2976 DOMINI.
1683 2926 1771 2972 103

145 3007 385 3055 Prtet‘atio
416 3006 685 3055 historica.
1683 3004 1772 3051 103

144 3087 379 3135 INCIPIT
412 3087 621 3135 LIBER.
1684 3086 1768 3132 121

142 3168 465 3215 DISSERTATIO
498 3168 546 3214 in
580 3167 773 3215 librum
810 3169 882 3214 De
907 3178 1133 3228 corpore
1158 3168 1210 3215 et
1241 3167 1504 3228 sanguine
1542 3167 1766 3220 Domini,

84 3235 291 3277 auctore
320 3230 515 3277 Jacobo
549 3230 777 3284 Boileau,
811 3229 1056 3291 theologo
1092 3228 1388 3276 Parisieust.
1684 3230 1768 3275 171

139 3308 393 3356 CONTRA
429 3309 801 3357 GR/ECURUM
839 3308 1153 3357 OPPOSITA
1188 3308 1509 3356 ROMANAM
1547 3306 1771 3355 ECCLE-

83 3371 229 3419 SIAM
268 3371 741 3419 INFAMANTIUM.
1680 3370 1771 3417 222

138 3449 414 3497 Monitum.
1682 3450 1771 3495 223

138 3529 327 3577 LIBER
352 3528 619 3577 PRIMUS.
1680 3530 1769 3575 225

140 3608 305 3657 CAPur
340 3621 544 3655 PRIIUI.
574 3634 633 3643 —
661 3606 927 3656 Michaelis
952 3610 1005 3655 et
1033 3606 1209 3655 Basilii
1233 3607 1392 3669 impp.
1417 3606 1671 3669 Oppositis
1689 3620 1770 3654 re-

83 3671 311 3732 sponsio.
346 3670 596 3731 Opposita
625 3670 943 3717 Graecorum.
1201 3731 1206 3732 7
1305 3731 1310 3732 7
1504 3731 1511 3732 7
1576 3730 1618 3732 7_
1679 3670 1769 3717 225

142 3733 255 3780 CAP.
298 3733 357 3779 ll.
390 3730 449 3766 ὲ
481 3732 675 3779 Iterum
707 3732 771 3778 de
799 3733 1100 3779 Graecorum
1125 3731 1361 3793 objectis.
1394 3758 1452 3766 —
1488 3730 1623 3788 Quid
1656 3744 1772 3777 mu-

84 3796 217 3843 neris
241 3794 648 3843 imneratoribus
676 3794 950 3841 incumbit.
1682 3794 1771 3840 227

143 3857 256 3903 CAP.
290 3854 377 3903 Ill.
400 3881 460 3890 —
486 3856 742 3903 Probatur
761 3854 1011 3917 Spiritum
1030 3858 1268 3903 sanctum
1288 3868 1349 3903 ex
1370 3855 1518 3903 Patre
1536 3854 1771 3916 Filioque

84 3918 380 3979 procedere.
409 3919 532 3965 Ario
571 3918 931 3965 assimilantur
959 3918 1139 3965 Graeci.
1181 3917 1429 3979 Salvator
1450 3922 1531 3979 est
1561 3918 1769 3979 veritas.

86 3980 304 4040 Spiritus
329 3984 545 4027 sanctus
570 3986 648 4027 est
670 3980 884 4041 Spiritus
909 3979 1159 4037 veritatis,
1207 3979 1259 4026 id
1285 3985 1364 4027 est
1408 3978 1615 4026 Christi.
1647 3978 1774 4026 Cha-

86 4042 206 4088 ritas
239 4042 435 4089 dicitur
456 4041 679 4103 Spiritus
709 4046 938 4088 sanctus.
1014 4102 1019 4103 7
1394 4101 1427 4103 ᾃ
1608 4102 1637 4103 77
1683 4043 1774 4088 229

145 4104 261 4151 CAP.
302 4103 385 4150 IV.
438 4101 508 4137 —‘
534 4103 852 4151 Testimonia
905 4102 1243 4165 proferuntur
1283 4115 1348 4150 ex
1392 4101 1677 4164 Evangelio
1724 4110 1774 4149 et

87 4164 335 4227 Epistolis
364 4165 529 4227 Pauli.
576 4224 617 4227 77
800 4225 826 4227 7_
898 4226 901 4227 7
1136 4226 1139 4227 7
1188 4225 1203 4227 _
1260 4226 1265 4227 7
1307 4226 1313 4227 7
1488 4225 1499 4227 _
1564 4226 1567 4227 7
1678 4166 1773 4227 232

144 4227 263 4274 CAP.
299 4226 355 4273 V.
394 4252 451 4260 —
489 4224 626 4282 Quid
660 4226 728 4273 sit
755 4225 943 4274 effusio
981 4226 1146 4274 sancti
1182 4225 1423 4288 Spiritus.
1473 4225 1573 4283 Qui
1610 4225 1774 4288 spirat

87 4287 307 4350 Spiritus
338 4293 576 4336 sanctus.
1223 4287 1236 4288 ί
1643 4287 1652 4288 ί
1681 4290 1771 4335 234

144 4351 258 4400 CAP.
290 4350 372 4397 Vl.
411 4376 469 4384 —
492 4350 810 4397 Testimonia
835 4364 897 4397 ex
929 4350 1226 4412 Scripturis.
1683 4351 1773 4397 236

143 4412 258 4460 CAP.
293 4412 401 4459 VII.
425 4438 486 4447 —
513 4412 831 4459 Testiomnia
862 4412 982 4459 alia.
1683 4413 1772 4459 238

143 4476 258 4521 CAP.
294 4474 428 4521 VIII.
463 4500 521 4508 —
552 4474 873 4521 Testimonia
902 4487 967 4522 ex
997 4472 1280 4536 Evangelia
1310 4477 1362 4522 et
1390 4472 1645 4521 conciliis.
1682 4475 1772 4521 242

142 4552 337 4601 LIBER
374 4552 727 4601 SECUNDUS.
1681 4554 1771 4601 243

142 4615 304 4664 CAPUT
342 4628 548 4663 Paluuu.
602 4640 658 4649 —
704 4615 1089 4676 Comprobatur
1134 4628 1195 4662 ex
1243 4614 1481 4663 Patribus
1519 4614 1772 4677 Spiritum

86 4683 321 4725 sanctum
353 4691 381 4724 a
409 4678 537 4725 Filio
570 4678 867 4738 procedere.
1676 4678 1770 4729 243

141 4739 258 4786 CAP.
298 4740 363 4787 II.
391 4765 449 4773 —
484 4738 838 4785 Conciliorum
879 4739 1189 4787 auztoritate
1232 4738 1577 4786 destruuntur
1618 4751 1775 4800 oppo-

84 4800 175 4847 sita
204 4804 527 4849 Graecorum.
1681 4802 1771 4848 245

111 4861 255 4931 βυ.
294 4863 380 4909 111Δ
414 4887 477 4899 -
520 4861 840 4909 Testimonia
873 4874 932 4910 ex
966 4860 1252 4910 Athanasio
1288 4865 1340 4910 et
1383 4861 1628 4923 Gregorio
1666 4862 1768 4931 Na:

82 4925 342 4972 zianzeno.
1678 4925 1769 4971 247

141 4985 256 5033 CAP.
294 4985 376 5033 IV.
410 5009 469 5020 —
499 4984 573 5031 Ex
596 4985 889 5034 Ambrosio.
1679 4988 1769 5033 253

142 5047 257 5110 CAP.
294 5047 358 5110 ν,
384 5074 443 5081 -
472 5046 545 5110 Ex
579 5048 840 5110 Didymo.
1680 5049 1771 5096 259

143 5109 259 5156 CAP.
299 5109 383 5156 VI.
415 5134 479 5144 —
501 5108 567 5155 Ex
605 5108 901 5157 Paschasio.
1681 5112 1771 5158 266

142 5170 331 5218 LIBER
365 5170 656 5219 TERTIUS.
1681 5174 1767 5220 271

142 5232 303 5281 CAPUT
326 5245 546 5295 Panum.
578 5258 641 5267 —
687 5233 755 5280 De
804 5232 1137 5293 processione
1195 5232 1437 5295 Spiritus
1476 5233 1661 5281 sancti.
1712 5259 1773 5268 —

87 5292 229 5358 Quod
245 5294 561 5358 universalis
586 5292 818 5358 Ecclesia
829 5299 998 5342 totum
1010 5296 1192 5358 orbem
1211 5292 1642 5358 comprehendat.
1682 5297 1766 5343 271

87 5356 261 5463 tulCAP.
298 5357 363 5405 II.
415 5382 477 5391 —
518 5357 842 5405 Auctoritate
884 5356 1165 5419 Augustini
1212 5356 1443 5406 haeretici
1493 5358 1771 5463 confuta27t71§

108 5429 183 5465 ur.
1682 5420 1772 5466 273

144 5479 260 5544 CAP.
298 5480 390 5544 III.
419 5502 485 5518 —
507 5481 635 5544 I_lem
667 5479 971 5544 testimonia
997 5493 1058 5529 ex
1086 5480 1399 5544 Augustino.
1682 5482 1770 5529 277

145 5541 261 5592 CAP.
299 5542 385 5591 IV.
421 5567 482 5580 —
511 5542 581 5591 Ex
610 5543 815 5592 eodem.
1174 5541 1196 5544 “
1682 5544 1773 5591 288

1941 928 2060 991 CAP.
2098 928 2159 991 _V.
2190 928 2340 991 —E§
2373 928 2643 991 Gennadio
2678 932 2729 977 et
2754 928 3045 991 Fulgentio.
3480 933 3569 980 294

1941 989 2057 1037 CAP.
2096 989 2180 1037 VI.
2213 1016 2273 1025 —
2304 990 2377 1038 Ex
2414 990 2719 1039 Athanasio.
2857 989 2874 991 “
3480 996 3570 1041 297

1942 1086 2131 1134 ..IBER
2166 1086 2486 1143 QUARTUS.
3483 1091 3572 1139 303

1939 1167 2103 1216 CAPUT
2140 1180 2346 1216 Patuuu.
2391 1194 2449 1202 —
2494 1169 2564 1216 De
2607 1168 2827 1216 diversis
2876 1169 3119 1217 Ecclesiae
3171 1170 3573 1218 consuetudini-

1875 1229 1990 1277 bus.
2026 1229 2159 1288 Quid
2191 1230 2245 1277 iu
2276 1229 2505 1278 Ecclesia
2538 1230 2866 1279 uniformiter
2895 1232 2961 1279 ab
2993 1231 3240 1280 omnibus
3260 1233 3570 1280 tenendum.

1880 1292 2147 1339 Mutantur
2172 1292 2457 1353 aliquando
2487 1292 2915 1341 consuetudines.
3482 1295 3572 1342 303

1940 1353 2055 1400 CAP.
2096 1353 2158 1400 II.
2192 1380 2248 1388 —
2283 1353 2407 1401 Item
2450 1354 2512 1401 de
2548 1355 2767 1402 diversis
2800 1355 3046 1402 Ecclesia:
3073 1355 3571 1403 consuetudinibus.

1876 1415 2145 1485 Jejuuium
2188 1417 3028 1485 quadragcsimalehdiversimode
3071 1417 3571 1485 olimcelebratnm,

1878 1478 2142 1541 variorum
2174 1478 2410 1525 ciborum
2457 1492 2601 1525 usus.
2643 1478 2791 1525 Ritus
2832 1478 3042 1527 diversi.
3094 1478 3233 1535 Quot
3274 1478 3400 1525 olim
3430 1479 3570 1541 apud

1878 1538 2091 1585 Judaeos
2120 1546 2293 1587 sectas.
3464 1538 3571 1588 ’306

1942 1600 2057 1648 CAP.
2078 1601 2182 1663 IIl.
2219 1626 2279 1663 -7-
2311 1600 2472 1648 Graeci
2500 1601 2763 1649 Romanos
2785 1601 3001 1662 culpant
3020 1601 3158 1662 quod
3187 1601 3418 1650 Sabhato
3439 1601 3572 1663 jeju-

1880 1668 2027 1709 uant.
2060 1662 2135 1709 Ad
2167 1662 2291 1723 quid
2326 1663 2591 1724 jejunium
2632 1663 2862 1711 Sabbato
2898 1664 3224 1711 observatur.
3270 1662 3569 1711 Graecorum

1880 1724 2125 1785 objectio.
2156 1724 2463 1786 Responsio.
3475 1726 3565 1773 311

1942 1787 2058 1834 CAP.
2099 1786 2181 1833 IV.
2218 1812 2277 1820 —
2304 1787 2543 1839 Romani.
2567 1786 2706 1847 quod
2740 1788 3040 1834 Graecorum
3062 1800 3205 1833 more
3228 1787 3573 1847 Quadragesi-

1880 1861 2019 1895 main
2045 1862 2151 1895 non
2175 1849 2473 1903 observent.
2497 1849 2904 1909 redarguuntur.
2940 1847 3104 1904 Quam
3131 1849 3196 1895 ob
3210 1862 3419 1895 causam
3449 1863 3570 1910 qua-

1880 1910 2121 1971 draginta
2161 1910 2362 1957 dierum
2394 1910 2656 1972 jejunium
2706 1915 2827 1957 ante
2861 1910 3078 1972 Pascha.
3114 1911 3263 1957 Varie
3294 1910 3572 1972 hebdoma-

1880 1972 2065 2019 darum
2105 1985 2357 2019 numerus
2392 1971 2647 2019 servatur.
2682 1972 2853 2028 Quare
2880 1971 3124 2019 nonnulli
3157 1971 3571 2020 Occidentalium

1878 2034 2093 2095 triginta
2123 2047 2209 2081 sex
2241 2033 2351 2081 dies
2374 2034 2637 2095 jejunant.
2674 2033 3119 2095 Quadragesimus
3151 2035 3351 2080 dierum
3386 2047 3570 2081 nume-

1880 2108 1969 2143 rus
1998 2095 2302 2157 explicatur.
3264 2156 3267 2157 7
3480 2099 3568 2143 3l7

1942 2156 2156 2219 CAPXV.
2187 2182 2246 2191 —
2274 2158 2343 2205 De
2372 2157 2547 2204 barbae
2580 2172 2670 2205 seu
2703 2156 2887 2219 capitis
2918 2157 3162 2204 tonsioue
3192 2156 3380 2217 agitur.
3479 2159 3569 2205 322

1942 2219 2057 2267 CAP.
2096 2218 2181 2266 VI.
2213 2245 2272 2254 —
2302 2219 2582 2267 Ctelibatus
2604 2219 2913 2267 clericorum
2936 2224 3300 2280 pr0pngnatur
3319 2219 3569 2267 adversus

1881 2281 2106 2329 Graecos.
2138 2280 2417 2329 Caelibatus
2450 2280 2760 2329 clericorum
2792 2280 2997 2343 legibus
3031 2281 3398 2329 ecclesiasticis
3428 2294 3567 2328 asse-

1882 2343 2033 2391 ritur.
3479 2344 3568 2390 324

1940 2406 2056 2453 CAP.
2092 2405 2203 2453 VII.
2236 2432 2293 2440 —
2332 2404 2752 2452 Conﬁrmationis
2783 2408 3229 2466 sacramentuma
3256 2404 3569 2466 presbyteris

1882 2467 2106 2529 conferri
2151 2480 2301 2529 posse
2332 2470 2663 2514 contendunt
2697 2466 2878 2513 Graeci.
2924 2466 3026 2513 Hos
3056 2465 3246 2513 refellit
3280 2465 3476 2514 auctur.
3509 2492 3568 2501 —

1882 2530 1982 2598 Qui
2013 2528 2541 2598 differtsacerdosub
2564 2529 2848 2598 episcop9.7
2953 2592 2961 2598 7
3002 2589 3011 2598 7
3110 2588 3122 2598 7
3266 2588 3297 2598 Α
3353 2589 3381 2598 _7
3478 2529 3568 2576 332

1944 2591 2057 2639 CAP.
2094 2591 2225 2638 Vlll.
2260 2617 2319 2625 —
2349 2588 2851 2651 Romano’poutiﬁci
2882 2588 3231 2651 patriarcham
3263 2588 3313 2637 C.
3352 2589 3383 2635 P
3436 2604 3568 2651 prte-

1882 2652 2013 2701 I'erre
2061 2653 2392 2700 conabantur
2434 2652 2773 2714 imperatores
2822 2652 3003 2699 Graeci.
3053 2651 3281 2699 Ecclesia
3335 2651 3569 2698 Romana

1882 2728 2066 2763 omnes
2092 2714 2219 2762 alias
2250 2712 2532 2776 dignitates
2558 2712 2826 2776 praecellit.
3479 2714 3568 2761 334

1988 2828 2559 2884 GOTTESCHALCUS
2600 2826 3027 2883 ORBACENSIS
3068 2826 3459 2881 MONACHUS.

1945 2925 2138 2972 Notitia
2169 2923 2434 2973 historica.
3480 2926 3570 2972 345

1943 3003 2293 3051 CONFESSIO
2349 3002 2826 3052 GOTTESCHALCI
2879 3002 3170 3051 MONACHI
3229 3000 3387 3050 POST
3441 3001 3571 3049 HAE-

1882 3065 2078 3114 RESIM
2118 3066 2493 3113 DAMNATAM.
3318 3086 3319 3089 π
3483 3064 3570 3111 347

1944 3145 2421 3194 GOT’I‘ESCHALCI
2459 3144 2808 3194 CONFESSIO
2846 3144 3212 3193 PROLIXIOR.
3484 3144 3574 3191 349

1945 3225 2337 3274 FRAGMENTA
2372 3225 2623 3273 LIBELLI
2662 3224 2948 3273 EJUSDEM
2984 3225 3069 3273 AI)
3105 3223 3438 3273 RABANUM.
3484 3224 3573 3271 365

1945 3305 2065 3353 Aur.
2106 3306 2149 3353 Ι.
2185 3331 2245 3340 -
2277 3305 2347 3353 De
2368 3306 2576 3367 gemina
2606 3305 3087 3367 praedestinatione.
3482 3303 3572 3367 365

1944 3370 2065 3415 Aa'r.
2105 3368 2167 3415 ll.
2204 3394 2261 3401 —
2293 3366 2553 3415 Delibero
2584 3366 2817 3415 arbitrio.
3484 3366 3575 3412 365

1944 3430 2066 3477 Aur.
2106 3429 2194 3477 III.
2219 3456 2278 3464 —
2304 3430 2375 3477 De
2398 3429 2669 3476 voluntate
2698 3429 2806 3476 Dei.
3485 3427 3575 3473 366

1943 3492 2063 3539 Aar.
2102 3491 2186 3537 IV.
2224 3517 2281 3524 —
2306 3492 2378 3538 De
2405 3496 2571 3538 morte
2602 3490 2812 3538 Christi.
3484 3490 3575 3535 366

1944 3578 2258 3627 EPISTOLA
2292 3577 2380 3627 AD
2410 3578 2840 3626 RATRAMNUM.
3484 3576 3572 3624 367

2442 3692 2832 3748 LOTIIARIUS
2874 3693 3022 3746 REX.

1944 3799 2273 3849 EPISTOL/E
2308 3799 2486 3847 TRES.
3482 3797 3568 3844 371

1943 3880 2185 3928 Εριετοω
2222 3894 2386 3928 PamA.
2420 3905 2480 3914 —
2520 3877 2601 3927 Ad
2639 3879 2923 3927 Nicolaum
2968 3880 3187 3937 Papam.
3222 3873 3574 3937 Conqueritur

1882 3944 2023 4005 quod
2050 3943 2279 4005 pontifex
2306 3942 2526 4005 nimium
2560 3942 2622 3987 de
2644 3940 2766 4005 ipso
2791 3940 2903 4005 ejus
2922 3936 3138 4005 aemulis
3160 3936 3359 3985 credat.
3386 3936 3571 4005 Dolere

1883 3998 1937 4053 se
1968 3998 2226 4061 signiﬁcat
2253 4004 2316 4051 de
2346 3998 2687 4065 Theutgaudi'
2701 4008 2751 4050 et
2780 3998 3053 4065 C'untharii
3077 3998 3574 4065 excommunicatio-

1884 4081 1965 4115 ne.
2005 4066 2259 4114 Ceterum
2292 4060 2602 4127 purgans'se
2625 4066 2687 4111 dc
2714 4064 2977 4127 omnibus,
3004 4067 3318 4127 paratumse
3344 4060 3574 4127 ostendit

1883 4142 2058 4177 coram
2091 4122 2334 4190 pontifice
2364 4122 2783 4190 adversariorum
2813 4122 3104 4190 calumnias
3134 4122 3408 4190 refellere._
3482 4123 3567 4169 371

1946 4184 2185 4238 EPIsrbLA
2222 4190 2281 4236 ll.
2312 4215 2368 4223 —
2400 4189 2474 4239 Ad
2505 4186 2771 4237 eumdem.
2805 4213 2862 4222 —
2886 4187 2949 4234 Ut
2975 4184 3573 4234 excommunicationem

1884 4254 1949 4300 ob
1979 4251 2300 4299 consortium
2327 4264 2447 4298 cum
2469 4250 2753 4298 Waldrada
2774 4249 3145 4297 comminatam
3168 4246 3401 4308 eﬂ‘ugiat,
3417 4260 3571 4292 suum

1884 4316 1946 4361 ad
1973 4313 2243 4361 Nicolaum
2287 4313 2501 4360 Romam
2552 4313 2834 4359 adventum
2880 4311 3106 4367 nuntiat,
3147 4314 3199 4356 et
3234 4315 3290 4355 ut
3330 4321 3448 4355 eum
3482 4321 3570 4369 spe

1882 4377 2023 4423 bona
2051 4376 2282 4423 luditicet
2308 4376 2671 4437 episcoporum
2699 4375 2764 4421 ad
2790 4374 3031 4437 eumdem
3054 4372 3367 4437 legationem
3395 4370 3570 4437 decer-

1884 4439 1976 4493 nit,
2015 4442 2067 4486 et
2094 4431 2355 4485 auxilium
2381 4431 2565 4485 contra
2590 4436 2894 4493 Saracenos,
2926 4434 2968 4482 si
2999 4431 3127 4496 opus
3158 4433 3242 4489 sit,
3273 4432 3318 4480 ei
3356 4431 3569 4541 ροιιίὲξὶ

1885 4508 1983 4541 tur-

1885 4508 1983 4548 tur.

1946 4562 2185 4609 EPISTOLA
2217 4560 2305 4608 III.
2348 4585 2406 4594 —
2448 4560 2527 4609 Ad
2558 4560 2855 4608 Adi-ianum
2892 4558 2942 4605 ΙΙ
2977 4560 3190 4617 Papam.
3230 4582 3290 4589 —
3315 4556 3387 4603 De
3419 4554 3567 4603 Nico-

1883 4622 1949 4670 lai
1978 4624 2124 4671 obitu
2154 4623 2344 4671 certior
2368 4622 2535 4669 factus
2560 4621 2850 4675 Lotharius,
2882 4619 2975 4666 has
3000 4619 3197 4666 litteras
3223 4617 3287 4665 ad
3313 4617 3428 4679 ejus
3458 4630 3570 4679 suc-

1883 4698 2139 4734 cessorem
2189 4685 2479 4733 Adrianum
2530 4684 2724 4739 scribit,
2772 4695 2963 4741 rogans
3004 4685 3061 4728 ut
3102 4679 3244 4742 quod
3274 4692 3314 4742 7a
3344 4678 3570 4742 'Nicolao

1883 4748 2119 4851 obtitnere
2150 4760 2257 4795 non
2300 4746 2484 4808 potuit,
2521 4746 2585 4793 ab
2623 4759 2684 4793 eo
2718 4740 3034 4806 impetraret,
3072 4740 3228 4789 suum
3272 4740 3453 4788 Roma:

1883 4822 1981 4851 ven
2013 4823 2119 4851 un).

1882 4814 2119 4858 ventum.
3478 4808 3489 4851 ζ

2034 4931 2481 4987 GUNTHARIUS
2522 4927 2971 4985 COLONIENSIS
3014 4926 3411 4982 EPISCOPUS.

1944 5034 2290 5085 DIABOLICA
2325 5035 2389 5083 IN
2426 5034 2755 5083 NICOLAUM
2792 5032 3009 5081 PAPAM
3045 5032 3379 5082 CAPITULA.
3478 5034 3567 5081 378

1947 5116 2187 5163 Praefatio
2217 5115 2281 5162 ad
2312 5115 2582 5177 episcopos
2616 5113 2762 5175 regni
2791 5112 3038 5162 Lotharii.
3478 5115 3568 5161 378

1883 5177 2147 5239 Incipiunt
2177 5178 2421 5239 capitula.
3478 5177 3568 5223 379

1944 5256 2389 5305 RETRACTATIO
2426 5254 2709 5304 ADRIANO
2746 5254 2789 5302 II
2827 5254 3018 5302 DATA.
3477 5255 3563 5302 381

1943 5336 2382 5395 THEODGAUDI,
2422 5334 2769 5384 GUNTHARII
2817 5333 2896 5381 ET
2937 5332 3201 5381 ARDUICI
3253 5331 3567 5383 EPISTOLA

1883 5399 1969 5447 AD
2005 5398 2416 5446 HINCMARUM.
3476 5397 3559 5444 381

1944 5477 2168 5529 EORUM
2219 5474 2526 5526 EPISTOLA
2578 5474 2665 5522 AD
2712 5472 3064 5524 EPISCOPOS
3107 5473 3171 5522 IN
3207 5472 3422 5523 ΒΕΘΝο
3457 5466 3563 5515 LU-

1883 5540 2105 5592 DOVICI
2141 5534 2589 5588 CONSTITUTOS.
3476 5530 3561 5579 381
