4184 6436
241 416 296 481 η
1452 411 1778 472 menon
1816 410 2247 471 DEDICATIO.
3426 412 3487 475 14

234 533 520 599 Graeculo
553 532 887 593 historiam
923 529 1319 608 CurOpalataa
1349 531 1649 598 eruisset,
1691 545 1967 606 eamque
2001 526 2579 608 contulissetciim
2618 526 2941 608 Cedrenn,
2968 527 3477 608 deprehendisse

237 613 450 674 eadem
476 611 712 672 iisdem
753 609 966 671 verbis
996 608 1076 669 ab
1099 605 1187 668 iis
1216 610 1371 681 dici,
1401 616 1470 669 ut
1500 607 1810 670 alteruter
1846 605 2213 667 necessario
2250 605 2600 682 plagiarius
2631 607 2738 666 sit.
2781 605 2974 664 Addit
3006 607 3428 669 Casaubonus
3470 635 3482 668 :

235 695 304 751 At
349 709 488 750 cum
522 707 618 749 me
649 689 860 750 abillo
895 686 1181 748 Graculo
1216 687 1561 764 deceptum,
1588 687 1697 764 qui
1723 704 1946 764 magna
1973 703 2065 744 me
2093 685 2363 762 pecunia
2395 693 2787 764 emunxerat,
2820 684 3312 764 iniqueferrern,
3369 688 3484 748 hoc

237 789 316 829 me
347 778 550 828 tamen
584 767 931 838 recreabat,
965 765 1130 844 quod
1158 783 1235 826 ex
1277 761 1615 842 utriusque
1637 761 1974 824 collatione
2016 761 2209 821 multa
2237 763 2519 844 possein
2553 773 2818 844 utroque
2843 761 3158 844 emendari
3179 763 3480 844 videbam.

238 847 578 910 Cedrenum
594 849 756 906 enim
798 847 891 906 ita
914 842 1041 905 esse
1073 845 1309 905 editum
1331 845 1618 913 sciebam,
1650 852 1722 901 ut
1757 843 1954 902 multa
1994 843 2236 920 passim
2282 842 2349 900 in
2390 842 2521 918 ejus
2554 843 2813 918 scriptis
2856 842 3225 917 turpissima
3263 842 3487 904 relicta

237 937 358 987 unt
381 924 629 988 menda.
667 927 831 986 Sane
867 924 1288 987 Casaubonus
1344 939 1475 983 non
1536 941 1566 980 a
1621 922 1939 988 Grmculo,
1978 920 2091 996 qui
2122 921 2180 979 id
2223 920 2393 997 quod
2447 929 2603 991 erat,
2637 939 2825 997 quam
2865 920 3124 994 plurimi
3164 923 3482 995 vendidit,

238 1005 340 1065 sed
362 1021 580 1065 errore
615 1020 762 1076 suo,
796 1022 909 1081 qni
940 1002 1278 1081 Scylitzam
1315 1003 1376 1062 in
1419 1001 2198 1081 Cedrenumitranslatum
2222 999 2516 1066 nescivit,
2553 1002 2855 1081 deceptus
2879 1010 3006 1081 est.
3044 1001 3486 1081 Frust_ra_erg0

238 1087 526 1158 queritur
571 1089 649 1145 de
699 1078 1160 1152 Graiculoitlo,
1195 1081 1304 1159 qui
1340 1081 1739 1155 CiirOpaIatte
1789 1079 2160 1149 historiam,
2224 1095 2602 1159 quamvere
2651 1078 3060 1154 profitebatur
3107 1094 3175 1136 se
3228 1078 3484 1159 habere,

240 1162 524 1223 venalem
543 1163 848 1241 exposuit
882 1183 896 1220 :
935 1167 997 1241 at
1030 1161 1169 1238 ipse
1203 1157 1426 1241 grandi
1464 1159 1734 1241 pecunia
1769 1166 2085 1219 mercatus
2114 1165 2243 1241 est;
2279 1158 2532 1241 cautius
2568 1175 2700 1218 rem
2737 1175 2917 1241 suam
2967 1157 3486 1241 gerere__de_b_uit;

239 1237 758 1320 rerumgnauique
792 1237 1073 1320 pretium
1114 1239 1458 1299 vendentis
1499 1239 2006 1320 redimeiitisque
2042 1237 2465 1320 aestimatione
2498 1237 2824 1320 accrescit.
2865 1237 3131 1295 Vossius
3173 1238 3256 1295 De
3288 1238 3487 1320 litato-

236 1321 381 1379 rt'ct's
418 1316 802 1380 Gracis'lib.
833 1337 904 1379 iii
933 1319 1000 1379 in
1036 1320 1283 1379 Joanne
1321 1316 1726 1377 Antiocheno
1785 1316 2040 1374 videtur
2074 1317 2242 1375 hunc
2279 1316 2748 1374 Aiitioclienum
2781 1317 3095 1373 Joannem
3120 1331 3262 1374 cum
3287 1317 3488 1375 Curo-

242 1399 436 1475 palata
468 1398 897 1475 confundere,
973 1413 1167 1474 quem
1217 1395 1374 1457 dicit
1421 1393 1816 1472 Syncellum,
1865 1395 2038 1475 quod
2104 1403 2312 1475 tamen
2361 1391 2595 1475 falsum
2630 1393 3261 1475 esttexscripsisset
3297 1393 3486 1466 Quod

241 1470 453 1538 inultis
485 1477 759 1538 inlibris
793 1470 1173 1537 historicum
1234 1470 1506 1535 Cedreiii
1568 1474 2026 1550 compendium
2093 1473 2415 1533 tribuetur
2470 1470 2698 1531 Joanni
2755 1471 3170 1550 Curopalatte.
3229 1473 3485 1532 Certum

237 1566 442 1617 tamen
483 1564 605 1630 est,
657 1570 788 1617 non
855 1555 1227 1615 universam
1265 1553 1535 1614 Cedreni
1576 1549 1935 1620 historiam,
1967 1552 2081 1614 sed
2114 1568 2249 1630 eam
2286 1559 2528 1611 tantum
2555 1566 2699 1630 qua:
2731 1566 2764 1610 a
2799 1549 3156 1630 Niceplioro
3187 1552 3489 1627 Rangabe

238 1625 808 1714 exordium'ducit,
842 1636 1110 1714 Joannis
1137 1631 1536 1708 CurOpalatae
1567 1648 1732 1714 esse.
1761 1629 2016 1714 i’iierile
2067 1629 2351 1714 denique
2391 1637 2509 1714 e_st,
2552 1625 2844 1714 dubitare
2868 1625 2951 1714 (a)
2987 1625 3420 1714 aii_Cedreiius
3451 1644 3484 1687 δ

242 1713 640 1789 Curopalata,
675 1712 812 1772 sive
847 1712 970 1773 iste
1002 1728 1034 1772 a
1058 1706 1350 1773 Cedreno
1385 1708 1722 1789 acceperit.
1751 1711 1848 1789 De
1883 1709 2175 1769 Cedreno
2200 1709 2365 1789 ivide
2397 1708 2890 1768 Genebrardum
2926 1706 2994 1766 in
3027 1706 3365 1779 Chronico,
3426 1719 3489 1766 et

238 1785 696 1853 Bellarminum
734 1791 820 1850 De
843 1790 1271 1869 scriptoribus
1321 1785 1791 1849 eccles.'smcul.
1829 1805 1917 1861 ιι,
1949 1803 2121 1849 anno
2150 1785 2326 1847 1070.

299 1951 376 2020 (a)
435 1949 705 2006 Joannem
776 1949 1140 2005 Tliracesium
1193 1949 1339 2020 (qui
1369 1949 1509 2002 idem
1560 1957 1646 2002 est
1679 1962 1805 2000 cum
1917 1943 2155 2020 Cedreni
2185 1944 2464 2020 synopsini
2505 1943 2722 2020 demum
2761 1943 3050 2020 inmaiius
3073 1942 3362 2020 bominqm
3392 1957 3491 2020 _ve-

239 2013 493 2093 Scyliize)
522 2026 675 2093 sequi
713 2036 896 2093 senon
933 2019 1184 2093 ddiitetui
1209 2013 1519 2093 ‘Ledreiius
1549 2029 1604 2074 et
1645 2034 1807 2086 priu-
1927 2055 1929 2062 .
1963 2035 1972 2068 l
2013 2059 2016 2062 .
2056 2017 2168 2069 Geo
2205 2013 2352 2093 giuii’i
2410 2016 2719 2093 tledienum
2761 2014 2992 2093 epistola
3024 2014 3119 2093 84,.
3158 2014 3226 2093 ad
3277 2013 3490 2093 Eutliy-

239 2083 340 2145 reiii
370 2083 770 2146 Exaocw'illius
798 2092 984 2160 utique
1017 2092 1070 2143 in
1101 2092 1383 2157 synopsim
1425 2104 1575 2143 suam
1625 2083 1809 2142 ti'aiis-
1919 2102 2087 2160 inium
2130 2096 2256 2139 citat
2295 2086 2413 2138 Nic.
2447 2083 3124 2160 Quii‘iiieiius_Papad0poli
3157 2084 3212 2138 iii
3273 2083 3488 2137 Piwuo—

242 2164 354 2216 tulit
414 2182 427 2215 :
495 2164 590 2217 sed
647 2164 817 2215 altera
883 2153 1147 2232 Siylitzae'
1190 2153 1360 2213 editio
1429 2160 1496 2213 ad
1552 2161 1804 2214 Alexiuin
1918 2158 2148 2210 tionibus
2189 2156 2579 2226 mystagogitis,
2616 2169 2668 2224 p.
2705 2153 2829 2208 561.

237 2235 570 2289 tiomnenum
595 2247 789 2302 usque,
817 2234 870 2287 li.
916 2273 920 2277 .
969 2232 1293 2294 a.IA.lt18|,
1319 2235 1658 2292 continuata,
1684 2238 1806 2299 post

1228 2594 1736 2685 FABROTI
1824 2596 1969 2683 DE
1991 2593 2521 2684 DICATIO.

883 2939 1584 3004 EMINENTISSIMO
1671 2939 2060 3003 PRINCIPI
2111 2941 2355 3004 JULIO
2416 2941 2866 3006 MAZARINO

1539 3107 1589 3153 S.
1619 3106 1672 3154 Η.
1698 3107 1752 3155 E.
1793 3105 2175 3157 CARDINALI.

312 3265 500 3353 Scite.
541 3263 801 3353 Graecus
860 3261 1219 3353 auctorait,
1258 3264 1787 3353 Eminentissime
1840 3265 2220 3353 CardinaIis,
2287 3265 2561 3353 deorum
2604 3265 2863 3353 templis
2897 3266 3164 3353 dunaria
3212 3267 3494 3353 idicanaa

236 3363 395 3412 esse.
441 3344 602 3422 viris
627 3341 1240 3422 autemiliustribus
1274 3341 1520 3420 ingenii
1558 3351 1968 3403 monumenta
2028 3346 2485 3422 nuncupanda.
2521 3341 3075 3422 Quemadmodum
3118 3347 3292 3406 enim
3341 3364 3488 3408 mu-

237 3424 504 3487 neribus
543 3421 720 3482 hisce
753 3417 1134 3498 religionem
1169 3417 1449 3481 nostram
1504 3437 1655 3500 erga
1689 3423 1919 3484 Deum.
1961 3424 2041 3483 ita
2074 3431 2134 3483 et
2162 3417 2663 3486 hocanimor'um
2699 3423 2830 3484 fetu
2874 3421 3116 3485 cultum
3167 3442 3239 3486 ac
3275 3427 3499 3487 obser—

239 3502 518 3564 vantiam
554 3507 831 3580 nostram
866 3515 1012 3580 erga
1038 3515 1208 3580 Viros
1240 3515 1507 3561 summai
1536 3501 1869 3578 dignitatis
1899 3504 1993 3562 vei
2033 3503 2336 3562 doctrinm
2372 3501 2708 3580 prtecipuze
2737 3510 3067 3564 testamur.
3095 3504 3267 3563 Inter
3287 3506 3490 3565 Deum

235 3592 447 3643 autem
489 3587 550 3640 et
587 3577 881 3638 homines
913 3577 1101 3654 longe
1140 3577 1431 3650 interest,
1484 3577 1656 3656 quod
1700 3581 1869 3640 Deus
1929 3583 2102 3639 velut
2137 3577 2428 3641 omnium
2486 3577 2792 3642 Conditor
2817 3589 2879 3642 et
2914 3582 3257 3654 Dominus,
3298 3581 3494 3646 rebus

237 3675 514 3738 quarum
558 3672 828 3738 precarii
862 3671 1268 3738 possessores
1307 3673 1535 3718 sumus
1577 3673 1704 3738 non
1741 3664 1942 3734 egeat,
1989 3659 2346 3738 illustrium
2383 3667 2594 3738 autem
2650 3663 2938 3720 virorum
2989 3667 3164 3737 gesta
3234 3661 3492 3737 penitus

235 3732 653 3808 intereidant,
684 3734 811 3794 nisi
846 3741 927 3792 Sit
961 3734 1075 3812 qui
1107 3749 1180 3813 ea
1220 3732 1451 3794 litteris
1484 3737 1738 3796 mandet
1776 3732 1835 3796 et
1864 3738 2136 3812 poeieris
2165 3737 2389 3798 tradat.
2426 3737 2545 3797 Sed
2583 3747 2643 3798 et
2677 3732 3490 3813 quemadmodum'humili

236 3832 483 3893 cuique
521 3815 596 3874 ad
640 3815 907 3893 deorum
934 3811 1166 3893 templa
1194 3815 1492 3893 accedere
1523 3821 1584 3873 et
1617 3814 1703 3873 ibi
1731 3811 1873 3874 vota
1895 3831 2006 3874 sua
2032 3831 2400 3893 nuncupare
2429 3815 2520 3874 fas
2546 3825 2663 3888 est,
2685 3811 2766 3877 ita
2793 3833 2908 3876 nec
2934 3817 3217 3877 illustres
3248 3817 3493 3878 animas

237 3912 305 3957 ea
329 3890 485 3982 quae
515 3890 857 3982 tenuiores.
890 3890 1185 3982 homines
1211 3891 1304 3950 eis
1337 3890 1917 3982 dicantaspernari
1941 3892 2472 3982 nv'demus.‘Allas
2517 3895 2764 3955 scilicet
2802 3895 3033 3982 mentis
3056 3895 3349 3982 homines
3388 3913 3492 3957 se-

236 3967 371 4035 curi
407 3977 571 4033 sunt
621 3967 1092 4045 magnitudinis
1124 3984 1279 4040 sum,
1313 3970 1474 4030 adeo
1522 3976 1590 4029 ut
1623 3969 2104 4049 Deumrreferre
2140 3971 2415 4047 quodam
2470 3989 2706 4049 genere
2763 3971 3131 4033 videantur.
3168 3974 3317 4032 Haec
3341 3990 3489 4034 cum

238 4055 375 4129 ipse
409 4064 672 4110 meeum
704 4054 1312 4129 reputarem,_ausu_s
1341 4046 2058 4129 sum,Em_inentissime
2095 4046 2809 4129 cardinalisfreligiose
2845 4056 2902 4110 te
2950 4051 3126 4129 adire
3161 4059 3223 4111 et
3251 4051 3486 4112 librum

236 4124 432 4206 opera
463 4142 614 4207 mea
643 4125 1030 4207 perpolitum
1066 4124 1403 4207 licentiore
1433 4125 1598 4187 forte
1631 4126 1746 4187 hac
1771 4133 2041 4199 epistula
2091 4127 2203 4186 tibi
2238 4129 2613 4207 inscribere,
2645 4124 2777 4204 quo
2807 4128 3213 4188 devotionem
3249 4145 3396 4207 erga
3428 4139 3488 4190 te

240 4203 444 4269 meam
478 4203 778 4290 publice
813 4210 1111 4290 testarcr,
1149 4204 1516 4290 scirentque
1578 4219 1804 4290 omnes
1838 4207 1917 4264 ad
1971 4205 2447 4290 venerationem
2504 4208 2593 4290 tui
2626 4203 2818 4266 etiam
2853 4222 2963 4290 eos
2992 4208 3102 4290 qui
3137 4203 3490 4290 longinque

236 4293 438 4366 agunt
478 4281 682 4368 libros
712 4281 1192 4368 tihi‘dedicare,
1221 4289 1393 4368 utex
1412 4297 1589 4368 sacro
1628 4291 1689 4342 et
1721 4283 2074 4343 immortali
2108 4285 2369 4344 nomine
2405 4293 2512 4368 tuo
2533 4284 2759 4368 famam
2796 4281 3144 4368 etglor‘iam
3168 4281 3291 4345 sibi
3318 4281 3493 4363 quae-

241 4358 374 4426 rant
425 4381 503 4424 ac
541 4358 1021 4422 immortalitate
1073 4361 1395 4420 donentur
1454 4362 1587 4422 Hoc
1629 4368 1836 4421 tamen
1891 4378 2140 4432 vereor,
2185 4379 2265 4422 ne
2314 4371 2372 4423 te
2406 4363 2472 4423 in
2505 4367 2760 4424 excelso
2813 4358 3237 4424 humanarum
3274 4358 3490 4426 rerum

235 4443 496 4520 fastigio
529 4439 814 4520 positum
847 4444 908 4498 et
940 4453 1270 4515 nunquam
1309 4455 1580 4520 vacuum
1643 4456 1760 4515 ego
1801 4457 1973 4520 unus
2031 4457 2064 4499 e
2107 4443 2287 4500 turba
2330 4441 2638 4502 audacius
2677 4441 3011 4502 incondito
3053 4459 3124 4503 ac
3150 4443 3317 4520 rudi
3346 4460 3487 4504 ser-

239 4516 427 4582 mone
467 4516 906 4597 interpellem,
956 4524 1148 4593 teque
1179 4531 1410 4587 morer,
1448 4518 1634 4595 cujus
1688 4517 2108 4594 amplissimis
2150 4520 2648 4596 cogitationibus
2688 4535 2758 4579 ac
2799 4520 3092 4580 consiliis
3144 4519 3489 4597 imperium
3533 4536 3538 4541 '

235 4600 564 4660 Gallicum
586 4594 1008 4671 gubernatur,
1057 4610 1201 4654 eiiui
1240 4597 1452 4674 potius
1484 4594 2167 4672 oecupationibustuis
2211 4594 2377 4658 bono
2415 4599 2672 4674 publico
2720 4600 3107 4674 parcendum
3146 4594 3339 4662 esset.
3367 4602 3489 4660 Sed

237 4693 492 4756 magna)
525 4688 792 4760 quoque
814 4674 1048 4760 animm
1077 4672 1384 4760 litteraria
1410 4672 1540 4760 haec
1571 4683 1979 4760 avocamenta
2033 4691 2162 4734 non
2201 4672 2520 4736 recusant.
2565 4677 2690 4760 _Hic
2720 4672 2953 4760 autem
2997 4675 3297 4760 admirari
3319 4677 3493 4760 subit

234 4750 425 4834 quam
465 4750 685 4834 sagaci
719 4750 995 4834 consilio
1026 4750 1316 4834 optimus
1347 4751 1799 4834 inaaimusque
1846 4753 2162 4834 princeps,
2197 4770 2345 4834 cum
2379 4755 2718 4834 excederet
2757 4754 2851 4834 vel
2886 4755 3100 4830 potius
3134 4755 3488 4833 intercipe-

236 4828 410 4895 retur
439 4843 519 4916 et
557 4828 632 4890 in
678 4829 906 4916 cmliim
959 4829 1215 4915 rediret,
1255 4828 1392 4916 tibi,
1431 4828 1786 4916 Cardinalis
1839 4830 2385 4916 Emineiitissime,
2422 4848 2587 4908 pene
2634 4828 2934 4916 dixerim,
2977 4841 3203 4916 cuncta
3226 4828 3490 4916 regendi

233 4927 398 4974 onus
433 4907 852 4987 imposuerit,
892 4923 1036 4987 cum
1063 4907 1388 4981 juvenilis
1414 4909 1822 4987 successoris
1851 4909 2109 4968 animus
2152 4907 2439 4987 nondum
2480 4928 2590 4987 par
2621 4918 2792 4970 esset
2843 4911 3144 4986 imperio.
3180 4912 3281 4972 Sic
3300 4907 3492 4971 'Atlas

233 5008 374 5051 cum
412 4984 562 5052 caeli
593 4985 775 5046 oneri
816 5002 883 5046 se
909 4984 1318 5066 subduceret,
1358 4987 1698 5046 Herculem
1729 4986 2111 5066 submisisse
2149 4986 2372 5060 fertur,
2404 4984 2575 5048 velut
2626 4997 2812 5049 tintaa
2845 4984 3034 5049 molis
3062 5006 3352 5066 capacem
3388 5007 3402 5021 ο
3432 5001 3495 5049 at

233 5067 499 5147 qualem
524 5066 783 5148 virum?
824 5063 1126 5148 majorem
1162 5062 1436 5124 humana
1469 5073 1725 5148 natura1
1755 5068 1883 5124 Deo
1917 5065 2305 5148 proximum,
2347 5067 2627 5148 denique
2659 5067 2860 5148 .l_ovis,
2900 5084 3028 5128 non
3082 5062 3499 5148 Amphitryo-

237 5142 334 5206 nis
366 5149 613 5208 ﬁlium.
651 5145 834 5204 Certe
860 5159 988 5202 non
1020 5142 1190 5222 alius
1219 5160 1415 5222 quam
1453 5151 1635 5204 natus
1695 5145 1829 5203 Deo
1861 5145 2090 5203 cmlum
2122 5147 2388 5205 deorum
2431 5145 2649 5206 sedem
2673 5145 2840 5206 ferre
2877 5153 3146 5222 poterat,
3179 5142 3342 5206 sicut
3379 5142 3496 5208 nec

233 5227 402 5287 alius
431 5222 900 5307 quaindivina:
931 5220 1162 5280 mentis
1218 5219 1413 5307 homo
1442 5237 1609 5307 onus
1647 5222 2543 5307 imperiiGallicisustinere.
2586 5226 2704 5294 'l‘u,
2753 5219 3495 5307 iiiqiiam,_Eminentis-

236 5308 395 5364 sime
457 5299 857 5369 ’Cardiiialis,
883 5307 1110 5379 vocatu
1143 5299 1311 5379 regis
1364 5300 1846 5379 prudentissimi
1905 5301 1981 5360 ad
2018 5305 2194 5379 regni
2228 5317 2453 5361 arcana
2492 5304 2808 5363 tractanda
2850 5299 2988 5361 “non
3029 5302 3172 5363 sine
3229 5304 3496 5363 numine

237 5384 571 5443 admissus
610 5395 676 5438 es
715 5399 732 5452 ;
795 5380 856 5437 id
891 5378 1185 5459 quodex
1219 5377 1419 5459 rebus
1459 5379 1617 5456 ipsis
1666 5378 1941 5439 feliciter
1973 5389 2034 5440 et
2071 5377 2146 5459 ex
2190 5387 2336 5440 voto
2370 5379 2726 5440 ﬂuentibus
2775 5381 2993 5440 notius
3051 5390 3146 5441 est
3178 5397 3368 5459 quam
3427 5391 3497 5442 ut

236 5461 601 5538 quisquam
665 5469 890 5538 praeter
913 5454 1281 5538 'malignos
1318 5454 1661 5538 iiitieietur.
1692 5459 1970 5529 Quando
2003 5458 2176 5538 enim
2239 5468 2553 5518 terrarum
2589 5459 2698 5518 ille
2755 5459 2993 5535 praedo,
3026 5454 3286 5537 quando
3319 5459 3495 5519 orbis

236 5532 545 5600 universi
582 5534 964 5615 candidatus
997 5532 1235 5594 certius
1265 5532 1586 5615 iniellexit
1615 5552 1684 5596 se
1721 5537 2162 5598 rerumsolum
2192 5538 2380 5612 potiri
2415 5553 2543 5596 non
2578 5532 2792 5614 posse,
2819 5554 3020 5615 seque
3047 5532 3263 5598 aliena
3299 5553 3496 5614 regna

235 5619 415 5679 irrita
445 5629 570 5693 spe.
593 5613 944 5674 invadere?
981 5617 1242 5694 quando
1271 5612 1548 5673 feliciter
1569 5631 1789 5674 secum
1821 5621 2031 5674 actum
2067 5616 2310 5692 putavit
2335 5617 2389 5675 si
2423 5612 2765 5677 tinessuos
2801 5612 2932 5676 non
2971 5625 3346 5694 prOpagaret
3377 5612 3495 5676 Sed

238 5692 567 5764 tueretur,
599 5694 727 5773 nisi
764 5709 842 5752 ex
875 5708 1005 5769 quo
1035 5692 1385 5769 principem
1428 5693 2226 5773 nostruminVictissimam
2261 5710 2472 5754 anima
2501 5693 2808 5773 reliquit?
2837 5692 3007 5766 Quid
3031 5692 3286 5772 singula
3317 5710 3495 5773 com-

242 5772 646 5834 memorem?
677 5773 995 5831 Prostrato
1030 5787 1308 5847 primum
1358 5773 1678 5848 stupenda
1709 5769 2014 5832 felicitate
2047 5774 2333 5832 exercitu
2381 5769 2806 5844 validissimo,
2867 5784 2999 5832 tum
3035 5769 3494 5834 munitissimis

242 5853 506 5932 Oppidis
543 5865 672 5928 qua
708 5848 988 5910 locorum
1019 5863 1240 5908 natura
1280 5865 1402 5926 qua
1447 5851 1648 5911 milite
1685 5867 1811 5910 non
1840 5851 2097 5926 ignavo,
2151 5869 2296 5911 cum
2326 5852 2585 5912 interim
2621 5855 2954 5912 inclinatas
2985 5853 3155 5913 acies
3187 5860 3247 5913 et
3283 5851 3495 5912 laban-
