4184 6436
631 403 700 465 27
1917 401 2220 464 GEORGIl

2329 401 2581 465 EDREN
2586 404 2615 464 Ι
3834 412 3906 476 28

636 521 791 577 runt,
845 515 1064 585 ipsique
1106 513 1247 567 inter
1282 527 1341 569 se
1384 512 1788 569 dissenserunt.
1825 512 1944 568 .lam
1982 511 2220 569 Joannes

2329 518 2584 587 Ἰωάννης
2615 519 2643 572 ὁ
2675 516 2989 591 Θρᾳκήσιος
3027 518 3087 573 τδ
3131 518 3443 592 ἐπώνυμον,
3488 524 3908 593 συντομωτέραν

630 605 1112 670 Protovestiarius,
1144 615 1507 676 cognomento
1552 603 1906 671 Thracesius,
1951 620 2213 675 compen-

632 694 929 752 diosiorem
961 710 1153 749 eorum
1181 710 1302 765 quae
1335 694 1572 750 diversis
1618 705 1921 751 evenerunt
1953 697 2215 767 tempori-

634 794 736 848 bus
766 792 1022 847 notitiam
1056 792 1271 847 tradere
1300 802 1558 857 conatus,
1599 807 1765 862 supra
1814 807 2215 847 commemora-

631 894 815 941 torum
844 884 1177 955 scriptorum
1205 885 1448 939 historiis
1484 894 1741 940 accurate
1769 886 2026 955 perlectis
2056 885 2215 942 inde-

630 992 739 1050 que
788 978 843 1032 in
890 992 1022 1033 suos
1077 977 1506 1033 commentarios
1548 992 1669 1046 quae
1707 976 1775 1030 ad
1824 990 1936 1031 rem
1972 975 2217 1033 facerent

630 1068 869 1134 collatis,
908 1069 974 1123 ab
1011 1069 1160 1125 exitu
1193 1066 1506 1140 Nicephori,
1533 1068 1693 1139 cujus
1734 1070 1897 1139 paulo
1928 1078 2062 1125 ante
2098 1085 2217 1125 me-

630 1163 898 1218 minimus
944 1178 1174 1220 exorsus
1206 1171 1311 1229 est,
1351 1164 1761 1233 repudiatisque
1799 1178 1922 1234 qua).
1952 1179 2016 1219 ex
2048 1162 2215 1216 animi

630 1255 1003 1310 commotione
1042 1265 1137 1310 aut
1180 1257 1237 1310 in
1279 1259 1512 1327 gratiam
1559 1256 1795 1325 alicujus
1848 1257 2054 1325 scripta
2098 1253 2220 1309 fue-

631 1356 777 1413 rant,
820 1347 1023 1401 nudam
1063 1348 1349 1402 historiam
1380 1346 1625 1402 tradidit.
1668 1348 1777 1404 Nos
1816 1360 1996 1402 autem
2022 1346 2217 1404 evolu-

629 1439 705 1493 tis
737 1439 932 1494 horum
986 1439 1165 1504 libris,
1219 1439 1456 1510 indeque
1508 1441 1575 1496 iis
1627 1456 1749 1511 quas
1799 1441 2064 1495 attinebat
2108 1439 2219 1496 col-

630 1531 813 1595 lectis,
872 1530 1105 1601 adjectis
1157 1532 1214 1603 6
1264 1534 1431 1586 etiam
1482 1548 1628 1603 qum,
1686 1548 1813 1586 cum
1867 1548 1980 1587 non
2031 1541 2218 1590 essent

631 1625 856 1695 scripta,
890 1624 958 1679 ab
985 1624 1229 1694 antiquis
1253 1624 1569 1680 hominibus
1596 1624 1795 1680 tradita
1822 1625 2216 1696 didiceremus,

632 1728 743 1769 non
792 1727 965 1782 pauca
1017 1713 1181 1767 etiam
1234 1728 1303 1769 ex
1353 1730 1518 1784 parata
1562 1714 1789 1784 Genesi,
1825 1718 2217 1775 ecclesiasticis

632 1806 881 1861 historiis
914 1804 1148 1876 aliisque
1193 1807 1318 1862 libri
1357 1810 1653 1879 complexi,
1699 1811 1907 1865 cursim
1940 1812 2122 1867 omnia
2160 1813 2215 1868 in

2322 612 2582 667 ἐνδιδόναι
2606 614 2911 697 κατάληψιν
2942 615 3052 669 τῶν
3076 616 3136 669 ἐν
3169 617 3448 687 διαφόροις
3475 617 3906 689 συμϐεϐηκότων

2323 708 2553 777 καιροῖς,
2582 706 2678 768 τὰς
2697 705 2805 760 τῶν
2826 708 2921 761 avo
2941 706 3031 761 θεν
3046 706 3351 779 λεχθέντων
3371 710 3737 782 συγγραφέων
3760 712 3904 764 icto-

2323 796 2447 867 ρίας
2461 796 2857 865 ἀναλεξάμενος
2880 797 2975 852 καὶ
2995 798 3403 866 ἐγκατάσκευον
3423 802 3791 871 ποιησάμενος
3807 802 3907 871 τὴν

2321 890 2539 960 γραφὴν
2566 887 2674 944 ἀπὸ
2698 889 2790 942 τοῦ
2816 889 3005 954 τέλους
3042 890 3247 963 ἤρξατο
3276 891 3372 947 τοῦ
3412 891 3523 947 ἀπὸ
3546 894 3782 961 γενικῶν
3806 893 3905 947 Νι-

2322 980 2584 1052 κηφόρον,
2618 983 2709 1034 καὶ
2733 980 2800 1034 τὰ
2822 981 3087 1049 ἐμπαθῶς
3116 982 3148 1052 ἢ
3171 983 3265 1036 καὶ
3294 983 3433 1054 πρὸς
3453 983 3615 1054 χάριν
3643 983 3901 1053 λεχθέντα

2321 1071 2793 1142 ἀποδιοπόμπησε,
2817 1072 3031 1145 γυμνὴν
3065 1072 3164 1143 τὴν
3200 1073 3447 1144 ἱστορίαν
3489 1075 3898 1146 παραδέδωκεν.

2333 1159 2528 1231 Ἡμεῖς
2555 1162 2634 1228 δὲ’,
2654 1162 2754 1225 τὰς
2781 1160 2989 1215 τούτων
3019 1161 3338 1228 ἐπελθόντες
3358 1162 3595 1233 βίϐλους,
3612 1165 3683 1218 τὰ
3714 1164 3901 1219 εἰκότα

2323 1247 2707 1319 συνελέξαμεν,
2748 1250 3075 1321 προσθέντες
3122 1253 3217 1306 καὶ
3254 1254 3356 1307 ὅσα
3390 1254 3655 1324 ἀγράφως
3687 1257 3752 1308 ἐκ
3795 1273 3903 1309 πα-

2320 1340 2487 1395 λαιῶν
2515 1341 2723 1411 ἀνδρῶν
2776 1342 3158 1415 ἐδιδάχθημεν.
3183 1344 3347 1398 Ἀλλὰ
3390 1345 3497 1416 μὴν
3529 1348 3621 1400 καὶ
3655 1346 3763 1399 ἀπὸ
3801 1347 3903 1417 τῆς

2320 1436 2540 1504 Λεπτῆς
2592 1435 2864 1498 Γενέσεως
2898 1436 3012 1508 (15)
3063 1438 3163 1491 οὐκ
3208 1435 3365 1505 ὀλίγα
3410 1437 3759 1504 συλλέξαντες
3809 1440 3903 1492 καὶ

2320 1526 2430 1581 ἀπὸ
2480 1526 2954 1598 ἐκκλησιαστικῶν
3009 1527 3263 1599 ἱστοριῶν
3306 1529 3400 1583 καὶ
3436 1529 3530 1597 ἀφ’
3583 1529 3784 1600 ἐτέρων
3817 1529 3903 1600 βι-

2320 1618 2518 1686 ϐλίων,
2581 1620 2677 1673 καὶ
2708 1619 2798 1688 ὑφ’
2849 1618 2907 1672 ἓν
2959 1620 3327 1692 ἐπιδρομάδην
3392 1620 3731 1690 συνθέμενοι,
3790 1622 3903 1683 τοῖς

2326 1712 2813 1784 μεταγενεστέροις
2838 1712 3311 1782 καταλελοίπαμεν
3334 1714 3541 1782 τροφὴν
3569 1713 3784 1782 ἁπαλὴν
3810 1715 3905 1765 καὶ

2323 1805 2722 1875 ἀληλεσμένην,
2757 1804 2823 1857 ἵν’
2862 1805 2911 1857 oi
2957 1804 3057 1873 μὲν
3098 1804 3197 1867 τὰς
3231 1804 3341 1857 τῶν
3376 1804 3651 1874 ῥηθέντων
3698 1806 3898 1874 ίστορι·

632 1912 799 1950 unum
847 1899 1263 1967 composuimus
1294 1900 1571 1956 volumen.
1602 1900 1759 1968 Quod
1799 1918 1936 1973 opus
1983 1904 2220 1974 posteris

2329 1871 2435 1950 κῶν
2457 1871 2672 1967 βίδλους
2696 1871 3019 1960 ἐπελθόντες
3048 1897 3221 1965 ἔχοιεν
3246 1871 3615 1967 ὑπομνηματα
3636 1891 3766 1967 (οἶδε
3795 1871 3905 1967 γὰρ

633 1989 1001 2058 relinquimus
1035 1998 1296 2060 tanquam
1338 1992 1658 2048 alimentum
1702 2003 1951 2050 tenerum
1986 2009 2050 2049 ac
2075 1997 2221 2053 mola

634 2091 1041 2152 praeparatum,
1103 2094 1163 2139 ut
1220 2094 1275 2141 et
1330 2086 1423 2156 qui
1494 2086 1768 2141 dictorum
1833 2087 2221 2144 historicorum

632 2176 841 2244 Scripta
892 2176 1166 2247 legerunt,
1218 2179 1650 2234 commentarios
1716 2178 1952 2234 habeant
1998 2179 2221 2249 (etenim

638 2266 796 2320 lectio
843 2268 909 2322 ad
973 2268 1411 2323 recordationem
1462 2269 1812 2324 excitandam
1864 2278 1948 2325 est
2003 2269 2217 2336 eilicax,

633 2358 1008 2413 recordationi
1041 2361 1107 2414 ad
1148 2360 1399 2415 alendam
1447 2361 1869 2431 augendamque
1897 2361 2217 2417 memoriam

636 2451 719 2505 vis
743 2459 848 2515 est,
873 2452 1340 2521 quemadmodum
1377 2462 1569 2509 contra
1603 2454 1818 2509 incuria
1850 2463 1902 2507 et
1936 2453 2223 2524 negligen-

636 2543 712 2598 tia
737 2544 1085 2601 immemores
1116 2544 1297 2600 reddit
1322 2563 1339 2614 ;
1364 2547 1506 2602 unde
1545 2561 1773 2615 prorsus
1796 2545 2001 2602 oblivio
2024 2559 2224 2602 conse-

2324 1990 2695 2061 ήὰνάγνωσις
2729 1989 3038 2059 ἀνάμνησιν
3095 1991 3370 2057 ἐμποιεῖν,
3421 1991 3452 2059 ἡ
3502 1989 3547 2042 δ’
3596 1990 3905 2059 ἀνάμνησις

2326 2084 2549 2154 τρέφειν
2584 2085 2679 2137 καὶ
2707 2080 3031 2152 μεγαλύνειν
3059 2081 3158 2152 τὴν
3195 2084 3437 2153 μνήμην,
3463 2080 3653 2150 ὥσπερ
3682 2083 3904 2135 τούνανο

2326 2175 2441 2228 τῖον
2482 2177 2515 2243 ἠ
2551 2173 2783 2243 ἀμέλεια
2819 2175 2913 2227 καὶ
2949 2173 3203 2245 ῥᾳστώνη
3242 2174 3529 2242 ἐπιφέρειν
3573 2173 3901 2243 ἀμνηστίαν,

2325 2262 2467 2342 ᾗτινι
2521 2268 2738 2331 πάντως
2798 2266 2990 2320 ἕπεται
3042 2265 3205 2336 λήθη,
3255 2264 3584 2336 ἀμαυροῦσα
3629 2265 3721 2317 καὶ
3773 2280 3903 2331 συγ-

2327 2360 2530 2430 χέουσα
2559 2359 2677 2430 τὴν·
2695 2359 2916 2430 μνήμην
2945 2358 3055 2410 τῶν
3084 2356 3539 2428 πεπραγμένων),
3569 2358 3613 2409 οἱ
3645 2356 3701 2409 δὲ
3737 2356 3905 2425 μήπω

2329 2452 2753 2524 ἐντετυχηκότες
2800 2454 2921 2515 ταῖς
2972 2451 3237 2522 ἱστορίαις
3280 2448 3475 2521 ὁδηγὸν
3523 2447 3699 2520 ἔχοιεν
3745 2448 3906 2518 τήνδε

2329 2544 2429 2613 τὴν
2462 2546 2745 2616 ἐπιτομήν.

636 2637 843 2707 quitur,
865 2639 1187 2692 memoriam
1209 2654 1393 2694 rerum
1418 2649 1696 2711 gestarum
1716 2644 2024 2700 obscurans
2055 2649 2223 2716 atque
2253 2639 2643 2712 confundens),
2679 2650 2733 2697 et
2760 2641 2853 2713 qui
2887 2640 3149 2697 historias
3190 2640 3431 2695 nondum
3504 2647 3905 2710 cognoverunt,

638 2730 743 2786 hoc
779 2731 1105 2800 compendio
1130 2731 1380 2791 ductoris
1407 2734 1527 2791 loco
1558 2742 1804 2791 utantur.

712 2824 991 2895 Principio
1024 2824 1153 2880 fecit
1186 2826 1327 2883 Deus
1354 2830 1556 2884 cretum
1584 2839 1636 2886 et
1666 2842 1892 2886 terram.
1920 2831 2221 2888 Confusius

639 2917 710 2974 iis
741 2917 929 2973 mundi
959 2918 1213 2988 partibus
1244 2920 1546 2976 nominatis
1576 2937 1698 2992 qua:
1722 2924 1957 2978 maxime
1980 2923 2221 2994 reliquas

2400 2827 2491 2881 Ἐν
2523 2828 2665 2898 ἀρχῇ
2702 2826 2955 2896 ἐποίησεν
3001 2828 3029 2879 ό
3086 2824 3219 2889 Θεὸς
3270 2826 3361 2879 τὸν
3407 2824 3633 2896 οὐρανὸν
3670 2825 3764 2879 καὶ
3808 2825 3909 2897 τὴν

2330 2921 2456 2991 γῆν.
2490 2918 2831 2990 Παχυμερῶς
2856 2918 3026 2971 εἰπὼν
3055 2918 3124 2972 τὰ
3155 2920 3596 2973 συνεκτικώτατα
3627 2919 3735 2972 τῶν
3765 2936 3909 2973 στοι·

639 3011 696 3064 in
746 3025 806 3066 se
850 3011 1161 3076 continent,
1222 3011 1543 3069 distinctius
1603 3012 1864 3085 deinceps
1927 3013 2220 3071 creationis

2332 3013 2514 3084 χείων,
2550 3011 2689 3083 μετὰ
2722 3011 2899 3066 ταῦτα
2942 3011 3299 3082 λεπτομερῶς
3336 3013 3615 3082 ἐξηγεῖται
3665 3011 3764 3083 τὴν
3803 3012 3905 3081 ἀρ-

1738 3167 2094 3225 XYLANDBI
2138 3169 2228 3225 ET
2287 3170 2500 3230 GOARI
2544 3168 2772 3225 NOTAE.

640 3279 803 3332 quam
830 3261 898 3316 ad
937 3276 1052 3317 rem
1094 3263 1409 3333 gerendam,
1462 3262 1607 3332 quod
1652 3277 1717 3333 ex
1766 3263 1907 3318 locis
1956 3263 2208 3330 plurimis

642 3342 900 3389 constat:
940 3334 1241 3402 quinetiam
1279 3336 1333 3387 in
1394 3335 1599 3389 Basilio
1649 3332 1883 3388 Romani
1916 3333 2027 3389 ﬁlio
2087 3349 2211 3401 pro-

643 3404 1003 3460 tovestiarius
1058 3404 1169 3460 Leo
1222 3406 1461 3461 dictator
1532 3404 1884 3472 imperatoria
1938 3412 2213 3473 potestate

641 3483 865 3532 creatur
902 3484 1095 3529 contra
1124 3476 1399 3531 Sclerum.
1428 3474 1757 3544 Aliquando,
1789 3473 1934 3543 quod
1971 3480 2054 3528 est
2081 3473 2222 3528 inti-

642 3559 885 3609 morum,
917 3544 984 3598 ad
1014 3546 1245 3601 insidias
1277 3547 1378 3614 ipsi
1419 3544 1995 3613 structasimperatori
2018 3545 2218 3614 explo-

647 3614 871 3676 randas,
907 3625 967 3667 ut
997 3617 1048 3668 in
1077 3615 1256 3672 Leone
1285 3612 1466 3671 Basilii
1501 3615 1612 3669 ﬁlio
1644 3624 1833 3669 noster
1864 3612 2122 3669 ostendit.
2156 3614 2225 3668 Et

646 3687 703 3739 in
736 3684 1102 3740 Constantino
1139 3686 1368 3740 Romani
1406 3687 1515 3742 tilio
1546 3685 1945 3753 protovestiarii
1985 3684 2225 3751 dignitas

686 3755 897 3809 roxima
964 3770 993 3808 a
1047 3757 1350 3811 domestico
1402 3757 1713 3811 scholarum
1774 3766 1825 3809 et
1881 3756 2221 3818 accubitore,

686 3772 897 3809 l‘Ollmil
964 3772 993 3808 8
1047 3772 1350 3811 aomesuco
1402 3772 1713 3811 setiolarum
1774 3772 1825 3809 Θῑ
1881 3772 2221 3818 θοριιοιιοῐθ,

644 3772 807 3895 ΕἰᾳΙιε
832 3825 1131 3895 drungario
1159 3829 1408 3896 superior
1433 3825 1762 3882 ostenditur.
1811 3825 1971 3890 Quod
1997 3824 2043 3879 si
2072 3826 2159 3878 cui
2193 3839 2227 3878 a

647 3898 853 3965 vestitu
916 3897 1214 3950 deductum
1276 3900 1380 3952 hoc
1439 3912 1633 3951 nomen
1700 3897 1881 3951 minus
1944 3896 2140 3965 placet,
2178 3896 2226 3950 is

649 3966 789 4038 sciat
835 3964 1145 4034 βεστιάριον
1214 3967 1359 4038 apud
1410 3966 1735 4021 Choniatam
1804 3964 2221 4038 ἀντιταμιείου

649 4035 802 4103 poni,
837 4052 934 4103 pro
968 4038 1223 4090 cubiculo
1250 4035 1559 4096 'nimirum,
1606 4044 1683 4097 ut,
1748 4038 1893 4092 sicut
1949 4037 2087 4101 dixi,
2125 4036 2226 4089 hac

649 4119 866 4173 quoque
890 4106 1102 4161 ratione
1135 4107 1455 4161 intimorum
1499 4107 1735 4175 aliquem
1775 4106 2225 4161 administrorum

650 4174 916 4243 designet.
954 4175 1032 4228 Ad
1065 4177 1330 4230 ἐνδιδόναι
1360 4178 1546 4237 deest.
1579 4174 1808 4244 opinor,
1849 4176 2226 4245 participium,

651 4253 837 4315 utpote
864 4246 1187 4315 βουλόμενος
1207 4258 1299 4302 aut
1318 4248 1515 4303 simile.
1537 4248 1747 4301 th..—
1773 4246 2036 4301 Joannem
2062 4248 2228 4301 istum

650 4314 901 4388 eumdem
937 4314 1059 4371 esse
1090 4319 1181 4386 qui
1204 4318 1366 4388 vulgo
1388 4317 1742 4388 Curopalata,
1775 4319 1967 4384 probat
2006 4331 2227 4382 nomen,

652 4384 987 4458 conﬁrmant
1040 4384 1270 4458 scripta,
1302 4384 1555 4443 'auctor'
1590 4389 1702 4454 ipse
1763 4389 2047 4458 tletlrenus
2117 4401 2228 4458 non

653 4456 889 4526 obscure
936 4456 1197 4526 suggerit.
1248 4458 1453 4514 Nomen
1511 4459 1564 4512 in
1607 4456 1899 4511 manifesto
1954 4464 2069 4511 est:
2106 4456 2228 4525 ejus

2338 3266 2410 3323 sit
2441 3262 2631 3320 eadem
2665 3263 2915 3317 narratio
2954 3262 3158 3328 verbis,
3192 3262 3236 3318 si
3266 3276 3436 3333 pauca
3466 3260 3677 3333 demas,
3705 3261 3902 3317 iisdem

2325 3342 2603 3397 contexta,
2636 3333 2782 3386 hunc
2812 3347 2877 3387 ex
2911 3333 3021 3388 alio
3069 3350 3166 3387 sua
3219 3331 3458 3385 mutuari
3506 3331 3609 3385 fuit
3656 3347 3903 3389 necesse.

2332 3403 2655 3460 Memoratis
2683 3410 2866 3456 autem
2931 3402 2987 3457 in
3037 3403 3327 3470 utriusque
3377 3402 3647 3470 prooemio
3707 3402 3905 3457 iisdem

2328 3474 2684 3531 historiarum
2707 3472 3050 3538 auctoribus,
3099 3471 3333 3530 Joannis
3370 3471 3653 3527 'l‘hracesii
3708 3487 3908 3526 nomen

2326 3555 2381 3601 et
2404 3559 2571 3611 opera
2632 3541 2916 3613 Cedrenus
2972 3545 3263 3613 exprimit,
3318 3543 3478 3613 cujus
3526 3542 3674 3613 velut
3732 3543 3909 3613 ipsius

2328 3615 2563 3671 Cedreni
2611 3613 2754 3683 apud
2807 3612 3197 3683 Curopalatam
3258 3612 3409 3668 nulla
3472 3612 3913 3683 nientiusquod

2329 3681 2665 3755 argumento
2712 3694 2803 3755 est
2840 3681 3113 3739 Joannem
3175 3685 3352 3747 illum,
3412 3682 3665 3755 quisquis
3722 3681 3911 3755 fuerit,

2328 3752 2603 3817 Ccdreno,
2633 3769 2739 3808 non
2775 3752 3105 3824 CurOpalata
3132 3755 3371 3823 priorem
3398 3772 3411 3805 :
3441 3754 3578 3807 alias
3636 3753 3915 3824 quomodo

2328 3827 2407 3883 Cu
2419 3826 2679 3895 ropalata:
2696 3823 2936 3894 ignotus,
2960 3826 3003 3878 si
3026 3825 3438 3893 praecessisset?
3458 3824 3541 3877 vel
3562 3838 3671 3892 qua
3699 3823 3921 3877 ratione

2331 3911 2361 3951 a
2394 3896 2725 3963 Curopalata
2755 3895 2987 3964 praevios
3044 3895 3285 3964 historia:
3341 3895 3641 3963 scriptores
3698 3907 3918 3964 enume-

2334 3979 2497 4021 rante
2532 3962 2643 4018 tum
2674 3962 2916 4020 Joannes
2946 3965 3058 4029 ille,
3092 3966 3137 4019 si
3185 3963 3326 4018 foret
3352 3962 3515 4024 alius,
3569 3971 3682 4016 tum
3714 3962 3918 4018 Cedre-

2336 4053 2442 4092 nus
2504 4037 2621 4105 ipse
2670 4036 2948 4105 sileretur,
3007 4038 3050 4089 si
3111 4034 3341 4089 Cedreni
3400 4035 3566 4105 verba
3630 4032 3914 4101 sigillatim

2334 4104 2560 4161 secutus
2591 4114 2822 4160 cunctos
2848 4104 2988 4159 alios
3029 4114 3285 4159 auctores
3327 4104 3523 4158 ordine
3578 4113 3913 4165 recenseret,

2335 4178 2532 4233 horum
2580 4175 2802 4228 nomina
2843 4190 3139 4243 suppressa
3182 4176 3343 4229 vellet
3371 4190 3433 4228 ex
3492 4174 3698 4227 invidia
3741 4172 3825 4227 vel
3849 4188 3916 4227 ex

2333 4245 2598 4313 ignavia?
2627 4245 2813 4299 Satius
2845 4245 3030 4313 itaque
3057 4244 3371 4305 dicendum,
3400 4243 3711 4297 Cedreuum
3754 4249 3917 4297 aetate

2333 4317 2680 4386 Curopalataa
2704 4330 2994 4384 supparem
3015 4316 3257 4369 nondum
3279 4315 3582 4369 absolvisse
3604 4314 3916 4376 historiam,

2332 4387 2718 4455 Curopalatam
2758 4401 2885 4440 vero
2919 4387 3150 4441 ulterius
3173 4386 3487 4448 deduxisse,
3512 4393 3566 4437 et
3596 4398 3659 4438 ex
3689 4398 3755 4436 eo
3779 4397 3915 4436 nec-

2337 4473 2450 4511 non
2485 4458 2607 4510 aliis
2640 4457 2800 4525 plura
2833 4457 3040 4524 absque
3067 4455 3255 4509 labore
3304 4464 3371 4525 et,
3399 4456 3917 4525 immutatonarra—

656 4524 888 4578 historia
932 4523 1183 4598 ab'é‘xitu
1219 4527 1596 4598 Nicephori,a
1633 4526 1917 4581 Michaelis
1974 4523 2228 4598 videlicet
2258 4527 2309 4587 D
2344 4528 2511 4581 tionis
2546 4523 2710 4598 stylo,
2747 4525 2799 4577 in
2834 4541 2989 4598 suam
3022 4526 3301 4598 syngpsitn
3334 4523 3641 4579 Cedreuum
3702 4523 3917 4593 integre

656 4605 1026 4663 cognomento
1050 4594 1321 4652 Rancabis
1354 4594 1614 4666 imperio,
1671 4598 1841 4651 sumit
1901 4597 2223 4655 exordium:

654 4678 756 4736 nec
787 4672 871 4719 est
902 4666 1235 4734 scriptorum
1271 4669 1361 4722 hic
1395 4675 1819 4721 memoratorum
1872 4667 2016 4721 ullus
2056 4684 2086 4720 ιι
2114 4682 2224 4736 quo

654 4733 810 4807 plura
840 4733 1124 4807 collegisse
1162 4737 1445 4793 Cedrenus
1482 4738 1859 4802 convincatur,
1914 4738 2009 4806 qui
2067 4733 2219 4792 coin-

657 4804 1129 4877 pettdiusatti,qua
1162 4810 1407 4877 graditur
1454 4808 1566 4871 ille,
1619 4808 1762 4859 viam
1817 4804 2047 4863 secutus
2104 4817 2221 4871 est;

658 4887 760 4926 nec
817 4875 883 4927 ad
948 4875 1311 4932 damnandam
1369 4879 1453 4933 vel
1512 4877 2005 4931 commendandam
2060 4878 2226 4931 ullius

658 4947 1001 5006 tnemOriam,
1035 4948 1177 5013 quod
1215 4949 1270 5001 in
1322 4948 1419 5002 illo
1471 4948 1680 5007 laudat,
1716 4961 1935 4999 manum
1965 4947 2032 5001 ad
2085 4948 2228 5002 scri-

658 5013 895 5069 bendum
926 5031 985 5071 se
1011 5018 1323 5071 admovisse
1372 5024 1624 5072 testatur.
1662 5015 1998 5071 Adversatur
2030 5017 2229 5071 nihilo-

660 5085 862 5159 minus,
906 5085 1053 5153 quod
1097 5104 1254 5141 nemo
1283 5086 1439 5159 lacile
1486 5102 1594 5140 non
1651 5087 2045 5159 deprehendat,
2089 5086 2227 5159 Scy-

661 5152 804 5207 litza:
830 5152 1129 5224 cognomen
1165 5158 1471 5211 etolIicium
1504 5152 1857 5225 curopalataa,
1881 5173 1911 5210 a
1941 5152 2223 5214 Tliracesii

657 5232 713 5297 et
746 5228 1145 5297 protovestiarii
1176 5229 1382 5282 notatis
1447 5227 1535 5279 hic
1574 5240 1705 5297 non
1769 5227 1989 5280 modico
2045 5232 2222 5297 spatio

658 5291 875 5365 dissita.
908 5297 977 5347 At
1017 5299 1061 5349 si
1090 5298 1278 5365 patriae
1307 5299 1416 5361 hic,
1458 5296 1584 5350 alibi
1611 5296 1833 5350 familiae
1868 5291 2108 5360 nomen’,
2144 5302 2223 5355 nil

658 5364 802 5431 quod
834 5379 1017 5419 serum
1045 5364 1446 5435 oppositionem
1475 5368 1635 5421 vehat
1660 5368 2001 5436 producitur.
2036 5366 2223 5425 Ollicia

658 5447 789 5487 vero
839 5438 1241 5502 quantumlibet
1299 5440 1447 5491 varia
1497 5436 1875 5491 diversitatem
1938 5439 2222 5493 hominum

660 5517 769 5557 non
807 5518 1043 5574 arguunt
1076 5505 1410 5576 frequenter,
1439 5523 1562 5560 cum
1592 5508 1638 5561 is
1670 5508 1811 5562 idem
1856 5508 2033 5576 primo
2060 5525 2228 5563 curo-

664 5576 855 5648 palata“
875 5578 1158 5648 historiam
1192 5587 1395 5644 texere,
1432 5590 1544 5632 tum
1578 5579 1785 5648 secutis
1817 5579 1975 5632 annis
2006 5580 2073 5632 ad
2104 5596 2229 5648 pro-

666 5646 967 5717 gtt'estiarii
1012 5648 1335 5716 dignitatem
1402 5647 1710 5716 promoveri
1772 5663 1946 5717 eoque
2004 5646 2225 5704 tituﬁl'oa

662 5710 912 5787 ϐοαί-ειιο
944 5710 1185 5785 potuerit
1233 5710 1505 5774 decorari.
1560 5718 1785 5772 Alienus
1845 5710 2043 5787 quippe
2101 5734 2224 5775 sum

664 5797 766 5859 ego
795 5784 863 5835 ab
914 5784 1101 5841 eorum
1138 5789 1472 5859 conjectura,
1540 5788 1637 5859 qui
1685 5784 2070 5857 Europ—auitam
2120 5790 2224 5843 Ce-

670 5853 841 5907 ιίιθητι
875 5853 1571 5922 [νονιαιγὶοῖεηιόίῆτηιειιιξ
1594 5856 1727 5914 Nam
1760 5853 1882 5914 cuiu
1937 5860 2223 5931 utriusque

2335 4607 2390 4654 et
2419 4595 2682 4668 plagiario
2716 4597 3087 4668 transtulisse.
3117 4595 3294 4668 ϐολῇ.

2408 4664 2705 4735 (13.)‘ldem
2742 4667 2886 4736 liber,
2927 4666 3290 4736 Apocalypsis
3345 4665 3514 4720 Mosis
3570 4664 3913 4727 nominatur.

2335 4748 2397 4793 ut
2431 4738 2757 4808 paulqpost
2783 4735 3068 4808 Cedrenus
3120 4735 3552 4808 monet._llujus
3600 4736 3762 4808 etiam
3801 4750 3919 4789 nte-

2338 4804 2548 4863 miiiere
2581 4806 2910 4861 Theodorus
2942 4804 3287 4866 Metochites,
3335 4806 3603 4868 Zonaras,
3633 4804 3831 4875 Glycas
3860 4814 3917 4859 et

2337 4876 2648 4948 Syncellus.
2712 4879 2806 4931 Est
2866 4885 3048 4930 autem
3114 4880 3501 4947 apocryphus;
3566 4891 3731 4943 quem
3806 4892 3917 4929 non

2335 4963 2533 5017 magno
2558 4948 2843 5017 religionis
2866 4956 2917 4999 et
2951 4948 3261 5017 litterarum
3325 4949 3657 5017 detrimento
3684 4960 3916 5016 prorsus

2335 5015 2636 5081 interiisse,
2670 5015 2794 5070 'una
2844 5032 2968 5070 cum
3020 5015 3233 5070 Enochi
3287 5016 3615 5086 Apocalypsi
3682 5015 3922 5083 aliisque

2334 5087 2586 5156 ejusdem
2618 5088 2810 5141 farina:
2837 5088 3189 5150 commentis,
3232 5090 3492 5142 arbitror.
3539 5087 3729 5151 Qualis
3763 5088 3913 5139 enim

2334 5156 2519 5221 fuerit,
2549 5159 2686 5213 satis
2732 5174 2799 5212 ex
2844 5158 2913 5211 iis
2956 5172 3076 5225 qua:
3129 5156 3257 5209 inde
3315 5159 3667 5225 proteruntur
3722 5156 3915 5223 liquet.

2332 5226 2577 5282 Zonaras
2635 5227 2909 5297 principio
2964 5242 3193 5297 suorum
3250 5228 3548 5297 annalium
3611 5228 3918 5297 prudenter

2330 5312 2454 5353 eum
2508 5295 3023 5367 ἀποδιοπομπεῖται.
3085 5295 3259 5350 Judaei
3324 5311 3576 5367 magnam
3632 5295 3921 5360 Genesitn,

2333 5384 2591 5437 maguum
2624 5368 2947 5429 Leviticum,
2979 5377 3113 5431 etc.,
3151 5369 3374 5428 habent,
3418 5370 3473 5421 in
3532 5366 3710 5437 iisque
3742 5368 3915 5437 miras

2333 5435 2531 5506 nugas.
2586 5437 2744 5503 Quod
2798 5438 2865 5491 de
2918 5440 3178 5491 alimento
3232 5439 3512 5506 sequitur,
3567 5435 3637 5489 ad
3682 5435 3917 5490 verbum

2334 5507 2569 5561 reddidi.
2608 5510 2701 5561 Est
2730 5517 2909 5561 autem
2951 5522 3119 5576 prope
3161 5508 3263 5561 huc
3311 5507 3456 5575 quod
3510 5508 3735 5575 vulgato
3785 5520 3915 5572 pro-

2337 5579 2526 5632 verbio
2553 5580 2862 5639 extulisset,
2888 5593 2947 5629 se
2969 5580 3126 5644 quasi
3161 5592 3527 5644 prretnausutn
3580 5578 3634 5630 in
3671 5591 3733 5631 os
3756 5577 3917 5630 nobis

2338 5646 2608 5717 ingerere,
2663 5646 2990 5717 compendio
3057 5654 3300 5701 Oninium
3363 5656 3584 5701 atatum
3652 5647 3917 5701 historias

2338 5718 2665 5773 tradentem.
2718 5718 2776 5770 In
2811 5732 2921 5787 quo
2965 5726 3145 5771 tatncn
3205 5722 3360 5786 plura
3407 5719 3579 5770 multo
3641 5718 3917 5787 promittit

2334 5804 2497 5856 quam
2524 5798 2798 5913 {praestare
2834 5786 3096 5857 mouerit,
3134 5801 3183 5842 ut
3236 5792 3288 5844 in
3346 5786 3673 5859 praefatione
3722 5786 3915 5843 docui-

2334 5874 2475 5913 tnus.
2570 5875 2649 5913 γι..

2334 5874 2475 5914 IDUS.
2531 5874 2649 5913 ΧΠ..
