4184 6436
634 421 701 490 ιιι
1916 419 1960 479 G
1974 413 2242 476 EthGll
2283 412 2623 474 CEDRENl
3014 476 3019 482 ,
3817 406 3890 466 3‘3

632 545 751 593 erat
785 534 1016 591 istorum
1062 528 1488 600 conseCtarium)
1522 528 1776 584 tenebras
1805 542 1818 578 :
1861 534 2068 595 septem
2098 537 2204 577 nu—

2333 519 2373 572 τὸ
2402 519 2613 583 σκότος,
2642 518 2776 591 apo-3
2827 519 2965 589 ἔργα
3010 516 3170 572 ἑπτά.
3215 516 3274 573 '0
3313 519 3371 573 δέ
3420 516 3749 589 Ἀφρικανὸς
3783 517 3898 586 (l9)

632 641 785 683 mero
823 640 987 696 opera
1026 622 1239 678 ellecta.
1273 621 1561 677 Africanus
1595 626 1777 674 autem
1808 617 2038 688 primam
2068 615 2211 669 diem

634 716 1000 788 intrlligrntia
1036 724 1248 770 tantum
1288 713 1629 770 considerari
1665 711 1766 775 ait,
1805 710 1951 779 quod
1984 718 2213 764 eatenus

635 811 723 864 lux
770 824 890 879 quae
931 816 1058 863 ante
1109 807 1291 863 omnia
1332 812 1516 860 creata
1566 805 1689 867 fuit,
1744 800 2044 857 internosci
2104 816 2213 853 non

635 902 873 972 potuerit
903 915 968 955 ac
1008 898 1207 953 diﬂ‘usa
1245 897 1430 951 fuerit.
1471 896 1720 951 Secunda
1753 893 1985 948 naturali
2027 891 2116 945 die
2158 890 2217 959 8

634 996 1037 1050 ﬁrmamentum
1068 1001 1152 1047 est
1179 992 1387 1045 factum
1422 1006 1437 1042 :
1476 1006 1613 1057 opus
1660 1001 1850 1040 unum.
1885 984 1999 1038 lloc
2034 993 2213 1037 autem
2245 989 2252 994 '

634 1101 836 1141 nomen
872 1085 1059 1149 habet,
1093 1092 1378 1153 propterea
1404 1081 1546 1150 quod
1581 1078 1763 1133 tenuis
1789 1084 1873 1131 cst
1896 1084 1949 1131 et
1973 1090 2095 1128 rara
2125 1088 2218 1128 eo-

635 1193 757 1231 rum
789 1192 911 1247 quze
938 1190 1102 1245 supra
1135 1174 1186 1227 id
1226 1183 1391 1244 atque
1414 1172 1555 1247 intra
1585 1178 1714 1223 sunt
1745 1178 1940 1223 natura
2005 1165 2215 1222 Caelum

634 1244 820 1327 autem
852 1244 1063 1335 (Graece
1093 1267 1343 1339 οὐρανός)
1395 1244 1616 1329 dicitur,
1665 1266 1808 1335 quod
1845 1264 2002 1332 pellis
2046 1263 2219 1316 instar

634 1362 855 1422 videtur
895 1379 1065 1434 supra
1108 1369 1272 1431 caput
1308 1375 1638 1429 expansum.
1697 1358 1878 1413 Tertia
1929 1358 2018 1412 die
2059 1366 2221 1412 teme

628 1458 911 1528 apparitio
942 1472 1007 1512 ac
1035 1456 1288 1517 siccatio,
1318 1454 1629 1524 paradisus,
1667 1452 1852 1507 omnis
1886 1452 2101 1521 generis
2131 1465 2216 1505 ar-

635 1548 820 1614 bores,
857 1549 1038 1602 herba:
1065 1555 1118 1602 et
1149 1547 1361 1602 semina
1393 1565 1405 1600 :
1442 1556 1680 1616 quatuor
1703 1559 1892 1614 opera.
1922 1544 2083 1599 Arida
2119 1559 2221 1598 au-

637 1644 745 1690 tem
791 1652 887 1691 seu
935 1636 1085 1691 sicca
1130 1637 1400 1707 appellata
1457 1636 1561 1690 fuit
1611 1645 1779 1699 terra,
1826 1636 1971 1705 quod
2020 1649 2221 1689 nomen

638 1738 851 1780 natura:
900 1728 1021 1796 ejus
1071 1728 1352 1798 proprium
1402 1736 1484 1781 est
1522 1746 1536 1782 :
1572 1728 1791 1797 proprie
1830 1726 1976 1782 enim
2011 1727 2220 1781 siccum

637 1819 784 1888 quod
819 1819 908 1880 sit,
961 1826 1107 1872 terra
1159 1828 1265 1874 est.
1319 1817 1442 1873 llaec
1482 1820 1573 1873 ubi
1621 1835 1678 1873 se
1727 1819 1945 1888 injectis
1984 1818 2222 1888 desuper

2317 611 2414 682 τὴν
2449 611 2674 680 πρώτην
2712 611 2931 682 ἡμέραν
2962 610 3162 680 νοητὴν
3209 608 3383 678 λέγει,
3411 610 3502 662 διὰ
3544 609 3606 661 τὸ
3634 608 3923 679 ἀδιάγνωπ

2319 718 2442 754 στον
2470 698 2612 755 εἶναι
2645 703 2784 765 τέως
2805 702 2868 754 τὸ
2894 702 3302 772 πρωτόκτιστον
3326 700 3441 769 φῶς
3460 705 3557 752 καὶ
3579 701 3900 769 κεχυμένον.

2316 793 2405 845 Ἐν
2424 792 2502 863 τῷ
2522 793 2759 863 δευτέρῳ
2782 794 2837 846 δὲ
2858 793 3188 862 νυχθημέρῳ
3216 793 3437 860 ἐγένετο
3459 793 3745 861 στερέωμα
3762 793 3901 862 (ιω),

2318 882 2478 951 ἔργον
2520 882 2600 934 ἐν.
2641 881 2940 952 Στερέωμα
2975 881 3032 934 δὲ
3064 882 3270 953 ἐκλήθη
3306 882 3366 935 τὺ
3394 881 3788 952 δημιούργημα
3815 882 3905 936 διὰ

2316 973 2377 1026 τδ
2434 975 2534 1044 τὴν
2582 973 2743 1042 φύσιν
2799 976 2905 1029 τῶν
2961 976 3381 1044 ὑπερκειμένων
3430 976 3462 1045 ἢ
3521 975 3898 1043 ὑποκειμένοιν

2318 1067 2521 1138 λεπτὴν
2559 1064 2699 1121 εἶναι
2730 1069 2823 1120 καὶ
2858 1069 3079 1140 ἀραιὰν,
3110 1067 3340 1139 οὐρανὸς
3366 1068 3422 1121 δὲ
3447 1067 3535 1121 διὰ
3565 1067 3628 1120 τὸ
3658 1067 3900 1138 καθορᾶ-

2322 1162 2447 1214 σθαι
2485 1162 2683 1232 τρόπον
2715 1160 2957 1232 δέρρεως
2990 1162 3130 1233 ὑπὲρ
3160 1160 3405 1230 κεφαλῆς
3436 1160 3783 1230 ἡπλωμὲνος.
3812 1160 3907 1212 Ἐν

2321 1253 2397 1323 τῷ
2434 1255 2603 1324 τρίτῳ
2634 1253 2963 1325 νυχθημέρῳ
2994 1242 3305 1324 φανέρωσις
3338 1257 3440 1325 γῆς
3474 1254 3568 1307 καὶ
3599 1250 3908 1322 ἀναξηραν-

2324 1360 2430 1411 σις,
2461 1346 2812 1415 παράδεισος,
2840 1346 3031 1415 δένδρα
3064 1349 3318 1409 παντοῖα,
3347 1345 3571 1413 βοτάναι
3611 1347 3707 1398 καὶ⁹
3739 1345 3907 1411 σπέρ-

2328 1452 2494 1503 ματα,
2528 1435 2667 1506 ἔργα
2684 1437 2944 1507 τέσσαρα.
2965 1437 3118 1507 Ξηρά
3146 1437 3202 1490 δὲ
3232 1437 3508 1508 ἐπεκλήθη
3537 1439 3569 1507 ἡ
3600 1438 3695 1505 γῆ,
3715 1435 3904 1506 ἐπειδὴ

2324 1528 2418 1581 καὶ
2450 1526 2577 1580 ίδιον
2608 1528 2776 1598 αὑτῆς
2800 1531 2918 1583 ἐστι
2944 1530 3086 1583 κατὰ
3109 1530 3268 1598 φύσιν
3288 1531 3348 1584 τὸ
3366 1532 3682 1602 πρόσρημα’
3708 1530 3769 1583 τὸ
3801 1530 3907 1599 γὰρ

2325 1620 2531 1691 κυρίως
2560 1620 2722 1693 ξηρὸν
2747 1622 2820 1693 γῆ
2854 1624 3021 1678 ἐστιν.
3064 1623 3283 1693 Ἐπειδὴ
3300 1622 3490 1693 ὥσπερ
3513 1641 3565 1677 τι
3588 1623 3752 1693 βάρος
3767 1623 3909 1675 ἀπέ·

2326 1711 2451 1765 θετο
2480 1713 2549 1766 τὰ
2582 1712 2907 1782 ἐπικείμενα
2940 1714 3076 1784 αὐτῇ
3126 1712 3316 1778 ὕδατα,
3351 1713 3537 1768 λοιπὸν
3587 1712 3908 1784 βλαστάνειν

2327 1802 2674 1875 προσετάχθη
2686 1805 2896 1875 ,Ψυχὴν
2913 1806 2969 1857 δὲ
2983 1804 3164 1867 ζῶσαν
3191 1804 3478 1874 ἐξαγαγεῖν
3497 1805 3816 1876 ἐκελεύσθη,
3839 1806 3907 1858 ἵν’

640 1912 799 1979 aquis
827 1912 1166 1974 exoneravit,
1199 1912 1352 1981 jussa
1387 1928 1550 1981 porro
1577 1920 1660 1967 est
1695 1912 2026 1981 germinare.
2056 1911 2220 1968 Jussa

2333 1897 2391 1949 ἐκ
2407 1894 2597 1949 τούτου
2627 1896 2966 1965 γινώσκηται
2997 1898 3091 1965 τῆς
3121 1914 3180 1949 τε
3201 1897 3398 1965 ἀλόγου
3420 1897 3597 1967 ψυχῆς
3621 1899 3652 1967 ὴ
3674 1897 3909 1967 διαφορά

638 2008 724 2054 est
778 2011 961 2057 autem
1012 2003 1320 2072 producere
1376 2003 1613 2057 animam
1659 2005 1955 2067 viventem,
1999 2012 2059 2058 ut
2100 2001 2224 2058 inde

639 2103 1068 2161 cognosceretur
1098 2096 1241 2149 bruti
1286 2110 1352 2149 ac
1382 2095 1624 2179 hominis
1653 2096 1847 2148 animat
1876 2096 2172 2150 discrimen
2207 2111 2220 2149 :

640 2199 768 2240 nam
808 2188 1092 2242 brutorum
1146 2188 1328 2242 anima
1377 2204 1441 2244 es
1481 2197 1625 2242 terra
1668 2197 1753 2241 est
1799 2199 1945 2251 nata,
1982 2187 2224 2243 hominis

640 2288 821 2333 autem
852 2294 916 2334 ex
944 2280 1126 2333 divina
1170 2280 1527 2347 ἰιιεμίηιιίτιηε
1554 2288 1671 2332 orta
1713 2288 1817 2335 cst.
1866 2279 1998 2334 Esse
2040 2288 2220 2333 autem

638 2370 925 2425 brutorum
958 2369 1195 2425 animam
1226 2377 1501 2425 terrenam
1537 2386 1757 2424 rursum
1783 2387 1846 2425 ex
1893 2372 2009 2440 ipsa
2047 2379 2224 2438 potest

641 2464 870 2533 intelligi
895 2462 1223 2541 Scriptura;
1252 2463 1384 2517 dicit
1417 2464 1562 2518 enim
1596 2482 1609 2519 :
1653 2480 1671 2513 ι
1713 2462 1905 2516 Anima
1924 2465 2105 2517 omnis
2130 2478 2224 2532 pe-

641 2555 790 2609 culis
820 2565 906 2608 est
945 2554 1171 2623 sanguis
1212 2554 1354 2624 ejus.
1396 2574 1414 2605 ι
1452 2555 1625 2610 Porro
1669 2558 1896 2627 sanguis
1929 2567 2224 2613 concretus

637 2648 695 2703 in
738 2663 959 2703 carnem
1018 2655 1283 2713 mutatur,
1333 2663 1462 2702 caro
1509 2664 1609 2703 suo
1653 2650 1873 2704 interitu
1922 2656 1974 2704 in
2022 2660 2223 2705 terram

642 2740 985 2797 dissolvitur.
1058 2740 1244 2809 Itaque
1304 2749 1735 2796 consentaneum
1792 2753 1875 2798 est
1938 2744 2223 2797 brutorum

643 2834 882 2889 animam
917 2849 1037 2889 esse
1069 2841 1365 2889 terrenam.
1390 2831 1595 2898 Quarta
1623 2833 1711 2888 die
1733 2833 1927 2898 solem,
1958 2851 2143 2889 tunam
2173 2845 2227 2890 et

644 2927 834 2983 stellas
862 2925 1004 2981 Deus
1042 2925 1173 2980 fecit
1211 2941 1225 2977 :
1263 2925 1367 2978 tria
1409 2940 1593 2993 opera.
1644 2924 2017 2981 Luminarium
2071 2938 2227 2983 ortus

645 3015 999 3084 multiplicem
1054 3016 1311 3070 universo
1369 3016 1660 3069 utilitatem
1723 3018 1928 3084 attulit,
1967 3033 2093 3072 cum
2147 3020 2228 3072 lu-

644 3105 820 3161 cendo
852 3121 1061 3175 suoque
1089 3106 1382 3176 splendore
1412 3108 1675 3162 mundum
1712 3108 1915 3163 affatim
1946 3110 2226 3167 illustran-

2326 1991 2422 2043 καὶ
2459 1989 2558 2059 τῆς
2588 1988 2935 2059 ἀνθρωπείας
2958 2004 2971 2020 ·
3008 1990 3070 2041 ἐκ
3108 1992 3218 2061 γάρ
3246 1990 3349 2060 γῆς
3383 1989 3523 2059 ἐφύη
3556 1990 3667 2043 τῶν
3697 1988 3910 2058 ἀλόγων

2326 2082 2360 2152 ἢ
2391 2081 2560 2153 ψυχὴ.
2615 2084 2648 2147 ἡ
2697 2082 2752 2134 δὲ
2779 2081 2873 2135 τοῦ
2908 2082 3200 2152 ἀνθρώπου
3236 2085 3302 2137 ἐκ
3336 2083 3431 2137 τοῦ
3472 2082 3618 2138 θείου
3657 2085 3910 2155 ἐμφυσή-

2330 2190 2499 2243 ματος
2534 2173 2787 2243 συνέστη.
2844 2175 2951 2227 Καὶ
2986 2176 3065 2227 ὅτι
3103 2176 3280 2245 γεηρά
3326 2178 3444 2229 ἐστι
3478 2175 3586 2227 τῶν
3625 2175 3832 2243 ἀλόγων
3877 2179 3909 2245 ἡ

2325 2264 2493 2337 ψυχὴ,
2549 2267 2608 2331 ἐξ
2663 2266 2834 2336 αὐτῆς
2888 2267 3003 2320 ἐστι
3058 2266 3263 2335 γνῶναι
3304 2269 3467 2321 πάλιν
3513 2270 3611 2338 τῆς
3653 2269 3910 2339 Γραφῆςο

2328 2360 2540 2431 εἴρηται
2557 2360 2685 2431 γάρ·
2717 2379 2733 2411 ι
2768 2360 2928 2431 Ψυχὴ
2950 2361 3154 2424 παντὸς
3173 2362 3401 2433 κτήνους
3419 2361 3557 2432 (21),
3579 2363 3640 2415 τὸ
3661 2356 3796 2432 αἷμα
3815 2364 3913 2416 αύ-

2327 2452 2422 2505 τοῦ
2458 2455 2622 2507 ἐστιν.
2665 2472 2682 2503 ι
2709 2450 2858 2520 Αἷμα
2874 2453 2931 2506 δέ
2961 2454 3310 2525 πηγνύμενον
3340 2455 3418 2516 είς
3440 2455 3616 2526 σάρκα
3643 2456 3914 2525 μεταϐάλ-

2327 2544 2501 2599 λεται·
2537 2544 2673 2615 σὰρξ
2702 2545 2758 2598 δέ
2793 2545 3124 2616 φθειρομένη
3154 2548 3235 2610 εἰς
3267 2548 3370 2618 γῆν
3401 2546 3717 2602 ἀναλύεται.
3745 2547 3909 2601 Εἰκό-

2329 2655 2435 2700 τως
2462 2632 2558 2690 οὖν
2594 2637 2803 2708 γεώδης
2843 2639 2876 2707 ἡ
2926 2638 3033 2690 τῶν
3082 2638 3292 2706 ἀλόγων
3324 2638 3491 2710 ψυχή.
3546 2640 3623 2710 Τῇ
3674 2642 3907 2711 τετάρτῃ

2331 2730 2515 2799 ἡμέρᾳ
2549 2730 2804 2797 ἐποίησεν
2836 2732 2864 2782 ὁ
2895 2729 3027 2792 Θεὸς
3073 2730 3163 2782 τὸν
3207 2731 3380 2802 ἥλιον,
3413 2731 3510 2801 τὴν
3552 2733 3783 2802 σελήνην
3817 2735 3911 2786 καὶ

2328 2822 2454 2884 τοὺς
2482 2821 2739 2891 ἀστέρας,
2765 2820 2904 2891 ἔργα
2935 2822 3080 2890 τρία.
3115 2823 3235 2875 Τῶν
3269 2826 3572 2894 φωστήρων
3609 2822 3693 2894 [Ρ.
3729 2822 3783 2895 4]
3818 2841 3912 2890 γε-

2329 2914 2576 2985 νομένων
2601 2913 2912 2985 πολυμερὲς
2955 2914 3033 2984 τῷ
3062 2915 3230 2967 παντὶ
3272 2916 3583 2985 παρεσχέθη
3614 2915 3824 2983 ὂςδελος,
3850 2918 3911 2968 ἔκ

2330 3026 2389 3063 τε
2426 3008 2522 3063 τοῦ
2549 3009 2765 3079 φαίνειν
2796 3007 2892 3062 καὶ
2926 3014 3047 3068 ταις
3091 3006 3321 3071 οἰκείαις
3368 3007 3680 3078 λαμπηδόσι
3711 3025 3914 3060 καταυ-

2329 3103 2521 3172 γάζειν
2552 3103 2643 3156 τὸν
2673 3102 2880 3172 κόσμον
2922 3101 3220 3165 πλουσίως,
3250 3100 3314 3153 ἐκ
3335 3117 3396 3154 τε
3424 3099 3519 3153 τοῦ
3552 3100 3794 3168 ἀνίσχειν
3822 3101 3914 3153 καὶ

647 3196 742 3262 do,
779 3204 890 3250 tmn
927 3205 1050 3251 ortu
1082 3197 1355 3267 obituque
1403 3214 1507 3255 suo
1544 3207 1787 3271 tempora
1817 3201 2221 3273 distinguendo.

2335 3196 2695 3250 καταδύεσθαι
2722 3197 2823 3266 τὴν
2861 3195 2968 3247 τῶν
3005 3195 3213 3265 χρόνων
3234 3193 3614 3265 ἀπαρίθμησιν
3645 3192 3914 3261 γίνεσθαι.

618 3283 787 3341 “Tum
829 3287 1010 3356 qualia
1034 3287 1187 3358 signa
1225 3290 1521 3359 praebeant,
1575 3290 1700 3343 luna
1742 3291 2023 3357 declarat;
2058 3294 2219 3364 cujus

653 3394 861 3434 cornua
896 3389 1057 3434 acuta
1098 3395 1163 3435 ac
1202 3396 1334 3450 pura
1369 3381 1414 3436 si
1450 3382 1580 3446 sint,
1618 3391 1963 3438 constantem
1997 3384 2104 3440 diei
2135 3401 2226 3441 se.

649 3474 936 3528 renitatem
961 3472 1018 3543 9
1040 3474 1328 3544 promittit,
1362 3475 1447 3530 sin
1476 3475 1688 3531 obtusis
1717 3477 1979 3531 cornibus
1998 3491 2062 3531 ac
2089 3477 2224 3533 sub-

651 3564 857 3619 rubens
930 3573 1212 3634 appareat,
1298 3577 1392 3621 aut
1453 3566 1633 3635 largos
1682 3567 1884 3621 imbres
1942 3575 2036 3621 aut
2094 3575 2231 3622 tetu-

650 3664 919 3727 pestatem
954 3657 1072 3713 fore
1100 3658 1325 3714 indicat.
1362 3658 1567 3713 Eodem
1612 3658 1773 3713 modo
1802 3660 1884 3715 sol
1911 3674 2151 3730 quoque,
2182 3661 2228 3715 si

652 3762 842 3817 prauae
880 3749 1057 3803 instar
1089 3750 1322 3804 eandeat
1357 3764 1421 3804 ac
1464 3751 1751 3820 sanguinis
1794 3752 1978 3805 colore
2025 3751 2228 3807 tinctos

654 3842 836 3897 radios
873 3843 1326 3914 splendoremque
1369 3843 1515 3907 edat,
1549 3856 1753 3898 motum
1787 3845 2088 3900 violentum
2125 3845 2234 3900 im-

657 3935 867 3989 minere
890 3935 1151 3990 ostendit.
1185 3933 1377 3991 Testes
1407 3936 1599 3989 harum
1647 3951 1828 3990 rerum
1859 3944 1989 3991 sunt
2025 3946 2227 4004 nautae,

656 4027 934 4093 agricolae,
965 4027 1224 4083 viatores.
1245 4026 1444 4093 Quinta
1476 4028 1565 4081 die
1598 4029 1864 4097 repentia,
1895 4045 2239 4099 quaecunque

655 4125 869 4187 natant,
896 4128 1066 4186 cetos,
1087 4118 1286 4191 pisces,
1319 4128 1375 4175 ct
1396 4134 1734 4191 quaecunque
1765 4121 1818 4175 in
1852 4122 2010 4191 aquis
2028 4122 2239 4191 vivunt,

2345 3288 2507 3343 Ἀλλά
2536 3288 2631 3342 καὶ
2662 3287 2770 3341 τῶν
2810 3286 3073 3357 σημείων,
3125 3281 3214 3338 οἷα
3266 3285 3383 3338 ἔστι
3414 3285 3504 3339 διὰ
3548 3284 3650 3354 τῆς
3683 3286 3914 3353 σελήνης

2335 3380 2645 3448 φαίνεσθαι.
2680 3378 2870 3450 Λεπτὴ
2910 3379 3019 3448 γὰρ
3048 3373 3183 3431 οὖσα
3219 3379 3339 3441 ταῖς
3368 3378 3617 3450 κεραίαις
3669 3379 3761 3432 καὶ
3814 3396 3910 3432 κα-

2336 3472 2481 3544 θαρὰ
2503 3471 2634 3544 περὶ
2654 3471 2753 3541 τὴν
2773 3470 3009 3540 ἡμέραν,
3039 3469 3316 3540 σταθηρὰν
3332 3469 3515 3522 εὐδίαν
3535 3470 3915 3537 κατεπαγγέλ-

2336 3563 2516 3629 λεται,
2562 3566 2763 3633 παχεῖα
2794 3563 2850 3616 δὲ
2870 3564 2990 3626 ταῖς
3034 3562 3286 3631 κεραίαις
3329 3562 3423 3616 καὶ
3454 3560 3759 3630 ὑπέρυθρος
3789 3580 3919 3630 φαι-

2340 3659 2543 3730 νομένη
2574 3658 2607 3728 ἢ
2641 3655 2787 3728 ὓδωρ
2817 3655 3020 3727 λάϐρον
3066 3656 3174 3709 ἀπὸ
3208 3655 3387 3722 νεφῶν
3424 3654 3457 3725 ἦ
3508 3656 3754 3725 χειμῶνα
3801 3655 3918 3707 ἔσε-

2340 3751 2465 3806 σθαι
2531 3749 2746 3821 μηνύει.
2814 3748 3089 3811 Ὡσαύτως
3135 3748 3227 3801 καὶ
3362 3735 3511 3817 ἥλιος
3564 3746 3918 3815 ἀνθρακὼὃης

2338 3844 2631 3915 γενόμενος
2657 3842 2754 3895 καὶ
2779 3838 3019 3909 ὕφαιμος
3044 3842 3163 3903 ταῖς
3186 3840 3399 3892 ἀκτῖσιν
3426 3839 3458 3910 ἦ
3490 3838 3551 3892 τὸ
3577 3840 3917 3909 ἀπαύγασμα

2339 3936 2522 4008 βιαίαν
2569 3933 2786 4004 κίνησιν
2840 3931 2991 4001 δηλοῖ
3039 3930 3412 3999 ἐπιγενέσθαι.
3474 3932 3584 3984 Καὶ
3639 3931 3917 3999 μάρτυρες

2340 4028 2547 4082 τούτων
2581 4026 2895 4095 πλωτῆρες,
2924 4025 3018 4076 καὶ
3040 4024 3301 4092 γεωργοὶ,
3335 4025 3427 4076 καὶ
3447 4022 3738 4091 ὁδοιπόροι.
3772 4022 3849 4093 Τῇ
3878 4028 3918 4074 ε’

2341 4119 2530 4192 ἡμέρᾳ
2560 4118 2627 4171 τὰ
2652 4117 2880 4189 ἑρπετὰ,
2900 4115 2965 4168 τὰ
2993 4115 3166 4184 νηκτὰ
3198 4114 3394 4179 πάντα,
3424 4116 3591 4184 κήτη,
3616 4113 3794 4184 ἰχθύες
3828 4115 3921 4167 καὶ

1794 4307 2154 4365 XYLANDRI
2188 4308 2277 4363 ET
2308 4308 2520 4365 GOARI
2550 4304 2787 4363 NOTAE.

732 4417 1174 4495 (ltll_Al‘ri_canus
1210 4420 1448 4495 scriptor
1480 4421 1583 4495 [uit
1605 4423 2016 4495 ecclesiasticus
2047 4424 2229 4495 magni

660 4490 923 4561 neminis.
979 4488 1247 4561 Eusebius
1297 4488 1537 4561 citatde
1568 4493 1880 4561 genealogia
1932 4488 2230 4549 Cltristi'ad

664 4559 962 4631 Aristidem
994 4559 1277 4631 epistolam
1302 4563 1423 4631 ejus
1447 4560 1543 4619 lib.
1578 4559 1595 4617 i
1644 4559 1845 4616 (liuor.
1876 4565 2056 4618 eccles.
2085 4566 2139 4628 6,
2180 4574 2234 4620 et

661 4629 1007 4697 Augustinus
1028 4644 1066 4682 ll
1085 4629 1316 4696 Retract,
1333 4629 1392 4686 et
1408 4648 1499 4695 vn,
1520 4640 1575 4687 et
1592 4632 1703 4686 alii.
1725 4633 2035 4689 Gotel‘ridus
2055 4634 2233 4689 Viter-

662 4699 892 4769 biensis,
924 4699 1026 4769 qui_
1050 4700 1306 4756 historias
1339 4703 1669 4769 conscripsit
1694 4705 1841 4757 circa
1876 4720 2079 4759 annum
2123 4706 2231 4759 Do-

665 4768 802 4822 mini
822 4768 978 4830 1200,
1000 4767 1125 4822 Julii
1148 4769 1390 4824 Africani
1411 4767 1665 4825 chronica
1683 4772 1786 4827 sub
1798 4773 1863 4826 Μ.
1882 4773 2080 4830 Crasso
2098 4776 2236 4828 scri-

669 4845 765 4907 pta
779 4851 849 4913 _se
873 4838 1069 4893 habere
1098 4839 1346 4913 allirmat.
1374 4840 1527 4905 Quod
1567 4857 1665 4911 ego
1694 4844 1763 4896 ab
1797 4844 1983 4913 inepto
2020 4845 2236 4899 homine

668 4906 978 4987 profectum
998 4917 1152 4978 puto,
1171 4911 1264 4977 qui
1295 4926 1421 4965 cum
1452 4906 1655 4987 leget-fet
1677 4906 1944 4987 Marcum,
1973 4913 2233 4987 Qrassmn

667 4979 1016 5051 ascripserit,
1051 4994 1237 5033 crasso
1261 4996 1485 5051 fert-ore,
1513 4984 1605 5051 qui
1631 4992 1828 5049 przeter
1850 4982 1918 5036 Μ.
1971 4983 2234 5039 Crassum

666 5047 878 5117 nullum
925 5046 1165 5102 Marcum
1195 5050 1383 5104 sciret.
1406 5046 1703 5117 Quis-enim
1730 5068 1835 5108 non
1865 5053 2014 5107 videt
2047 5055 2149 5108 hoc
2173 5052 2238 5106 ad

666 5116 969 5170 Antonium
1003 5118 1205 5174 debere
1235 5116 1475 5176 referri?
1503 5122 1646 5178 Sane
1673 5123 1776 5175 sub
1807 5123 2111 5177 Commodo
2143 5124 2240 5176 llo—

669 5185 855 5240 ruisse
908 5185 1187 5244 Cedrenus
1239 5198 1428 5245 noster
1476 5193 1672 5247 alicubi
1732 5191 2240 5248 tradit..Eusebius

675 5254 823 5309 Hist.
848 5256 1029 5311 eccles.
1064 5274 1137 5321 VI,
1167 5260 1228 5314 3|
1280 5262 1383 5314 sub
1435 5261 1730 5316 Maximino
1765 5277 1891 5318 eum
1930 5263 2242 5318 innotuisse

672 5327 946 5402 perbibet.
980 5327 1223 5402 Africani
1257 5330 1424 5385 libros
1470 5334 1940 5402 χρονογραφικῶν.
1971 5332 2241 5388 Eusebius

676 5394 746 5451 de
776 5394 1178 5460 Prwparatioue
1199 5394 1555 5468 cvangelicnul.
1576 5419 1607 5457 ι
1637 5394 1792 5469 citat,
1831 5412 1884 5457 et
1914 5405 2067 5458 alibi.
2126 5402 2236 5457 Cte-

675 5472 857 5543 te_ruln
900 5471 1187 5543 locusest
1240 5470 1536 5543 obscurus,
1590 5488 1713 5527 cum
1776 5474 2060 5528 Cedrenus
2119 5490 2244 5543 νοη-

675 5535 771 5590 τόν
794 5540 967 5611 modo
1023 5537 1103 5611 ἰὰΔ
1137 5540 1283 5595 dicat
1328 5542 1474 5609 quod
1524 5535 1705 5597 mente
1761 5544 1875 5597 sola
1923 5535 2243 5611 percipitur,

676 5608 853 5682 plodo
873 5608 923 5661 id
948 5608 1104 5682 quod
1128 5612 1244 5682 sub
1279 5608 1388 5665 alio
1419 5613 1716 5667 indicatur.
1751 5612 1877 5666 Mihi
1904 5608 1971 5667 de
2007 5608 2091 5668 his
2121 5614 2243 5682 phi-

680 5675 1091 5750 losOphari'non
1125 5681 1277 5741 libet,
1311 5696 1436 5735 cum
1469 5683 1675 5744 Basilii,
1710 5685 2012 5750 Ambrosii,
2059 5675 2246 5750 Augu-

682 5746 812 5800 stiui
842 5750 1182 5818 aliorumque
1213 5751 1280 5806 de
1313 5768 1367 5805 re
1397 5754 1497 5808 hac
1522 5761 1742 5809 exstent
1771 5746 2105 5809 doctissima:
2126 5746 2244 5809 dis-

684 5819 1013 5886 pulatiuncs.
1048 5820 1177 5875 Χιί.

768 5907 880 5976 (20)
957 5909 1069 5967 Vox
1132 5912 1521 5969 ﬁrmamentum
1585 5912 1787 5971 Grtt‘cat
1854 5917 1969 5973 voci
2020 5917 2251 5984 στερέω-

2343 4439 2441 4493 μα
2467 4421 2691 4493 videtur
2722 4435 2833 4474 non
2861 4419 3109 4493 pessime
3157 4417 3829 4493 responderenCedrenus
3852 4421 3923 4476 de

2342 4489 2485 4549 caelo
2524 4492 2964 4559 interpretatur:
3019 4489 3110 4559 alii
3162 4504 3345 4543 aerem
3401 4489 3735 4559 intelligunt.
3794 4508 3919 4545 cum

2342 4563 2547 4633 quibus
2603 4558 2736 4615 facit
2770 4562 3014 4633 Abuezra
3045 4558 3397 4633 Iudaeorum,
3420 4560 3678 4633 ut_aiunt.
3710 4558 3922 4633 doctis-

2341 4627 2541 4697 simus,
2576 4638 2716 4686 teste
2747 4632 2964 4685 Kimchi
2997 4632 3051 4685 in
3081 4627 3174 4685 Ps.
3207 4645 3321 4684 nx.
3360 4630 3426 4684 Et
3455 4628 3730 4698 Thargum
3792 4627 3921 4683 Hic-

2337 4702 2793 4762 rosolvmitanum
2832 4716 2930 4769 pro
2960 4715 3096 4755 voce
3122 4700 3212 4754 cui
3269 4699 3559 4769 στερέωμα
3600 4701 3916 4769 respondet,

2334 4782 2480 4855 y’pﬁ
2512 4772 2717 4828 Genes.
2752 4789 2767 4825 ι
2802 4768 3053 4842 posuisse
3071 4786 3280 4833 aerem,
3308 4768 3469 4825 testis
3488 4768 3579 4826 est
3602 4768 3747 4826 Elias
3777 4768 3918 4823 Tlle-

2339 4867 2497 4921 sbitse
2521 4881 2646 4922 suo.
2677 4865 2781 4919 Sed
2807 4880 2985 4919 meum
3019 4879 3127 4918 non
3158 4864 3260 4917 fuit
3304 4866 3605 4933 quidquam
3663 4875 3888 4921 mutare

2338 4934 2567 4990 Aridum
2596 4944 2782 5006 ἔροιτο
2801 4945 2864 5006 et
2892 4936 3089 4988 siccam
3117 4942 3321 4988 terram
3368 4937 3747 5005 cognominati
3786 4953 3833 4990 r.
3887 4939 3920 4993 ϐ

2342 5004 2746 5061 υείιθιυηιέει.
2798 5004 3090 5075 Epitheton
3123 5006 3245 5059 loco
3302 5004 3629 5059 sultstantivi
3679 5009 3915 5075 positum

2342 5076 2530 5131 nescio
2551 5090 2620 5128 an
2662 5077 2973 5142 inveniatur
2997 5075 3137 5143 apud
3187 5075 3430 5137 Latinos,
3489 5076 3591 5129 nisi
3646 5078 3772 5144 quis
3802 5075 3919 5130 Vtr-

2343 5146 2545 5216 giliana
2579 5147 2698 5201 haec
2718 5146 2798 5200 sic
2829 5146 3083 5216 accipiat,
3118 5147 3277 5199 donec
3300 5154 3676 5216 rostra_t_enent
3696 5148 3917 5212 siccum,

2343 5214 2565 5270 )Eneid.
2595 5232 2651 5281 ι,
2680 5227 2732 5270 et
2757 5215 2885 5268 alibi
2938 5217 3115 5268 exsilit
3145 5218 3198 5269 in
3225 5218 3446 5269 siccum.
3484 5214 3748 5285 ll_onterus
3802 5222 3923 5285 qui-

2343 5286 2467 5341 dem
2496 5286 2589 5338 ἐπί
2616 5286 2898 5356 τραφερήν
2928 5302 2985 5336 τε
3030 5288 3123 5339 καὶ
3145 5287 3320 5355 ὑγρήν
3346 5287 3485 5341 dixit
3507 5282 3676 5339 Iliad.
3704 5285 3763 5351 Ξ,
3791 5282 3919 5356 ³5⁷08,

2347 5365 2547 5411 terram
2571 5364 2624 5409 et
2659 5371 2810 5409 mare
2840 5366 3040 5409 notans
3067 5357 3278 5409 humidi
3308 5366 3363 5410 et
3418 5356 3554 5411 sicci
3600 5358 3870 5413 vocabulo
3903 5376 3916 5411 :

2346 5432 2431 5497 est
2476 5428 2621 5497 enim
2652 5427 2930 5497 τραφερὸν
2962 5426 3335 5497 τὸᾼσυμπαγὲς
3391 5428 3487 5481 καὶ
3535 5429 3765 5497 στερρὼ
3826 5431 3922 5482 καὶ

2346 5494 2490 5549 οὕτω
2517 5496 2612 5549 τοῦ
2637 5494 2805 5568 ογροξ
2839 5494 3239 5568 διεσταλμένον,
3292 5498 3528 5551 solidum
3585 5494 3651 5551 ae
3676 5494 3921 5568 compa-

2349 5575 2499 5622 ctum
2534 5564 2721 5635 probe.
2773 5564 2905 5638 Jant
2945 5564 3145 5620 cmlum
3179 5568 3331 5636 παρὰ
3358 5568 3419 5621 τὸ
3464 5569 3594 5638 ὀρᾷν
3620 5582 3646 5619 a
3681 5564 3922 5625 videndo

2351 5638 2556 5691 dictum
2586 5650 2710 5707 esse
2761 5636 2946 5707 opinio
2996 5648 3079 5690 est
3117 5648 3379 5705 recepta:
3446 5636 3503 5691 et
3533 5636 3675 5707 apud
3732 5647 3921 5707 poetas

2351 5706 2809 5777 Doricadialecto
2855 5706 3046 5777 ὀρανός
3106 5710 3338 5775 positum
3393 5708 3492 5775 ipsi
3528 5706 3919 5764 animadverti-

2351 5792 2493 5831 mus.
2521 5775 2656 5831 XrL.

2425 5846 2536 5921 (gn
2568 5845 2759 5921 Omnis
2779 5846 2985 5921 carnis.
3009 5857 3091 5901 est
3121 5848 3370 5921 iu__Lc\u.
3396 5865 3498 5905 xvn
3531 5847 3755 5921 σαρκός.
3787 5862 3921 5918 non,

2353 5927 2411 5974 ut
2443 5915 2637 5975 Noster
2666 5918 2847 5985 habet,
2882 5920 3130 5987 κτήνους.
3168 5917 3301 5975 Χγι..
