4184 6436
261 390 315 454 33
372 434 375 439 -
1290 385 1835 449 HISTORIARUM
1878 386 2262 453 COMPENDI
2277 394 2412 456 ΗΜ.
3422 405 3495 469 34

258 506 334 556 ὃσα
352 500 406 552 ἐν
433 501 541 559 τοῖς
588 497 797 562 ῦδασιν,
829 499 910 549 ἔτι
960 515 1016 550 τε

258 594 317 661 Τῇ
345 589 394 655 ς’
427 592 613 659 ἡμέρᾳ
644 590 711 642 τὰ
739 589 1072 659 τετράποδα,
1110 589 1179 643 τὰ
1216 590 1421 659 ἑρπετὰ
1454 591 1556 659 τῆς
1585 590 1708 661 γῆς,
1740 588 1806 642 τὰ

255 684 390 757 θηρία
446 684 542 736 καὶ
590 682 683 737 τὸν
746 682 1059 753 ἄνθρωπον,
1117 682 1254 754 ἔργα
1320 683 1580 753 τέσσαρα.
1638 681 1804 752 Ὁμοῦ

256 778 402 832 πάντα
434 776 504 831 τὰ
527 775 667 848 ἔργα
695 776 984 843 εἰκοσιδύο,
1034 776 1297 846 ἰσάριθμα
1334 778 1448 839 τοῖς
1496 765 1804 846 Ἑϐραϊκοῖς

254 873 536 943 γράμμασι,
568 871 665 925 καὶ
691 872 809 933 ταῖς
827 870 1097 923 εἰκοσιδύο
1122 870 1304 923 αὐτῶν
1327 869 1530 939 βίϐλοις
1550 869 1685 940 (22),
1707 870 1804 922 καὶ

255 966 347 1026 ταῖς
371 965 475 1017 ἀπὸ
516 962 690 1031 Ἀδὰμ
732 962 838 1025 ἕως
884 960 1083 1015 Ἰακὼϐ
1116 960 1385 1015 εἰκοσιδύο
1429 965 1800 1033 γενεαρχίαις,

251 1052 310 1116 ὡς
337 1054 384 1105 ἰν
412 1054 601 1121 Λεπτῇ
637 1051 863 1122 φέρεται
894 1052 933 1104 Γ
936 1051 1136 1118 ενὲσει,
1171 1054 1236 1123 ἢν
1267 1053 1363 1105 καὶ
1390 1053 1636 1117 Μωσέως
1662 1048 1803 1106 εἷναί

253 1143 360 1213 φασί
388 1161 533 1208 τινες
564 1142 932 1213 ἀποκάλυψιν.
973 1143 1124 1214 Αὕτη
1171 1144 1269 1208 τὰς
1314 1145 1606 1214 οὐρανίους
1635 1145 1799 1199 δυνά-

251 1238 425 1306 μειςτῇ
458 1237 653 1306 πρώτη
685 1237 873 1307 ήμέρᾳ
894 1234 1042 1304 λέγει
1076 1236 1346 1291 ἐκτίσθαι.
1376 1239 1532 1300 Τίνος
1557 1237 1614 1291 δὲ
1642 1239 1801 1309 χάριν

251 1328 327 1398 τὴν
371 1327 410 1390 ζ’
461 1329 675 1399 ἡμέραν
727 1328 1025 1396 εὐλόγησεν
1069 1330 1099 1380 ό
1146 1327 1301 1394 Θεὸς,
1336 1330 1433 1382 καὶ
1478 1330 1539 1382 οὑ
1582 1330 1798 1398 πάσας;

248 1422 356 1491 ensi
381 1438 542 1484 τινες.
596 1421 846 1490 Λέγομεν
893 1421 986 1475 οῦν
1024 1422 1107 1475 ὅτι
1136 1424 1341 1490 ἑκάστη
1368 1423 1479 1476 τῶν
1533 1422 1707 1479 ἄλλων
1736 1425 1801 1477 ἐκ

249 1515 328 1584 τῆς
356 1517 410 1570 ἐν
440 1515 582 1584 αὐτῇ
617 1515 918 1585 γενομένης
961 1514 1324 1586 δημιουργίας
1356 1516 1481 1586 ἔσχε
1510 1517 1610 1588 τὴν
1644 1516 1802 1570 εύλο-

249 1609 375 1674 τίαν·
404 1608 595 1676 ἐπειδὴ
647 1608 703 1661 δὲ
747 1606 977 1676 ἔμελλεν
1021 1606 1160 1677 αῦτη
1196 1609 1330 1676 μόνη
1366 1610 1553 1679 μένειν
1601 1609 1801 1680 ἀγέρα-

245 1714 366 1761 στος,
411 1698 685 1767 μηδεμιᾶς
749 1698 809 1748 ὲν
857 1698 993 1767 αὐτῇ
1052 1699 1353 1769 γενομένης
1413 1699 1794 1768 δημιουργίας,

246 1792 406 1845 τούτου
429 1793 591 1862 χάριν
633 1791 915 1860 ηὐλογήθη
965 1791 1058 1843 καὶ
1087 1790 1227 1859 αῦτη
1256 1790 1362 1844 ὑπὸ
1397 1790 1491 1843 τοῦ
1532 1790 1671 1845 Θεοῦ
1701 1793 1798 1846 καὶ

246 1883 476 1954 ήγιάσθη,
537 1884 629 1935 καὶ
686 1882 971 1937 Σάϐϐατον
1027 1884 1102 1944 ὼς
1160 1882 1578 1947 καταπαύσιμος
1630 1901 1799 1955 προσ-

245 1975 516 2046 ηγορεύθη,
554 1977 652 2029 καὶ
680 1974 755 2039 ὡς
785 1974 955 2035 τύπος
989 1975 1089 2044 τῆς
1121 1973 1357 2045 ἑϐδόμης
1403 1974 1799 2047 χιλιοετηρίδος

241 2069 318 2122 καὶ
356 2071 451 2140 τῆς
497 2068 610 2123 τῶν
639 2068 987 2140 ἁμαρτωλῶν
1021 2066 1358 2132 συντελείας,
1409 2068 1483 2132 ὠς
1533 2067 1800 2142 Ἰώσηπος

240 2163 485 2234 μαρτυρεῖ
516 2162 611 2215 καὶ
643 2163 677 2233 ἡ
712 2161 901 2232 Λεπτὴ
928 2161 1167 2224 Γένεσις.

291 2427 366 2480 τὰ
434 2427 603 2497 θηρία
659 2427 884 2502 καὶπὰ
959 2433 1270 2504 τετράποδα
1335 2437 1431 2491 καὶ
1475 2438 1543 2492 τὰ
1591 2440 1798 2510 ἑρπετὰ

233 2519 468 2587 δμόιρωνα
505 2517 647 2592 ἦσαν
690 2522 798 2592 πρὸ
825 2523 926 2594 τῆς
962 2525 1329 2597 παραϐάσεως
1371 2529 1451 2600 τῷ
1499 2530 1798 2603 ἀνθρώπῳ,

232 2612 369 2678 διότι,
412 2614 606 2685 φησὶν,
655 2615 685 2668 δ
717 2615 840 2685 ὄφις
890 2618 1209 2691 ἀνθρωπίνῃ
1252 2625 1420 2700 φωνῇ.
1461 2624 1690 2694 ὲλάλησε
1729 2629 1797 2699 τῇ

232 2704 348 2776 Εὕα.
380 2707 542 2760 Πᾶσα
570 2707 630 2761 δὲ
671 2708 865 2780 λογικὴ
913 2711 1075 2777 φύσις
1116 2712 1229 2781 (25)
1260 2713 1383 2767 κατ’
1413 2716 1599 2769 εἰκόνα
1637 2716 1796 2770 Θεοῦ⁹

230 2793 384 2845 ταῦτα
432 2793 492 2847 δὲ
534 2796 640 2848 οὐκ
669 2798 778 2849 εἰσί
808 2800 957 2853 κατὰ
986 2800 1173 2855 εἰκόνα
1200 2801 1371 2855 Θεοῦ·
1402 2803 1495 2856 τὸν
1523 2804 1633 2875 γὰρ
1674 2806 1800 2875 δςριν

228 2884 590 2958 ὁμολογοῦμεν
617 2888 977 2961 λελαληκὲναι
1012 2894 1077 2962 τῇ
1116 2891 1251 2964 Εὕα,
1299 2893 1475 2965 στόμα
1506 2895 1799 2966 γενόμενον

230 2976 296 3045 τῷ
316 2978 491 3050 νοητῷ
521 2979 671 3049 seu,
704 2980 765 3035 ἐν
804 2975 849 3050 ᾧ
882 2985 1186 3055 ἐνεργήσας
1214 2985 1289 3049 ὡς
1319 2986 1542 3057 συνήθει
1569 2988 1684 3041 ὄντι
1719 2987 1799 3059 τῷ

227 3063 484 3137 ἀνθρώπῳ
514 3069 668 3137 παρὰ
701 3068 771 3123 τὰ
804 3069 974 3130 ζλοιπὰ
1023 3072 1190 3142 θηρία
1241 3074 1310 3127 δι’
1347 3075 1514 3129 αὐτοῦ
1546 3076 1796 3151 ὴπάτησε

1059 498 1150 550 καὶ
1190 500 1433 562 πετεινὰ,
1478 500 1614 569 ἔργα
1657 499 1783 569 τρία

1915 511 1980 556 ac
2045 511 2305 573 pra-terea
2368 506 2619 562 volucres
2666 505 2808 564 Deus
2847 510 3054 565 creavit
3110 527 3322 584 :opera
3369 519 3495 575 tria.

1914 590 2079 645 Sexta
2121 593 2211 649 die
2259 596 2637 667 quadrupeda;
2708 612 2771 653 ea
2838 614 2962 670 qua:
3036 602 3189 658 humi
3245 618 3492 675 serpunt,

1910 682 2115 739 bestias
2162 693 2217 740 et
2282 685 2562 743 hominem
2613 709 2627 747 :
2680 704 2847 761 opera
2897 704 3153 762 quatuor.
3217 697 3496 758 Numerus

1907 777 2153 831 omnium
2191 792 2421 848 operum
2471 782 2634 837 simul
2688 785 2878 855 viginti
2918 787 3066 854 duo;
3115 805 3237 860 qua:
3277 809 3496 851 summa

1905 877 2087 939 aequat
2119 884 2410 926 numerum
2442 874 2746 931 litterarum
2768 875 3185 948 Hebraiearum,
3213 891 3266 938 et
3298 900 3496 942 rursus

1915 960 2182 1015 librorum
2231 963 2434 1033 quibus
2487 964 2657 1022 Judzei
2715 978 2967 1039 utuntur,
3015 974 3258 1046 itemque
3301 978 3495 1050 viginti

1906 1049 2016 1105 duo
2038 1051 2304 1121 graduum
2336 1056 2555 1125 generis
2584 1060 2652 1113 ab
2672 1060 2882 1117 Adamo
2910 1079 3082 1135 usque
3106 1067 3175 1122 ad
3200 1049 3491 1139 Jacobum,

1909 1151 1971 1199 ut
2010 1145 2066 1199 in
2114 1161 2280 1216 parva
2319 1147 2520 1205 Genesi
2567 1149 2787 1220 legitur,
2834 1169 2998 1224 quam
3027 1159 3191 1214 etiam
3243 1164 3494 1219 nonnulli

1910 1233 2069 1286 aiunt
2112 1248 2235 1290 esse
2266 1235 2433 1292 Mosis
2477 1238 2923 1306 patefactionem.
2960 1244 3108 1301 Idem
3142 1248 3281 1305 liber
3326 1254 3496 1309 tradit

1904 1322 2162 1380 ctelestes
2206 1339 2427 1396 quoque
2462 1331 2735 1397 potentias
2760 1332 2937 1402 prima
2971 1333 3061 1391 die
3102 1348 3318 1395 creatas
3343 1358 3491 1400 esse.

1905 1413 2015 1470 Cur
2042 1426 2249 1481 autem,
2277 1420 2533 1490 inquiunt
2559 1423 2804 1492 quidam,
2831 1441 2943 1482 non
2962 1443 3176 1495 omnes,
3199 1433 3296 1489 sed
3319 1435 3497 1506 septi-

1904 1520 2052 1560 mum
2098 1508 2365 1562 duntaxat
2425 1511 2568 1566 diem
2633 1514 2776 1570 Deus
2841 1516 3085 1576 faustum
3126 1538 3252 1580 esse
3292 1525 3496 1595 jussit?

1903 1594 2347 1666 Respondemus,
2371 1600 2705 1671 reliquarum
2726 1621 3167 1682 unamquamque
3187 1631 3253 1670 ex
3270 1594 3491 1686 opiﬁcio

1901 1690 2049 1759 quod
2079 1704 2141 1744 ea
2164 1692 2251 1745 die.
2270 1702 2553 1761 peractum
2577 1708 2680 1765 est,
2724 1714 2879 1754 suam
2916 1702 3118 1760 habere
3148 1703 3491 1780 prosperita-

1903 1782 1975 1837 tis
2029 1784 2501 1842 denuntiationem
2546 1808 2559 1844 :
2596 1806 2721 1845 cum
2765 1804 2946 1850 autem
2984 1799 3102 1854 sola
3146 1804 3376 1871 septima
3425 1822 3491 1864 eo

1903 1873 2112 1931 honore
2141 1885 2290 1931 esset
2324 1881 2589 1946 caritura,
2624 1883 2773 1939 nullo
2800 1901 2860 1941 ea
2905 1889 2994 1945 die
3023 1906 3190 1963 opere
3236 1899 3485 1969 condito,

1904 1968 2025 2023 ideo
2068 1970 2185 2039 ipsa
2223 1985 2444 2041 quoque
2476 1988 2506 2027 a
2551 1974 2661 2031 Deo
2701 1977 2877 2034 fausta
2918 1997 3043 2038 esse
3089 1985 3248 2055 jussa
3298 2002 3383 2048 est
3424 2010 3490 2052 ac

1901 2072 2223 2119 consecrata
2257 2075 2313 2120 et
2345 2064 2644 2122 Sahbatum
2681 2073 2994 2142 appellata;
3032 2085 3092 2131 ut
3122 2094 3247 2151 qua:
3275 2086 3494 2156 requie-

1903 2164 2010 2211 tem
2068 2156 2277 2226 all‘erat,
2350 2170 2404 2215 et
2456 2175 2807 2232 reprmsentet
2863 2171 3154 2239 septimum
3215 2191 3485 2235 annorum

1902 2246 2295 2309 millenariutn.
2341 2248 2616 2322 ﬁnemque
2658 2260 2999 2323 peccantium
3055 2261 3373 2334 hominum,
3430 2280 3489 2327 ut

1899 2336 2170 2407 Josephus
2198 2347 2430 2395 testatur
2464 2351 2517 2397 et
2547 2343 2716 2399 Parva
2745 2342 2996 2405 Genesis.

1975 2425 2169 2482 Bestia:
2202 2444 2266 2484 ac
2308 2431 2665 2502 quadrupeda
2708 2443 2762 2489 et
2806 2440 3018 2507 reptilia
3051 2454 3181 2501 ante
3221 2446 3481 2507 delictum

1902 2521 2180 2575 communi
2224 2536 2348 2576 cum
2382 2523 2697 2581 hominibus
2732 2529 2838 2599 ιο
2866 2547 3000 2590 voce
3026 2552 3124 2592 usa
3164 2551 3316 2598 sunt.
3344 2543 3484 2602 Nam

1903 2612 2126 2682 (inquit)
2151 2630 2381 2685 serpens
2428 2616 2662 2672 humana
2710 2637 2841 2677 voce
2876 2623 3038 2681 Evam
3070 2641 3156 2685 est
3188 2633 3479 2693 allocutus.

1901 2701 2092 2761 Omnis
2125 2715 2307 2760 autem
2339 2716 2534 2762 natura
2564 2712 2777 2768 ratione
2817 2716 3041 2785 przedita
3067 2731 3151 2776 est
3175 2728 3481 2784 secundum

1902 2796 2195 2865 imaginem
2233 2796 2349 2853 Dei.
2391 2801 2458 2855 At
2494 2817 2622 2857 vero
2654 2804 2758 2859 ista
2799 2823 2908 2863 non
2948 2821 3075 2866 Sunt
3106 2813 3248 2869 facta
3286 2833 3485 2875 secun-

1900 2887 2031 2941 dum
2086 2888 2379 2959 imaginem
2431 2891 2544 2946 Dei.
2591 2893 2805 2951 Etenim
2876 2909 3183 2970 serpentem
3248 2905 3486 2965 fatemur

1902 2979 2025 3033 Eva;
2062 2981 2225 3035 verba
2250 2979 2469 3047 fecisse,
2500 2984 2575 3038 ita
2599 2986 2819 3055 quidem
2852 3000 2911 3044 ut
2942 2992 2986 3047 is
3014 2994 3130 3050 oris
3166 2997 3287 3053 loco
3319 3000 3483 3059 fuerit

1902 3072 2164 3141 serpenti,
2197 3088 2358 3142 quem
2395 3083 2449 3128 et
2484 3076 2853 3145 signiﬁcatum
2889 3081 3249 3155 intelligentia
3281 3091 3483 3161 depre-

229 3153 338 3215 τοῦς
384 3156 770 3226 προπάτορας,
809 3161 838 3212 ό
870 3160 1011 3230 μετὰ
1048 3161 1207 3216 τοῦτο
1244 3162 1340 3217 καὶ
1368 3165 1428 3218 ὲν
1462 3166 1694 3238 ἀψύχοις
1724 3170 1793 3223 εἰ-

1903 3162 2219 3218 hendimus.
2255 3162 2357 3220 Hic
2388 3166 2505 3233 illo,
2539 3177 2598 3221 ut
2624 3184 2748 3223 cum
2787 3172 3006 3228 homine
3036 3153 3160 3245 plus
3194 3153 3369 3248 quam.
3394 3198 3482 3239 re-

225 3243 397 3309 δὼλοις
429 3247 681 3318 λαλήσας
708 3253 822 3314 τοῖς
850 3252 945 3303 ὑπ’
973 3252 1141 3307 αὐτοῦ
1168 3254 1505 3311 δελεασθεῖσι
1530 3259 1797 3332 πολυτρό-

228 3353 329 3402 πως
359 3340 806 3412 εἰδωλολάτραις.
840 3343 915 3395 Τὸ
942 3343 999 3397 δὲ
1038 3339 1177 3400 εἶναι
1216 3347 1310 3400 τὸν
1339 3348 1464 3418 ὅφιν
1492 3352 1797 3424 τετράπουν

222 3429 274 3478 τὸ
301 3433 428 3498 πρὶν
464 3430 566 3483 καὶ
605 3434 746 3499 μετὰ
774 3430 874 3503 τὴν
904 3434 1150 3504 πονηρὰν
1195 3436 1483 3507 εἰσήγησιν
1530 3440 1796 3511 ἐρπυστι-

224 3517 322 3585 xliv,
350 3524 445 3576 καὶ
470 3524 555 3577 ἰὸν
577 3523 729 3594 αὐτῷ
746 3525 838 3577 ἐπὶ
863 3524 964 3594 τὴν
991 3526 1249 3594 γλῶσσαν
1279 3531 1586 3601 ἐντεθῆναι,
1617 3533 1711 3605 [Ρ.
1736 3533 1792 3606 5]

220 3610 308 3663 οὐκ
357 3614 734 3683 ἀπιστοῦμεν.
781 3615 1044 3687 Φρόνιμος
1082 3618 1139 3671 δὲ
1168 3621 1195 3673 ὀ
1220 3619 1340 3688 ὄφις
1373 3620 1599 3693 ἐκλήθη,
1630 3626 1796 3679 ὅτιτὸ

218 3699 419 3769 λογικὸν
450 3701 602 3767 ζῶον
655 3704 750 3757 τὸν
798 3704 1107 3776 ἄνθρωπον,
1142 3708 1237 3762 καὶ
1276 3710 1382 3763 τῶν
1413 3712 1591 3765 ἄλλων
1638 3715 1795 3785 ἀγχι-

219 3793 321 3861 νοίᾳ
364 3794 659 3866 διαφέρον,
718 3794 995 3867 ἐξαπατᾷν
1026 3798 1270 3868 ἔμελλεν.
1326 3803 1510 3857 Ἀλλοι
1541 3805 1598 3858 δέ
1629 3824 1793 3876 φασιν

216 3880 368 3939 ὅτιού
410 3886 494 3956 τῷ
531 3887 682 3941 κατὰ
727 3889 1014 3959 προφορὰν
1057 3890 1202 3961 λόγῳ
1255 3895 1283 3945 ὁ
1324 3893 1449 3963 ὄφις
1487 3898 1788 3968 ἐχρήσατο,

215 3973 316 4025 ἀλλ’
365 3976 417 4028 οἰ
466 3977 920 4048 πρωτόπλαστοι,
974 3980 1069 4034 ἅτε
1123 3983 1321 4046 κακίας
1367 3984 1519 4048 ὄντες
1545 3989 1787 4057 ἀμιγεῖς,

213 4066 617 4136 ἀκριϐεστάτας
667 4064 814 4139 εἶχον
868 4072 967 4133 τὰς
1021 4072 1305 4143 αἰσθήσεις
1354 4076 1450 4130 κα)⁵
1503 4077 1638 4132 πολὺ
1683 4082 1793 4135 τῶν

215 4157 485 4228 ἡμετέρων
551 4158 1007 4228 διαλλαττούσας,
1048 4163 1189 4216 ὥστε
1249 4167 1348 4236 τὴν
1396 4168 1566 4238 ἀκοὴν
1612 4171 1791 4225 αὐτῶν

211 4248 374 4318 πάσης
435 4249 721 4319 ὑπάρχειν
772 4252 957 4321 φωνῆς
1009 4255 1361 4327 ἀκουστικήν.
1429 4259 1645 4331 Ἐπειδὴ
1683 4262 1791 4334 γὰρ

211 4334 452 4405 βασιλεὺς
481 4340 690 4411 ὥσπερ
721 4342 972 4413 προήχθη
1011 4344 1069 4397 ἐν
1096 4345 1173 4415 τῷ
1200 4349 1390 4419 κόσμῳ
1422 4350 1451 4403 ό
1478 4350 1789 4424 ἄνθρωπος,

209 4434 417 4497 εἰκότως
453 4434 591 4487 κατ’
637 4435 824 4488 εἰκόνα
854 4433 990 4488 Θεοῦ
1020 4437 1374 4509 γεγέννηται·
1409 4441 1516 4496 ἔδει
1557 4444 1666 4514 γὰρ
1699 4446 1791 4498 τὸν

1906 3255 2074 3326 liquis
2098 3257 2169 3312 sit
2196 3257 2570 3314 animantibus
2605 3263 3022 3322 consuetudinis
3051 3266 3308 3340 habente,
3350 3291 3484 3331 usus

1904 3349 2290 3412 instrumento,
2321 3353 2537 3420 generis
2579 3354 2752 3408 nostri
2784 3365 3038 3415 auctores
3064 3361 3295 3434 decepit.
3334 3364 3479 3422 idem

1904 3442 2197 3513 postmodo
2228 3443 2395 3497 etiam
2426 3443 2479 3497 in
2506 3446 2819 3502 simulacris
2858 3448 3116 3506 inanimis
3149 3454 3366 3512 locutus
3400 3469 3482 3514 est

1905 3533 1971 3588 ad
2006 3534 2173 3588 variis
2216 3533 2395 3589 modis
2436 3549 2463 3588 a
2504 3551 2564 3590 se
2604 3536 2879 3594 inescatos
2916 3541 3336 3602 simulacrorum
3363 3550 3482 3605 cul-

1905 3636 2074 3680 tores.
2103 3623 2291 3695 Neque
2321 3635 2500 3680 tamen
2529 3642 2639 3681 non
2669 3630 2943 3684 credimus
2978 3643 3284 3703 serpentem
3322 3640 3481 3697 initio

1902 3716 2076 3771 fuisse
2104 3717 2532 3787 quadrupedem,
2567 3733 2632 3774 ac
2665 3731 2788 3789 post
2818 3724 3347 3803 malitiosamistam
3390 3733 3479 3787 in-

1901 3810 2212 3865 ductionem
2262 3809 2415 3863 humi
2482 3812 2736 3881 scrpendi
2792 3817 3119 3872 necessitate
3167 3824 3478 3893 astrictum,

1903 3895 2209 3969 lingmeque
2245 3898 2367 3967 ejus
2391 3901 2545 3956 virus
2574 3900 2913 3972 impositum.
2957 3904 3197 3966 Vocatus
3238 3923 3323 3968 est
3361 3931 3481 3970 ser-

1900 4004 2035 4058 pens
2059 3989 2310 4052 callidus,
2342 3991 2486 4061 quod
2516 3992 2743 4060 homini,
2766 3996 2988 4052 animali
3017 4001 3228 4057 ratione
3251 4006 3480 4074 prmdito

1899 4090 1957 4138 et
1987 4082 2215 4151 reliquis
2246 4083 2503 4138 acumine
2533 4087 2731 4140 mentis
2764 4093 3045 4155 praestanti
3069 4102 3214 4147 esset
3250 4096 3479 4164 imposi-

1901 4184 2076 4231 turus.
2117 4175 2223 4229 Alii
2259 4175 2451 4230 dicunt
2485 4191 2593 4232 non
2633 4181 2911 4248 expressis
2948 4184 3130 4241 verbis
3169 4203 3328 4242 usum
3362 4205 3480 4244 ser-

1899 4275 2136 4338 pentem,
2182 4268 2279 4323 sed
2337 4270 2515 4338 primo
2564 4279 2782 4329 creatos
2841 4273 3113 4343 homines,
3170 4288 3357 4350 utpote
3409 4282 3480 4338 ab

1899 4361 2047 4416 omni
2099 4361 2305 4415 malitia
2338 4376 2528 4431 puros,
2565 4366 2917 4423 acutissimus
2969 4369 3228 4427 habuisse
3279 4389 3478 4433 sensus

1900 4452 2184 4522 multoque
2211 4453 2418 4510 nostris
2457 4458 2906 4525 prastantiores;
2939 4460 3124 4543 itaque
3150 4478 3254 4519 suo
3285 4468 3473 4521 auditu

209 4523 459 4589 μέλλοντα
494 4526 701 4597 ἄρχειν
722 4525 833 4580 τῶν
865 4527 1041 4581 ἄλλων
1073 4528 1262 4601 ὥσπερ
1288 4532 1412 4585 τινὰ
1441 4534 1626 4588 εἰκόνα
1657 4533 1793 4591 εἶναι

1903 4542 2082 4595 omnia
2128 4544 2281 4599 vocis
2331 4559 2530 4613 genera
2575 4549 2907 4617 percepisse.
2952 4533 3185 4617 Quando
3225 4557 3368 4610 enim
3420 4558 3475 4613 in

208 4614 431 4689 Ξμῲυχον
448 4620 560 4689 τῆς
584 4618 685 4673 τοῦ
710 4620 1098 4689 παμϐασιλὲως
1119 4622 1452 4694 ὁμοιότητος,
1472 4626 1574 4680 οὐκ
1590 4628 1645 4680 ὲν
1660 4646 1793 4698 πορο

206 4711 369 4780 ςυρίδι
399 4713 503 4767 καὶ
523 4713 802 4782 σκήπτρῳ
822 4711 917 4765 καὶ
944 4711 1235 4782 διαδήματι
1276 4713 1376 4783 τὴν
1405 4715 1562 4781 ἀξίαν
1588 4718 1792 4787 ἐμφαί-

206 4818 365 4867 νοντα,
389 4804 523 4857 ἐπεὶ
552 4802 702 4873 μηδὲ
722 4801 782 4854 τὸ
802 4804 1110 4873 ἀρχέτυπον
1136 4806 1193 4857 ὲν
1216 4803 1427 4869 τούτοις
1454 4807 1623 4869 ἐστὶν.
1676 4809 1792 4862 ἀλλ’

1900 4633 2161 4688 mundum
2193 4637 2357 4692 homo
2382 4646 2637 4707 tanquam
2662 4655 2754 4694 rex
2784 4643 3087 4711 productus
3118 4646 3240 4711 fuit,
3279 4663 3483 4705 conve-

1899 4726 2085 4781 niebat
2118 4741 2243 4782 cum
2269 4729 2335 4781 ad
2367 4729 2660 4800 imaginem
2701 4732 2794 4787 Dei
2829 4733 3032 4788 factum
3076 4751 3241 4794 esse:
3273 4741 3478 4809 quippe

1899 4819 2186 4886 oportebat
2223 4833 2348 4872 eum
2389 4820 2483 4888 qui
2528 4822 2652 4876 aliis
2689 4832 2835 4878 esset
2875 4825 3261 4895 imperaturus,
3306 4830 3475 4887 veluti

204 4894 252 4946 ἐν
292 4896 365 4965 τῷ
407 4893 808 4965 κεκοσμῆσθαι
834 4897 901 4965 τῇ
951 4895 1230 4965 ἀφθαρσίᾳ
1252 4897 1346 4950 καὶ
1376 4897 1647 4970 ἀθανασίᾳ
1700 4902 1793 4955 καὶ

1903 4909 2192 4979 imaginem
2243 4911 2539 4980 quamdam
2590 4907 2887 4971 animatam
2940 4893 3064 4974 esse
3099 4921 3479 4980 similitudinis

205 4985 354 5056 ἀρετῇ
374 5004 389 5017 ·
416 4985 654 5049 τούτοις
682 4984 793 5055 γὰρ
822 4985 1074 5056 τιμηθεὶς
1117 4988 1148 5039 ό
1188 4986 1477 5058 ἅνθρωπος
1516 4990 1615 5059 τὴν
1655 4992 1793 5060 πρὸς

1903 4998 2014 5067 ejus
2039 4998 2132 5067 qui
2161 5000 2271 5053 Rex
2294 5009 2380 5055 est
2406 5002 2687 5072 omnium;
2719 5006 2811 5077 qui
2838 5023 2944 5062 non
2967 5023 3230 5080 purpura,
3254 5020 3477 5083 sceptro

201 5079 253 5128 τὸ
279 5081 662 5150 πρωτότυπον
696 5080 884 5134 εἰκόνα
916 5078 1010 5132 καὶ
1038 5081 1334 5150 ὁμοιότητα
1357 5082 1635 5148 διασώζει.
1671 5086 1793 5140 Ἔτι

1903 5100 1961 5141 ac
1987 5086 2295 5141 diademate
2331 5086 2651 5159 dignitatem
2682 5107 2837 5148 suam
2871 5078 3225 5164 monstraret,
3252 5078 3473 5169 qua—udo

202 5168 249 5222 δὲ
275 5173 364 5224 καί
395 5156 435 5243 ἡ
465 5169 911 5238 αύτεξουσιότης
940 5172 1001 5225 τὸ
1038 5170 1318 5241 βασιλικὸν
1352 5175 1446 5227 καὶ
1478 5176 1792 5247 ἐπῃρμένον

1903 5189 1949 5233 et
1987 5179 2268 5249 exemplar
2310 5156 2552 5250 adquod
2607 5184 2700 5238 ille
2736 5184 2914 5241 factus
2956 5196 3042 5242 est
3099 5156 3237 5244 nihil
3269 5156 3471 5245 borum

202 5261 288 5329 τῆς
313 5264 539 5333 φύσεως
566 5263 673 5317 τοῦ
698 5260 989 5332 ἀνθρώπου
1021 5263 1114 5317 καὶ
1148 5264 1285 5334 πρὸς
1316 5264 1412 5335 τὴν
1434 5265 1582 5319 θείαν
1605 5270 1789 5323 εἰκόνα

1903 5270 2077 5333 habet,
2117 5269 2212 5325 sed
2250 5285 2316 5327 eo
2345 5273 2489 5341 quod
2525 5274 2783 5334 interitus
2815 5279 3114 5349 vacuitate,
3145 5281 3472 5339 immortali-

1336 5401 1703 5458 XYLANDRI
1756 5404 1845 5462 ET
1876 5403 2085 5461 GOARI
2114 5403 2347 5463 NOTAE.

263 5498 369 5567 (2‘2)
403 5497 726 5569 Beceplius
784 5504 890 5573 est,
954 5496 1227 5566 hodieque
1276 5497 1565 5573 usitatum,
1618 5499 1790 5573 libros
1894 5498 2091 5573 Biblia,
2120 5502 2213 5573 qui
2240 5505 2435 5573 galeati
2464 5505 2623 5561 titulo
2656 5515 2853 5563 exstat.
2890 5510 3022 5565 XYL.

206 5564 395 5624 Veteris
441 5564 804 5624 Testainenti
855 5583 984 5621 xxiv
1038 5564 1356 5651 recenseriI;
1420 5570 1565 5623 unde
1602 5571 1788 5651 etiam
1968 5564 2641 5651 (Ξὸῇςβαῖὶοηᾳρνςῑιάὶια
2700 5586 2793 5631 aut
2853 5564 3140 5635 sermone:
3174 5586 3471 5651 utrumque

209 5635 360 5692 Vetus
391 5640 852 5698 Testamentum,
887 5653 1009 5718 quae
1047 5647 1178 5719 sunt
1235 5636 1789 5723 Jmlaaorumuhiblia,
1895 5635 2264 5723 eniiii.'nl.6yo;
2320 5635 2635 5723 signiﬁcat;
2695 5663 2873 5723 neque
2926 5660 3030 5723 est
3062 5652 3164 5705 hoc
3221 5635 3464 5723 unquam

203 5716 405 5773 ενηετππ
436 5722 639 5774 πήκ,
670 5706 858 5789 ἰιιοδι,
889 5706 1078 5777 Viginti
1104 5718 1359 5788 quatuor,
1416 5709 1793 5789 inscribuntur
1896 5706 2319 5789 sincillofcum
2342 5706 2523 5772 oratio
2553 5706 2633 5775 sit
2650 5706 2812 5787 quasi
2842 5720 3064 5776 sensilis
3098 5706 3348 5789 quaedam
3376 5734 3469 5776 ra-

204 5791 258 5829 ac
284 5783 683 5833 nominantur.
706 5776 780 5830 De
807 5776 1039 5846 utraque
1061 5781 1331 5831 sententia
1357 5778 1651 5833 satisfaciet
1682 5796 1788 5835 nou
1899 5781 1993 5836 tio.
2035 5781 2165 5836 Χγι..

205 5850 350 5908 nimis
391 5852 635 5907 curioso
671 5847 863 5904 lectori
919 5848 1178 5919 prologue
1239 5846 1299 5906 Ι).
1368 5848 1682 5921 Hieronymi
1732 5852 1786 5905 iu
