4184 6436
657 405 726 467 35
1916 384 2240 447 GEOltGll
2275 381 2613 440 CEDRENI
3858 370 3929 436 35

659 529 767 575 tate
798 532 863 571 ac
921 514 1120 569 virtute
1171 516 1469 566 exornatus
1519 512 1665 560 esset
1710 522 1722 555 :

659 612 951 665 decoratus
987 605 1150 658 homo
1183 600 1599 657 similitudinem
1623 594 2025 665 imaginemqne
2051 604 2239 644 exem-

659 701 830 771 plaris
852 697 919 751 ad
954 696 1053 766 ιι
1088 697 1232 765 quod
1270 692 1483 747 ellictus
1515 698 1619 755 est,
1669 691 1983 742 conservat.
2015 681 2134 735 Jam
2178 680 2243 734 li-

660 796 843 849 bertas
895 806 1116 862 quoque
1168 786 1452 859 potestatis
1516 797 1649 846 sure,
1704 787 1915 835 natura;
1987 776 2243 830 humanae

659 884 866 953 regiam
894 881 1265 952 praestantiam
1295 890 1457 945 Inque
1483 888 1546 929 ea
1579 872 1777 927 divinae
1810 868 2060 938 ‘mag'nis
2088 880 2243 919 smn-

664 976 948 1029 litudinem
981 971 1429 1027 manifestissime
1456 968 1819 1023 demonstrat.
1844 962 2025 1030 Atque
2052 973 2247 1014 secun-

662 1071 792 1123 dum
826 1069 965 1122 hanc
995 1076 1263 1120 rationem
1289 1063 1449 1117 homo
1473 1074 1732 1115 manuum
1762 1055 1851 1111 Dei
1879 1069 2018 1124 opus
2048 1053 2246 1108 dicitur

663 1160 735 1215 ob
763 1160 1082 1230 dignitatem
1118 1164 1410 1211 structum
1442 1171 1454 1184 ο
1490 1166 1653 1206 omne
1682 1148 1765 1203 en'
1816 1194 1819 1197 .
1863 1145 1969 1200 hoc
1994 1152 2079 1200 est
2110 1157 2245 1198 con-

662 1254 772 1309 siln
803 1252 1035 1307 eﬂectio.
1072 1249 1245 1304 Porro
1288 1249 1403 1302 haec
1430 1266 1444 1302 :
1490 1262 1508 1296 ι
1541 1244 1831 1297 Faciamus
1859 1240 1909 1294 ei
1942 1237 2245 1307 adjutorem

664 1346 1077 1399 accomodatum
1115 1342 1241 1413 ipsi;
1290 1359 1309 1391 ι
1364 1347 1585 1409 propter
1616 1336 1857 1391 futuram
1901 1330 2074 1402 prolis
2124 1344 2251 1400 pro-

666 1437 1005 1488 creationem
1044 1431 1183 1485 dicit
1217 1447 1230 1484 :
1265 1428 1487 1498 adjuvat
1514 1428 1660 1482 enim
1706 1422 1912 1479 femina
1956 1432 2167 1476 marem
2194 1432 2251 1472 in

666 1524 1017 1594 propagando
1046 1522 1539 1591 conservandoque
1574 1532 1792 1589 genere.
1824 1515 2030 1571 Eﬂeeta
2068 1521 2250 1567 autem

666 1616 921 1678 muliere,
952 1628 1077 1668 eum
1111 1628 1231 1667 eam
1272 1611 1628 1681 conspicatus
1662 1613 1809 1661 esset
1839 1604 2105 1667 Adamus,
2140 1614 2252 1655 non

668 1712 743 1757 tta
783 1702 1015 1757 allectus
1047 1706 1233 1755 animo
1274 1707 1357 1753 est
1407 1706 1465 1751 ut
1505 1696 1599 1767 qui
1640 1694 1928 1750 mulierem
1977 1695 2250 1754 cerneret,

668 1793 770 1849 sed
805 1795 1035 1863 perinde
1061 1807 1125 1846 ac
1162 1806 1223 1845 se
1254 1791 1433 1859 ipsum
1474 1785 1856 1857 contemplans
1885 1784 2100 1838 laetatus
2138 1779 2253 1848 spi-

1772 501 1858 556 his
1896 504 2042 555 enim
2078 496 2244 552 rebus

2366 492 2587 564 ,μφερὲς
2628 491 3056 562 προφανέστατα
3100 488 3364 543 δείκνυσι.
3402 488 3559 542 Κατά
3603 486 3791 540 τοῦτον
3837 488 3929 540 τὸν

2350 586 2507 653 λόγον
2557 585 2649 638 καὶ
2689 584 2888 653 χειρῶν
2931 580 3067 636 Θεοῦ
3102 582 3264 655 ἔργον
3295 583 3324 635 6
3366 582 3653 652 ἄνθρωπος
3703 581 3789 634 διὰ
3835 580 3932 651 τὴν

2349 696 2398 730 τι
2409 678 2517 749 μὴν
2544 678 2645 748 τῆς
2674 678 3025 743 κατασκευῆς
3046 694 3059 707 ο
3092 678 3185 731 καὶ
3216 676 3325 747 γὰρ
3359 676 3555 745 βουλῆς
3590 676 3845 747 ἐνέργεια
3875 674 3935 727 τὸ

2351 771 2481 824 πᾶν.
2510 769 2604 833 Τὸ,
2635 786 2653 821 ι
2688 769 3011 839 Ποιήσωμεν
3031 768 3181 839 αὐτῷ
3213 767 3405 838 βοηθὸν
3435 768 3557 821 κατ’
3590 767 3776 832 αὐτὸν,
3809 787 3827 819 ι
3849 767 3934 820 δ.ἀ

2350 861 2413 915 τὸ
2448 861 2641 931 μέλλον
2668 864 2765 932 τῆς
2812 861 3166 929 παιδογονίας
3205 860 3387 929 λέγει’
3436 861 3690 930 συνεργεῖ
3726 860 3836 928 γάρ
3871 862 3934 912 τδ

2355 955 2490 1025 θηλυ
2521 954 2598 1025 τῷ
2628 956 2761 1025 ἀνῖρ
2821 954 2958 1025 πρὸς
3008 954 3108 1025 τὴν
3154 953 3247 1007 τοῦ
3282 954 3473 1021 γένους
3496 954 3724 1023 αὔξησίν
3754 970 3812 1005 τε
3844 954 3936 1005 καὶ

2353 1047 2635 1118 διαμονήν.
2686 1049 3025 1116 Πλασθείεης
3080 1047 3137 1100 δὲ
3193 1047 3293 1116 τῆς
3334 1048 3613 1116 γυναικὸς,
3652 1048 3729 1109 ὡς
3786 1047 3933 1115 ἑώρα

2354 1141 2525 1211 αὐτὴν
2552 1142 2580 1194 6
2622 1141 2814 1211 Ἀδὰμ,
2849 1141 2949 1211 οὐχ
2985 1140 3061 1204 ὡς
3088 1143 3324 1207 γυναῖκα
3358 1139 3630 1210 θεώμενος
3672 1139 3934 1208 ἔπασχεν,

2354 1233 2456 1286 ἀλλ
2516 1234 2591 1297 ὡς
2622 1233 2819 1286 ἑαυτὸν
2847 1234 2989 1304 ὁρῶν
3022 1230 3409 1302 πνευματικῶ·
3448 1232 3807 1302 ηὐφραίνετο,
3836 1231 3937 1283 τὶν

2354 1326 2549 1395 ὁμοίαν
2603 1324 2817 1395 βλέπων
2871 1324 2968 1378 καὶ
3023 1325 3230 1395 ταύτην
3286 1324 3516 1396 ἔχουσαν
3568 1323 3935 1392 κατασκευήν.

2368 1417 2647 1481 Ὡσαύτως
2684 1416 2778 1472 καὶ
2827 1418 2861 1488 ἡ
2916 1417 3053 1488 γυνὴ
3109 1419 3295 1489 ὁρῶσα
3342 1418 3435 1470 τὸν
3480 1416 3649 1487 ἄνδρα
3689 1416 3937 1486 μεγάλως

2358 1512 2649 1583 ἠγάλλετο,
2687 1512 2809 1564 κατ’
2841 1510 3006 1565 αὐτὸν
3031 1506 3199 1564 οὖσαν
3228 1509 3428 1575 ἑαυτὴν
3458 1508 3737 1564 ἐννοοῦσα.
3769 1509 3841 1562 Τὸ
3859 1509 3937 1571 δὲ,

2366 1621 2386 1657 ι
2424 1603 2652 1673 Θανάτῳ
2671 1602 3057 1669 ἀποθανεῖσθε,
3084 1620 3101 1654 ι
3130 1600 3325 1671 Θνητοὶ
3348 1601 3536 1654 ἔσεσθε
3566 1600 3841 1671 σημαίνει,
3865 1599 3940 1661 ὠς

2361 1696 2457 1749 καὶ
2483 1695 2512 1747 6
2546 1694 2846 1766 Σύμμαχος
2884 1694 3258 1765 ήρμήνευσεν.
3301 1694 3659 1766 Ἐργάζεσθαι
3700 1696 3796 1747 καὶ
3826 1711 3940 1763 φυ-

2362 1789 2585 1845 λάσσειν
2612 1788 2889 1860 σημαίνει,
2922 1787 3250 1859 ἐργάζεσθαι
3292 1788 3391 1860 μὲν
3442 1788 3541 1857 τὴν
3588 1788 3942 1859 εὐχαριστίαν

669 1882 776 1936 ritu
809 1893 915 1946 est,
952 1880 1147 1935 videns
1192 1894 1310 1933 eam
1347 1878 1512 1933 simili
1565 1876 1731 1929 modo
1772 1872 2027 1929 eﬂictam.
2060 1868 2165 1924 Sed
2199 1875 2254 1923 et

2366 1879 2449 1933 καὶ
2481 1879 2581 1949 τὴν
2619 1879 2833 1932 αίνεσιν
2865 1879 2945 1949 τῷ
2982 1877 3260 1933 τοσούτων
3297 1881 3394 1934 καὶ
3432 1879 3768 1949 τηλικούτων
3802 1881 3943 1947 ἀγα-

670 1973 868 2029 mulier
901 1973 1079 2028 virum
1111 1980 1379 2027 contuens
1407 1984 1605 2040 magno
1632 1967 1835 2039 gaudio
1874 1974 1959 2021 est
2006 1962 2247 2035 perfusa,

673 2066 984 2135 intelligens
1039 2079 1097 2120 se
1140 2065 1191 2117 ei
1250 2063 1763 2132 esse,adjunctam.
1824 2058 2095 2113 Cmterum
2137 2055 2253 2109 haec

673 2157 861 2220 verba,
896 2175 913 2207 ι
945 2154 1121 2209 Morte
1152 2154 1482 2218 moriemini,
1511 2172 1528 2203 ι
1560 2151 1609 2205 id
1634 2150 1966 2220 signiﬁcant,
1999 2147 2253 2202 Mortales

674 2250 867 2313 eritis;
916 2246 1192 2317 quomodo
1233 2245 1397 2299 etiam
1443 2243 1807 2314 Symmachus
1861 2242 2252 2309 interpretatus

673 2348 777 2394 est.
810 2338 1036 2410 Operari
1076 2348 1131 2394 et
1172 2338 1453 2393 custodire
1487 2336 1820 2408 signiﬁcant,
1872 2334 2006 2388 illud
2044 2333 2252 2404 gratia-

675 2449 795 2485 rum
831 2433 1101 2485 actionem
1141 2438 1194 2485 et
1222 2430 1588 2484 laudationem
1630 2436 1708 2483 tot
1741 2435 2131 2496 tantorumque
2158 2425 2253 2479 bo—

677 2535 869 2573 norum
906 2518 1185 2587 praebitori
1216 2516 1535 2587 rependere,
1579 2517 1678 2571 hoc
1709 2530 1903 2571 cavere
1939 2530 2007 2569 ne
2034 2512 2257 2582 quando

677 2627 773 2680 per
813 2609 1136 2664 vaecordiam
1188 2610 1271 2663 sui
1316 2606 1685 2663 benefactorts
1729 2606 1934 2661 oblitus
1986 2613 2256 2675 praesente

682 2702 937 2755 felicitate
966 2718 1029 2756 ac
1060 2704 1182 2755 vita:
1218 2700 1612 2754 commoditate
1660 2697 1899 2754 excidat.
1944 2696 2135 2752 Adami
2166 2710 2260 2749 vo-

2359 1968 2470 2023 θῶν
2530 1971 2805 2039 παροχεῖ,
2859 1968 3157 2037 φυλάσσειν
3207 1970 3265 2023 δὲ
3314 1970 3412 2025 καὶ
3460 1976 3687 2041 τηρεῖν,
3751 1973 3945 2042 μήπως

2359 2060 2683 2129 ἀπονοηθεὶς
2728 2061 2823 2113 καὶ
2856 2060 3028 2131 λήθην
3058 2061 3155 2113 τοῦ
3191 2061 3485 2133 εὐεργέτου
3531 2061 3713 2115 λαϐὼν
3746 2064 3847 2133 τῆς
3884 2062 3943 2115 tv

2360 2154 2549 2223 χερσὶν
2572 2153 2826 2223 ἀποπέσῃ
2854 2154 3260 2224 μακαριότητος
3282 2156 3376 2209 καὶ
3400 2156 3651 2220 εὐζωῖας.
3693 2155 3863 2225 Ἀδάμ
3889 2154 3945 2209 6‘:

2357 2245 2721 2315 ἑρμηνεύεται
2743 2244 2976 2314 γήϊνος,
3005 2246 3120 2300 Εὕα
3165 2246 3221 2300 δὲ
3252 2244 3382 2313 ζωή
3415 2249 3505 2300 καὶ
3530 2248 3638 2316 γάρ
3667 2246 3820 2300 αὐτοὶ
3850 2250 3946 2318 τῆς

2358 2339 2557 2407 γηῖνης
2609 2338 2701 2392 καὶ
2732 2339 3003 2409 σαρκικῆς
3037 2338 3183 2407 ζωῆς
3214 2338 3447 2409 ἀρχηγοί⁵
3481 2340 3575 2392 καὶ
3604 2339 3838 2408 πατέρες
3870 2355 3900 2391 τ
3920 2341 3945 2407 ξι

2360 2428 2473 2479 δντι
2502 2428 2965 2498 χρηματίζουσιν,
3000 2428 3190 2500 ὥσπερ
3221 2432 3320 2500 τῆς
3351 2429 3610 2499 οὐρανίας
3642 2429 3738 2483 καὶ
3778 2446 3944 2483 πνεν-

2364 2519 2602 2589 ματικῆς
2633 2521 2841 2589 Ἰησοῦς
2861 2522 3099 2592 Χριστὸς
3128 2526 3156 2577 6
3185 2522 3305 2585 νέος
3343 2522 3536 2592 Ἀδὰμ,
3562 2522 3658 2576 καὶ
3690 2523 3723 2593 ἡ
3756 2524 3947 2592 ἀπειρ-

2361 2610 2568 2679 άιιδρως
2600 2612 2763 2665 αὐτὸν
2792 2612 3052 2676 τεκοῦσα,
3094 2612 3319 2685 ἀπαρχὴ
3378 2616 3472 2665 καὶ
3499 2613 3647 2666 αίτία
3678 2615 3789 2674 τοῖς
3811 2615 3941 2666 πᾶσ-

2364 2698 2457 2751 τοῦ
2492 2700 2630 2754 Θεοῦ
2669 2701 2883 2765 τέκνοις
2912 2704 3071 2758 εἰσίν.

679 2796 932 2853 cabulum
996 2802 1258 2846 terrenum
1307 2790 1600 2862 signiﬁcat,
1647 2790 1772 2846 Eva:
1822 2790 2005 2846 vitam.
2041 2787 2173 2843 Nam
2216 2788 2253 2842 ii
2300 2806 2478 2859 reipsa
2522 2794 2859 2860 nominibus,
2886 2811 3007 2865 quae
3029 2810 3125 2852 eos
3151 2806 3383 2851 terrena
3403 2809 3467 2851 ac
3520 2796 3759 2851 carnalis
3827 2797 3946 2849 νὶιαξ

680 2890 955 2960 principes
996 2900 1060 2941 ac
1093 2895 1346 2954 parentes
1381 2882 1663 2947 denotant,
1707 2881 2061 2950 respondent,
2108 2880 2252 2933 sicut
2286 2878 2449 2935 Jesus
2495 2882 2748 2937 Christus
2795 2900 2971 2938 novus
3014 2884 3280 2947 Adamus,
3326 2892 3383 2940 et
3459 2883 3526 2938 de
3569 2898 3675 2953 qua
3739 2883 3944 2939 nullum

678 2992 901 3055 experta
938 2982 1112 3039 virum
1146 2979 1260 3051 ipse
1286 2975 1830 3042 natusest,cmlestis
1851 2989 1913 3028 ac
1936 2972 2241 3043 spiritualis
2304 2970 2430 3027 vita:
2474 2975 2827 3043 primordium
2880 2986 2936 3033 et
2973 2991 3140 3032 causa
3182 2987 3311 3031 sunt
3350 2976 3603 3031 omnibus
3657 2976 3751 3033 Dei
3797 2978 3945 3035 lilits.

756 3080 859 3150 12
901 3077 1209 3133 Notandum
1241 3082 1328 3132 est
1357 3074 1647 3142 quosdam,
1679 3071 1751 3125 ita
1783 3076 1843 3124 ut
1878 3067 2140 3123 traditum
2172 3080 2270 3118 an-
2292 3067 2337 3131 C

683 3174 914 3243 tiquittts
960 3178 1065 3236 est,
1117 3169 1343 3234 referre,
1390 3165 1657 3222 Adamum
1710 3172 1931 3221 centum
1980 3173 2155 3216 annos
2206 3158 2260 3213 in

684 3264 947 3318 Paradiso
997 3262 1264 3332 exegisse.
1318 3260 1421 3313 Alii
1478 3260 1634 3312 tertia
1683 3258 1817 3313 hora
1873 3256 2055 3310 lictum
2108 3262 2264 3309 sexta

684 3372 967 3421 peccasse,
1020 3369 1163 3409 nona
1203 3354 1441 3422 ejectqu
1487 3351 1795 3420 perhibent,
1833 3363 1900 3403 eo
1943 3351 2265 3417 argumento

688 3458 926 3509 utentes.
962 3447 1107 3519 quod
1156 3447 1290 3500 hora
1341 3454 1495 3500 sexta
1542 3443 1801 3497 Dominus
1840 3440 1993 3495 cruci
2043 3435 2260 3501 afﬁxus.

686 3558 829 3596 nona
871 3556 971 3611 pro
1014 3542 1173 3595 nobis
1224 3552 1474 3593 mortuus
1514 3546 1619 3600 est,
1669 3537 1919 3589 fortassns
1950 3547 2015 3587 eo
2048 3543 2267 3600 quoque

684 3634 744 3689 in
777 3634 919 3687 hanc
956 3631 1177 3685 adducti
1220 3632 1532 3699 opinionem
1566 3627 1713 3698 quod
1745 3625 1847 3681 sub
1879 3638 2159 3694 vesperam
2198 3620 2266 3675 ad

685 3739 780 3779 eos
822 3723 974 3777 venit
1026 3721 1309 3777 Dominus.
1364 3718 1467 3775 Sed
1516 3720 1678 3775 triqu
1730 3717 1989 3771 horarum
2029 3713 2266 3784 spatium

686 3829 797 3883 quo
830 3813 883 3866 in
917 3813 1175 3883 paradiso
1207 3810 1450 3867 Adamus
1479 3817 1727 3864 moralus
1760 3809 1853 3873 sit,
1882 3808 2047 3862 breve
2074 3804 2267 3861 admo-

687 3908 814 3960 dum
852 3915 904 3959 et
937 3905 1104 3958 nimis
1140 3902 1464 3957 incredibile
1493 3908 1577 3956 est
1612 3916 1675 3955 ac
1714 3898 2114 3969 magniﬁcentia
2149 3896 2269 3965 ejus

686 3996 783 4065 qui
819 4000 1073 4049 universa
1112 3992 1703 4063 impervestigabihbus
1732 3990 2016 4059 sapientia:
2044 3988 2269 4059 judiciis

686 4088 995 4156 dispensat,
1024 4087 1326 4155 indignum.
1353 4083 1458 4149 Qui
1486 4084 1630 4138 enim
1665 4084 1718 4136 in
1748 4083 1924 4138 tribus
1966 4082 2091 4137 istis
2120 4082 2270 4136 horis

688 4178 930 4232 Adamus
977 4177 1043 4231 ad
1090 4178 1481 4247 imponendum
1525 4175 1781 4230 omnibus
1816 4174 2170 4231 terrestribus
2204 4187 2269 4227 ac

687 4271 1007 4324 volucribus
1041 4272 1262 4323 nomina
1302 4278 1516 4336 tempus
1555 4268 1878 4323 habuisset?
1914 4266 2145 4333 Quando
2183 4281 2270 4321 re-

690 4364 854 4433 liquis
900 4362 953 4417 in
1008 4364 1262 4432 paradiso
1312 4360 1581 4415 fructibus
1630 4360 1919 4423 vescendo,
1970 4361 2037 4414 ad
2080 4373 2268 4413 eorum

2443 3066 2565 3120 ’Ότι
2599 3069 2741 3132 τινὲς
2776 3072 2838 3123 ἐκ
2882 3070 3233 3141 παραδόσεως
3259 3072 3453 3125 ἑκατὸν
3489 3072 3581 3142 ἐτη
3617 3074 3708 3126 τὸν
3772 3074 3944 3146 Ἀδὰμ

2366 3160 2423 3211 tv
2448 3158 2524 3229 τῷ
2560 3160 2878 3231 Παραδείσῳ
2911 3163 3046 3231 φασὶ
3096 3163 3476 3233 πεποιηκέναι.
3517 3163 3700 3219 Ἀλλοι
3739 3165 3794 3219 δὲ
3831 3168 3945 3235 τρῖ-

2364 3266 2465 3318 την
2498 3250 2595 3321 μὲν
2625 3250 2773 3324 ὤραν
2797 3253 3130 3318 πεπλάσθαι,
3154 3254 3319 3324 ἕκτην
3335 3253 3419 3326 [Ρ.
3453 3254 3508 3328 6]
3531 3256 3586 3309 δὲ
3610 3257 3944 3328 παραϐῆναι,

2370 3343 2597 3416 ὲννάτην
2621 3344 2677 3398 δὲ
2709 3345 3092 3416 ἐκϐεϐλῆσθαι,
3114 3348 3177 3401 τὺ
3208 3351 3266 3402 tv
3287 3349 3419 3421 ἕκτῃ
3442 3349 3540 3420 μὲν
3569 3349 3688 3421 ὥρᾳ
3720 3351 3947 3403 ὲνσταυ-

2371 3438 2573 3507 ρῶσθαι
2618 3440 2710 3492 τὸν
2754 3438 2983 3509 Ἰησοῦν,
3022 3441 3218 3512 ὲννάτῃ
3263 3441 3319 3495 δὲ
3370 3441 3561 3496 τοῦτον
3616 3443 3755 3513 ὑπὲρ
3790 3444 3946 3513 ἡμῶν

2368 3531 2659 3584 ἀποθανεῖν
2682 3534 2981 3601 τεκμήριον
3024 3531 3319 3602 τιθέμενοι.
3354 3533 3513 3595 Ἴσως
3535 3534 3613 3599 δὲ,
3651 3535 3731 3588 ὃτι
3759 3536 3853 3588 καὶ
3891 3533 3952 3588 τὸ

2368 3622 2594 3676 δειλινὸν
2623 3620 2787 3694 ἦλθεν
2830 3626 2858 3677 6
2887 3625 3091 3694 Κύριος
3143 3624 3280 3695 πρὸς
3341 3626 3557 3690 αὐτοὺς,
3621 3629 3702 3690 είς
3747 3628 3949 3699 ταύτην

2369 3714 2736 3784 ὑπενεχθῆναι
2798 3715 2899 3786 τὴν
2953 3715 3235 3771 ὑπόνοιαν.
3296 3716 3490 3771 Στενὸν
3540 3718 3596 3771 δὲ
3645 3720 3839 3789 κομιδῇ
3893 3721 3952 3773 τὸ

2367 3807 2601 3877 τρίωρον
2632 3805 2733 3873 τῆς
2762 3807 2819 3859 tv
2852 3806 3165 3877 παραδείσῳ
3190 3806 3481 3877 διατριϐῆς
3527 3808 3621 3861 τοῦ
3668 3809 3949 3878 προπάτο-

2371 3915 2464 3967 ρος
2497 3898 2793 3967 διάστημα,
2846 3899 2945 3952 καὶ
2972 3898 3093 3952 λίαν
3125 3898 3389 3952 ἀπίθανον
3419 3899 3495 3963 ὠς
3543 3902 3641 3970 τῆς
3720 3904 3951 3970 μεγαλοο

2373 3989 2640 4061 πρεπείας
2677 3989 2773 4043 τοῦ
2803 3990 2871 4044 τὰ
2899 3990 3073 4045 πάντα
3101 3990 3503 4061 δυσθεωρήτοις
3524 3992 3713 4059 τεφέας
3749 3994 3950 4061 κρῖμα-

2376 4099 2459 4136 σιν
2477 4083 2889 4152 οἱκονομοῦντος
2906 4082 3143 4149 ἀνάξιον.
3167 4084 3302 4136 Πότε
3336 4082 3446 4153 γάρ
3479 4086 3539 4135 tv
3570 4085 3749 4153 τρισὶν
3781 4085 3952 4155 ὥραις

2375 4182 2651 4248 χερσαίοις
2683 4194 2742 4231 τε
2770 4180 2865 4231 καὶ
2894 4181 3115 4249 πτηνοῖς
3148 4180 3316 4233 πᾶσιν
3349 4179 3593 4249 ὀνόματα
3610 4179 3798 4232 καλεῖν
3838 4178 3951 4249 εἶχε

2374 4270 2603 4342 καιρόν;
2636 4270 2773 4324 Πότε
2806 4269 2863 4323 δὲ
2906 4270 3017 4324 τῶν
3058 4270 3235 4324 ἄλλων
3264 4272 3319 4324 tv
3348 4271 3426 4341 τῷ
3480 4271 3794 4342 παραδείσῳ
3824 4289 3960 4341 καρ-

2374 4362 2494 4416 πῶν
2552 4362 2860 4433 μετασχὼν,
2913 4362 3009 4415 καὶ
3068 4363 3170 4431 τῆς
3229 4362 3408 4415 αὐτῶν
3445 4362 3805 4433 μεταλήψεως
3857 4365 3953 4417 κό-

690 4454 973 4511 tiuitionis
1028 4455 1337 4508 satietatem
1397 4453 1687 4521 prolapsus
1750 4450 2102 4522 cupiditatem
2169 4465 2261 4519 gul

2377 4466 2469 4520 ρον
2499 4449 2701 4514 λαϐὼν,
2736 4452 2817 4513 είς
2860 4451 3160 4521 ἐπιθυμίαν
3199 4454 3299 4521 τῆς
3351 4451 3445 4504 τοῦ
3499 4454 3956 4521 ἀπηγορευμένου

686 4546 899 4604 standae
930 4546 1147 4600 arboris
1178 4561 1283 4615 qua
1313 4545 1361 4599 ei
1394 4544 1742 4598 interdictum
1777 4544 1897 4608 fuit,
1933 4545 1987 4596 in
2023 4542 2265 4596 animum

690 4637 1041 4694 induxisset?
1078 4637 1147 4693 Ut
1181 4636 1399 4690 noxiam
1437 4636 1753 4691 invidentite
1790 4634 2034 4691 fraudem
2064 4641 2118 4690 et
2148 4650 2268 4689 ser-

690 4730 873 4800 pentis
923 4729 989 4784 ad
1033 4729 1319 4784 mulierem
1362 4742 1653 4799 aggressus
1701 4735 1867 4797 atque
1908 4726 2269 4782 consultatio-

694 4838 819 4877 nem
847 4837 957 4876 non
991 4836 1435 4885 commemorem,
1466 4836 1591 4892 qute
1623 4821 1739 4891 ipsa
1768 4819 2003 4890 amplius
2032 4835 2098 4875 eo
2131 4828 2272 4875 tem-

693 4930 798 4986 pus
841 4914 1214 4984 requirebant.
1264 4914 1605 4985 Quapmpter
1648 4915 1932 4985 probabile
1974 4913 2269 4967 admodum

692 5021 758 5061 ac
796 5006 1061 5061 credibile
1104 5018 1188 5061 est
1233 5016 1386 5061 sexta
1434 5008 1522 5061 die
1554 5015 1609 5061 et
1648 5016 1800 5062 sexta
1843 5006 1972 5061 hora
2012 5005 2269 5060 delictum

697 5096 831 5150 illud
863 5095 929 5149 ab
966 5095 1033 5150 iis
1069 5097 1394 5160 admissum,
1434 5111 1687 5164 nonaque
1718 5096 1964 5165 ejusdem
1999 5096 2105 5150 diei
2139 5096 2271 5149 hora

698 5190 963 5245 l‘aradiso
994 5206 1056 5246 ac
1093 5193 1201 5245 vita
1234 5192 1306 5245 ob
1334 5192 1597 5245 violatum
1634 5191 1724 5246 Dei
1767 5190 2084 5245 mandatum
2126 5191 2274 5243 exci-

697 5282 851 5337 disse
890 5297 903 5334 :
946 5282 1044 5337 sed
1080 5297 1223 5337 anno
1264 5282 1485 5337 demum
1520 5282 1752 5350 septimo
1788 5282 1841 5335 id
1879 5281 2104 5344 factum,
2132 5281 2274 5334 sicut

697 5388 765 5427 ex
798 5372 1040 5442 antiquis
1072 5373 1295 5442 quidam
1331 5373 1780 5442 pronuntiarunt.
1829 5372 1989 5441 Atqui
2037 5370 2273 5425 Joannes

701 5466 1130 5535 Chrysostomus
1164 5466 1247 5519 vir
1289 5466 1473 5533 magni
1526 5466 1669 5519 inter
1714 5464 1968 5519 doctores
2012 5466 2272 5529 nominis,

701 5559 759 5612 in
787 5558 1129 5629 expositione
1159 5558 1303 5612 sacri
1338 5556 1612 5626 Evangelii
1645 5556 1788 5626 quod
1820 5572 1847 5610 a
1874 5555 2111 5609 Mattheo
2146 5571 2275 5609 (0n-

704 5651 968 5718 scriptum
1008 5650 1133 5715 fuit,
1164 5660 1314 5704 sexta
1348 5649 1433 5704 die
1465 5651 1651 5719 primae
1677 5649 1778 5719 13
1804 5650 2143 5718 septimana},
2174 5651 2275 5704 hoc

700 5748 785 5796 est
818 5742 904 5796 die
960 5742 1250 5798 efﬁctionis
1292 5742 1505 5805 Adamt,
1543 5743 1688 5796 hunc
1731 5750 1784 5796 et
1821 5739 2274 5796 Evaml’aradiso

701 5835 904 5904 ejectos
933 5836 1025 5889 ait.
1058 5835 1157 5889 Cui
1188 5844 1239 5891 et
1274 5851 1374 5892 nos
1405 5833 1561 5890 {idem
1598 5834 1880 5901 habemus,
1914 5849 2090 5904 neque
2136 5834 2273 5889 ulte-

2372 4540 2531 4607 ξύλου
2567 4541 2809 4608 γεύσεως
2845 4540 3103 4611 ἐλήλυθεν
3126 4557 3139 4607 ;
3167 4542 3283 4595 Ἵνα
3312 4542 3387 4612 μὴ
3405 4541 3548 4610 λέγω
3569 4546 3667 4611 τὴν
3690 4544 3957 4613 ἐπήρειαν

2371 4633 2473 4703 τῆς
2510 4632 2810 4702 βασκανίας
2843 4634 2938 4687 καὶ
2965 4635 3064 4701 τῆς
3093 4632 3188 4685 τοῦ
3211 4632 3388 4700 ὄφεως
3423 4634 3559 4703 πρὸς
3584 4632 3683 4704 τὴν
3713 4636 3951 4703 γυναῖκα

2373 4724 2683 4795 προσϐολῆς
2719 4724 2813 4777 καὶ
2850 4722 3181 4793 συμϐουλίας
3207 4741 3220 4755 ’
3254 4724 3350 4778 καὶ
3379 4723 3489 4794 γὰρ
3524 4724 3661 4794 αὐτὴ
3709 4726 3956 4789 πλείονος

2373 4814 2545 4867 ἐδεῖτο
2577 4815 2676 4884 τῆς
2715 4814 2808 4867 τοῦ
2841 4815 3033 4885 χρόνου
3060 4815 3271 4885 τριϐῆς.
3307 4816 3407 4868 Διά
3426 4816 3585 4869 τοῦτο
3607 4817 3706 4887 μὲν
3729 4817 3787 4871 ἐν
3815 4818 3955 4890 ἕκτῃ

2374 4906 2559 4979 ἡμέρᾳ
2589 4908 2684 4961 καὶ
2709 4908 2765 4959 tv
2795 4908 2933 4979 ἕκτῃ
2960 4906 3081 4977 ὥρᾳ
3102 4907 3472 4978 τετολμῆσθαι
3500 4910 3599 4978 τὴν
3620 4910 3955 4979 παράϐασιν,

2373 4998 2569 5070 ἔννάτῃ
2589 4998 2644 5051 δὲ
2673 4995 2791 5068 ὥρα
2808 4999 2905 5068 τῆς
2930 5000 3101 5068 αὐτῆς
3145 4999 3359 5069 ἡμέρας
3389 4999 3482 5053 τοῦ
3510 5001 3845 5070 Παραδείσου
3863 5004 3960 5055 καὶ

2374 5091 2475 5159 τῆς
2498 5093 2554 5142 tv
2584 5091 2732 5160 αὐτῷ
2760 5092 2904 5160 ζωῆς
2942 5094 3070 5155 τοὺς
3104 5092 3481 5162 ἀθετήσαντας
3522 5096 3777 5147 ἐκπεσεῖν
3823 5096 3958 5164 asco-

2375 5185 2479 5255 δρα
2500 5183 2725 5239 πιθανὸν
2766 5186 2863 5238 καὶ
2899 5186 3108 5248 πιστὸν,
3141 5187 3209 5239 δι’
3241 5187 3377 5239 ἐτῶν
3405 5186 3463 5239 δὲ
3489 5187 3632 5241 ἑπτὰ
3669 5188 3828 5241 τοῦτο
3870 5206 3957 5255 γε.

2375 5280 2584 5345 νέσθαι,
2619 5280 2694 5344 ὡς
2721 5281 2829 5333 τῶν
2864 5281 3251 5353 πρεσϐυτέρων
3304 5281 3450 5344 τινὲς
3477 5283 3847 5353 ἀπεφήναντο.
3890 5283 3949 5336 '0

2374 5374 2433 5427 δέ
2456 5391 2519 5441 γε
2552 5374 2727 5442 μέγας
2746 5375 2805 5427 tv
2835 5374 3179 5437 διδασκάλοις
3218 5375 3470 5443 Ἰωάννης
3489 5375 3517 5426 6
3546 5374 3957 5444 Χρυσόστομος,

2378 5466 2432 5517 ὲν
2460 5468 2524 5534 τῇ
2555 5466 2824 5536 ἑρμηνείᾳ.
2846 5466 2939 5518 τοῦ
2964 5466 3105 5519 κα.τά
3126 5465 3401 5519 Ματθαῖον
3421 5465 3576 5533 ἀγίου
3596 5467 3746 5533 Εὐαγ
3763 5467 3960 5534 γελίον,

2378 5560 2445 5626 τῇ
2482 5558 2617 5626 ἕκτῃ
2652 5558 2835 5627 ἡμέρᾳ
2874 5558 2975 5626 τῆς
3006 5556 3230 5627 πρώτης
3271 5558 3588 5626 ἑϐδομάδος,
3617 5559 3869 5610 τουτέστι
3892 5560 3959 5628 τῇ

2378 5650 2517 5719 αὐτῇ
2562 5650 2743 5719 ἡμέρᾳ
2772 5649 2872 5717 τῆς
2912 5649 3161 5712 πλάσεως
3196 5648 3383 5711 αὐτοῦ,
3428 5650 3576 5718 λέγει
3630 5650 3722 5702 τὸν
3785 5651 3961 5718 Ἀδὰμ.

2379 5741 2711 5811 ἐκϐληθῆναι
2767 5741 2860 5794 τοῦ
2906 5740 3239 5810 Παραδείσου
3277 5742 3370 5795 καὶ
3428 5743 3526 5811 τὴν
3564 5742 3705 5795 Εὕαν
3741 5759 3749 5768 ·
3796 5735 3839 5809 ᾧ
3866 5744 3963 5796 καὶ

2388 5832 2550 5901 ἡμεῖς
2582 5830 2902 5902 πειθόμεθα.
2946 5832 3055 5887 Καὶ
3082 5833 3141 5887 οὐ
3188 5831 3293 5904 χρὴ
3322 5832 3503 5904 ζητεῖν
3549 5832 3857 5903 περαιτέρω
3894 5832 3964 5885 τὰ
