4184 6436
191 434 238 497 3]
1209 408 1755 476 IIISTORIARUM
1789 404 2175 467 COMPENDI
2189 403 2300 463 UM
2314 457 2326 467 .
3352 399 3422 461 38

191 564 235 636 τῇ
265 553 598 622 θεοπνεύστῳ
649 551 843 620 Γραφῇ
895 546 1000 600 ὑπὸ
1036 543 1129 597 τοῦ
1186 543 1342 612 ἁγίου
1409 536 1727 609 Πνεύματος

1837 538 1952 590 rius
1991 532 2317 603 inquirenda
2349 538 2480 586 sunt
2507 543 2629 600 qua:
2659 527 2896 600 Spiritus
2929 536 3157 586 sanctus
3192 528 3250 582 in
3288 528 3430 585 divi-

193 630 511 717 σέσιγημένα,
547 642 635 695 ἵνα
682 641 757 712 μὴ
808 635 931 692 ἀντὶ
958 635 1188 708 κέρδους
1225 630 1427 704 μικροῦ
1485 630 1729 701 μεγάλην

189 736 573 806 ἑπισπασώμεθα
611 733 840 804 ζημίαν.

239 833 298 885 Τὸ
319 832 372 884 δὲ
404 829 696 901 εἰρημένον
745 824 827 877 ὅτι
867 842 884 876 ι
927 820 1100 891 Ἀδὰμ
1130 818 1358 887 γέγονεν
1404 817 1481 880 ὼς
1528 811 1609 878 εἷς
1672 812 1734 876 ἐξ

189 925 325 997 ἡμῶν,
346 941 365 974 ι
392 923 491 991 οὐχ
507 922 580 984 ὼς
600 916 669 970 δι’
683 915 966 978 ἀπειθείας
989 914 1083 965 ἐπὶ
1105 909 1308 963 κακίαν
1327 907 1728 977 προκόψαντος,

192 1016 295 1074 ἀλλὰ
315 1013 399 1068 διὰ
429 1014 490 1066 τὸ
521 1008 826 1080 εἰρηκέναι,
859 1026 877 1057 ι
923 1005 1060 1057 Κατ’
1095 1003 1280 1055 εἰκόνα
1313 999 1450 1054 Θεοῦ
1475 997 1730 1067 ἐποίησεν

190 1111 336 1166 αὐτόν.
369 1127 388 1159 ι
417 1102 581 1157 Ἀλλὰ
600 1103 674 1173 μή
711 1118 793 1163 τις
813 1095 1060 1168 ὑπολάϐῃ
1084 1097 1166 1149 ὅτι
1191 1096 1253 1148 τὸ
1288 1093 1446 1160 ξύλον
1473 1090 1731 1160 τοιαύτης

190 1201 240 1276 ἦν
265 1203 464 1272 φύσεως
491 1199 566 1261 ὡς
590 1195 795 1263 γνῶσιν
821 1191 1083 1262 παρέχειν
1101 1187 1273 1244 καλοῦ
1299 1187 1393 1240 καὶ
1418 1184 1615 1239 κακοῦ.
1653 1183 1728 1234 Οὐ

189 1275 343 1365 γὰρῆν
369 1309 420 1344 τι
455 1286 720 1362 βλαϐερὸν
749 1286 807 1337 ἐν
844 1284 1186 1355 Παραδείσῳ,
1214 1281 1339 1350 ὅρος
1355 1280 1412 1333 δὲ
1445 1278 1609 1345 ἐτέθη
1639 1275 1732 1328 ἐπὶ

188 1386 247 1458 τῷ
260 1385 392 1455 φυτῷ
405 1382 541 1452 πρὸς
573 1377 885 1449 γυμνασίαν
905 1376 1004 1441 τῆς
1019 1371 1483 1445 ἐλευθεριότητος.
1509 1369 1621 1421 Καὶ
1650 1369 1730 1422 ὅτι

187 1481 233 1535 οὐ
249 1481 298 1534 τὸ
320 1477 468 1541 ξύλον
491 1474 664 1527 αἴτιον
684 1471 942 1541 γνώσεως
962 1466 1040 1537 τῷ
1091 1466 1263 1535 Ἀδάμ
1294 1464 1511 1532 γέγονε,
1528 1460 1690 1530 δῆλον
1711 1478 1725 1493 ο

188 1578 212 1642 ὴ
236 1573 322 1641 γὰρ
347 1567 532 1638 ἐντολὴ
566 1567 643 1629 ὡς
685 1565 821 1632 πρὸς
848 1561 1028 1613 εἰδότα
1048 1559 1218 1628 ἄμφω
1241 1555 1424 1626 ἐδόθη,
1459 1556 1522 1608 τό
1542 1572 1601 1607 τε
1627 1570 1730 1608 κα-

188 1667 256 1718 λὸν
272 1664 354 1717 καὶ
382 1659 642 1729 πονηρὸν,
670 1657 770 1724 τήν
795 1671 850 1707 τε
879 1652 1125 1720 ὑπακοὴν
1159 1650 1254 1702 καὶ
1280 1649 1379 1720 τὴν
1416 1647 1727 1718 παρακοὴν,

185 1755 356 1824 ὥστεή
407 1753 612 1820 γνῶσις
664 1744 937 1815 προῦλαϐε
966 1743 1065 1813 τὴν
1119 1740 1614 1810 ὲντολήν.Δέδοται
1672 1737 1731 1791 δὲ

185 1849 292 1918 αῦτη
313 1847 390 1898 διὰ
412 1843 497 1906 τὸ,
520 1842 594 1905 ὡς
649 1842 886 1909 είρηται,
930 1831 1260 1901 αὑτεξουσίῳ
1293 1830 1598 1899 βουλήματι
1647 1845 1729 1882 κι-

184 1940 400 2012 νούμενον
431 1937 526 1990 τὸν
579 1933 889 2003 ἄνθρωπον,
925 1927 1016 1980 ἐπ’
1043 1924 1228 1987 ἀδείας
1265 1939 1326 1974 τε
1381 1921 1576 1992 ἔχοντα
1618 1921 1728 1974 ἀπὸ

185 2034 363 2086 πάντων
391 2024 834 2100 μεταλαμϐάνειν
866 2021 976 2075 τῶν
1009 2017 1185 2072 ἄλλων
1217 2014 1473 2085 δένδρων,
1509 2014 1628 2076 ἑνὸς
1672 2012 1730 2064 δὲ

186 2125 314 2193 μόνου
342 2125 490 2190 νόμῳ
528 2115 1006 2189 προσταττόμενον
1055 2106 1385 2178 ἀπέχεσθαι,
1428 2107 1522 2161 καὶ
1562 2103 1729 2174 γινώ-

185 2231 304 2266 σκειν
329 2213 398 2274 ὡς
423 2213 531 2264 ὑπὸ
551 2204 952 2278 δεσπότηνὲστὶ
979 2201 1070 2256 τὸν
1095 2204 1186 2255 καὶ
1200 2201 1300 2270 τὴν
1326 2199 1548 2268 ἐντολὴν
1567 2199 1729 2250 δεδω-

180 2309 304 2362 κότα.
352 2305 423 2358 Τὸ
493 2304 573 2366 δὲ,
630 2322 650 2354 ‹
707 2295 1100 2369 Διηνοίχθησαν
1177 2293 1360 2348 αὐτῶν
1411 2294 1458 2346 οἱ
1524 2289 1728 2359 ὀφθαλ-

185 2404 274 2466 μοὶ,
320 2416 339 2449 ι
368 2399 471 2469 οὐχ
513 2397 590 2460 ὡς
640 2395 763 2449 τότε
807 2390 1121 2464 βλεψάντων
1157 2388 1241 2463 [Ρ.
1279 2387 1334 2460 η
1366 2387 1475 2441 τῶν
1521 2404 1732 2458 πρωτο-

179 2495 394 2550 τλάστων
424 2493 647 2564 εἴρηται
675 2491 1002 2563 (δείκνυνται
1049 2487 1159 2556 γὰρ
1191 2484 1288 2537 καὶ
1312 2480 1418 2552 πρὸ
1449 2481 1548 2551 τῆς
1585 2478 1730 2550 βρώο

179 2603 289 2649 σεως
335 2586 572 2656 δρῶντες
612 2588 676 2635 ἐκ
725 2581 820 2635 τοῦ
848 2579 1132 2649 λέγεσθαι-
1169 2593 1187 2626 ι
1218 2573 1329 2627 Καὶ
1359 2569 1500 2626 εἶδεν
1528 2574 1560 2642 ἡ
1591 2571 1728 2643 γυνὴ

175 2683 238 2731 ὅτι
260 2677 408 2733 καλὸν
438 2676 503 2731 τὸ
530 2677 688 2742 ξύλον
726 2676 805 2737 είς
839 2673 1044 2743 βρῶσιν
1072 2669 1169 2722 καὶ
1221 2669 1304 2721 ὅτι
1337 2666 1564 2736 ἀρεστόν
1612 2668 1728 2718 ἐστι

175 2775 264 2836 τοῖς
283 2770 580 2841 ὀφθαλμοῖς
607 2767 735 2820 ἰδεῖν
772 2765 843 2835 ›),
871 2765 988 2819 ἀλλ’
1023 2764 1100 2827 ὡς
1127 2762 1186 2815 τὸ
1209 2761 1576 2833 ἁπειρόκακον
1595 2760 1731 2813 ἀπο-

177 2861 385 2930 θεμένων
413 2859 504 2914 διὰ
530 2856 918 2928 παραϐάσεως,
949 2853 977 2906 ὃ
998 2854 1092 2906 καὶ
1123 2851 1221 2924 τὴν
1250 2851 1535 2920 γύμνωσιν
1573 2847 1731 2902 ἀδιά-

174 2972 309 3025 φορον
359 2952 664 3023 παρέσχεντ
701 2948 914 3020 ἐρρήθη
943 2947 1028 2999 ὅτι
1059 2943 1448 3014 διηνοίχθησαν
1474 2940 1656 2994 αὐτῶν
1677 2941 1730 2992 οἱ

173 3047 426 3117 ὀφθαλμοί.
459 3045 687 3112 Πέφυκε
720 3041 829 3109 γὰρ
848 3041 875 3092 6
902 3035 1183 3105 ὀφθαλμὸς
1217 3035 1362 3096 ἄπας
1397 3033 1503 3088 ὑπὸ
1527 3033 1620 3086 τοῦ
1643 3034 1732 3086 λο-

171 3138 339 3206 γισμοῦ
398 3131 777 3202 διεγείρεσθαι
834 3129 969 3200 πρὸς
997 3127 1034 3181 ἃ
1063 3127 1252 3196 βλέπει
1292 3142 1304 3156 ·
1341 3125 1554 3178 σύνεσιν
1621 3125 1729 3194 γὰρ

1836 629 1989 682 nitus
2012 624 2297 694 inspiratis
2325 622 2549 677 Litteris
2574 621 2815 682 reticuit,
2839 635 2908 675 ne
2939 621 3056 677 loco
3081 620 3264 690 exigui
3286 619 3426 677 lucri

1834 731 2088 787 magnam
2118 717 2276 771 nobis
2308 728 2656 770 accersamus
2688 713 2976 768 damnum.

1907 809 2061 873 Quod
2110 815 2296 862 autem
2353 806 2559 861 dictum
2611 814 2716 872 est,
2759 824 2779 857 ι
2826 803 3072 858 Adamus
3117 804 3295 861 factus
3342 811 3432 861 est

1836 910 2098 971 tanquam
2141 915 2288 956 unus
2320 914 2386 953 ex
2419 899 2600 967 nobis,
2637 918 2654 951 ι
2698 913 2811 954 non
2851 912 2920 953 eo
2962 895 3311 952 referendum
3345 907 3434 954 est

1836 996 1982 1065 quod
2026 1011 2124 1064 per
2169 992 2600 1048 inobedicntiam
2645 992 2697 1046 in
2736 993 2929 1048 vitium
2968 991 3196 1055 excidit,
3236 992 3330 1046 sed
3365 991 3434 1047 ad

1836 1087 1890 1142 id
1936 1090 2080 1159 quod
2115 1086 2322 1140 dictum
2357 1084 2459 1138 fuit
2487 1102 2500 1137 :
2530 1103 2547 1136 ι
2583 1084 2665 1137 Ad
2707 1085 2999 1156 imaginem
3044 1083 3139 1140 Dei
3184 1085 3433 1140 condidit

1839 1195 1988 1236 eum.
2027 1199 2044 1230 ι
2084 1177 2276 1247 Neque
2310 1177 2525 1248 Opinari
2559 1178 2850 1246 quisquam
2881 1177 3038 1232 debet
3069 1178 3276 1246 lignum
3311 1177 3436 1248 ejus

1835 1270 2006 1326 fuisse
2041 1280 2249 1322 naturae
2280 1277 2339 1322 ut
2379 1269 2504 1322 boni
2541 1267 2781 1337 malique
2817 1267 3071 1322 notitiam
3109 1269 3379 1337 praeberet
3414 1285 3430 1322 :

1834 1364 1972 1420 nihil
2003 1363 2146 1416 enim
2183 1363 2236 1415 in
2274 1361 2541 1417 Paradiso
2573 1369 2693 1416 erat
2725 1361 2976 1416 noxium.
2999 1361 3105 1416 Sed
3134 1363 3250 1416 haec
3274 1362 3436 1416 arbor

1833 1453 2051 1510 termini
2076 1455 2192 1508 loco
2215 1463 2418 1509 statuta
2437 1462 2543 1517 est,
2570 1460 2630 1507 ut
2660 1467 2807 1522 esset
2826 1453 3098 1509 libertatis
3118 1453 3438 1508 exercenda:

1835 1550 2105 1602 materies.
2125 1550 2198 1600 Ac
2214 1547 2386 1616 liquet
2404 1547 2654 1600 arborem
2680 1545 2890 1599 Adamo
2902 1561 3010 1601 non
3027 1545 3196 1600 fuisse
3209 1560 3434 1601 causam

1835 1641 2416 1711 cognitionis,quando
2434 1646 2765 1706 praeceptum
2785 1640 2835 1690 ei
2859 1634 3118 1708 tanquam
3145 1639 3437 1706 utriusque

1834 1733 2145 1801 cognitione
2168 1731 2397 1800 prmditu
2415 1729 2605 1784 datum
2627 1728 2901 1792 est,boni,
2921 1729 3170 1799 inquam,
3193 1724 3246 1784 et
3282 1728 3434 1793 mali,

1833 1824 2159 1880 obedientiae
2206 1832 2260 1876 et
2310 1822 2698 1876 contumaciae.
2763 1817 2954 1890 Itaque
3004 1821 3250 1890 cognitio
3294 1834 3437 1890 prae—

1837 1926 2054 1986 ceptum
2090 1925 2413 1986 antegressa
2448 1920 2552 1968 est.
2607 1911 2720 1966 Hoc
2753 1920 2936 1966 autem
2979 1911 3166 1966 datum
3209 1922 3314 1977 est,
3355 1917 3436 1980 ut,

1839 2007 2302 2077 quemadmodum
2348 2004 2615 2069 diximus,
2655 2003 2960 2066 voluntate,
2988 2003 3150 2070 cujus
3185 2003 3298 2072 ipse
3337 2017 3434 2071 po-

1844 2107 2098 2155 testalem
2147 2098 2441 2156 obtineret.
2496 2105 2679 2151 motus
2726 2095 2910 2158 homo,
2965 2095 3235 2165 permisso
3284 2096 3333 2149 ei
3379 2104 3437 2151 ut

1842 2191 2116 2246 fructibus
2151 2189 2396 2244 omnium
2434 2189 2772 2256 reliquarum
2806 2187 3068 2242 arborum
3101 2194 3435 2252 vesceretur,

1840 2300 2060 2355 unaque
2094 2291 2305 2338 tantum
2345 2292 2403 2336 ut
2442 2281 2751 2336 abstineret
2787 2283 3076 2351 imperato,
3109 2279 3437 2349 intelligeret

1839 2392 1897 2431 sc
1935 2376 2038 2430 sub
2081 2375 2315 2428 Domino
2353 2373 2518 2428 istius
2557 2371 2807 2425 mandati
2851 2378 3077 2423 auctore
3115 2385 3260 2424 esse.
3308 2367 3435 2424 H310
3485 2416 3491 2424 .

1841 2474 2043 2533 autem,
2097 2483 2115 2518 ι
2142 2465 2330 2536 Aperti
2366 2474 2492 2519 sunt
2528 2479 2718 2519 eorum
2760 2464 2928 2529 oculi,
2966 2481 2984 2515 ι
3035 2478 3142 2517 non
3183 2463 3439 2517 dicuntur

1840 2564 1994 2635 quasi
2022 2571 2136 2616 tum
2161 2563 2380 2614 demum
2408 2560 2592 2614 videre
2627 2558 3065 2628 cmperint(nam
3081 2561 3200 2614 visu
3227 2558 3435 2629 praediti

1837 2652 2003 2715 etiam
2024 2665 2148 2709 ante
2170 2670 2325 2710 esum
2349 2654 2802 2708 demonstrantur
2840 2669 2904 2707 ex
2935 2653 3021 2707 his
3056 2652 3258 2720 verbis,
3298 2671 3314 2704 ι
3349 2653 3439 2706 Vi-

1839 2747 2033 2816 ditque
2075 2744 2274 2797 mulier
2314 2744 2569 2797 arborem
2607 2751 2662 2799 et
2699 2742 2766 2797 ad
2807 2758 2959 2797 esum
3004 2745 3346 2798 commodam
3383 2751 3439 2799 et

1839 2846 2063 2907 aspectu
2105 2844 2314 2906 gratam
2349 2854 2365 2885 ι
2393 2835 2432 2903 ),
2481 2835 2576 2889 sed
2614 2849 2679 2890 eo
2728 2835 3027 2903 pertinent,
3064 2835 3209 2905 quod
3246 2851 3309 2890 eo
3342 2835 3439 2889 de-

1848 2929 1984 2983 licto
2073 2929 2253 2983 omnis
2304 2929 2431 2981 mali
2485 2928 2908 2997 ignorationem,
2961 2944 3084 2998 quae
3133 2929 3436 2984 nuditatem

1844 3023 1948 3094 15.
1980 3036 2202 3090 quoque
2231 3021 2310 3075 eis
2342 3019 2743 3077 indifferentem
2779 3019 3082 3090 redegerat,
3108 3021 3433 3076 amiserunt.

1838 3117 2035 3171 Omnis
2080 3116 2225 3168 enim
2274 3114 2492 3174 oculus,
2531 3128 2656 3167 cum
2698 3113 2815 3179 ipse
2856 3127 2885 3165 a
2928 3128 3048 3165 sese
3092 3112 3434 3166 intellectum

172 3205 480 3282 κιθίὲαυτδν
532 3223 697 3283 αὐτὸς
749 3221 850 3272 ούκ
895 3218 1028 3286 ἔχει.
1065 3216 1230 3268 Ὥστε
1282 3215 1546 3276 πολλάκις
1593 3215 1730 3284 πρὸς

1843 3225 1953 3265 non
1992 3207 2206 3272 habeat,
2243 3222 2305 3261 ea
2333 3213 2414 3259 est
2442 3213 2640 3258 natura
2673 3213 2730 3259 ut
2762 3220 2788 3257 a
2821 3205 3032 3260 ratione
3061 3205 3126 3259 ad
3159 3207 3433 3274 objectnm

167 3326 301 3393 ξτερα
328 3325 424 3391 τῆς
461 3317 710 3378 διανοίας
737 3309 1143 3382 ἀσχολουμένης
1177 3307 1380 3377 τυφλοῦ
1407 3308 1563 3378 δίκην
1593 3323 1733 3379 παρ-

167 3415 406 3486 ερχόμεθα
450 3411 627 3464 ἐνίοτε
662 3405 760 3460 καὶ
785 3404 874 3457 τὸν
902 3403 1044 3455 πάνυ
1065 3399 1362 3471 γνώριμον,
1391 3402 1485 3453 καὶ
1512 3400 1735 3454 ἐπειδὰν

169 3507 519 3574 ἐγκληθῶμεν,
550 3503 618 3572 τῇ
639 3498 868 3568 ἀσχολίᾳ
894 3495 986 3547 τοῦ
1017 3493 1282 3561 λογισμοῦ
1314 3492 1376 3545 τὸ
1398 3492 1572 3546 αἴτιον
1598 3493 1729 3546 ἀνα-

166 3597 374 3659 τιθέντες
424 3588 870 3658 ἀπολογούμεθα.
911 3583 1102 3653 Οῦτως
1147 3585 1240 3639 οῦν
1285 3587 1314 3637 6
1357 3582 1528 3652 Ἀδὰμ
1571 3581 1666 3634 καὶ
1698 3583 1731 3650 ἡ

167 3687 255 3739 Εὕα
274 3690 336 3755 τῇ
388 3685 651 3753 αἰσθήσει
702 3678 796 3732 τοῦ
830 3677 921 3731 νοῦ
957 3680 1096 3752 πρὸς
1129 3677 1230 3748 τὴν
1287 3675 1410 3744 ὄψιν
1440 3674 1732 3744 διηγέρθη-

167 3798 261 3834 σιν.
292 3781 361 3832 Τὸ
390 3778 529 3848 γὰρ,
568 3795 589 3827 ι
620 3776 863 3842 ἔγνωσαν
883 3774 964 3824 ὅτι
993 3771 1192 3840 γυμνοὶ
1221 3765 1419 3838 ﬁam,»
1452 3766 1730 3819 ἀποκάλυ-

166 3871 236 3937 ψιν
265 3866 644 3940 σημαίνειτὴν
678 3863 1047 3933 ἐγγενομένην
1073 3861 1151 3930 τῷ
1177 3857 1445 3929 λογισμῷ,
1474 3859 1574 3911 ούκ
1597 3857 1729 3911 ἀνά-

163 3962 324 4029 ϐλεψιν
369 3958 705 4029 ὀφθαλμῶν.
738 3957 1084 4025 Λεχθήσεται
1132 3951 1188 4004 δὲ
1226 3952 1467 4015 κάκεῖνο,
1493 3951 1576 4003 ὅτι
1625 3950 1732 4020 πρὸ

163 4052 238 4120 τῆς
267 4053 575 4115 ἀπειθείας,
609 4046 795 4114 ἐπειδὴ
827 4047 1022 4115 καιρὸν
1050 4045 1152 4096 ούκ
1175 4041 1288 4113 εἶχε
1313 4042 1382 4095 τὰ
1407 4041 1506 4111 τῆς
1539 4042 1732 4094 παιδο-

162 4144 335 4208 ποιίας,
363 4145 468 4195 οὐκ
495 4141 712 4194 ἐδέδοτο
762 4138 913 4208 παρὰ
943 4138 1077 4190 Θεοῦ
1117 4139 1149 4207 ὴ
1212 4136 1599 4206 παρατήρησις
1633 4135 1733 4203 τῆς

160 4236 491 4303 γυμνώσεως,
522 4232 665 4286 ἀλλὰ
725 4230 990 4284 διετέλουν
1024 4231 1100 4292 ὡς
1152 4229 1404 4299 ἄσαρκοι,
1458 4227 1731 4297 σαρκικῆς

157 4329 420 4394 διαθέσεως
459 4328 628 4381 οὔπω
660 4326 851 4396 καιρὸν
881 4324 1112 4394 ἔχοντες.
1165 4320 1385 4391 Ἐπειδὴ
1412 4321 1467 4374 δὲ
1492 4323 1525 4390 ή
1572 4321 1732 4373 ἀπεί-

158 4422 254 4476 θεια
275 4421 644 4491 ἑπισυμϐᾱσα
675 4418 737 4469 τὸ
772 4415 963 4487 θνητὸν
994 4413 1337 4482 ἐπηγάγετο,
1370 4411 1731 4474 είκότωςλοι-

155 4514 234 4564 πον
272 4514 489 4584 ἐνεδόθη
555 4510 772 4572 τούτοις
827 4510 861 4579 ἠ
916 4507 1052 4579 πρὸς
1084 4505 1350 4577 ἀλλήλους
1397 4504 1559 4567 αἰδώς
1589 4516 1605 4535 ⁸
1638 4503 1731 4558 καὶ

155 4608 448 4676 ⁸νενοήκιισιν
482 4605 724 4673 ὕστερον
781 4601 889 4654 τῶν
917 4599 1238 4670 ⁵σχημάτων
1288 4597 1389 4667 τὴν
1444 4596 1732 4668 διαφορὰν,

157 4699 627 4770 προθεωρηθεῖσαν
657 4695 735 4764 τῷ
755 4693 1034 4764 πλάσματι
1064 4691 1202 4762 πρὸς
1223 4689 1284 4744 τὸ
1306 4690 1606 4757 ἀναγκαῖον
1629 4691 1730 4759 τῆς

159 4787 228 4840 τοῦ
254 4790 441 4856 γένους
477 4785 772 4854 διαδοχῆς.
811 4784 908 4837 Ἐκ
939 4783 1157 4853 φύλλων
1185 4781 1244 4834 δὲ
1276 4781 1444 4852 συκῆς
1463 4780 1730 4850 ἐποίησαν

154 4874 334 4941 ἑαυτοῖς
360 4876 764 4949 περιζώματα,
793 4875 1180 4942 αἰνιττομένων
1213 4871 1305 4924 διὰ
1327 4869 1422 4924 τοῦ
1448 4868 1605 4935 ξύλου
1639 4870 1730 4922 τὸν

153 4970 321 5037 τρόπον
341 4973 442 5040 τῆς
474 4967 876 5039 κακοπραγίας
901 4983 914 4998 ⁸
946 4966 1023 5028 ὡς
1051 4963 1160 5037 γὰρ
1189 4963 1320 5035 ἡδὺς
1346 4964 1374 5017 ὁ
1400 4963 1608 5034 καρπὸς
1632 4962 1729 5030 τῆς

155 5064 317 5134 συκῆς,
358 5063 544 5136 τραχὺ
589 5062 653 5116 δὲ
709 5062 803 5115 καὶ
831 5059 1163 5132 πικρότατον
1204 5056 1263 5110 τὸ
1309 5057 1528 5136 φύλλον,
1589 5054 1730 5108 οὕτω

154 5130 273 5208 πᾶσα
307 5130 583 5229 δάμαρτία
627 5156 686 5206 ὲν
730 5154 828 5223 μὲν
879 5130 946 5224 τῇ
1005 5150 1205 5222 πράξει
1248 5130 1522 5202 δείκνυται
1551 5149 1726 5218 ἡδεῖα,

155 5252 267 5315 μετὰ
293 5251 348 5304 δὲ
369 5249 557 5304 ταῦτα
617 5246 814 5316 ὀδύνην
856 5245 1082 5315 παρέχει
1112 5244 1190 5312 τῷ
1240 5242 1565 5312 πεπραχότι.
1594 5240 1730 5309 Περὶ

154 5337 195 5388 ῐὲ
222 5341 318 5391 τῶν
346 5338 716 5411 δερματίνων
739 5335 982 5407 χιτώνων
1017 5335 1181 5404 φησιν
1204 5335 1232 5387 6
1250 5333 1494 5401 θεολόγος
1519 5331 1730 5402 Γρηγόο

155 5447 244 5493 ιιος
280 5434 359 5486 ὅτι
390 5432 608 5503 θνητὸν
651 5429 818 5482 αὐτὸν
878 5429 1198 5497 ἀπεφήνατο
1225 5429 1253 5480 6
1282 5425 1414 5489 Θεὸς
1441 5425 1730 5496 νεκρότητι

154 5523 489 5591 πιριϐάλλων.
530 5522 717 5576 Τοῦτο
739 5520 847 5589 γὰρ
865 5522 913 5572 oi
941 5518 1252 5590 δερμάτινοι
1281 5516 1510 5588 χιτῶνες
1529 5515 1730 5586 σημαί-

152 5629 213 5665 νει
240 5618 338 5668 ἀπὸ
385 5614 485 5668 τοῦ
515 5614 692 5680 λόγου
727 5612 828 5680 τῆς
858 5611 967 5665 τῶν
1007 5609 1162 5673 ζώων
1201 5608 1550 5679 νεκρότητος,
1581 5607 1730 5669 ὅπως

152 5704 218 5756 acii
236 5706 322 5774 τῆς
345 5707 567 5768 λύσεως
603 5702 707 5756 τοῦ
745 5702 996 5774 σώματος
1030 5701 1124 5756 καὶ
1147 5703 1246 5771 τῆς
1279 5699 1512 5769 δψεωῖἡ
1546 5699 1730 5770 ἁμαρ·

153 5798 216 5848 εἶα
241 5803 379 5854 πᾶσα
404 5801 812 5868 σύτόπρεμνος
844 5795 1144 5866 διαφθαρῇ.
1183 5793 1284 5847 Διὰ
1312 5793 1421 5864 γὰρ
1445 5790 1602 5845 τοῦτο
1636 5793 1727 5844 καὶ

159 5889 227 5941 τοὶ
250 5891 592 5965 Παρσδείσου
626 5887 972 5953 ἐκϐάλλεται,
1014 5887 1098 5941 ἵνα
1159 5884 1233 5955 μὴ
1265 5889 1328 5953 τῇ
1382 5883 1724 5951 αὐτεξονσιό-

1841 3300 1987 3372 quod
2019 3299 2163 3355 videt
2195 3299 2488 3353 excitetur.
2522 3297 2707 3368 itaque
2739 3313 3117 3366 smpenumero
3148 3297 3430 3352 intellectu

1840 3393 1963 3447 aliis
1996 3393 2159 3446 rebus
2188 3399 2457 3458 occupato
2490 3391 2651 3441 etiam
2685 3389 3005 3444 notissimos
3038 3390 3284 3444 homines
3317 3397 3433 3442 tan.

1840 3499 2009 3553 quam
2050 3483 2180 3537 cmci
2222 3481 2592 3550 praeterimus,
2627 3495 2801 3550 eoque
2852 3480 3072 3533 nomine
3116 3478 3432 3548 reprehensi

1842 3575 2046 3643 rejecta
2083 3575 2133 3627 in
2172 3573 2374 3627 mentis
2411 3572 2835 3641 occupationem
2882 3587 3048 3627 causa
3095 3587 3193 3626 nos
3236 3587 3437 3641 purga-

1841 3681 1986 3720 mus.
2023 3665 2113 3720 Sic
2147 3681 2277 3735 ergo
2312 3665 2561 3719 Adamus
2596 3672 2649 3719 et
2684 3665 2793 3718 Eva
2830 3680 2996 3719 sensu
3031 3664 3231 3718 mentis
3261 3665 3324 3717 ad
3357 3664 3438 3720 ti-

1841 3758 2053 3812 sionem
2101 3757 2512 3809 excitabantur.
2552 3755 2688 3808 Nam
2728 3757 2862 3819 haec,
2913 3773 2930 3806 ι
2964 3765 3338 3826 cognoverunt
3375 3771 3436 3812 se

1841 3849 2020 3903 nudos
2054 3863 2200 3914 esse,
2237 3867 2254 3898 ι
2282 3847 2705 3916 patefactioncm
2744 3845 3074 3915 significant,
3112 3863 3230 3914 qua:
3264 3848 3315 3900 in
3347 3862 3434 3901 ra-

1839 3943 1986 3993 tione
2017 3941 2218 4002 cvenit,
2251 3955 2360 3992 non
2397 3940 2684 3993 oculorum
2731 3940 3090 4008 apertionem.
3121 3938 3178 3993 id
3214 3954 3434 4010 quoque

1841 4029 2132 4085 dicendum
2184 4031 2367 4085 nobis.
2420 4034 2561 4084 Ante
2617 4030 3005 4093 defectionem,
3053 4046 3180 4084 cum
3239 4032 3428 4085 liberis

1843 4125 1973 4178 dare
2013 4137 2234 4193 Operam
2284 4122 2528 4175 nondum
2575 4122 2640 4175 iis
2684 4129 2836 4176 esset
2884 4122 3287 4190 tempestivum,
3320 4138 3430 4176 non

1840 4214 2066 4270 dederat
2104 4214 2207 4268 hoc
2249 4213 2356 4268 illis
2389 4212 2533 4268 Deus
2566 4220 2624 4265 ut
2659 4211 3016 4266 nudationem
3051 4213 3298 4282 corporis
3336 4229 3430 4269 ca-

1839 4315 2048 4369 verent,
2082 4305 2179 4357 sed
2222 4303 2489 4373 degebant
2535 4304 2701 4357 veluti
2754 4304 2936 4357 carnis
2977 4314 3249 4372 expertes,
3289 4322 3429 4361 non-

1840 4398 1969 4451 dum
2011 4405 2321 4466 opportuno
2369 4395 2678 4450 affectionis
2726 4395 2968 4449 carnalis
3015 4405 3276 4465 tempore.
3319 4397 3428 4452 Sed

1842 4497 2134 4562 postquam
2194 4489 2541 4542 contumacia
2593 4503 2986 4557 superveniens
3038 4489 3426 4543 mortalitatem

1767 4587 1812 4643 ι)
1842 4580 2176 4648 introduxit,
2210 4581 2602 4636 convenienter
2631 4583 2687 4635 in
2719 4590 3001 4650 posterum
3033 4582 3113 4637 eis
3141 4581 3314 4637 indita
3343 4591 3428 4638 est

1833 4683 2025 4730 mutua
2065 4673 2436 4738 verecundia;
2492 4687 2556 4727 ac
2595 4673 2888 4744 postmodo
2917 4673 3432 4729 animadverterunt

1834 4763 2131 4835 ﬁgurarum
2167 4761 2564 4825 diversitatem,
2603 4761 2718 4830 jam
2758 4771 2884 4816 ante
2913 4762 3192 4833 provisam
3224 4763 3278 4817 in
3309 4764 3431 4833 ipso

1832 4853 2090 4924 ﬁgmento
2118 4852 2189 4908 ob
2222 4849 2436 4921 generis
2472 4851 2808 4922 propagandi
2839 4853 3246 4908 necessitatem.
3286 4851 3429 4906 Sub-

1832 4945 2066 5014 ligacula
2130 4951 2309 4998 autem
2346 4942 2449 4997 sibi
2487 4941 2736 4997 fecerunt
2791 4959 2855 4998 ex
2897 4943 3114 5000 ﬁculnis
3147 4942 3316 5008 foliis,
3348 4942 3427 4997 rei

1833 5036 1974 5091 male
2012 5046 2180 5106 gestae
2222 5032 2444 5087 modum
2493 5048 2558 5087 ex
2602 5032 2722 5103 ejus
2764 5034 2976 5088 arboris
3034 5040 3227 5088 natura
3267 5033 3427 5102 quasi

1832 5145 1931 5200 per
1975 5130 2230 5198 ambages
2277 5126 2656 5181 indicantibus
2705 5142 2718 5177 :
2771 5126 3237 5198 quemadmodum
3283 5126 3430 5180 enim
3492 5197 3496 5200 η

1832 5220 2048 5275 fructus
2084 5220 2218 5273 licus
2252 5218 2428 5273 dulcis
2455 5226 2558 5281 est,
2598 5218 2786 5271 folium
2817 5233 3070 5288 aSpcrum
3106 5225 3159 5272 et
3187 5216 3423 5274 amaris-

1832 5314 2052 5379 simum,
2089 5311 2170 5366 sic
2203 5324 2367 5365 omne
2409 5321 2696 5380 peccatum
2747 5311 3020 5364 actionem
3066 5310 3284 5379 quidem
3324 5309 3427 5364 ba-

1832 5404 1960 5460 bere
1995 5403 2298 5474 jucundam
2331 5403 2663 5465 ostenditur,
2708 5412 2898 5471 postea
2932 5417 3058 5456 vero
3089 5402 3335 5457 dolerent
3374 5402 3425 5457 ei

1831 5497 1924 5568 qui
1961 5497 2205 5567 peccavit
2231 5496 2409 5550 all‘ert.
2439 5494 2515 5548 De
2577 5493 2821 5563 pelliceis
2850 5509 3014 5564 porro
3059 5493 3264 5549 tunicis
3293 5493 3430 5549 Gre-

1835 5588 2022 5656 gorius
2047 5587 2362 5656 'l'hcologus
2393 5586 2581 5647 sentit,
2607 5585 2777 5640 Deum
2810 5587 2882 5638 ita
2914 5585 3300 5640 mortalitatem
3328 5584 3429 5639 lto-

1835 5676 1996 5732 ininis
2038 5678 2374 5740 declarasse,
2423 5675 2672 5728 mortalis
2709 5678 2909 5728 exuvio
2959 5690 3082 5730 cum
3134 5675 3424 5731 amiciens.

1835 5768 1944 5821 Iloc
1989 5766 2090 5835 15
2131 5768 2274 5821 enim
2324 5764 2568 5834 pellicem.
2616 5765 2820 5819 tunicae
2860 5766 3172 5834 designant,
3211 5766 3424 5819 ratione

1834 5861 1899 5912 ah
1945 5860 2266 5914 animalium
2325 5859 2658 5914 mortalitate
2714 5857 2899 5918 durta,
2954 5867 3005 5911 ut
3060 5857 3419 5915 dissolutione
