4184 6436
701 410 770 471 39
1990 407 2324 473 GEORGII
2362 403 2700 465 csonsNt
3893 419 3964 482 re

697 519 946 586 corporis
978 534 1038 570 ac
1074 520 1222 571 visus
1251 514 1543 568 abolitione
1575 527 1733 567 omne
1769 522 2052 582 peccatum
2092 515 2272 568 fundi-

2382 527 2505 578 τητι
2534 509 2872 581 κεχρημένος
2895 509 3038 583 λάϐῃ
3069 511 3158 564 τοῦ
3194 509 3349 576 ξύλου
3373 514 3473 583 τῆς
3503 517 3650 588 ζωῆς
3684 517 3779 573 κάὶ
3806 524 3966 597 γένη.

698 619 789 664 tus
829 613 1126 664 abuit-ator.
1155 614 1331 676 Atque
1373 609 1442 661 ob
1483 609 1623 659 hanc
1655 620 1877 659 causam
1908 607 2070 660 etiam
2108 606 2276 659 Para-

2387 621 2477 657 ται
2516 605 2578 655 τὸ
2604 605 2770 658 κακὸν
2791 603 3079 658 ἀθάνατον.

698 703 818 758 diso
852 702 1159 770 expellitur,
1199 716 1264 752 ne
1286 700 1535 752 libertate
1574 697 1871 750 voluntatis
1893 705 2049 752 utens
2095 713 2315 751 manum
2350 697 2494 765 ligno
2524 696 2645 750 vitae
2680 697 2952 766 injiceret,
2986 699 3302 771 malumque
3331 701 3406 754 ita
3445 702 3752 762 immortale
3789 709 3961 763 lieret.

772 821 1005 871 Satanas
1039 815 1386 870 llebrzeorum
1419 812 1600 881 lingua
1634 811 1972 866 desertorem
2009 813 2281 881 signiﬁcat

698 923 747 963 et
797 911 1196 964 alvcrsarium.
1249 905 1510 958 Diabolus
1564 918 1593 956 a
1643 904 1916 958 calumnia
1969 903 2279 971 appellatur

695 1005 924 1068 (ira-cis,
950 1020 1054 1073 qua
1093 1003 1256 1054 Deum
1292 999 1359 1052 ab
1389 998 1704 1052 hominibus
1734 996 2084 1050 abalienavit.

769 1121 974 1176 Cainus
1013 1119 1224 1188 primus
1269 1116 1412 1170 inter
1454 1116 1702 1170 homines
1734 1113 2007 1167 homicida
2043 1115 2276 1180 exstitit,

700 1213 1003 1268 LttllltK'llUS
1038 1211 1316 1264 secundus
1347 1228 1358 1262 :
1389 1210 1482 1280 qui
1507 1209 1644 1262 duas
1672 1223 1875 1264 uxores
1907 1209 2060 1262 duxit
2091 1217 2143 1262 et
2171 1209 2278 1262 duo

698 1303 996 1357 homicidia
1036 1303 1186 1356 fecit.
1223 1303 1319 1356 Vir
1355 1312 1533 1356 autem
1569 1309 1623 1354 et
1663 1301 1988 1356 adolescens
2024 1317 2164 1371 quos
2196 1304 2280 1355 in-

697 1392 932 1458 terl'ecit,
968 1392 1420 1447 Enochil‘uerunt
1471 1391 1692 1455 fratres,
1765 1395 1854 1461 qui
1907 1400 2057 1446 certa
2109 1393 2278 1461 impe-

695 1485 873 1538 trandi
898 1485 1091 1540 liducia
1123 1485 1286 1537 Deum
1324 1493 1580 1551 precatus
1615 1502 1678 1538 ne
1704 1486 1864 1538 talem
1900 1499 2062 1553 porto
2092 1484 2277 1539 videre

695 1591 882 1630 necem
917 1573 1516 1644 cogeretur,exauditus
1539 1583 1591 1626 et
1623 1590 1651 1629 e
1683 1582 1828 1628 terra
1857 1575 2272 1630 translatusest.

766 1688 967 1740 Abelus
1013 1685 1284 1754 justitiam
1319 1687 1486 1740 coluit
1525 1689 1685 1742 :ideo
1726 1690 1881 1744 aiunt
1911 1691 2276 1762 cadaverejus

693 1795 723 1832 e
756 1791 1054 1848 conspectu
1115 1781 1394 1834 hominum
1439 1781 1712 1835 sublatum
1756 1782 1948 1847 fuisse,
1995 1800 2103 1852 quo
2154 1794 2278 1854 post

697 1876 879 1938 ipsum
931 1875 1078 1940 juste
1106 1874 1299 1925 victuri
1362 1876 1412 1926 in
1468 1873 1664 1926 bonam
1712 1890 1862 1943 spem
1921 1885 2274 1932 vocarentur.

693 1962 899 2020 Cainus
946 1965 1155 2033 primus
1207 1972 1450 2017 aratrum
1499 1965 1730 2031 invenit,
1760 1967 2061 2039 urbemque
2117 1968 2273 2024 Enon

2458 811 2576 862 Ὅτι
2601 811 2628 862 6
2656 811 2898 876 Σατανᾶς
2922 812 3063 866 κατά
3083 815 3180 884 τὴν
3207 817 3316 869 τῶν
3333 817 3602 886 Ἐϐραίων
3623 821 3808 892 φωνὴν
3833 823 3938 874 ἀπο

2388 905 2587 972 στάτης
2613 903 2828 971 λέγεται
2854 909 2948 958 καὶ
2978 906 3372 975 ἀντικείμενος⁹
3395 909 3639 974 διάϐολος
3681 911 3738 964 δὲ
3764 914 3838 977 ὡς
3870 917 3960 967 τὸν

2382 997 2515 1049 Θεὸν
2561 998 2694 1066 πρὸς
2735 999 2861 1060 τοὺς
2903 999 3222 1068 ἀνθρώπους
3260 1003 3675 1072 συκοφαντήσας
3715 1003 3956 1073 εἴρηται.

2456 1111 2577 1163 "Ott
2607 1113 2634 1164 6
2657 1113 2796 1166 Κάῖν
2828 1114 2884 1163 ἐν
2919 1111 3230 1182 ἀνθρώποις
3259 1117 3471 1185 πρώτος
3496 1118 3689 1181 φονεὺς
3715 1119 3955 1184 ἐγένετο,

2379 1201 2632 1272 δεύτερος
2671 1205 2727 1257 δὲ
2766 1207 2793 1258 ὀ
2824 1204 3033 1276 Λάμεχ,
3070 1203 3164 1256 δύο
3184 1210 3448 1272 γυναῖκας
3499 1206 3702 1272 λαϐὼν,
3733 1209 3828 1262 καὶ
3863 1207 3958 1260 δύο

2383 1295 2574 1363 φόνους
2598 1295 2832 1348 ἐτέλεσε.
2857 1296 2961 1359 Οὒς
2977 1296 3031 1348 δὲ
3061 1295 3290 1360 ἀνεῖλεν,
3314 1296 3486 1368 ἄνδρα
3510 1296 3603 1349 καὶ
3643 1299 3953 1362 νεανίσκον,

2381 1387 2598 1456 ἀδελφοὶ
2641 1382 2781 1457 ἦσαν
2839 1387 2933 1440 τοῦ
3003 1385 3193 1458 Ἑνὼχ,
3221 1387 3280 1450 ὃς
3312 1391 3406 1440 καὶ
3437 1387 3617 1442 πίστει
3657 1390 3959 1458 προσευξάο

2383 1498 2544 1551 μενος
2569 1482 2661 1533 τοῦ
2731 1479 2804 1551 μὴ
2837 1479 2964 1534 ἰδεῖν
2996 1481 3075 1535 ἔτι
3106 1482 3342 1536 τοιοῦτον
3385 1480 3637 1548 θάνατον,
3667 1482 3958 1546 ἀκουσθεὶς

2383 1571 2646 1643 μετετέθη
2658 1613 2670 1626 .

2451 1687 2534 1761 [Ρ.
2569 1687 2625 1762 8]
2655 1689 2776 1742 Ὅτι
2810 1688 2978 1741 Ἀϐελ
3017 1689 3365 1760 δικαιοσύνης
3400 1690 3682 1760 ἐφρόντιζε
3711 1705 3723 1719 ⁸
3756 1692 3836 1744 διὸ
3859 1692 3957 1745 καὶ

2379 1783 2440 1834 τὸ
2477 1784 2634 1852 σῶμα
2663 1781 2828 1835 αὑτοῦ
2853 1783 3019 1850 φασὶν
3045 1781 3249 1850 ἀφανὲς
3298 1783 3600 1850 γεγονέναι,
3632 1785 3746 1847 τοῖς
3801 1787 3959 1854 μετέ-

2381 1889 2544 1925 πειτα
2575 1872 2804 1935 δικαίοις
2822 1872 3032 1942 ἀγαθάς
3065 1873 3282 1935 ἐλπίδας
3301 1872 3617 1941 ὑποφαῖνον.
3659 1875 3718 1928 '0
3743 1875 3797 1928 δὲ
3820 1877 3957 1928 Κάῖν

2381 1963 2596 2034 πρῶτος
2621 1966 2850 2037 ἄροτρον
2879 1960 3023 2036 ε’ὗρε,
3065 1966 3159 2020 καὶ
3193 1965 3347 2018 πόλιν
3381 1965 3562 2019 ἔκτισε
3591 1967 3683 2019 ἐπὶ
3717 1968 3794 2036 τῷ
3836 1969 3956 2021 ὀνό-

695 2061 806 2112 iilio
829 2074 929 2114 suo
965 2059 1637 2129 cognominemcondidit.
1671 2062 1820 2114 ldem
1864 2071 1988 2132 post
2042 2063 2272 2117 damna-

2383 2075 2512 2126 ματι
2543 2057 2636 2112 τοῦ
2661 2059 2775 2112 υἱοῦ
2814 2059 2979 2112 αυτοῦ
3041 2060 3209 2115 Ενών.
3235 2059 3343 2112 Καὶ
3378 2059 3460 2112 ὅτι
3489 2060 3626 2130 μετά
3657 2059 3755 2131 τὴν
3786 2079 3956 2115 κατα-

695 2153 899 2205 tioncm
948 2162 1135 2220 raptor
1189 2151 1294 2204 fuit
1329 2139 1628 2205 et’alienis
1655 2152 1816 2207 bonis
1850 2153 2111 2217 inhiavit;
2162 2157 2275 2223 pri-

693 2257 928 2312 musque
962 2257 1249 2296 mensuras
1275 2253 1325 2296 et
1348 2243 1586 2312 pondera
1602 2253 1655 2297 et
1687 2245 1888 2299 limites
1919 2245 2271 2315 excogitavit,

694 2349 933 2402 suosque
965 2333 1016 2386 in
1056 2349 1224 2387 unum
1260 2335 1561 2390 conductos
1589 2336 1732 2390 bello
1768 2352 1990 2406 operam
2024 2337 2272 2394 daredo-

693 2427 828 2479 cuit.
866 2425 1011 2479 Idem
1045 2426 1114 2478 ab
1135 2442 1199 2479 eo
1232 2437 1471 2496 tempore
1489 2444 1596 2498 quo
1626 2445 1748 2483 eum
1777 2429 1918 2485 Deus
1953 2444 2273 2489 exsecratus

692 2525 799 2583 est,
829 2518 1049 2571 humilis
1072 2518 1194 2581 fuit,
1226 2535 1524 2588 omnesque
1550 2521 1616 2574 ab
1649 2536 1715 2574 eo
1739 2525 2006 2591 prognati.
2047 2524 2270 2579 Terram

663 2655 666 2658 .
695 2619 878 2665 autem
921 2613 1153 2665 incoluit
1176 2626 1295 2680 quae
1335 2622 1578 2667 tremens
1601 2621 1685 2668 est
1712 2624 1763 2668 et
1793 2615 2040 2682 humilis,
2075 2617 2269 2670 Adami

696 2703 951 2757 nrandato
977 2719 1004 2756 a
1031 2703 1184 2758 Setlti
1223 2704 1480 2773 progenie
1519 2715 1829 2774 separatus.
1850 2707 2079 2762 Caluum
2125 2708 2270 2764 hunc

691 2792 862 2848 Parva
896 2795 1148 2860 Genesis,
1186 2811 1307 2864 quae
1349 2794 1482 2849 Mosi
1510 2798 1849 2862 inscribitur,
1882 2800 2040 2852 ruina
2076 2799 2270 2855 dooms

694 2903 809 2942 suae
876 2904 1202 2957 oppressum
1237 2890 1403 2942 vitam
1443 2889 1684 2944 tinivisse
1745 2892 1930 2944 tradit.
1971 2890 2269 2961 Lapidibus

693 2980 836 3032 enim
900 2980 1122 3035 fratrem
1209 2997 1367 3035 suum
1420 2981 1649 3036 Abelum
1711 2995 2051 3037 necaverat:
2090 2985 2270 3052 itaque

693 3073 809 3142 ipse
842 3089 1064 3143 quoque
1098 3073 1376 3145 lapidibus
1403 3083 1487 3128 est
1517 3074 1860 3130 interfectus.

768 3187 874 3258 16
903 3185 1105 3242 Sethus
1156 3187 1368 3256 Atlami;
1396 3189 1594 3243 tertius
1626 3187 1770 3243 [ilius
1799 3196 2139 3251 recensetur,
2173 3189 2268 3258 qui

695 3293 957 3350 germana
990 3294 1178 3335 sorore
1210 3295 1328 3344 sua,
1362 3281 1449 3332 cui
1481 3295 1678 3332 nomen
1709 3281 1968 3345 Asuama,
2004 3278 2059 3333 in
2083 3280 2272 3334 matri-

2379 2152 2535 2221 δίκην
2588 2152 2774 2222 ᾰρπαξ
2823 2154 2916 2207 καὶ
2967 2155 3302 2222 πλεονέκτης
3337 2153 3588 2220 ἐγένετο,
3640 2154 3811 2226 μέτρα
3862 2158 3958 2207 καὶ

2379 2244 2595 2314 σταθμὰ
2621 2245 2715 2297 καὶ
2743 2244 2900 2314 ὅρους
2933 2245 3036 2314 γῆς
3061 2242 3275 2314 πρῶτος
3321 2245 3634 2313 ἐπινοήσας,
3677 2247 3770 2297 καὶ
3831 2248 3956 2308 τοὺς

2375 2335 2606 2398 οἰκείους
2633 2337 2710 2400 είς
2739 2335 2796 2388 ἒν
2829 2336 3151 2406 συναγαγὼν
3183 2338 3240 2390 ἐν
3289 2337 3549 2406 πολέμοις
3599 2337 3951 2406 ἀσχολεῖσθαι

2377 2427 2675 2485 ἐδίδασκεν.
2716 2422 2884 2492 Οὗτος
2925 2429 3203 2498 χθαμαλὸς
3226 2425 3293 2499 ἦν
3318 2430 3424 2483 ἀπὸ
3452 2429 3555 2498 τῆς
3586 2432 3830 2500 κατάρας
3858 2430 3954 2483 τοῦ

2375 2517 2532 2584 Θεοῦ,
2566 2519 2658 2571 καὶ
2695 2521 2891 2582 πάντες
2940 2523 2986 2572 οἱ
3018 2521 3077 2585 ἐξ
3123 2521 3288 2574 αὑτοῦ
3335 2524 3638 2591 γενόμενοι.
3703 2523 3858 2591 ᾬκει
3894 2523 3956 2576 δέ

2373 2612 2472 2680 τὴν
2506 2613 2630 2682 γῆν,
2659 2614 2780 2682 ἥτις
2810 2613 2925 2665 ἐστὶ
2969 2613 3263 2682 τρέμουσα,
3302 2613 3590 2685 χθαμαλὴν
3648 2612 3811 2666 οὖσαν
3854 2631 3953 2666 κε-

2375 2704 2714 2774 χωρισμένος
2759 2705 3022 2775 ὑπάρχων
3055 2706 3162 2758 ἀπὸ
3195 2706 3294 2776 τῆς
3324 2706 3417 2758 τοῦ
3447 2707 3553 2775 Σὴθ
3586 2708 3777 2774 γενεᾶς
3807 2708 3950 2760 κατὰ

2373 2793 2667 2864 πρόσταξιν
2722 2795 2816 2849 τοῦ
2857 2797 3049 2865 Ἀδάμ.
3087 2791 3254 2861 Οὗτος
3305 2797 3516 2864 ὀΚάῖν,
3571 2799 3712 2868 ώςὴ
3765 2799 3953 2870 Λεπτὴ

2380 2887 2625 2952 Μωσέως
2659 2889 2873 2951 Γένεσις
2910 2891 3092 2958 φησιν,
3131 2890 3229 2958 τῆς
3280 2890 3488 2952 οἰκείας
3539 2890 3811 2959 πεσούσης
3866 2891 3952 2942 ἐπ’

2375 2977 2535 3031 αὐτὸν
2562 2980 2786 3049 τελευτᾷ
2821 2999 2834 3010 ο
2865 2979 3034 3044 λίθοις
3069 2980 3176 3051 γὰρ
3225 2980 3316 3034 τὸν
3357 2981 3584 3049 ἀδελφὸν
3632 2980 3800 3033 Ἀϐελ
3841 2983 3950 3038 ἀπ·

2377 3071 2610 3134 έκτεινε,
2634 3072 2730 3125 καὶ
2759 3070 2925 3134 λίθοις
2960 3072 3158 3141 ὁμοίως
3187 3074 3281 3124 καὶ
3305 3073 3464 3133 αὐτὸς
3495 3073 3835 3139 ἀπεκτάνθη.

2446 3183 2568 3238 ’Ότι
2638 3183 2666 3236 6
2720 3183 2827 3252 Σὴθ
2897 3183 3077 3253 τρίτος
3127 3185 3242 3246 υίὸς
3298 3173 3705 3253 ἀναγέγραπται
3759 3182 3953 3253 Ἀδάμο

2376 3275 2435 3338 ὃς
2526 3275 2624 3344 τὴν
2714 3273 2851 3325 ἰδίαν
2950 3273 3186 3343 ἀδελφὴν
3286 3274 3526 3344 Ἀσουάμ
3610 3275 3956 3344 καλουμένην

697 3371 942 3423 monium
978 3369 1142 3425 ducta
1208 3370 1447 3424 Euosum
1489 3372 1819 3440 procreavit.
1863 3371 2015 3426 Sethi
2056 3386 2255 3426 nomen

2378 3365 2563 3435 γήμας
2632 3363 2892 3433 ἐγέννησε
2978 3365 3068 3416 τὸν
3131 3363 3318 3425 Ἐνώς.
3405 3364 3663 3433 Σημαίνει
3728 3365 3785 3418 δὲ
3845 3365 3957 3436 Σὴθ

693 3460 1099 3515 restitutionem
1145 3469 1315 3514 notat.
1355 3462 1496 3515 Deus
1543 3477 1759 3530 quoque
1785 3461 1924 3514 idem
1957 3462 2265 3530 appellatus

692 3559 797 3612 est.
832 3552 902 3604 ob
929 3551 1273 3620 splendorem
1331 3551 1509 3616 faciei,
1541 3568 1701 3621 quem
1731 3567 1827 3621 per
1859 3568 2076 3606 onmem
2103 3553 2264 3606 vitam

695 3641 909 3694 habuit.
965 3642 1080 3708 Qua
1133 3644 1306 3712 gratia
1365 3644 1528 3698 etiam
1565 3642 1746 3698 Moses
1785 3640 2046 3710 praeditus
2088 3643 2264 3696 velata

698 3733 835 3787 facie
861 3749 984 3786 cum
1017 3731 1220 3788 Judaeis
1255 3734 2052 3805 loqttebatur“"quadraginta
2084 3735 2262 3790 annis.

693 3825 838 3882 Idem
873 3826 1070 3881 Setbus
1099 3841 1304 3898 septem
1336 3829 1652 3885 errantibus
1711 3830 1911 3895 stellis,
1943 3827 2116 3884 ϐιωσί
2153 3831 2272 3897 pla-

695 3931 852 3975 netas
878 3933 1092 3982 vocant,
1114 3922 1334 3975 nomina
1375 3921 1632 3988 imposuit
1657 3938 1672 3986 ;
1705 3922 2122 3990 cmlesriumque
2139 3937 2272 3977 con-

699 4013 1012 4068 versionum
1046 4012 1330 4066 scientiam
1369 4013 1724 4082 excogitavit,
1762 4028 1922 4082 quam
1937 4013 2147 4068 duabus
2177 4027 2272 4068 co-

695 4103 920 4169 lumnis,
955 4103 1182 4174 lapideae
1209 4105 1485 4167 uni,alteri
1514 4105 1782 4168 lateritiac,
1806 4104 2107 4172 inscripsit.
2130 4103 2274 4157 Prae-

696 4195 905 4250 sciebat
943 4197 1087 4249 enim
1111 4196 1350 4250 universi
1377 4197 1676 4260 interitum,
1698 4210 1857 4264 quem
1887 4196 1931 4250 si
1950 4210 2088 4264 aqua
2115 4195 2274 4250 affer-

697 4297 802 4351 ret,
841 4286 1104 4354 lapideam
1150 4295 1558 4355 superaturam,
1605 4285 1689 4340 sin
1741 4288 1906 4356 ignis,
1951 4286 2269 4350 lateritiam;

696 4391 862 4450 atque
888 4381 1026 4437 hanc
1047 4384 1345 4436 etiamnum
1376 4391 1590 4436 exstare
1619 4380 1670 4434 in
1705 4381 1884 4436 Sirido
1906 4391 2090 4436 monte
2115 4379 2274 4436 Jose-

699 4474 838 4543 phus
857 4481 1106 4548 testatur.
1128 4471 1270 4527 Idem
1294 4471 1492 4527 Selltus
1506 4471 2017 4528 llebraicaslitteras
2034 4473 2276 4527 conscri-

698 4567 827 4634 psit.
852 4563 986 4618 Nam
1017 4564 1392 4618 ducentesimo
1414 4565 1697 4636 trigesimo
1715 4566 1906 4619 Adami
1934 4581 2079 4618 anno
2111 4572 2272 4619 natus

697 4663 780 4708 cst
809 4672 823 4709 :
867 4669 1097 4724 cmnque
1127 4663 1270 4710 esset
1297 4670 1566 4710 annorum
1597 4655 1904 4720 duodecim,
1931 4657 2268 4719 ablactatus;

2379 3457 2754 3522 ἐξανάστασιν.
2836 3456 3138 3526 Ὠνομάσθη
3224 3457 3280 3508 δὲ
3350 3457 3446 3510 καὶ
3503 3457 3632 3520 Θεὸς
3698 3459 3785 3513 διὰ
3855 3463 3957 3530 τὴν

2378 3553 2582 3622 λάμψιν
2657 3553 2752 3605 τοῦ
2813 3551 3108 3621 προσώπου
3161 3550 3362 3613 αὐτοῦ,
3413 3553 3480 3621 ἢν
3536 3553 3692 3622 ἔσχεν
3751 3554 3806 3603 ἐν
3857 3555 3954 3624 ὅλῃ

2377 3646 2540 3700 αὐτοῦ
2604 3648 2672 3716 τῇ
2717 3645 2852 3715 ζωῇ.
2924 3644 3138 3713 Ταύτην
3191 3645 3246 3698 δὲ
3306 3645 3406 3714 τὴν
3476 3644 3634 3713 χάριν
3673 3643 3770 3696 καὶ
3827 3645 3959 3696 Μω-

2381 3737 2480 3806 σῆς
2564 3736 2702 3806 ἔχων
2739 3777 2754 3801 ,
2824 3736 2886 3788 τὸ
2966 3737 3229 3804 κάλυμμα
3293 3736 3463 3798 τιθεὶς
3557 3733 3750 3802 ὡμίλει
3843 3738 3959 3798 τοῖς

2389 3827 2681 3889 Ἰουδαίοις.
2764 3826 2886 3880 Ἐπὶ
2979 3827 3191 3896 χρόνοις
3270 3824 3679 3892 τεσσαράκοντα
3749 3823 3955 3892 (ει),

2375 3923 2487 3984 τοῖς
2514 3937 2573 3972 τε
2603 3920 2744 3973 me
2781 3918 3082 3988 πλανήταις
3114 3917 3352 3987 ὀνόματα
3389 3915 3672 3980 τεθεικὼς,
3711 3916 3804 3968 καὶ
3855 3914 3958 3983 τὴν

2375 4015 2485 4067 τῶν
2515 4013 2780 4083 οὐρανίων
2804 4013 3070 4080 κινήσεων
3123 4008 3317 4076 σοφίαν
3369 4008 3654 4075 ἐπενόησε.
3692 4008 3800 4059 Καὶ
3825 4008 3959 4074 στή-

2376 4103 2472 4165 λας
2511 4103 2624 4166 δύο,
2660 4101 2868 4169 λιθίνην
2930 4117 2990 4151 τε
3045 4100 3136 4152 καὶ
3193 4097 3497 4166 πλινθίνην,
3538 4096 3959 4158 κατασκευάσας

2376 4195 2492 4246 ἐκεῖ
2521 4191 2692 4246 ταῦτα
2722 4191 2981 4261 ἔγραψεν,
3014 4190 3168 4252 εἰδὼς
3202 4189 3301 4258 τὴν
3359 4187 3453 4240 τοῦ
3487 4185 3688 4248 παντὸς
3746 4185 3956 4255 φθορὰν

2379 4287 2470 4338 καὶ
2511 4285 2587 4347 ὡς
2619 4285 2666 4336 εξ
2699 4283 2799 4352 μὲν
2844 4283 2903 4345 ἐξ
2935 4281 3122 4343 ὓδατος
3145 4279 3391 4350 γένηται,
3424 4279 3522 4348 τὴν
3551 4277 3756 4346 λιθίνην
3789 4275 3961 4336 οὐδ’

2379 4380 2523 4441 σθαι,
2551 4380 2598 4432 εἰ
2621 4378 2677 4430 δὲ
2706 4377 2793 4430 διὰ
2815 4375 3008 4446 πυρὸς,
3049 4373 3148 4443 τὴν
3187 4372 3466 4438 πλινθίνην
3497 4387 3510 4400 θ
3553 4371 3674 4438 ⁴ἥτις
3701 4367 3958 4434 σώζεται,

2375 4472 2449 4533 ὼς
2491 4468 2751 4538 Ἰώσηπος
2779 4467 3065 4536 μαρτυρεῖ,
3095 4465 3175 4526 είς
3214 4464 3274 4514 τὸ
3302 4462 3508 4531 Σίριδον
3533 4461 3680 4530 ὅρος,
3707 4460 3813 4520 ἕως
3858 4460 3960 4511 καὶ

2375 4563 2494 4616 νῦν.
2538 4557 2706 4624 Οὗτος
2771 4561 2868 4612 καὶ
2899 4561 2970 4610 τὰ
3032 4555 3299 4625 Ἐϐραῖκά
3331 4554 3632 4622 γράμματα
3693 4553 3964 4618 συνεγρά-

2375 4656 2539 4725 ψατο.
2585 4653 2675 4724 Τῷ
2736 4652 2844 4722 γὰρ
2903 4646 3263 4716 διακοσιοστῷ
3321 4641 3632 4716 τριακοστῷ
3687 4641 3794 4693 ἔτει
3858 4641 3956 4691 τοῦ

697 4761 951 4815 annoque
998 4749 1190 4801 Adami
1254 4764 1418 4816 supra
1497 4749 1929 4804 ducentesimum
1981 4759 2266 4821 septuage-

2388 4747 2560 4817 Ἀδάμ
2593 4745 2856 4814 ἐγεννήθη
2881 4742 2908 4793 6
2942 4740 3070 4810 Σὴθ,
3111 4740 3204 4792 καὶ
3239 4737 3528 4804 γενόμενος
3557 4732 3692 4786 ἐτῶν
3744 4728 3960 4821 δώδεκα

699 4839 839 4894 simo
882 4848 1070 4907 raptus
1096 4840 1163 4894 ab
1203 4845 1397 4909 angelo
1427 4841 1674 4895 imbutus
1701 4850 1783 4894 est
1837 4843 2156 4912 cognitione
2178 4842 2260 4896 fu-

697 4937 833 4982 turae
892 4943 1118 4983 suorum
1170 4943 1511 4999 posterorum
1575 4933 1892 5000 impietatis,
1955 4933 2045 5001 qui
2104 4933 2265 4987 iidem

701 5029 1008 5092 Egregorcs
1065 5022 1410 5092 appellantur
1441 5030 1494 5077 et
1557 5023 1654 5076 lilii
1709 5020 1823 5087 Dei,
1854 5038 1918 5076 ac
1981 5023 2173 5076 diluvii
2216 5031 2272 5075 et

2379 4835 2829 4904 ἀπεγαλακτίσθη
2860 4849 2874 4866 ·
2910 4831 3006 4882 καὶ
3044 4829 3121 4897 τῷ
3170 4823 3529 4893 διακοσιοστῷ
3569 4819 3958 4890 ἑϐδομηκοστῷ

2379 4929 2490 4980 ἔτει
2524 4926 2617 4979 τοῦ
2665 4924 2838 4992 Ἀδὰμ
2859 4925 2886 4975 ὁ
2911 4920 3016 4990 Σὴθ
3043 4917 3311 4989 ἀρπαγεὶς
3335 4915 3439 4968 ὑπὸ
3475 4913 3705 4980 ἀγγέλου
3738 4907 3956 4976 ἐμυάθη

2380 5019 2447 5072 τὰ
2477 5019 2605 5086 περὶ
2631 5017 2729 5084 τῆς
2765 5012 3126 5082 παραϐάσεως
3160 5009 3422 5079 μέλλοντα
3447 5003 3664 5056 ἔσεσθαι
3691 4999 3798 5052 τῶν
3821 4997 3959 5050 υἱῶν

1838 5158 2194 5216 XYLANDRI
2233 5158 2322 5214 ET
2359 5153 2570 5215 coam
2609 5127 2841 5209 moris.

770 5292 1175 5368 (26)_Xp6vou;
1227 5296 1538 5367 frequenter
1594 5307 1712 5353 loco
1767 5300 2027 5353 ινιαυτῶν
2097 5300 2270 5368 ponit,

703 5365 848 5433 quod
891 5364 1051 5418 facile
1103 5380 1187 5419 est
1245 5364 1418 5423 cui—vis
1448 5370 1762 5423 observare.
1819 5368 1923 5422 Sed
1983 5364 2111 5423 ante
2159 5364 2271 5423 lia-e

701 5437 866 5508 verba
891 5436 1062 5508 deest
1101 5437 1354 5505 aliquid:
1414 5441 1596 5508 itaque
1655 5442 1979 5493 asteriscum
2028 5440 2270 5508 appiuxi.

700 5504 856 5572 Apud
881 5504 1322 5571 Josephum’uon
1345 5517 1430 5562 est
1459 5504 1676 5564 Siridus
1738 5526 1919 5571 mons,
1983 5504 2276 5563 ευιΓκατὰ

703 5576 800 5648 τῂν
861 5575 1116 5645 Συριάδαν
1168 5575 1220 5630 in
1250 5581 1426 5648 Syria.
1479 5580 1780 5648 Egrcgores
1830 5579 1958 5646 quid
2023 5578 2274 5631 vocabuli

707 5635 801 5703 sit,
829 5635 1250 5713 non'assequor.
1289 5635 1359 5701 [le
1395 5635 1716 5704 coruseaiite
1753 5635 1917 5703 Mttng
1981 5649 2119 5702 facie
2177 5663 2264 5701 res

705 5720 872 5776 CSlex
906 5719 1676 5784 saCI'isLitierisnotaJZsrxd.
1725 5719 1960 5781 xxvtv,“
2013 5720 2264 5772 Corinth.

707 5800 790 5860 ιιι,
825 5805 927 5850 etc.
967 5794 1090 5850 Xtit.
1125 5793 1290 5850 Filios
1339 5793 1473 5848 Seth
1524 5791 1631 5847 Ι)ςο
1683 5793 1930 5852 dilectos,
1969 5791 2109 5862 pios,
2147 5806 2266 5859 pru-

2381 5312 2557 5359 ceros,
2584 5292 2877 5354 formosos,
2905 5287 3236 5351 sacerdotes,
3262 5294 3510 5360 natarum
3535 5280 3959 5360 tiairrcupidine

2378 5353 2591 5436 captos.
2632 5379 2846 5436 necnon
2877 5368 3196 5436 exortosgex
3260 5353 3488 5436 profano
3512 5366 3635 5436 cum
3675 5353 3741 5436 iis
3785 5366 3958 5436 νεοπη-

2381 5421 2538 5507 ριὲχυ
2571 5421 2773 5489 liberos
2796 5431 3061 5507 GEOIgllIS
3090 5421 3373 5507 ’oyncellus
3393 5433 3545 5507 vocat
3564 5421 3896 5507 ’βγρηγόρου
3941 5455 3958 5481 ,

2380 5493 2447 5560 ab
2484 5514 2709 5560 auctore
2745 5503 2921 5555 dictos
2942 5493 3338 5571 :‘Eypﬁ'yopag,
3365 5509 3393 5544 a
3441 5493 3622 5571 patris
3678 5493 3803 5542 sui.
3865 5506 3957 5568 νς-

2382 5588 2595 5630 ttnstate
2633 5593 2644 5626 :
2677 5572 2919 5640 Εὐσεϐὴς
2951 5565 3018 5650 ἦν
3042 5561 3079 5620 ’ό
3119 5561 3224 5637 Σὴο
3260 5570 3357 5648 καί.
3402 5561 3791 5650 εξδξάπλαξτοξ
3817 5561 3950 5638 τφρυ

2380 5648 2501 5715 δρα,
2542 5646 2634 5715 καὶ
2664 5645 2711 5696 οἱ
2740 5642 2798 5706 ἐξ
2827 5631 2992 5696 αὖτοῧ
3052 5631 3249 5700 πάντες
3309 5634 3549 5693 εὐσεϐεῖς
3613 5631 3710 5684 καὶ
3759 5631 3956 5700 ὡραῖοι

2375 5714 2533 5788 ἦσαν.
2569 5714 2741 5770 Gen.
