4184 6436
224 339 275 406 53
1234 337 1780 401 HISTORIARUEI
1819 341 2124 402 COMPEN
2137 346 2208 403 Di
2225 347 2266 403 U
2279 347 2358 405 Μ.

3385 350 3451 411 54

223 448 288 500 καὶ
339 443 497 516 μέρος
570 446 669 514 τῆς
723 446 909 510 Ἀσίας
965 443 1062 516 τὴν
1113 444 1322 500 Ἰωνίαν
1378 449 1751 519 καλουμένην,

1879 468 1890 504 ι
1923 454 2218 525 Babylonia
2241 456 2454 511 dividit.
2490 458 2587 512 His
2607 474 2736 531 ergo
2766 462 3062 532 implentur
3080 465 3216 523 lines
3245 468 3448 538 Iapeti,

222 544 420 612 πςταμδν
479 541 538 595 δὲ
609 541 826 612 Τίγριν,
908 537 1216 611 διορίζοντα
1283 543 1488 611 μεταξὺ
1552 543 1767 613 Μηδίας

223 641 292 691 καὶ
331 635 697 698 Βαϐυλωνίας.
768 633 859 687 Ἐν
926 633 1138 697 τούτοις
1192 629 1286 687 οῦν
1327 634 1629 706 πληροῦται
1700 636 1767 688 τὰ

218 732 287 786 τοῦ
347 728 517 798 ’ῐάςρεθ
599 729 728 798 ὅρια
781 726 869 780 διὰ
917 727 979 779 τὸ
1018 727 1302 796 εἰρηκέναι
1384 729 1482 797 τὴν
1520 729 1768 798 .1“ραφήν

225 847 238 879 ι
263 826 503 880 Πλατύναι
537 825 566 878 ὁ
587 822 719 886 Θεὸς
737 822 812 893 τῷ
847 821 1082 891 Ἱάφεθη
1113 823 1211 893 τὴν
1241 825 1420 876 πᾶσαν
1451 822 1560 891 γὰρ
1580 823 1767 893 Εὐρώ-

220 939 302 990 πην
319 921 402 985 καξ
435 918 605 990 μέρος
631 917 692 970 ού
730 916 924 986 μικρὸν
959 915 1057 986 τῆς
1105 915 1348 984 μεγάλης
1388 917 1575 979 Ἀσίας
1617 917 1766 987 ἀπη-

220 1016 403 1081 νέγκατο
430 1030 442 1043 ·
480 1012 559 1065 διδ
601 1012 698 1064 καὶ
739 1011 978 1080 εἴρηται,
1034 1029 1052 1061 ι
1089 1012 1181 1062 καὶ
1231 1012 1655 1082 κατασκηνώσαι
1711 1011 1767 1062 ὲν

219 1113 306 1170 τοῖς
351 1108 666 1177 σκηνώμασι
692 1105 786 1158 τοῦ
823 1104 963 1174 Σήμ.
999 1121 1018 1154 ι
1079 1105 1153 1157 Οὐ
1199 1103 1360 1172 μόνον
1390 1103 1468 1169 δὲ,
1503 1103 1640 1156 ἀλλὰ
1674 1103 1768 1156 καὶ

219 1199 329 1253 κατὰ
355 1195 695 1263 ἀναγωγικδν
714 1195 936 1265 τρόπον,
969 1194 1049 1247 ὅτι
1081 1195 1230 1246 πᾶσα
1257 1194 1289 1263 ἡ
1324 1195 1481 1264 μερὶς
1524 1192 1618 1246 τοῦ
1665 1194 1768 1247 Ἰά-

221 1289 296 1360 φεθ
325 1289 499 1358 σχεδὸν
533 1288 610 1356 τῷ
632 1287 971 1357 βαπτίσματι
999 1285 1093 1339 καὶ
1113 1287 1178 1355 τῇ
1207 1285 1287 1348 είς
1317 1283 1554 1355 Χριστὸν
1585 1284 1768 1336 πίστει

217 1378 502 1450 προσετέθη,
563 1379 723 1432 ἅτινά
777 1379 895 1430 ὲστι
957 1377 1296 1448 σκηνώματα
1348 1375 1442 1429 τοῦ
1473 1376 1615 1446 Σὴμ,
1649 1376 1769 1428 ἐπεὶ

218 1476 291 1527 καὶ
327 1475 376 1540 ἐξ
418 1472 587 1526 αὐτοῦ
646 1473 674 1526 6
725 1471 982 1541 Ἀϐραὰμ
1031 1473 1127 1524 καὶ
1184 1472 1233 1522 oi
1285 1471 1649 1541 πατριάρχαι,
1711 1469 1770 1534 ἐξ

215 1561 273 1620 ὧν
303 1569 385 1620 καὶ
404 1569 456 1620 αἱ
476 1566 660 1619 λοιπαὶ
683 1565 998 1636 γενεαρχίαι
1039 1564 1142 1626 ἕως
1178 1562 1418 1634 Χριστοῦ
1462 1563 1767 1632 ἡγουμένου

219 1660 370 1728 σαφῶς
404 1657 879 1728 γενεαλογοῦνται.
941 1655 1048 1709 Τοῦ
1073 1657 1131 1709 δὲ
1171 1657 1302 1726 Χὰμ
1334 1655 1565 1708 πλεῖστα
1607 1655 1768 1724 μέχρι

215 1752 289 1805 καὶ
315 1751 401 1804 νῦν
427 1749 557 1820 ἔθνη
601 1750 750 1801 ἐστὶν
785 1751 842 1802 ἐν
867 1748 1206 1818 ἀποστασία,
1251 1748 1394 1799 κατά
1431 1763 1492 1814 γε
1535 1748 1634 1809 τὰς
1673 1747 1770 1798 Ἰν-

214 1845 308 1906 δὲας
334 1844 420 1896 καὶ
462 1842 748 1904 Αἰθιοπίας
787 1841 880 1894 καὶ
924 1842 1309 1910 Μαυριτανιας
1331 1856 1342 1867 ·
1377 1842 1434 1892 ὲν
1483 1834 1564 1902 οἷς
1591 1839 1682 1892 καὶ
1708 1841 1766 1893 αἱ

221 1935 482 2006 Ἀρραὸίαι
525 1934 622 1988 καὶ
649 1933 922 2001 Ἰδουμαία
960 1933 1100 1986 κατὰ
1126 1932 1260 1984 Θεοῦ
1306 1931 1400 1984 καὶ
1441 1932 1549 1984 τῶν
1594 1932 1766 1999 ἁγίων

213 2027 349 2081 αὐτοῦ
380 2027 765 2098 θρασύνονται,
825 2028 892 2096 τῇ
954 2025 1048 2078 τοῦ
1103 2025 1233 2094 Χὰμ
1265 2026 1356 2078 καὶ
1404 2023 1499 2077 τοῦ
1546 2025 1768 2077 Χαναὰν

213 2120 394 2189 κατάρᾳ
432 2116 979 2185 καθυποῆεϐλημένοι
1006 2132 1019 2146 ο
1067 2115 1148 2169 διὸ
1179 2115 1272 2168 καὶ
1332 2115 1499 2168 παῖδα
1546 2115 1768 2186 οἰκέτην

211 2213 283 2264 τὸν
303 2211 421 2280 Χάμ
445 2208 542 2263 τοῦ
586 2211 705 2280 Σήμ
733 2210 824 2262 καὶ
853 2208 947 2261 τοῦ
991 2207 1171 2274 Ἰάφεθ
1203 2209 1235 2277 ἡ
1263 2208 1454 2277 Γραφὴ
1487 2208 1764 2277 ἀπεφήνα-

211 2322 275 2368 το,
302 2305 380 2358 διὰ
417 2302 514 2358 τοῦ
558 2302 782 2356 Χαναὰν
819 2300 914 2354 τοῦ
970 2300 1088 2354 υἱοῦ
1132 2301 1226 2354 καὶ
1265 2301 1430 2354 αὑτὸν
1474 2301 1767 2372 σημαίνου-

210 2416 280 2452 σα.

267 2493 377 2545 Ὀτι
404 2491 498 2544 δύο
528 2490 918 2550 κατακλυσμοὶ
954 2489 1096 2541 κατὰ
1130 2488 1228 2559 τὴν
1257 2488 1484 2541 Ἑλλάδα
1518 2490 1620 2559 γῆν
1650 2489 1769 2542 δια-

208 2582 501 2654 δεὸοημένοι
523 2585 805 2653 γεγόνασι,
833 2581 1050 2652 πρῶτος
1082 2582 1180 2651 μὲν
1201 2582 1289 2633 ἐπὶ
1342 2579 1568 2650 Ὠγύγου
1614 2581 1672 2633 ἐν
1702 2583 1767 2650 τῇ

219 2678 438 2748 ⁹Αττικῇ,
484 2677 700 2748 χρόνοις
741 2676 797 2728 δὲ
831 2674 1061 2742 ὕστερον
1113 2681 1240 2744 σμη¹
1279 2674 1338 2728 ὲν
1379 2673 1647 2744 Θετταλίᾳ
1679 2674 1772 2725 ἐπὶ

207 2768 548 2831 Δευκαλίωνος
594 2766 968 2836 βασιλεύοντος
1011 2764 1303 2835 Ἀθήνησι,
1331 2765 1584 2834 δευτέρου
1617 2767 1771 2834 Κρα-

210 2859 327 2913 ναοῦ
352 2860 703 2931 αὐτόχθονος.
736 2858 940 2912 Τούτου
971 2857 1067 2910 τοῦ
1111 2857 1525 2928 κατακλυσμοῦ,
1551 2857 1647 2910 τοῦ
1678 2858 1773 2910 ἐπὶ

207 2953 552 3016 Δευκαλίωνος
612 2951 879 3020 δηλονότι,
923 2950 1147 3004 δοκοῦσι
1180 2950 1493 3020 μεμνῆσθαι
1534 2950 1631 3002 καὶ
1679 2951 1774 3002 Αἰ-

206 3049 420 3111 γύπτιοι,
454 3045 764 3115 φάσκοντες
815 3044 913 3114 τὴν
943 3042 1128 3113 χώραν
1171 3042 1353 3094 αὐτῶν
1409 3043 1483 3112 μὴ
1538 3059 1774 3094 κατακε-

1803 1811 1838 1864 Β

1870 551 1996 616 quia
2019 558 2104 604 est
2136 550 2189 603 in
2220 550 2502 621 Scriptura
2539 567 2554 606 :
2598 571 2618 604 ι
2643 558 2951 625 Ampliiicet
2976 562 3088 633 26
3121 562 3267 620 Deus
3290 567 3451 635 laps-

1872 653 2007 696 tum.
2047 663 2064 694 ›
2099 647 2138 698 ll
2153 647 2422 700 niversam
2462 652 2662 722 quippe
2690 651 2984 722 Europam,
3004 666 3058 710 et
3081 672 3287 727 magna:
3311 661 3452 714 Asiae

1871 736 2013 790 haud
2051 740 2303 807 exiguam
2355 753 2560 812 partem
2621 747 2882 813 abstulit;
2916 748 3148 818 ideoque
3204 751 3449 808 additum

1870 838 1974 895 est,
2021 848 2039 882 ι
2070 840 2126 887 et
2167 832 2375 903 habitet
2415 835 2469 889 in
2494 824 2867 893 tabernaculis
2905 840 3073 896 Semi.
3108 861 3125 893 ι
3164 842 3354 914 Neque
3396 845 3451 901 id

1872 924 2054 989 modo,
2098 928 2192 982 sed
2243 929 2408 982 etiam
2465 931 2882 987 reconditiorem
2926 951 3149 990 sensum
3206 941 3453 1001 eruendo

1872 1020 2248 1090 intelligimus.
2279 1023 2420 1090 quod
2451 1022 2624 1093 Japeti
2648 1024 2756 1079 fere
2783 1035 2894 1082 tota
2921 1030 3095 1105 portio
3117 1031 3447 1100 baptismum

1872 1126 1933 1164 ac
1968 1112 2128 1168 ﬁdem
2169 1115 2220 1167 in
2251 1116 2526 1171 Christum
2569 1129 2653 1173 est
2685 1121 2954 1191 amplexa,
2988 1125 3133 1193 quod
3177 1141 3274 1195 per
3301 1125 3447 1182 Semi

1873 1205 2232 1260 tabernacula
2263 1216 2504 1276 notatur,
2535 1212 2751 1281 quando
2804 1214 2968 1268 etiam
3019 1215 3365 1274 Abrabatnus
3400 1233 3448 1272 ’θ

1871 1293 2032 1349 Semo
2056 1312 2229 1366 genus
2249 1298 2406 1352 duxit
2437 1311 2599 1369 atque
2628 1305 2975 1372 patriarchae,
3011 1321 3039 1359 a
3070 1307 3273 1377 quibus
3327 1325 3424 1379 per

1875 1391 2067 1458 spicue
2111 1395 2331 1461 generis
2380 1399 2697 1466 pmpag‘atio
2729 1414 2823 1467 per
2867 1399 3117 1456 ordinem
3157 1418 3331 1471 usque
3382 1409 3450 1457 ad

1869 1482 2151 1537 Christum
2207 1485 2516 1539 deducitur.
2573 1488 2637 1540 At
2687 1488 2875 1542 Chami
2933 1505 3121 1561 gentes
3184 1495 3452 1564 pleneque

1870 1577 2170 1630 etiamnum
2199 1577 2251 1630 in
2275 1577 2584 1635 defectione
2607 1597 2635 1635 a
2658 1581 2762 1637 fide
2779 1584 3088 1639 Christiana
3105 1600 3449 1655 permanent,

1874 1664 1925 1717 in
1945 1663 2135 1726 indiis,
2158 1666 2480 1736 lEthiopiis,
2501 1668 2868 1736 Mauritaniis,
2903 1673 2956 1726 in
2977 1675 3180 1743 quibus
3200 1679 3451 1745 gentibus

1870 1755 2034 1809 etiam
2067 1756 2286 1811 Arabiae
2319 1768 2683 1814 numerantur
2713 1778 2778 1818 ac
2820 1765 3081 1831 Idumaaa,
3113 1769 3205 1836 qui
3264 1770 3450 1837 populi

1872 1861 2064 1900 omnes
2112 1848 2378 1903 adversus
2407 1849 2577 1904 Deum
2614 1861 2670 1906 et
2711 1865 2931 1912 sanctos
2983 1858 3104 1926 ejus
3157 1859 3452 1924 ferociunl,

1872 1939 2238 1992 exsecrationi
2294 1943 2380 1994 cui
2410 1941 2675 1997 Chamum
2709 1955 2762 2000 et
2793 1945 3142 2002 Chanaanem
3181 1950 3324 2006 Deus
3357 1953 3453 2006 ob—

1874 2032 2099 2083 noxium
2139 2033 2346 2086 fecerat
2381 2035 2605 2089 addicti.
2640 2035 2829 2107 itaque
2857 2039 3146 2110 Scriptura
3180 2043 3451 2096 Chamum

1873 2118 2022 2174 Setni
2078 2131 2130 2175 et
2183 2121 2360 2192 Iapeti
2413 2139 2633 2180 servum
2700 2131 3092 2196 pronuntiavit.
3162 2149 3258 2200 per
3313 2132 3454 2188 Cha-

1874 2230 2104 2268 n.:anem
2142 2217 2309 2271 ﬁlium
2339 2219 2458 2287 ipso
2485 2221 2650 2275 etiam
2677 2230 2829 2291 patre
2863 2223 3070 2280 Chamo
3102 2235 3309 2282 notato.

1948 2486 2064 2542 Duo
2088 2486 2293 2541 diluvia
2320 2487 2374 2542 in
2397 2488 2607 2544 Graecia
2630 2489 2833 2546 celebri
2866 2490 3008 2547 fama
3039 2491 3282 2555 fuerunt,
3305 2496 3468 2563 prius-

1872 2581 1928 2635 in
1959 2581 2167 2644 Attica,
2193 2580 2362 2652 Ogygi
2395 2591 2579 2646 aetate,
2624 2585 2903 2653 posterius
2939 2586 3101 2640 annis
3144 2586 3213 2640 ab
3257 2601 3322 2640 eo
3352 2587 3456 2640 2‘48

1873 2672 1928 2727 in
1964 2672 2270 2737 Thessalia,
2299 2671 2633 2730 Deucalione
2653 2675 2881 2730 Athenis
2900 2685 3182 2746 regnante,
3213 2679 3458 2733 secundo

1872 2780 1902 2818 a
1954 2764 2169 2819 Cranao
2202 2765 2482 2836 indigena.
2530 2763 2710 2836 Hujus
2773 2767 2877 2823 sub
2931 2767 3265 2823 Deucalione
3330 2766 3461 2821 facti

1873 2855 2064 2910 diluvii
2094 2855 2350 2911 videntur
2370 2860 2534 2912 etiam
2571 2856 2822 2929 Egyptii
2841 2860 3181 2923 meminisse,
3212 2858 3473 2913 dicentes

1875 2963 2030 3003 suam
2065 2957 2269 3003 terram
2303 2949 2679 3007 inundationis
2708 2962 2983 3021 expertem
3023 2951 3214 3006 fuisse.
3240 2952 3307 3006 Et
3337 2951 3461 3022 qui-

1876 3039 1998 3094 dem
2033 3049 2182 3096 recte
2210 3042 2550 3096 contendunt
2581 3042 2874 3113 )Egyptum
2896 3049 3031 3098 tunc
3052 3043 3319 3098 diluvium
3351 3058 3460 3097 non

213 3137 440 3192 κὶύσθαι.
473 3137 590 3190 Καὶ
635 3135 860 3198 δικαίως
899 3132 1263 3202 φιλονεικοῦσι
1313 3133 1388 3204 μὴ
1425 3133 1769 3186 κατακεκλύη

1879 3146 2001 3186 esse
2029 3148 2273 3202 passam,
2305 3148 2429 3187 cum
2476 3133 2530 3187 id
2559 3133 2823 3188 diluvium
2868 3144 3024 3190 certo
3076 3121 3285 3190 tantum
3338 3134 3461 3189 loco

206 3229 310 3280 σθαι
339 3231 458 3283 τότε
491 3231 592 3298 τὴν
621 3228 918 3294 Αἴγυπτον·
948 3227 1176 3290 τοπικδς
1210 3227 1317 3296 γὰρ
1357 3227 1583 3295 γέγονεν
1622 3222 1772 3289 οὗτος

207 3322 228 3371 ὁ
253 3322 658 3390 κατακλυσμύς.
700 3321 806 3373 Τὸν
842 3320 952 3389 γὰρ
982 3321 1248 3390 πρότερον
1285 3320 1406 3390 ἦτοι
1431 3320 1523 3372 τὸν
1553 3319 1775 3372 καθολι-

205 3414 282 3465 κὴν
317 3413 712 3480 κατακλυσμὸν
740 3413 861 3466 οὐδὲ
888 3412 1253 3480 γινώσκουσιν
1279 3427 1293 3442 ·
1330 3409 1484 3464 οὔπω
1517 3411 1627 3481 γὰρ
1652 3406 1720 3480 ἦν
1749 3413 1778 3463 ὁ

207 3508 537 3578 πατριάρχης
600 3504 783 3557 αὐτῶν
843 3503 1146 3574 γεννηθείς.
1182 3503 1314 3572 Χὰμ
1363 3502 1471 3554 δὲό
1516 3503 1629 3564 υἱὸς
1680 3500 1775 3554 τοῦ
1822 3522 1831 3525 -

204 3597 310 3650 Νῶε
342 3600 531 3671 πατὴρ
556 3594 626 3670 ἦν
651 3597 940 3666 Μεστρὲμ,
977 3597 1072 3665 ἀφ’
1101 3591 1161 3651 οὖ
1191 3596 1500 3663 Αἰγύπτιοι.

265 3693 377 3748 Ὀτι
420 3695 516 3745 τὸν
568 3691 797 3762 Νεὸρὼδ
847 3690 1258 3751 ἁποθεώσαντες
1309 3690 1360 3741 οἱ
1406 3686 1680 3757 Ἀσσύριοι
1721 3687 1779 3738 ὲν

203 3787 298 3847 τοῖς
355 3787 590 3855 ἄστροις
644 3781 738 3835 τοῦ
785 3779 1018 3851 ούρανοῦ
1079 3780 1309 3846 ἔταξαν,
1376 3779 1473 3831 καὶ
1522 3776 1779 3831 καλοῦσιν

214 3873 445 3944 Ὠρίωνα.
480 3872 660 3936 Οὗτος
708 3873 982 3938 κατέδειξε
1010 3871 1108 3941 τὴν
1143 3871 1531 3940 κυνηγετικήψ
1567 3868 1648 3922 διὸ
1685 3869 1779 3921 καὶ

201 3966 279 4016 τὶν
308 3967 662 4035 καλούμενον
714 3965 852 4016 κύνα
885 3965 1086 4032 ἄστρον
1115 3963 1192 4031 τῷ
1235 3962 1452 4031 Ὠρίωνι
1513 3960 1778 4030 συνῆψαν.

202 4054 383 4109 Τιῦτον
413 4054 688 4110 καλοῦσιν
717 4056 807 4108 καὶ
836 4055 1042 4124 Κριίνον
1083 4055 1163 4114 εἰς
1195 4053 1292 4122 τὴν
1322 4053 1646 4122 ἐπωνυμίαν
1687 4050 1780 4104 τοῦ

200 4149 478 4220 πλάνητος.

257 4243 370 4296 Ὀτι
410 4239 894 4312 διαμερισθέντων
919 4238 1028 4291 τῶν
1051 4237 1220 4291 ἐθνῶν
1254 4237 1493 4306 ἀνεφάνη
1528 4252 1611 4296 τις
1641 4235 1781 4305 ἀνὴρ

208 4333 371 4400 Ἰνδὸς,
419 4338 489 4390 ὲκ
519 4335 624 4388 τοῦ
662 4334 853 4402 γένους
899 4330 1192 4400 Ἀρφαξὰδ,
1219 4327 1458 4398 τοῦνομα
1495 4328 1785 4381 Ἀνδουὸά-

201 4447 316 4498 ριος,
345 4431 404 4494 ὃς
448 4427 758 4496 παρέδωκε
799 4427 914 4488 τοῖς
949 4423 1132 4485 Ἰνδοῖς
1171 4424 1564 4492 ἀστρονομίαν.

1879 3226 2206 3284 substiterit.
2239 3225 2401 3284 Prius
2434 3236 2616 3282 autem
2654 3225 2940 3290 diluvium,
2974 3227 3118 3296 quod
3148 3227 3456 3280 universam

1880 3329 2081 3374 terram
2133 3318 2445 3381 inundavit,
2514 3320 2678 3390 plane
2727 3319 3023 3388 ignorant:
3060 3320 3300 3374 nondum
3353 3316 3462 3387 27

1878 3407 2022 3463 enim
2059 3416 2172 3460 tum
2206 3415 2369 3462 natus
2398 3407 2576 3463 fuerat
2607 3405 2860 3462 conditor
2881 3408 3061 3476 gentis
3093 3421 3283 3461 eorum
3314 3406 3461 3459 Cha-

1883 3515 2024 3563 mus,
2066 3500 2212 3555 ﬁlius
2240 3498 2392 3566 Noae,
2443 3510 2599 3571 pater
2643 3502 2932 3567 Mezromi,
2973 3515 3016 3554 α
3060 3515 3172 3570 quo
3221 3499 3464 3577 Egyptii

1882 3604 2014 3647 sunt
2037 3593 2162 3647 orti.

1961 3686 2239 3742 Nemrodo
2278 3687 2488 3758 Assyrii
2541 3686 2782 3740 divinam
2845 3685 3129 3740 ascribunt
3185 3692 3465 3749 naturam,

1883 3779 2028 3834 inter
2080 3779 2261 3834 sidera
2319 3781 2561 3833 cwlestia
2603 3779 2938 3832 collocautes
2971 3787 3026 3832 et
3055 3774 3314 3832 Orionem
3370 3790 3466 3830 vo-

1884 3881 2095 3926 cantes.
2132 3871 2232 3925 llic
2263 3871 2496 3926 venandi
2533 3881 2708 3924 artem
2736 3871 2947 3940 primus
2991 3869 3237 3938 protulit.
3281 3867 3467 3936 Itaque

1884 3963 2074 4020 Orioni
2107 3963 2283 4028 sidus,
2314 3964 2458 4033 quod
2491 3963 2656 4018 Canis
2683 3973 2932 4024 vocatur,
2969 3963 3294 4032 adjungunt.
3323 3959 3491 4026 Quin

1885 4070 1940 4114 et
1974 4058 2216 4121 Saturni,
2241 4057 2410 4110 stellae
2434 4056 2579 4110 illius
2599 4057 2870 4119 erratica,
2895 4072 3092 4108 nomen
3112 4055 3160 4110 ei
3187 4056 3459 4112 tribuunt.

1961 4238 2249 4308 Dissipatis
2279 4237 2538 4309 gentibus
2594 4233 2762 4290 Indus
2787 4233 3008 4304 quidam
3041 4232 3109 4288 ab
3138 4231 3469 4302 Arpliaxado

1891 4347 2065 4401 genus
2100 4332 2306 4385 ducens
2328 4330 2566 4396 exstitit,
2608 4330 2832 4382 nomine
2861 4325 3258 4393 Andubarius;
3311 4327 3469 4396 isque

1890 4422 2037 4477 indis
2065 4422 2460 4475 astronomiam
2512 4417 2756 4472 tradidit.

259 4521 337 4595 [P.
371 4520 465 4594 15]
491 4522 628 4574 Ὅτι
648 4518 724 4587 τῷ
753 4513 1094 4586 δισχιλιοστῷ
1121 4513 1562 4581 πεντακοσιοστῷ
1588 4511 1777 4580 ὀγδοη-

1962 4514 2120 4569 Anno
2149 4516 2218 4567 ab
2247 4514 2458 4583 origine
2487 4511 2676 4566 mundi
2708 4509 2852 4565 2585
2880 4507 3159 4564 Cainanus
3214 4523 3467 4579 campum

200 4616 356 4686 κοστῷ
385 4617 429 4668 ε’
465 4616 588 4668 ἔτει
639 4611 890 4665 διοδεύων
930 4609 1141 4662 Καῖνάν
1205 4609 1263 4659 ὲν
1321 4605 1400 4675 τῷ
1455 4605 1626 4672 πεδίῳ
1654 4597 1781 4673 εὗρε

199 4706 280 4776 τὴν
302 4709 532 4778 γραφὴν
568 4704 688 4757 τῶν
730 4703 1002 4769 γιγάντων
1031 4703 1125 4752 καὶ
1162 4697 1366 4768 ἔκρυψε
1406 4699 1537 4767 παρ’
1573 4695 1779 4764 ἑαυτῷ,

199 4800 278 4850 καὶ
303 4799 470 4862 αὐτὸς
507 4797 622 4868 μὲν
653 4798 712 4847 έν
732 4795 913 4855 αὐτοῖς
932 4792 1298 4862 ἐξημάρτανε,
1332 4792 1429 4842 καὶ
1452 4790 1575 4852 τοὺς
1593 4788 1783 4851 ἄλλους

198 4891 280 4962 τὴν
327 4893 505 4962 αὐτὴν
569 4889 810 4943 ἀτοπίαν
866 4886 1266 4951 ὲξεπαίδευσεν.
1307 4870 1372 4936 Oi
1422 4883 1478 4936 δὲ
1517 4883 1607 4936 τὸν
1640 4883 1784 4936 Σάλα

200 4985 316 5051 φασὶ
339 4983 558 5054 ταύτην
599 4977 930 5048 εὑρηκέναι.

257 5078 375 5130 Ὅτι
399 5078 460 5129 ἐν
486 5075 576 5144 τῷ
618 5074 742 5143 ὄρει
769 5070 864 5122 τοῦ
892 5068 1125 5122 Λιϐάνου
1165 5066 1347 5137 ἰχθύες
1381 5065 1663 5134 θαλάσσης
1694 5065 1779 5118 εὑ-

202 5171 444 5239 ρέθησαν,
503 5169 569 5220 ὲν
630 5163 836 5225 κοίλοις
865 5162 1052 5223 τόποις
1082 5161 1314 5226 ὑδάτων,
1346 5159 1445 5229 τὴν
1483 5157 1580 5211 τοῦ
1619 5174 1788 5211 κατα-

200 5261 431 5330 κλυσμοῦ
463 5255 680 5312 πιστού
691 5271 841 5324 μενοι
867 5253 1266 5322 πανωλεθρίαν.

257 5348 376 5404 Ὀτι
401 5350 640 5417 πρῶτος
675 5345 870 5413 Λάμεχ
893 5343 999 5412 πρὸ
1023 5342 1117 5396 τοῦ
1144 5342 1273 5394 ἰδίου
1303 5340 1508 5407 πατρὸς
1530 5340 1784 5410 τελευτᾷ,

201 5441 349 5509 ἤγουν
382 5441 494 5495 τοῦ,
515 5437 729 5496 Μαθου
737 5436 894 5489 σάλα.

263 5537 378 5590 ’θη
403 5535 519 5590 ἀπὸ
554 5531 665 5586 τοῦ
716 5531 887 5596 Ἀδὰμ
917 5530 1021 5592 ἓως
1070 5530 1164 5582 τοῦ
1197 5525 1610 5597 κατακλυσμοῦ,
1645 5525 1787 5578 κατὰ

203 5629 312 5690 τοῦς
355 5623 932 5696 Ἐὗδομήκο·δτα,ἕτη
972 5620 1169 5692 ,βσμβ’,
1199 5614 1279 5681 οἷς
1335 5620 1429 5672 καὶ
1483 5621 1515 5687 ὴ
1563 5618 1791 5687 ἀλήθεια

205 5721 568 5794 ἐπιμαρτυρεί
609 5715 716 5769 καὶ
748 5715 805 5767 αἱ
847 5713 1112 5768 ἀνέκαθεν
1153 5712 1356 5774 πάσαις
1400 5712 1519 5772 ταῖς
1565 5709 1795 5779 Ἐκκλη-

209 5813 334 5877 sint;
364 5809 837 5884 ἑπικρατήσασαι
873 5805 1220 5876 παραδόσεις,
1255 5805 1344 5857 ἐπὶ
1387 5803 1444 5856 δὲ
1479 5802 1540 5856 τὸ
1574 5802 1788 5872 πρῶτον

1893 4621 2192 4676 peragrans
2221 4606 2549 4672 scripturam
2585 4604 2870 4672 gigantum
2929 4602 3162 4671 reperit.
3238 4609 3292 4655 et
3342 4616 3466 4652 cum

1894 4699 2009 4768 ipse
2029 4713 2091 4752 ea
2131 4696 2412 4750 tractanda
2446 4695 2697 4764 deliquit,
2731 4704 2844 4747 tum
2878 4692 3016 4748 alios
3067 4692 3308 4747 absurda
3367 4692 3471 4747 ista

1893 4789 2099 4842 docuit.
2141 4787 2250 4841 Alii
2286 4804 2311 4839 a
2339 4784 2464 4839 Sala
2496 4784 2666 4840 fuisse
2699 4799 2817 4838 eam
2847 4782 3180 4851 scripturam
3200 4789 3418 4852 reperta
3442 4801 3470 4829 ει

1893 4889 2172 4937 asserunt.

1966 5056 2024 5110 in
2064 5062 2245 5109 monte
2268 5053 2478 5110 Libano
2528 5054 2708 5127 pisces
2755 5055 2950 5109 marini
2986 5053 3191 5109 inventi
3223 5059 3371 5117 sunt,
3419 5055 3473 5108 in

1895 5150 2046 5202 cavis
2070 5163 2190 5216 qua:
2209 5162 2380 5216 aquas
2411 5157 2751 5215 receperant,
2768 5146 3202 5200 internecionem
3227 5145 3475 5200 omnium

1898 5243 2241 5303 animalium,
2273 5256 2394 5310 quae
2426 5240 2629 5293 diluvio
2658 5240 2878 5298 accidit.
2915 5237 3296 5292 testiﬁcantes.

1970 5333 2190 5388 Primus
2252 5331 2556 5388 Lamechus
2616 5347 2718 5386 suo
2759 5341 2915 5401 patre
2967 5329 3272 5384 Mathusala
3328 5331 3478 5391 prior

1897 5435 2150 5483 mortuus
2203 5436 2308 5481 est.

1970 5521 2054 5574 Ab
2124 5520 2335 5574 Adamo
2387 5532 2564 5586 usque
2614 5516 2682 5570 ad
2741 5516 3006 5569 diluvium
3087 5513 3155 5568 de
3207 5520 3478 5568 sententia

1903 5612 2261 5681 Septuaginta
2303 5611 2662 5678 interpretum
2723 5608 2849 5660 anni
2903 5617 3264 5661 numerantur
3309 5603 3474 5657 2262.

1900 5705 2114 5771 Quibus
2139 5713 2194 5757 et
2221 5702 2428 5756 veritas
2448 5702 2782 5771 astipulatur
2795 5708 2846 5754 et
2868 5700 3215 5762 traditiones,
3237 5711 3474 5764 quarum

1905 5799 2204 5854 auctoritas
2235 5797 2304 5852 ab
2330 5796 2558 5865 antiquo
2592 5809 2686 5865 per
2704 5807 2894 5849 omnes
2919 5790 3150 5846 invaluit
3177 5788 3474 5844 Ecclesiae.
