4184 6436
635 411 708 476 55
1929 413 2248 474 GEORGII
2290 415 2626 479 CEDRENI
2745 397 2748 400 ’
3823 417 3894 479 at;

637 525 718 579 Ad
764 538 967 582 annum
1027 521 1138 594 28
1194 520 1494 578 Abrahami
1548 523 1784 593 primum
1847 537 2209 582 numerantur

2327 531 2430 597 ἔτος
2473 533 2725 603 Ἀϐραὰμ
2757 532 2870 604 (54)
2904 531 2998 603 ἔτη
3052 529 3225 602 ,γτιβ’.
3273 531 3380 585 Καὶ
3405 517 3568 601 ’μετὰ
3606 530 3772 601 ἕτερα
3805 530 3879 584 σε’

552 628 556 636 ’
639 618 769 672 anni
801 617 869 671 ab
900 616 1112 684 origine
1153 615 1340 670 mundi
1369 617 1533 672 3512.
1563 614 1691 672 Post
1720 617 1790 671 '75
1814 617 2009 672 deinde
2036 633 2210 674 annos

641 726 704 763 ex
732 709 1012 764 Charrane
1038 723 1297 776 egressus
1327 709 1380 762 in
1411 716 1556 762 terra
1591 709 1850 764 Chanaan
1880 709 2210 780 inquilinum

639 802 768 872 egit.
805 816 927 870 quae
977 816 1125 855 nunc
1156 799 1441 854 Palaestina
1470 811 1721 856 vocatur.
2037 805 2042 809 ’

710 892 981 947 Phalecus
1013 904 1139 948 ante
1168 906 1376 961 patrem
1400 909 1562 949 suum
1594 893 1870 950 Heberum
1900 895 2059 950 obiit.
2083 894 2212 950 Tria

643 983 816 1036 millia
886 998 1152 1036 annorum
1213 983 1279 1037 ad
1346 982 1560 1041 Phaleci
1593 995 1823 1041 mortem
1877 987 1945 1041 ab
2001 986 2213 1041 Adamo

638 1082 1042 1144 computantur.
1080 1072 1219 1128 Hinc
1244 1076 1464 1130 nOmina
1499 1076 1810 1131 Graecorum
1842 1077 2068 1131 deorum
2109 1077 2214 1131 ini--

521 1181 530 1185 ‘
639 1166 771 1220 tium
806 1176 1051 1222 sumunt.

712 1256 886 1313 Natus
940 1268 1025 1314 est
1083 1259 1275 1314 Chami
1336 1261 1506 1330 stirpe
1569 1265 1652 1314 vir
1709 1262 1932 1316 nomine
1970 1261 2211 1327 Cliusus,

647 1348 934 1421 Ethiops.
970 1350 1020 1406 1‘s
1051 1352 1380 1406 Nemrodum
1412 1353 1620 1422 genuit,
1643 1354 1736 1422 qui
1765 1362 1819 1408 et
1845 1352 2215 1422 Urionappel-

640 1444 806 1507 latur,
878 1430 1216 1498 conditorem
1281 1444 1609 1522 Babylonis;
1660 1454 1823 1513 atque
1883 1445 1970 1498 hic
2021 1453 2215 1499 auctus

641 1534 883 1601 potentia
922 1535 1132 1603 primus
1172 1536 1454 1589 hominum
1488 1537 1750 1605 regnavit,
1781 1537 2018 1606 Assyriis
2047 1538 2216 1605 impe-

641 1640 790 1680 rans.
849 1626 995 1679 lilcm
1035 1625 1308 1680 Saturnus
1365 1626 1547 1680 dictus
1617 1637 1724 1692 est,
1797 1637 2214 1696 cognomentoa

640 1719 860 1785 planeta
906 1719 1096 1771 ducto.
1159 1717 1391 1771 Uxorem
1427 1734 1491 1772 ex
1527 1720 1717 1772 eadem
1773 1722 1941 1787 stirpe
2005 1720 2213 1778 habuit,

641 1811 863 1864 nomine
892 1809 1240 1864 Semiiamin.
1276 1807 1402 1864 Haec
1433 1809 1584 1864 frena
1619 1812 1819 1879 reperit
1874 1818 1929 1864 et
1979 1809 2215 1879 pyrami-

2312 627 2408 697 ἔτη
2437 627 2663 697 ἐξῆλθεν
2691 630 2754 680 ἐκ
2777 626 3025 698 Χαρρὰν,
3051 625 3394 696 παρθικὴσας
3424 627 3504 688 εἰς
3542 627 3645 696 γῆν
3666 624 3888 678 Χαναὰν

2313 719 2411 789 τὴν
2432 719 2527 774 νῦν
2563 719 2930 789 Παλαιστίνην
2959 719 3284 788 λεγομένην.

2388 887 2513 940 Ὀτι
2547 887 2577 940 6
2621 887 2799 943 Φάλεκ
2827 889 2933 961 πρὸ
2958 889 3050 942 τοῦ
3081 889 3288 960 πατρὸς
3315 890 3477 944 αὑτοῦ
3512 890 3681 962 Ἔϐερ
3705 893 3894 945 τελευο

2313 982 2402 1051 τᾷ,
2440 981 2734 1050 συνάγεται
2781 983 2837 1037 δὲ
2878 983 2946 1036 τὰ
2979 983 3160 1037 πάντα
3185 984 3278 1052 ἐτη
3317 985 3426 1037 ἀπὸ
3461 984 3554 1038 τοῦ
3596 987 3768 1055 Ἀδὰμ
3802 988 3896 1038 ἐπὶ

2314 1072 2412 1143 τὴν
2437 1073 2532 1126 τοῦ
2558 1074 2737 1127 Φάλεκ
2763 1074 3024 1145 τελευτὴν
3054 1074 3145 1145 ἔτη
3179 1076 3474 1147 τρισχίλια.
3501 1077 3692 1130 Ἔνθεν
3721 1080 3896 1150 ἀρχὴν

2317 1165 2425 1220 τῶν
2470 1165 2804 1236 Ἑλληνικῶν
2827 1166 2964 1220 θεῶν
2987 1155 3332 1236 ’λαμϐάνουσι
3361 1169 3426 1221 τὰ
3454 1169 3715 1238 ὀνόματα.

2401 1258 2700 1330 Ἐγεννήθη
2737 1259 2795 1312 δὲ
2834 1261 2898 1314 ἐκ
2949 1261 3049 1329 τῆς
3088 1260 3265 1330 φυλῆς
3295 1261 3390 1313 τοῦ
3425 1261 3542 1331 Σὴμ
3569 1262 3706 1334 ἀνὴρ
3727 1263 3900 1334 ὄνομα

2317 1350 2462 1414 Χοῢς
2491 1352 2707 1422 Αἰθίοψ,
2739 1351 2795 1415 ὃς
2829 1353 3085 1423 ἐγέννησε
3134 1352 3226 1406 τὸν
3271 1353 3499 1422 Νεϐρὼδ
3535 1354 3625 1408 τὸν
3668 1356 3765 1424 τὴν
3801 1357 3899 1409 Βα-

2320 1440 2533 1496 ϐυλῶνα
2591 1443 2880 1506 κτίσαντα,
2929 1441 3020 1494 τὸν
3080 1442 3176 1495 καὶ
3232 1441 3467 1512 Ὠρίωνα
3506 1443 3895 1513 ἐπικληθέντα.

2361 1531 2488 1599 ⁴ὗτος
2521 1535 2748 1597 δυνατὸς
2773 1535 3066 1606 γενόμενος
3093 1534 3410 1587 ἐϐασίλευσε
3439 1535 3656 1606 πρῶτος
3689 1535 3781 1588 ἐπὶ
3800 1536 3897 1604 τῆς

2318 1628 2424 1698 γῆς
2481 1629 2540 1680 ἐν
2571 1629 2682 1689 τοῖς
2730 1626 3072 1696 Ἀσσυρίοις·
3113 1625 3172 1688 ὃς
3205 1624 3302 1678 καὶ
3345 1625 3638 1696 ὠνομάσθη
3693 1626 3900 1696 Κρόνος

2320 1722 2400 1782 είς
2447 1721 2546 1789 τὴν
2582 1719 2900 1788 ἐπωνυμίαν
2936 1715 3031 1769 τοῦ
3071 1716 3360 1784 πλάνητος.
3407 1711 3575 1780 Οὗτος
3633 1716 3756 1786 ἔσχε
3797 1732 3899 1786 γυο

2320 1813 2484 1864 ναῖκα
2515 1813 2580 1864 ἐκ
2609 1813 2709 1880 τῆς
2746 1811 2919 1881 αὐτῆς
2957 1810 3151 1880 φυλῆς,
3195 1809 3538 1879 καλουμένην
3568 1809 3897 1880 Σεμίραμιν.

640 1903 736 1956 des
788 1917 926 1972 quas
975 1912 1170 1956 vocant
1224 1903 1516 1957 exstruxit.
1576 1900 1730 1956 lianc
1784 1903 1948 1956 etiam
2008 1901 2212 1956 Rheam

2327 1903 2471 1975 Αὕτη
2513 1907 2626 1966 τοῖς
2682 1907 2950 1972 ποταμοῖς
3018 1903 3311 1974 περιέϐαλε
3372 1903 3602 1971 στόμια,
3660 1903 3752 1956 καὶ
3799 1902 3902 1962 τὰς

643 1996 1020 2055 nominarunt.
1061 2006 1117 2050 ut
1140 2012 1260 2064 quae
1295 1995 1611 2050 hominibus
1644 2010 1840 2065 magna
1870 2011 1994 2049 cum
2063 2004 2217 2066 pote-

643 2091 786 2138 state
816 2092 871 2137 et
899 2086 1102 2154 ingenti
1135 2096 1342 2140 terrore
1379 2085 1692 2154 imperaret.
1731 2085 1855 2141 llaec
1901 2085 2220 2140 Semiramis

643 2175 810 2228 illium
840 2177 1033 2231 habuit
1090 2178 1312 2232 nomine
1354 2177 1568 2240 Picum,
1598 2189 1960 2248 cognomento
2004 2179 2216 2241 Jovem,

643 2284 706 2321 ac
737 2281 933 2336 praiter
972 2271 1115 2322 hunc
1142 2269 1328 2322 Belum
1357 2283 1417 2321 ac
1434 2268 1632 2322 Ninum
1652 2277 1707 2323 et
1733 2269 1898 2322 ﬁliam
1922 2267 2216 2323 Junonem.

641 2361 838 2423 Ninus,
898 2361 989 2430 qui
1047 2360 1296 2416 Ninivem
1356 2379 1608 2434 magnam
1663 2362 1927 2423 condidit,
1988 2371 2215 2417 matrem

643 2467 796 2507 Suam
861 2452 1192 2506 Semiramin
1247 2457 1436 2508 uxoris
1486 2455 1605 2509 loco
1655 2454 1863 2508 habuit.
1926 2452 2219 2508 Africanus

645 2543 884 2597 Saturno
914 2553 1173 2613 praeterea
1199 2543 1390 2597 Afrum
1419 2544 1587 2598 tilium
1613 2544 1861 2609 ascribit,
1894 2558 1924 2596 a
1959 2559 2067 2614 quo
2104 2543 2218 2597 Afri

642 2636 771 2690 dicti
803 2648 954 2691 sunt.
980 2637 1031 2692 Is
1057 2637 1188 2690 Afer
1218 2638 1379 2692 ducta
1425 2637 1726 2708 Astynoma
1756 2652 1928 2692 uxore
1955 2635 2218 2691 Venerem

639 2727 985 2797 genuit,qua"
1010 2728 1214 2784 Graecis
1227 2729 1476 2783 Alrodita
1499 2729 1720 2783 dicitur.
1752 2727 2032 2782 Saturnus
2054 2743 2220 2798 regno

643 2819 906 2888 expulsus
942 2834 968 2872 a
1019 2819 1130 2874 tilio
1158 2835 1260 2874 suo
1313 2817 1448 2875 Jove
1479 2821 1531 2874 in
1564 2819 1824 2874 occiduas
1855 2829 2014 2875 terra:
2037 2831 2218 2890 partes

641 2915 857 2968 devenit
882 2931 942 2970 ac
975 2914 1183 2968 Italiam
1211 2915 1471 2970 obtinuit.
1533 2915 1665 2970 Dein
1710 2915 1922 2986 Jupiter
1979 2918 2222 2988 Assyriis

639 3004 899 3074 decessit,
925 3023 985 3059 ac
1021 3007 1086 3062 ad
1101 3018 1306 3078 patrem
1329 3023 1388 3062 se
1401 3011 1651 3075 contulit,
1672 3011 1764 3079 qui
1791 3009 1840 3064 ei
1875 3025 2097 3079 regnum
2115 3008 2224 3078 29

644 3097 812 3152 Italia:
839 3099 1046 3154 dimisit
1073 3118 1088 3166 ;
1115 3101 1206 3154 ubi
1235 3117 1356 3155 cum
1379 3118 1474 3172 per
1492 3101 1692 3156 multos
1721 3118 1893 3156 annos
1917 3112 2217 3170 regnasset,

643 3189 810 3244 vitam
842 3206 968 3245 cum
1002 3201 1176 3246 morte
1201 3192 1578 3254 commutavit,
1601 3202 1654 3247 et
1687 3193 1739 3246 in
1771 3193 1928 3248 Creta
1975 3195 2221 3263 sepultus

2323 1996 2664 2066 καλουμένας
2690 1994 3004 2065 πυραμίδας
3041 1995 3322 2066 ἀνήγειρε.
3364 1994 3580 2065 Ταύτην
3616 1995 3709 2047 καὶ
3744 1993 3901 2048 Ῥέαν

2323 2089 2616 2158 ὠνόμασαν
2663 2088 2739 2150 ὡς
2800 2090 2856 2140 ἐν
2895 2087 3124 2156 δυνάμει
3177 2087 3270 2140 καὶ
3312 2087 3534 2158 ἐξουσίᾳ
3586 2087 3678 2140 καὶ
3732 2087 3900 2158 ὑπερ-

2324 2183 2571 2237 ϐάλλοντι
2609 2182 2761 2251 φόϐῳ
2796 2179 2905 2232 τῶν
2956 2178 3262 2248 ἀνθρώπων
3307 2181 3606 2250 ἄρχουσαν.
3659 2178 3810 2249 Αὕτη
3865 2180 3897 2248 ή

2323 2275 2631 2345 Σεμίραμις
2668 2273 2828 2342 ἔσχεν
2876 2273 2993 2326 υἱὸν
3035 2267 3095 2326 οὗ
3159 2273 3220 2326 τὸ
3252 2272 3426 2340 ὄνομα
3466 2273 3651 2334 Πῖκος,
3700 2272 3758 2334 ὃς
3806 2273 3904 2324 καὶ

2327 2365 2726 2437 μετωνομάσθη
2753 2363 2908 2427 Ζεύς’
2937 2365 3031 2417 καὶ
3058 2364 3254 2428 ἄλλους
3281 2364 3337 2418 δέ
3366 2363 3525 2433 ἔσχεν
3554 2363 3703 2425 υἱοὺς
3733 2362 3905 2427 Βῆλόν

2322 2478 2379 2512 τε
2411 2460 2505 2511 καὶ
2558 2459 2742 2522 Νῖνον,
2792 2457 2886 2509 καὶ
2924 2456 3200 2527 θυγατέρα
3234 2456 3334 2527 τὴν
3363 2458 3562 2527 Ἦραν.
3596 2456 3707 2510 Καὶ
3741 2458 3769 2508 6
3804 2455 3906 2525 μὲν

2322 2549 2504 2611 Νῖνος,
2535 2546 2592 2610 ὃς
2620 2547 2714 2599 καὶ
2743 2547 2843 2612 τὴν
2897 2545 3089 2599 Νινευῒ
3141 2548 3240 2617 τὴν
3271 2546 3513 2616 μεγάλην
3561 2545 3765 2608 ἔκτισε,
3801 2544 3905 2614 τὴν

2326 2641 2460 2695 ίδίαν
2495 2639 2706 2711 μητέρα
2735 2638 3040 2709 Σεμίραμιν
3066 2638 3190 2708 ἔσχε
3216 2641 3474 2706 γυναῖκα.
3508 2638 3593 2700 Ὦς
3619 2638 3675 2690 δέ
3709 2637 3902 2707 Ἀφρι-

2324 2734 2487 2796 κανός
2536 2723 2693 2803 φησί,
2757 2733 2850 2785 καὶ
2901 2731 3090 2802 ἕτερον
3154 2733 3271 2784 υίδν
3319 2732 3478 2801 ἔσχεν
3523 2734 3551 2784 6
3582 2731 3786 2800 Κρόνος
3813 2730 3907 2782 τὸν

2327 2829 2558 2897 Ἀφρον,
2584 2826 2644 2890 ἐξ
2663 2819 2723 2879 οὗ
2755 2827 2974 2894 ’Λφροι’
3007 2825 3065 2885 ὃς
3094 2826 3275 2894 γήμας
3313 2824 3648 2894 Ἀστυνόμην
3679 2823 3904 2892 ἐποίησε

2325 2918 2603 2987 θυγατέρα
2649 2916 2748 2984 τὴν
2793 2914 3136 2984 Ἀφροδίτην.
3182 2914 3240 2966 Ὀ
3293 2914 3350 2966 δέ
3395 2914 3600 2983 Κρόνος
3648 2912 3907 2977 ἐξωσθεὶς

2323 3009 2421 3078 τῆς
2463 3007 2738 3077 βασιλείας
2779 3006 2884 3058 ὑπὸ
2927 3004 3022 3058 τοῦ
3057 3005 3186 3058 ἰδίου
3213 3003 3328 3057 υίοῦ
3363 3005 3506 3083 Διὸς,
3538 2999 3815 3054 κατελθὼν
3845 3002 3906 3052 ἐν

2324 3106 2390 3172 τῇ
2420 3102 2570 3154 δύσει
2594 3101 2787 3170 κρατεῖ
2815 3100 2910 3168 τῆς
2944 3097 3196 3160 Ἰταλίας.
3228 3092 3362 3150 Εἶτα
3389 3098 3417 3149 6
3448 3097 3582 3157 Ζεὺς
3613 3094 3909 3165 ὑποχωρή-

2327 3211 2425 3257 σας
2454 3193 2561 3246 τῶν
2603 3191 2907 3262 Ἀσσυρίων
2947 3189 3309 3257 παραγίνεται
3366 3188 3500 3256 πρὸς
3548 3187 3641 3238 τὸν
3671 3185 3908 3256 πατέρα’

643 3293 748 3338 est.
782 3283 908 3337 Post
939 3282 1140 3337 Ninum
1184 3283 1425 3354 Assyriis
1453 3283 1673 3340 Thurus
1703 3285 2012 3354 imperavit,
2045 3287 2135 3355 qui
2168 3296 2216 3340 ct

2327 3289 2351 3340 6
2395 3288 2452 3340 δέ
2488 3289 2816 3356 παραχωρεῖ
2841 3284 2989 3353 αὐτῷ
3018 3283 3327 3352 βασιλεύειν
3361 3285 3459 3351 τῆς
3509 3279 3759 3339 Ἰταλίας.
3794 3277 3907 3330 Καὶ

644 3374 788 3454 Mars
803 3376 1110 3446 appellatur
1125 3383 1312 3445 utpote
1335 3377 1811 3432 bellicosissimus.
1834 3375 1989 3430 Hunc
2005 3378 2217 3448 Assyrii

641 3467 862 3521 Baalum
896 3468 1009 3522 sive
1039 3468 1225 3524 Belum
1258 3469 1417 3523 deum
1449 3469 1813 3540 appellarunt,
1844 3478 2131 3539 statuaque
2162 3469 2210 3523 ei

641 3562 878 3614 excitata
910 3559 1111 3615 divinis
1134 3561 1436 3615 bonoribus
1463 3560 1775 3617 coluerunt.
1809 3561 1850 3614 Α
1871 3571 2044 3616 morte
2071 3561 2219 3618 Jm-is

642 3651 888 3710 Faunus.
933 3669 997 3706 eo
1025 3661 1211 3720 natus,
1244 3669 1473 3723 regnum
1529 3656 1724 3708 tenuit.
1784 3653 1883 3708 Hic
1921 3654 2221 3710 Mercurius

646 3745 1172 3811 deuominatusluit,
1205 3746 1350 3815 quod
1375 3746 1646 3802 facundus
1666 3745 1957 3800 admodum
1985 3756 2129 3801 esset
2162 3763 2224 3800 ac

650 3837 1158 3890 mathematicarum
1213 3853 1396 3891 rerum
1429 3839 1640 3893 sciens.
1708 3837 1850 3892 Idem
1912 3837 2224 3892 hominibus

645 3927 765 3979 auri
817 3943 880 3982 ex
936 3937 1095 3982 terra:
1137 3929 1447 3984 visceribus
1483 3929 1709 3983 eruendi
1756 3940 1927 3984 artem
1984 3928 2216 3983 invenit.

650 4016 837 4074 Venus
861 4022 1073 4074 erudita
1099 4020 1394 4075 admodum
1413 4021 1582 4076 fuitet
1612 4022 1781 4077 variis
1805 4023 1970 4077 rebus
1993 4031 2221 4078 ornata:

652 4109 841 4176 nupsit
859 4109 1092 4163 Adonidi
1116 4109 1331 4180 Cinyrae
1354 4111 1472 4164 filio
1505 4110 1827 4181 philosopho
1849 4110 1952 4181 ipsi
1982 4125 2220 4180 quoque.

647 4198 885 4254 Narrant
930 4217 1024 4256 cos
1084 4204 1148 4254 ad
1187 4210 1416 4256 mortem
1479 4218 1651 4271 usque
1700 4218 1808 4257 una
1861 4187 2223 4273 philosophia

646 4309 896 4348 vacasse.
925 4295 1107 4357 Picus,
1136 4297 1227 4363 qui
1263 4293 1404 4349 idem
1438 4304 1523 4350 est
1547 4293 1777 4364 Jupiter,
1847 4311 1972 4350 cum
1998 4296 2220 4363 triginta

646 4400 822 4439 annos
855 4385 1101 4456 Assyriis
1150 4387 1497 4454 imperasset,
1555 4403 1725 4457 regno
1783 4390 1835 4441 in
1873 4404 2069 4442 manus
2127 4388 2222 4442 ﬁlii

647 4479 732 4532 sui
795 4477 900 4532 Beli
965 4488 1018 4531 et
1056 4478 1312 4543 Junonis,
1369 4496 1491 4549 quze
1555 4495 1718 4534 soror
1755 4481 1880 4551 ejus
1919 4481 2222 4549 eademque

647 4571 850 4640 conjux
901 4583 1042 4634 erat,
1075 4574 1299 4632 tradito,
1334 4574 1399 4628 ad
1431 4582 1638 4641 patrem
1699 4590 1858 4629 suum
1922 4573 2220 4628 Saturnum

2327 3375 2544 3439 πολλοῖς
2595 3375 2740 3428 ἔτεσι
2792 3373 3138 3444 βασιλεύσας,
3176 3370 3295 3425 εἶτα
3327 3372 3656 3440 τελευτήσας
3684 3372 3911 3424 κατατί-

2327 3469 2475 3522 θεται
2513 3469 2569 3520 ἐν
2598 3471 2662 3538 τῇ
2711 3469 2930 3539 Κρήτῃ.
2959 3467 3114 3520 Μετὰ
3147 3467 3202 3520 δὲ
3248 3466 3410 3519 Νῖνον
3440 3464 3756 3518 ἐϐασίλευσε
3797 3464 3910 3516 τῶν

2338 3561 2642 3632 Ἀσσυρίων
2677 3560 2881 3632 Θούρος
2931 3563 2958 3613 6
2987 3561 3084 3612 καὶ
3117 3561 3290 3629 ’Ἄρης
3317 3557 3540 3626 κληθεὶς
3569 3558 3644 3620 ὡς
3674 3557 3804 3609 πολε
3815 3575 3909 3625 μι-

2325 3649 2792 3714 κώτατος.Τοῦτον
2821 3652 2868 3703 ot
2885 3649 3157 3721 Ἀσσύριοι
3181 3650 3269 3720 |P.
3299 3647 3387 3720 16]
3438 3648 3582 3700 Βάαλ
3613 3648 3746 3701 Θεὸν
3781 3648 3905 3718 ἦτοι

2327 3745 2439 3814 Βῆλ
2471 3745 2940 3815 μετονομάσαντες
2985 3745 3076 3795 καὶ
3109 3741 3593 3812 άναστηλὼσαντες
3635 3741 3909 3795 σέϐονται.

2326 3836 2483 3891 Μετὰ
2525 3836 2581 3890 δὲ
2616 3837 2714 3904 τὴν
2741 3834 2834 3887 τοῦ
2864 3835 2984 3897 Διὸς
3013 3834 3269 3904 τελευτὴν
3298 3832 3503 3895 Φαῦνος
3537 3835 3565 3885 6
3596 3833 3708 3895 υἱὸς
3741 3834 3911 3885 αὐτοὶ

2327 3928 2700 3992 ἐϐασίλευσεν,
2749 3927 2804 3990 ὃς
2854 3927 3251 3996 μετωνομάσθη
3309 3925 3516 3997 Ἐρμῆς
3543 3943 3556 3955 ·
3594 3921 3661 3995 ἦν
3687 3923 3792 3994 γὰρ
3817 3925 3914 3976 λο-

2328 4018 2630 4086 γικώτατος
2665 4017 2805 4069 πάνυ
2853 4017 2949 4070 καὶ
3005 4017 3405 4087 μαθηματικός·
3441 4017 3498 4078 ὃς
3529 4015 3622 4068 καὶ
3651 4015 3741 4067 τοῦ
3773 4032 3912 4085 χρυ-

2332 4110 2428 4163 σοῦ
2490 4111 2590 4178 τὴν
2648 4108 2811 4177 φύσιν
2872 4108 3093 4179 ἐξεῦρεν
3149 4110 3213 4162 ὲκ
3267 4108 3546 4178 μετάλλων
3580 4107 3912 4177 ἀνθρώποις.

2339 4202 2406 4257 Ἦ
2441 4202 2626 4273 μέντοι
2670 4201 2957 4272 Ἀφροδίτη
3009 4201 3201 4271 λογικὴ
3255 4202 3347 4253 καὶ
3384 4201 3606 4269 ποικίλη
3639 4198 3909 4269 λεγομένη

2331 4296 2584 4368 ἐγαμήθη
2633 4294 2710 4366 τῷ
2751 4293 2990 4347 Ἀδώνιδι
3048 4292 3124 4362 τῷ
3165 4293 3267 4363 υἱῷ
3309 4291 3404 4345 τοῦ
3450 4293 3711 4361 Κινύρου,
3759 4290 3914 4358 φιλο-

2331 4389 2481 4458 σόφῳ
2513 4387 2626 4440 ὄντι
2669 4388 2762 4440 καὶ
2791 4385 2960 4456 αὐτῷ·
2993 4385 3088 4448 οὓς
3117 4385 3216 4438 καὶ
3255 4385 3383 4454 άχρι
3414 4384 3646 4438 θανάτου
3696 4383 3914 4451 φιλοσο-

2331 4479 2567 4547 φοῦντας
2608 4479 2704 4531 σὺν
2739 4478 2988 4546 ἀλλήλοις
3021 4478 3214 4547 βιῶσαι
3251 4469 3546 4547 ἱστοροῦσι.
3579 4475 3735 4528 Μετὰ
3766 4474 3822 4527 δὲ
3851 4477 3916 4527 τὸ

2332 4571 2650 4641 βασιλεῦσαι
2712 4571 3013 4641 ’Δσσυρίων
3045 4571 3210 4623 Πῖκον
3259 4569 3348 4623 τὸν
3378 4569 3474 4623 καὶ⁵
3503 4568 3599 4620 Δία
3631 4567 3722 4638 ἐτη
3758 4569 3916 4637 τρτά·

650 4677 712 4715 se
741 4664 994 4729 contulit,
1031 4666 1473 4734 provectamjam
1501 4678 1712 4722 aetatem
1748 4669 1947 4722 misere
1988 4668 2221 4721 toleran-

2334 4681 2535 4728 κοντα,
2597 4665 2689 4715 τὸν
2744 4663 2859 4716 υἱὸν
2903 4663 3069 4716 αὑτοῦ
3137 4661 3308 4730 Βῆλον
3357 4660 3760 4731 ὀνομαζόμενον
3817 4659 3917 4710 καὶ

654 4761 784 4806 tem.
845 4751 1012 4808 Pater
1050 4755 1102 4809 ei
1153 4757 1339 4810 statim
1402 4772 1630 4828 regnum
1685 4758 1931 4822 dimisit;
1971 4766 2025 4810 et
2064 4757 2223 4814 Picus

647 4844 895 4912 potentia
922 4855 1116 4901 auctus
1151 4862 1248 4916 per
1279 4847 1350 4902 63
1375 4849 1513 4904 alios
1534 4864 1710 4904 annos
1761 4850 1972 4904 Italiam
2008 4850 2219 4905 rexisse

2335 4755 2516 4822 ⁴Ἦραν
2549 4753 2648 4823 τὴν
2699 4756 2932 4821 γυναῖκα
2963 4752 3062 4823 τὴν
3090 4752 3184 4805 καὶ
3213 4751 3447 4822 ἀδελφὴν
3478 4751 3570 4804 ἐπὶ
3617 4749 3716 4818 τῆς
3739 4746 3918 4817 ἀρῂζ

2331 4847 2651 4900 καταλιπὼν
2693 4846 2829 4914 πρὸς
2859 4847 2947 4897 τὸν
2979 4843 3148 4897 αὑτοῦ
3192 4845 3410 4912 πατέρα
3440 4841 3648 4911 Κρόνον
3676 4839 3912 4908 παραγί-

1740 4982 2092 5038 XYLANlml
2157 4983 2242 5038 ET
2296 4981 2507 5038 GOAR!
2577 4981 2809 5037 ΝΟΤᾸΕ.

727 5100 836 5171 (31)
870 5100 1047 5156 Annis
1091 5097 1379 5171 duodecim
1417 5100 1602 5170 plures
1629 5100 1814 5171 habet
1863 5097 2227 5171 Nicephoius.

648 5168 951 5226 Ex'Biinis
981 5172 1049 5225 ab
1085 5169 1301 5236 origine
1354 5168 1540 5224 mundi
1577 5169 1642 5223 ad
1682 5171 1894 5225 natales
1933 5170 2231 5224 Abrahami

651 5240 1100 5314 (εινιυεὶνρλιιοη
1128 5240 1298 5308 pluris
1323 5241 1459 5314 1949
1489 5243 1647 5314 anuis
1674 5240 2231 5314 computantur.(2um

650 5310 757 5382 oua
794 5310 1214 5382 ratiocinatione
1229 5311 1487 5366 convenit
1518 5311 1872 5365 Hebraeorum
1893 5311 2231 5380 supputatio,

653 5381 746 5452 Qui
779 5396 809 5435 a
857 5381 1177 5452 linguarum,
1200 5382 1525 5452 confusione
1553 5397 1729 5452 annos
1763 5390 2024 5451 pra-terea
2059 5395 2235 5448 usque

657 5450 722 5506 ad
749 5450 960 5506 natales
989 5451 1288 5521 Isaac-iii52
1317 5464 1625 5506 numerant.
1667 5450 1810 5521 Ergo
1851 5453 1897 5506 is
1934 5462 2095 5505 natus
2134 5451 2236 5504 l'uit

658 5538 802 5577 anno
828 5521 970 5575 2048
994 5523 1076 5575 vel
1102 5519 1265 5580 2069.
1293 5538 1496 5577 annum
1525 5530 1719 5589 agente
1747 5519 2062 5575 ltbrahamo
2100 5536 2234 5576 cen-

659 5598 932 5647 tesimum.
989 5592 1163 5645 Paulo
1213 5601 1335 5660 post
1387 5609 1435 5644 ν.
1494 5596 1528 5648 8
1579 5591 1668 5645 ubi
1717 5593 1911 5660 scripsi
1951 5607 2015 5645 ex
2047 5589 2236 5645 Chami

657 5664 839 5725 stirpe,
895 5663 1040 5716 Semi
1089 5669 1173 5716 est
1221 5663 1274 5714 in
1315 5661 1525 5726 Grceco,
1572 5663 1665 5716 sed
1698 5665 1980 5729 perspicue
2008 5661 2230 5716 falsum.

659 5733 776 5786 Mox
820 5735 885 5784 «te
921 5733 1301 5796 Sctnirattiide,
1345 5734 1516 5800 [ra-na
1557 5735 1799 5800 repperit.
1831 5732 1884 5784 In
1924 5730 2113 5786 Graec
2151 5740 2234 5785 est

656 5804 918 5869 ποταμοῖς
945 5803 1234 5871 περιέϐαλε
1260 5806 1476 5873 στόμια.
1515 5807 1658 5869 quod
1693 5803 1887 5855 mei-do
1923 5811 2228 5873 nonivacat.

658 5873 769 5941 ligo
812 5876 1062 5941 suspicor
1095 5871 1505 5943 ποταμοῖςρεεε
1551 5876 1844 5937 vitiosum;
1881 5873 1996 5928 sive
2045 5871 2231 5935 ἵπποις

2336 5101 2450 5153 sive.
2482 5097 2613 5165 quid
2656 5095 2800 5150 aliud
2837 5094 3119 5162 scripserit
3159 5099 3352 5147 auctor
3376 5131 3389 5152 ,
3425 5099 3486 5165 t_i_t_
3524 5091 3914 5165 equestrisrn-

2337 5159 2575 5222 inventio
2595 5168 2865 5221 bellicosaa
2881 5159 3108 5235 viragini
3129 5159 3682 5235 tribuatur_.Vi_rg_ilius
3694 5161 3917 5229 quidem

2337 5238 2557 5292 zEneid.
2585 5253 2656 5292 vit
2687 5237 2875 5290 Picum
2919 5230 3082 5305 huj'us
3126 5235 3321 5296 ﬁlium,
3363 5232 3409 5305 si
3457 5230 3738 5305 Cedrenus
3766 5246 3916 5305 _veia

2338 5310 2523 5363 retulit
2549 5348 2564 5372 ,
2595 5322 2859 5378 equorum
2889 5300 3214 5378 domitorem
3255 5300 3919 5378 nominataiortassiseo

2337 5379 2559 5433 invento
2596 5371 2888 5447 insignem,
2929 5387 2986 5429 ut
3023 5376 3221 5447 ibidem
3258 5374 3399 5427 alius
3433 5371 3749 5447 perhibetur
3786 5371 3920 5447 viti-

2339 5458 2506 5504 sator.
2531 5440 2734 5518 Στόμιᾶ
2766 5449 2963 5501 [ramos
2999 5446 3309 5512 signiﬁcare
3337 5440 3525 5496 notum
3553 5451 3657 5496 est.
3696 5440 3920 5510 Signiti-

2336 5530 2465 5572 cant
2492 5520 2654 5574 etiam
2686 5519 2897 5572 orilicia
2939 5532 3034 5570 seu
3057 5530 3177 5578 ora,
3221 5523 3282 5569 ut
3311 5527 3598 5573 vasorum,
3628 5526 3913 5569 venarum.

2336 5588 2412 5643 De
2438 5589 2775 5652 ﬂuminibus,
2806 5602 2997 5641 eorum
3029 5587 3171 5640 ostia
3203 5595 3261 5638 ut
3289 5583 3616 5652 signiﬁcent,
3640 5597 3748 5652 non
3783 5581 3918 5650 legi,

2333 5675 2511 5730 neque
2559 5650 2770 5712 videtur
2797 5658 3088 5724 quadrare.
3133 5656 3276 5730 Infra
3316 5650 3534 5730 quidem
3574 5653 3629 5706 in
3661 5650 3918 5705 Heraclio

2334 5724 2532 5797 στόμια
2564 5730 2774 5797 ἐρήμου
2807 5731 2995 5782 fauces
3013 5737 3168 5780 vocat
3196 5728 3309 5797 sive
3325 5724 3626 5797 angustias,
3657 5736 3750 5790 per
3769 5735 3914 5792 quas

2335 5801 2388 5854 in
2423 5796 2772 5856 solitudinem
2806 5807 3142 5870 penetratur.
3167 5796 3304 5852 Χνι..
