4184 6436
219 381 274 447 5Ί
1291 386 1832 448 HISTORIARUM
1875 385 2409 448 COMPENDIUM.

3396 383 3468 450 58

221 507 368 554 νιται,
407 490 509 561 ἢδη
542 505 898 562 τεγηρακοτα
939 491 1036 546 καὶ
1061 490 1582 566 ταλαιπωρήσαντα·
1613 489 1667 564 ᾧ
1692 499 1765 549 κα

1892 496 2087 551 l‘ertur.
2123 495 2291 550 Belus
2347 493 2493 550 iiiias
2548 492 2672 564 ejus
2711 491 2816 548 hoc
2867 508 3069 552 nomen
3106 495 3180 550 ob
3213 495 3266 552 id
3319 498 3468 566 quod

219 583 517 654 παραγωρεί
548 582 648 645 τῆς
682 580 963 651 βασιλείας
994 582 1178 648 εὐθὺς,
1233 585 1327 637 καὶ
1377 578 1532 648 οὖτος
1559 584 1784 647 δυνατὸς

218 673 279 728 ὢν
309 673 442 728 ἄλλα
494 673 592 744 ἐτη
635 674 899 743 ἑξήκοντα
928 675 1022 728 δύο
1049 678 1190 730 κατὰ
1218 676 1321 746 τὴν
1365 676 1597 731 Ἰταλίαν
1625 677 1781 746 βασι-

217 765 375 818 λεῦσαι
414 765 656 832 λέγεται.
694 765 864 835 Βῆλος
893 765 949 818 δὲ
997 765 1026 815 6
1059 767 1174 830 υίὸς
1232 766 1322 820 διὰ
1354 768 1414 820 τὸ
1463 767 1818 836 ὀξυκίνητος-

218 851 333 908 είνσι
376 854 552 919 οὕτως
606 842 811 924 ἐκλήθη
842 895 856 918 ,
921 858 1014 909 καὶ
1068 857 1164 911 δύο
1234 859 1330 928 ἔτη
1379 857 1782 927 βεϐασιλευκὼς

228 948 510 1014 Ἀσσυρίων
537 949 786 1019 τελευτᾷ.
826 950 985 1012 Νῖνος
1029 951 1086 1003 δὲ
1116 952 1144 1004 6
1175 950 1364 1004 τούτου
1393 952 1535 1014 θεῖος
1570 952 1781 1021 ἐγκρα-

218 1037 296 1107 τὴς
327 1039 622 1108 γενόμενος
671 1039 775 1108 τῆς
827 1039 1003 1110 ἀρχῆς
1057 1039 1138 1110 νβ’
1186 1041 1280 1112 ἐτη
1323 1042 1433 1094 τῶν
1477 1041 1781 1110 ’Λσσυρίων

216 1129 560 1184 ἐϐασίλευσεν.
625 1129 722 1183 Ἐκ
751 1129 844 1184 τοῦ
873 1135 1065 1200 γένους
1105 1129 1199 1185 οὖν
1233 1132 1395 1186 αὐτοῦ
1441 1133 1536 1186 καὶ
1567 1133 1782 1204 Ζωροά-

217 1237 358 1289 στρης
396 1218 426 1271 6
471 1221 801 1291 περιόόητος
824 1223 1158 1293 ἀστρονόμος
1190 1227 1247 1277 ὲν
1277 1224 1516 1294 Πέρσαις
1551 1225 1780 1294 γενόμε-

214 1327 286 1371 νος
313 1309 513 1380 ηὖξατο
541 1311 650 1364 ὑπὸ
678 1330 752 1364 πυ
764 1315 852 1383 ρδς
877 1315 939 1367 άε
950 1313 1066 1383 ρίου
1096 1315 1509 1385 κεραυνωθῆναι
1536 1315 1626 1367 καὶ
1649 1318 1778 1368 ἁναο

213 1401 448 1470 λωθῆναι,
489 1405 866 1474 ἐντειλάμενος
892 1411 1005 1470 τοῖς
1039 1407 1279 1479 Πέρσαις
1308 1407 1376 1460 τὰ
1429 1409 1564 1460 ὀστᾶ
1609 1408 1776 1462 αὑτοῦ

215 1495 330 1563 μετὰ
358 1495 454 1566 τὴν
505 1496 704 1550 καῦσιν
745 1498 1040 1552 ἀναλαϐεῖν
1095 1502 1190 1554 καὶ
1227 1501 1522 1570 φυλάττειν
1577 1503 1776 1564 αὐτοὺς

213 1589 295 1640 καὶ
321 1590 510 1659 τιμᾷν·
548 1591 644 1642 καὶ
685 1590 790 1654 ἕως
838 1584 920 1653 οὗ,
957 1594 1128 1662 φησὶ,
1183 1592 1424 1646 σώσεσθε
1477 1594 1668 1660 ταῦτα,
1715 1597 1777 1648 τὸ

211 1677 454 1747 βασίλειον
508 1679 610 1748 τῆς
659 1680 816 1748 ὑμῶν
865 1681 1050 1753 χώρας
1109 1684 1212 1736 οὐκ
1272 1685 1530 1754 ἐκλείψει.
1589 1685 1777 1749 Οὕτως

1885 589 2141 645 celeriter
2177 598 2489 642 moveretur
2551 585 2766 640 habuit.
2792 584 2842 640 is
2888 601 3014 640 cum
3051 602 3152 658 per
3184 587 3466 645 biennium

1886 695 2116 751 regnum
2171 678 2524 749 Assyriorum
2587 678 2875 748 gessisset,
2907 676 2962 731 in
3000 678 3111 733 fata
3164 681 3465 736 concessit.

1887 772 2122 826 Patruus
2152 771 2273 842 ejus
2302 769 2476 824 Ninus
2500 785 2670 838 regno
2724 770 2951 840 potitus,
2987 768 3055 823 52
3088 785 3263 826 annos
3297 770 3467 843 Assy-

1885 862 1985 916 riis
2024 862 2335 930 imperavit.
2373 858 2454 913 Ex
2481 859 2646 928 hujus
2675 874 2876 929 genere
2917 859 3084 914 etiam
3138 859 3468 918 Zoroastres

1886 955 2091 1009 nobilis
2131 954 2223 1008 ille
2285 952 2430 1023 apud
2480 950 2680 1007 Persas
2708 965 3062 1008 astronomus
3093 954 3342 1022 exstitit;
3371 955 3481 1024 qui.

1885 1063 1943 1103 se
2006 1046 2234 1100 fulmine
2264 1046 2430 1100 ictum
2460 1061 2526 1100 ac
2554 1059 2937 1116 consumptum
2965 1047 3031 1102 iri
3056 1047 3332 1118 praedixit,
3357 1048 3467 1119 30

1884 1137 2271 1206 mandavitque
2296 1134 2479 1192 Persis
2507 1144 2563 1191 ut
2576 1151 2705 1192 ossa
2741 1152 2839 1191 sua
2863 1153 2928 1192 ex
2945 1138 3466 1210 incendiolegerent

1882 1247 1946 1287 ac
2015 1230 2362 1285 custodirent
2429 1239 2595 1302 atque
2655 1240 3072 1297 venerarentur,
3132 1233 3463 1303 promittens

1884 1339 2111 1394 regnum
2141 1340 2206 1377 ex
2231 1326 2477 1395 ipsorum
2513 1324 2734 1380 natione
2767 1324 3010 1380 ablatum
3050 1339 3162 1380 non
3193 1325 3260 1380 iri
3284 1340 3463 1395 quan-

1881 1416 1976 1470 diu
2025 1432 2087 1471 ea
2135 1418 2402 1472 colerent.
2463 1414 2540 1470 Eo
2604 1418 2788 1487 itaque
2842 1417 3076 1473 fulmine
3134 1419 3189 1472 in
3247 1418 3464 1472 cineres

1861 1507 2106 1570 _redacto
2142 1508 2406 1576 reliquias
2443 1507 2564 1578 ejus
2595 1506 2778 1563 Persae
2808 1508 3120 1574 coiueruut,
3175 1506 3352 1562 donec
3395 1507 3463 1561 iis

1880 1601 2142 1670 neglectis
2171 1615 2396 1668 regnum
2431 1604 2598 1655 etiam
2633 1602 2963 1656 amiserunt.
3016 1601 3288 1658 Caeterum
3320 1599 3463 1654 Nino

1876 1691 2026 1747 Jovis
2055 1692 2209 1747 fratri
2247 1691 2470 1748 Thurus
2498 1693 2554 1746 in
2586 1707 2817 1762 regnum
2849 1692 3136 1763 Assyrium
3165 1692 3458 1747 successit.

209 1770 284 1827 οὖν
327 1775 519 1829 τούτου
570 1780 706 1846 πυρὶ
747 1779 986 1849 οὐρανίῳ
1037 1780 1418 1851 τεφρωθέντος
1451 1784 1519 1836 τὰ
1545 1783 1765 1854 λείψανα

1879 1785 2036 1838 l-luuc
2067 1782 2252 1836 Zamis
2285 1792 2460 1850 pater,
2495 1785 2663 1838 frater
2713 1782 2898 1850 Rheae,
2959 1781 3190 1838 Martem
3237 1784 3464 1838 nomine

214 1869 358 1922 αὐτοῦ
383 1871 474 1924 διὰ
508 1871 677 1942 τιμῆς
711 1867 858 1942 εἶχον
902 1876 949 1926 οἱ
981 1875 1218 1945 Πέρσαι,
1246 1876 1351 1940 ἕως
1382 1877 1572 1931 τούτου
1605 1894 1778 1932 κατα·-

208 1966 562 2033 φρονήσιντες
611 1968 707 2020 καὶ
756 1968 854 2036 τῆς
909 1967 1188 2038 βασιλείας
1249 1971 1532 2036 ἐξέπεσον.
1581 1973 1774 2026 Τοίνυν

208 2058 323 2124 μετά
351 2058 517 2112 Νῖνον
544 2058 637 2111 τὸν
668 2059 760 2112 τοῦ
790 2061 909 2122 Διὸς
951 2060 1181 2129 ἀδελφὸν
1205 2060 1412 2132 Θοῦρος
1439 2064 1548 2117 τῶν
1578 2063 1776 2117 Ἀσσυ-

208 2151 316 2218 ρίων
343 2150 642 2220 βασιλεύει.
681 2151 886 2206 Τοῦτον
923 2154 951 2205 6
983 2153 1166 2224 πατὴρ
1195 2155 1357 2208 αὑτοῦ
1384 2155 1580 2226 Ζάμις,
1614 2156 1673 2220 ὃς
1703 2153 1772 2227 ἦν

202 2242 282 2310 τῆς
319 2245 479 2305 Ῥέας
533 2246 784 2314 ἀδελφὸς,
845 2247 941 2301 ἐπὶ
982 2248 1058 2316 τῷ
1105 2249 1332 2318 ὀνόματι
1367 2250 1460 2303 τοῦ
1497 2250 1772 2318 πλάνητος

203 2335 408 2404 ἀστέρος
441 2337 621 2407 Ἀρεα
661 2338 942 2392 ἐκάλεσεν.
974 2333 1086 2392 Ἦν
1134 2340 1189 2393 δὲ
1219 2340 1247 2393 6
1290 2342 1463 2412 ’Ἄρης
1491 2337 1647 2404 οὗτος
1677 2361 1768 2396 πι-

203 2427 313 2498 κρὸς
339 2431 431 2481 καὶ
457 2430 606 2496 ἄγαν
629 2429 1139 2499 ὁυσκαταγὼνιστος
1162 2433 1517 2504 πολεμιστὴς,
1540 2433 1597 2497 ὃς
1622 2435 1770 2488 Καυ-

203 2519 332 2588 κάσῳ
359 2520 470 2573 τινὶ
497 2521 653 2591 ἀνδρὶ
691 2523 1069 2590 γιγαντογενεί
1113 2522 1348 2592 δυνατῷ,
1379 2525 1444 2576 ὲκ
1463 2525 1562 2594 τῆς
1593 2526 1768 2595 φυλῆς

209 2611 367 2678 ἰάφεθ
389 2613 734 2684 ὡρμημένῳ,
769 2615 1013 2668 ἐπελθὼν
1037 2614 1136 2668 καὶ
1175 2616 1642 2687 καταπολεμήσας
1674 2617 1768 2670 καὶ

199 2703 380 2757 ἀνελὼν
430 2707 716 2776 παρέλαϐε
759 2707 858 2775 τὴν
910 2708 1096 2777 χώραν
1148 2709 1340 2774 αὑτοῦ,
1383 2711 1489 2762 ’καὶ
1543 2711 1636 2761 ἐπὶ
1668 2711 1767 2779 τὴν

199 2795 396 2870 Θρᾴκην
424 2799 600 2852 ἐλθὼν
631 2801 726 2853 καὶ
743 2802 1076 2873 τελευτήσας
1108 2804 1226 2856 ἐκεῖ
1264 2803 1544 2855 θάπτεται.
1581 2802 1766 2871 Τούτῳ

198 2890 262 2958 τῷ
293 2893 449 2961 Ἀρεῖ
508 2892 738 2961 πρώτην
784 2894 984 2963 στήλην
1031 2896 1337 2963 ἀνέστησαν
1378 2897 1427 2948 οἱ
1465 2896 1764 2964 Ἀσσύριοι,

197 2979 274 3032 καὶ
322 2982 394 3044 ὡς
440 2982 581 3035 Θεὶν
627 2983 1037 3054 προσκυνοῦσι,
1092 2983 1243 3034 Βάαλ
1300 2982 1698 3050 ὀνομάζοντες,
1740 2979 1768 3032 6

1881 1879 2112 1948 planetae
2136 1877 2450 1946 appellavit.
2482 1875 2611 1930 Erat
2638 1887 2820 1931 autem
2853 1891 2982 1932 acer
3023 1874 3183 1930 valde
3211 1884 3266 1930 et
3291 1889 3461 1945 supe-

1879 1978 2000 2022 ratu
2033 1967 2391 2022 difﬁcillimus
2429 1968 2678 2022 bellator.
2721 1967 2772 2022 ls
2807 1967 3147 2031 Caucasum,
3179 1975 3460 2037 potentem

1876 2061 2155 2116 hominem
2220 2069 2274 2116 et
2338 2060 2767 2130 gigantigenam,
2797 2073 2864 2114 ex
2928 2055 3105 2130 Japeti
3159 2057 3461 2114 ditionibus

1880 2154 2185 2226 proiectum
2218 2170 2516 2226 aggressus
2544 2153 2687 2208 bello
2719 2153 2854 2207 vicit
2880 2161 2934 2208 et
2962 2151 3195 2218 occidit,
3224 2151 3462 2222 ejusque

1875 2249 2138 2302 ditionem
2172 2249 2483 2318 occupavit.
2517 2245 2648 2301 Post
2678 2246 2731 2299 in
2762 2244 3054 2300 Thraciam
3079 2245 3254 2312 venit,
3274 2245 3462 2316 ibique

1875 2340 1986 2393 vita
2052 2338 2272 2392 functus
2303 2347 2358 2392 et
2397 2337 2702 2392 tumulatus
2736 2345 2843 2392 est.
2897 2335 3037 2391 Huic
3069 2336 3229 2392 Marti
3280 2336 3460 2408 primo
3552 2383 3560 2389 .

1876 2439 2114 2485 statuam
2159 2441 2461 2499 posuerunt
2494 2430 2726 2500 Assyrii,
2775 2438 2940 2499 atque
2971 2437 3031 2484 ut
3058 2429 3222 2484 deum
3257 2428 3461 2484 adora-

1875 2531 2097 2587 verunt,
2129 2522 2349 2577 Baalum
2385 2523 2778 2589 nominantes:
2815 2525 2964 2593 quod
3015 2530 3177 2578 sonat
3230 2521 3456 2577 Martem

1875 2613 2142 2670 bellorum
2157 2613 2340 2664 deum.
2361 2610 2487 2666 Post
2509 2613 2656 2666 hunc
2672 2609 2859 2668 Lamis
2880 2613 3122 2685 Assyriis
3149 2613 3455 2684 imperavit.

1877 2703 1934 2757 Ei
2004 2701 2829 2785 SardanapalusocOgnomento
2861 2704 3094 2774 Magnus
3153 2707 3454 2771 successit,

1876 2810 2036 2860 quem
2060 2795 2296 2851 Perseus
2326 2795 2476 2850 Jovis
2508 2813 2572 2850 ex
2607 2796 2790 2852 Danae
2829 2799 2970 2853 (ilius
2995 2797 3308 2864 tnterfecit;
3365 2814 3455 2854 re-

1877 2903 2096 2957 guoquc
2130 2887 2373 2958 Assyriis
2396 2889 2654 2958 adempto
2677 2904 2774 2944 eos
2807 2905 2837 2942 a
2873 2905 2930 2944 se
2959 2890 3159 2947 Persas
3203 2889 3454 2946 denomi-

1877 2981 2049 3045 uavit,
2082 2979 2258 3043 iisque
2290 2995 2387 3048 per
2414 2980 2486 3034 55
2508 2995 2684 3036 annos
2715 2981 3028 3051 imperavit.

196 3071 540 3143 ἑρμηνεύεται
606 3074 782 3144 Ἄρης
839 3073 1094 3136 πολέμων
1130 3072 1285 3135 Θεός.
1349 3073 1503 3125 Μετὰ
1562 3070 1754 3124 τοῦτον
1789 3071 1971 3138 Δάμις
2040 3069 2150 3121 τῶν
2194 3070 2498 3138 Ἀσσυρίων
2550 3069 2927 3136 ἐϐασίλευσεν,
2967 3067 3091 3127 εἶτα
3175 3073 3454 3142 Σαρδανά-

198 3169 340 3232 παὶος
365 3170 394 3221 6
429 3170 631 3240 μέγας,
665 3170 724 3222 ὃν
765 3174 858 3223 καὶ
888 3172 915 3222 6
947 3169 1071 3232 Διὸς
1111 3171 1203 3222 καὶ
1231 3169 1442 3237 Δανάης
1468 3169 1581 3230 υίὸς
1612 3167 1858 3238 Περσεὺς
1905 3165 2258 3228 ἀποκτείνας,
2330 3165 2423 3218 καὶ
2491 3165 2601 3219 ἀπὸ
2644 3167 2946 3239 Ἀσσυρίων
3009 3167 3110 3240 τὴν
3176 3167 3457 3240 βασιλείαν

195 3266 531 3335 ἀφελόμενος,
557 3267 719 3328 είςτδ
760 3267 886 3319 ἴδιον
907 3266 1080 3335 ὄνομα
1115 3265 1333 3335 Πέρσας
1367 3265 1756 3333 μετωνόμασεν
1796 3262 2016 3325 αὐτοὺς,
2052 3262 2145 3314 καὶ
2176 3262 2527 3314 ἐϐασίλευσεν
2565 3262 2746 3316 αὐτῶν
2776 3262 2872 3334 ἐτη
2913 3265 3015 3331 νγ’.

249 3359 334 3432 Μὴ
360 3358 677 3413 λανθανέτω
704 3360 762 3413 δὲ
792 3360 996 3430 μηδένα
1023 3359 1326 3430 ἀνθρώπων
1349 3359 1456 3410 τῶν
1495 3357 1754 3428 ἀληθείας

1933 3353 2120 3424 Neque
2163 3369 2294 3408 vero
2323 3356 2620 3425 quisquam
2655 3356 2908 3412 veritatis
2932 3355 3216 3412 studiosus
3241 3357 3456 3428 ignore!

194 3452 646 3523 ἀντιποιουμένων
676 3493 692 3519 ,
733 3453 814 3505 ὅτι
873 3455 1035 3515 Πῖκος
1090 3448 1246 3515 οὗτος
1288 3455 1314 3505 6
1360 3454 1495 3514 Ζεὺς
1543 3453 1762 3505 πάντων

1874 3449 2062 3504 Picum
2120 3449 2311 3514 istum,
2372 3449 2467 3518 qui
2523 3458 2576 3502 et
2633 3445 2848 3519 Jupiter
2914 3448 3139 3515 dicitur,
3204 3449 3454 3504 omnium

191 3543 473 3616 ἀνθρώπων
526 3544 641 3598 τῶν
677 3543 771 3597 ἀπ’
806 3544 998 3606 αίῶνος
1032 3543 1118 3614 [Ρ.
1167 3542 1258 3615 l7]
1313 3543 1762 3614 ὲξεγηγερμένων

192 3639 406 3704 πλάνων,
434 3639 683 3710 γοήτων,
720 3636 1158 3705 φαντασιαστῶν,
1199 3637 1390 3706 μάγων
1413 3637 1625 3701 δεινῶν,
1661 3653 1762 3706 μυ-

193 3728 370 3799 σαρῶν,
393 3728 672 3783 τελεστῶν
709 3727 977 3793 ἐκτόπων,
1001 3729 1163 3790 αὐτος
1175 3723 1242 3798 ἦν
1264 3728 1550 3798 μυσαρώτε
1561 3744 1649 3797 ρος
1669 3726 1763 3781 καὶ

191 3820 611 3892 δραστικὼτερος
646 3820 744 3873 καὶ
796 3820 1214 3892 βδελυρώτερος,
1247 3820 1515 3891 μοιχείαις
1546 3821 1639 3873 καὶ
1669 3821 1761 3873 ἀν-

189 3913 488 3983 δρομανιαις
517 3914 616 3967 καὶ
639 3914 1054 3986 άρῤητοποιίαις
1082 3931 1141 3965 τε
1164 3914 1366 3977 πάσαις
1389 3916 1483 3969 καὶ
1513 3914 1762 3985 μιαρίάις

191 4007 268 4057 καὶ
302 4007 680 4076 ἁκαθαρσίαις
711 4005 806 4058 καὶ
839 4004 1037 4066 πάσαις
1064 4004 1509 4076 ἀθεμιτουργίαις
1538 4005 1632 4058 καὶ
1670 4006 1759 4057 ai-

192 4099 503 4168 σχρουργίας
526 4096 918 4164 ὲναγεστάταις
940 4097 1002 4148 ὲκ
1024 4095 1218 4166 νηπίου
1247 4096 1351 4158 ἕως
1373 4096 1567 4150 ἑκατὸν
1584 4095 1762 4148 είκοσι

191 4190 372 4259 χρόνων
389 4190 493 4259 τῆς
517 4190 671 4258 ζωῆς
692 4187 854 4241 αὑτοῦ
870 4188 1127 4259 (τοσαῦτα
1149 4189 1257 4258 γάρ
1280 4205 1444 4257 φασιν
1467 4188 1629 4241 αὐτὸν
1661 4187 1766 4258 ζῆ.

192 4287 284 4349 σαι)
303 4281 640 4353 έσχολακὼς,
670 4282 880 4344 πάντας
898 4284 1024 4344 τοὺς
1048 4281 1154 4352 πρὸ
1175 4279 1338 4336 αὐτοῦ
1358 4283 1449 4334 καὶ
1471 4282 1762 4352 μετάὐτὺν

189 4374 460 4445 ἀθεμίτους
509 4373 866 4444 ὑπερϐαλών.
915 4374 1140 4445 Πνεῦμα
1179 4378 1288 4445 γάρ
1349 4375 1619 4445 θεομάχον
1667 4377 1764 4430 καὶ

188 4468 622 4539 ἀκαθαρτότατον
652 4467 871 4520 πάντων
902 4467 1235 4537 πνευμάτων
1280 4467 1536 4540 πονηρῶν
1579 4463 1646 4539 ἦν
1675 4470 1762 4522 ἐπ’

189 4561 332 4631 αὑτῷ,
366 4562 424 4623 ὃς
449 4564 548 4614 ἐπὶ
584 4556 804 4623 πλείους
845 4561 1074 4630 χρόνους
1111 4562 1210 4630 τῆς
1249 4561 1479 4625 Ἰταλίας
1512 4562 1763 4632 βασιλεύ-

193 4669 270 4715 σας
295 4654 358 4707 δι’
399 4652 722 4724 ὑπερϐολὴν
745 4653 842 4706 τοῦ
879 4652 1104 4720 ὑψίστου
1145 4653 1237 4707 καὶ
1285 4656 1448 4723 μόνου
1479 4655 1616 4708 Θεοῦ
1651 4674 1759 4726 μα-

1869 3551 2140 3614 quotquot
2191 3543 2259 3597 ab
2318 3542 2468 3596 omni
2529 3557 2644 3598 aevo
2675 3544 3010 3598 exstiterunt
3067 3544 3454 3614 impostorum,

1871 3636 2351 3706 praestigiatorum,
2386 3635 2545 3690 falsis
2577 3635 2914 3706 imaginibus
2940 3635 3278 3700 ludentium,
3317 3635 3456 3690 diris

1868 3737 2032 3799 atque
2063 3728 2444 3782 abominandis
2469 3728 2572 3797 31
2623 3729 2834 3782 artibus
2896 3729 3124 3798 magicis
3161 3728 3455 3798 utentium,

1869 3823 2142 3877 sacriﬁcia
2178 3822 2246 3876 ab
2279 3837 2380 3876 usu
2409 3821 2692 3874 hominum
2725 3821 3073 3877 abhorrentia
3111 3820 3454 3887 obeuntium,

1871 3915 2265 3987 turpitudinem
2299 3956 2314 3981 ,
2361 3914 2704 3970 atrocitatem
2772 3915 3248 3983 iutpuritatemque
3293 3927 3457 3983 δυρο-

1870 4021 2054 4061 rasse:
2083 4006 2281 4076 quippe
2298 4006 2410 4075 jam
2449 4006 2576 4061 inde
2612 4020 2641 4060 a
2681 4006 2914 4074 pueritia
2937 4006 3246 4068 adulteriis,
3273 4020 3456 4062 mares

1870 4098 2262 4168 depereuudo.
2321 4097 2470 4153 dictu
2527 4095 2687 4152 foedis
2741 4096 3066 4152 libidinibus
3128 4111 3194 4150 ao
3268 4095 3453 4162 factis,

1870 4192 2050 4247 omnis
2105 4192 2323 4262 generis
2385 4189 2735 4245 obscenitate
2788 4199 2958 4258 atque
3025 4189 3341 4257 impuritate
3390 4203 3455 4249 ac

1871 4283 2161 4353 quibusvis
2217 4281 2440 4351 ﬂagitiis
2494 4281 2790 4351 impiisque
2865 4295 3033 4349 supra
3106 4295 3272 4349 quam
3343 4279 3453 4336 diei

1869 4385 2046 4448 potest
2083 4375 2386 4432 sceleribus
2414 4373 2656 4438 deditus,
2682 4387 2860 4442 usque
2886 4370 2954 4426 ad
2979 4385 3183 4428 annum
3219 4369 3323 4427 126
3353 4368 3455 4438 (tot

1870 4469 2013 4524 enim
2036 4469 2245 4524 vixisse
2277 4466 2472 4538 fertur)
2519 4465 2896 4536 turpissimam
2954 4464 3123 4518 vitam
3169 4461 3453 4532 produxit,
3561 4504 3566 4509 .

1871 4564 2148 4634 prioribus
2179 4562 2528 4632 posterisque
2559 4559 2816 4613 omnibus
2853 4555 2947 4628 qui
3006 4555 3272 4611 scelerate
3297 4556 3452 4609 vixe—

1871 4662 1998 4709 runt
2022 4669 2049 4706 a
2082 4669 2141 4709 se
2167 4667 2230 4706 ea
2258 4669 2316 4707 re
2342 4653 2633 4722 superatis.
2677 4650 2810 4706 Nam
2850 4650 3048 4719 spiritu
3101 4648 3209 4703 Deo
3259 4646 3455 4701 adver-

189 4744 494 4814 κροθνμίας,
551 4744 652 4797 καὶ
693 4745 874 4808 πάσας
923 4744 1092 4815 κόρας
1127 4745 1356 4816 ὡραίας,
1387 4747 1519 4810 ὅσας
1566 4747 1765 4818 λίχνοις

1874 4755 2027 4802 sante
2059 4745 2419 4812 Omniumque
2441 4743 2733 4813 spirituum
2768 4742 3038 4795 malorum
3072 4737 3450 4808 impurissimo

189 4831 307 4889 εἶδεν
335 4837 671 4907 ὀφθαλμοῖς,
694 4836 1033 4906 διαφθείρας,
1067 4837 1147 4900 εἰς
1188 4833 1232 4889 ο⁹
1270 4838 1637 4908 ποσουμένας,
1671 4841 1766 4893 καὶ

187 4931 287 4992 ταῖς
325 4929 556 4990 πολλαῖς
610 4927 792 4980 αὐτῶν
837 4929 975 4998 μετὰ
1011 4929 1322 4997 φαντασιῶν
1372 4931 1628 5002 ἀρρήτων
1670 4934 1766 4986 καὶ

191 5021 451 5085 μυστικῶν
486 5017 931 5089 συναπτόμενος,
967 5021 1029 5072 οὐ
1076 5020 1184 5090 μὴν
1237 5020 1294 5074 δὲ
1324 5021 1460 5075 ἀλλὰ
1515 5024 1610 5077 καὶ
1640 5027 1765 5088 ταῖς

188 5112 375 5168 πλείοσι
422 5115 540 5167 τῶν
595 5111 767 5167 αὑτοῦ
815 5112 1178 5182 θυγατέρων,
1233 5115 1359 5168 θεὸν
1417 5115 1761 5188 φημίζεσθαι

191 5203 353 5258 τοῦτον
404 5206 506 5260 καὶ
546 5202 1036 5273 ἀνακηρύττεσθαι
1079 5207 1192 5270 τοῖς
1237 5207 1454 5272 πολλοίς
1486 5208 1765 5264 ἀνέπεισε.

190 5295 280 5350 Καὶ
303 5298 360 5350 τὸ
385 5295 454 5369 δὴ
486 5297 685 5368 χεῖρον
713 5293 795 5348 ἔτι
816 5294 1008 5348 τούτου
1042 5296 1138 5350 καὶ
1159 5297 1530 5369 ἀτοπώτερον,
1559 5299 1644 5352 ὅτι
1673 5300 1766 5354 καὶ

192 5391 309 5455 μετὰ
335 5389 433 5462 τὴν
463 5388 641 5443 αὐτοῦ
673 5388 934 5458 τελευτὴν
960 5390 1055 5443 καὶ
1082 5390 1266 5460 ταφὴν
1294 5393 1394 5459 τὴν
1431 5392 1488 5444 ὲν
1514 5395 1580 5464 τῇ
1615 5393 1764 5464 Κρή-

188 5495 263 5550 τῃ,
294 5483 431 5535 κατὰ
493 5480 807 5553 πρόσταξιν
848 5481 1040 5545 αὐτοῦ,
1086 5483 1135 5536 oi
1187 5485 1378 5537 οίκεῖοι
1427 5483 1591 5538 αὐτοῦ
1638 5487 1764 5540 ναδν

189 5575 266 5624 καὶ
320 5576 593 5644 μνημεῖον
649 5571 1107 5644 οἰκοδομήσαντες
1157 5575 1470 5644 κατέθαψαν
1493 5617 1508 5642 ,
1563 5569 1609 5644 ᾧ
1664 5577 1759 5630 καὶ

189 5662 334 5728 οὕτως
359 5664 720 5735 ἐπέγραψαν
757 5683 777 5714 ι
826 5662 1044 5720 Ἐνθάδε
1079 5667 1256 5719 κεῖται
1312 5666 1488 5722 θανὼν
1529 5671 1698 5733 Πῐκος
1731 5674 1759 5724 6

191 5757 268 5810 καὶ
293 5759 442 5822 Ζεύς.
481 5779 501 5809 ι
539 5755 664 5811 Καὶ
691 5756 830 5825 μετὰ
862 5755 1034 5810 ταῦτα
1073 5759 1107 5829 ή
1137 5745 1232 5811 τοῦ
1267 5759 1558 5832 θεομισοῦς
1590 5762 1755 5819 αὐτοῦ

190 5849 266 5899 καὶ
295 5850 656 5919 ὑπερηφάνου
703 5848 1020 5920 πνεύματος
1085 5849 1229 5923 ὀσμὴ
1279 5853 1378 5922 τὴν
1428 5853 1756 5926 οἰκουμένην

1869 4838 2153 4908 agebatur.
2186 4841 2234 4891 Is
2259 4838 2421 4891 Picus
2442 4850 2566 4890 cum
2603 4851 2698 4906 per
2738 4844 2844 4888 tam
2879 4833 3082 4888 multos
3113 4846 3311 4894 annos,
3339 4828 3452 4884 Deo

1869 4931 2289 5000 longanimitate
2344 4944 2560 4984 summa
2630 4928 2738 4982 hoc
2815 4925 3151 4990 sustinente,
3240 4923 3450 4980 Italiam

1866 5023 2122 5087 rexisset,
2166 5033 2469 5088 omnesque
2516 5017 2792 5074 formosas
2824 5015 3061 5086 puellas,
3089 5027 3452 5086 quascunque

1868 5115 2133 5171 mollibus
2189 5113 2306 5168 suis
2328 5111 2509 5167 oculis
2539 5110 2772 5170 viderat.
2813 5109 3175 5177 corrupisset,
3207 5119 3444 5176 quarum

1869 5224 2134 5266 numerus
2168 5207 2236 5262 ad
2271 5207 2339 5262 70
2368 5205 2673 5275 colligitur,
2703 5202 2971 5274 quasdam
3003 5201 3173 5257 etiam
3202 5199 3447 5262 infandi.

1867 5316 1932 5357 ac
1963 5298 2210 5373 mysticis
2259 5297 2696 5370 apparitionibus
2743 5295 2988 5362 delusas,
3023 5307 3260 5366 cumque
3309 5293 3448 5350 ηοω

1867 5395 2154 5464 plerasque
2207 5408 2339 5448 suas
2372 5391 2514 5447 ﬁlias
2569 5390 2843 5454 vitiasset,
2874 5387 3054 5443 malus
3087 5385 3180 5441 ille
3212 5383 3446 5457 spiritus

1868 5484 2210 5542 multitudini
2237 5493 2420 5540 tamen
2450 5482 2725 5553 persuasit
2751 5489 2812 5536 ut
2857 5493 2986 5537 eum
3016 5478 3178 5538 deum
3204 5491 3449 5548 pronun-

1864 5578 2091 5633 tiarent.
2126 5577 2186 5634 Id
2219 5591 2349 5633 vero
2401 5574 2647 5632 deterius
2679 5573 2857 5630 adhuc
2904 5580 2991 5628 est
3014 5578 3073 5628 et
3121 5569 3445 5637 absurdius,

1865 5671 2012 5743 quod
2042 5685 2166 5724 cum
2205 5679 2459 5724 mortuus
2508 5668 2754 5740 e1(quod
2793 5665 3172 5736 mandaverat)
3197 5664 3253 5722 in
3277 5663 3446 5721 Creta

1866 5766 2115 5836 sepultus
2142 5771 2314 5830 esset.
2347 5762 2441 5820 ubi
2476 5761 2777 5821 necessarii
2807 5761 2858 5816 ei
2886 5761 3112 5816 hamato
3142 5757 3334 5818 fanum
3379 5772 3444 5814 ac

1868 5866 2285 5915 monumentum
2323 5862 2714 5915 exstruxerunt
2740 5868 2869 5909 cum
2898 5851 3001 5908 hac
3033 5849 3388 5922 inscriptione
3423 5863 3444 5905 ς
