4184 6436
645 393 715 453 59
1904 394 2224 457 GEORGEI

2337 397 2573 456 SDREN
2585 395 2606 456 Ι
3821 401 3900 462 6t)

651 525 670 558 ε
717 503 857 561 Huic
887 507 1023 562 situs
1051 514 1134 561 est
1165 505 1350 574 Picus,
1391 508 1486 578 qui
1517 517 1572 565 et
1599 507 1836 580 Jupiter,
1872 521 2152 576 mortuus,
2195 529 2214 562 ι

2337 509 2708 582 Βιατρέχουσα,
2741 508 3010 580 βασιλέων
3068 529 3127 564 τε
3176 513 3268 566 καὶ
3316 513 3596 584 ἀρχόντων
3625 513 3718 567 καὶ
3750 513 3899 566 λαῶν

645 597 940 652 Postmodo
958 597 1095 652 odor
1111 598 1214 652 deo
1244 598 1452 653 inimici
1483 600 1631 656 illius
1657 615 1722 656 ac
1741 601 1957 672 superbi
1987 601 2076 670 qui
2096 613 2222 655 eum

647 696 866 744 rexerat
890 688 1138 754 spiritus,
1162 690 1349 744 orbem
1382 698 1653 744 terrarum
1686 706 1850 747 cursu
1877 703 2220 762 pervagatus.

646 794 835 848 regum
903 780 1233 850 principum,
1279 783 1604 850 populorum
1653 784 2002 854 gentiumque
2029 784 2223 838 stolida

647 874 812 928 corda
837 875 1100 944 implevit,
1118 886 1174 929 ut
1197 877 1394 930 animis
1413 878 1627 932 inscitia
1651 888 1811 946 atque
1837 878 2112 947 impietate
2133 894 2226 934 oc-

647 967 862 1036 cupatis
886 968 1030 1020 hunc
1053 967 1187 1022 falso
1206 969 1542 1023 nominatum
1562 969 1719 1024 deum
1737 968 1946 1034 Jovem,
1980 971 2225 1039 aliosque

648 1057 816 1127 hujus
872 1060 1081 1114 similes
1136 1070 1471 1131 etcngnatos
1534 1061 1831 1127 daemones,
1882 1063 1989 1131 32
2041 1061 2226 1115 divino

649 1149 801 1202 cultu
838 1160 1001 1219 atque
1043 1151 1367 1207 adoratinne
1392 1168 1455 1206 eo
1489 1168 1662 1220 usque
1699 1155 2054 1217 lionorarent,
2093 1154 2222 1206 dum

656 1237 889 1294 Verbum
919 1242 1010 1296 Dei
1050 1258 1271 1298 carnem
1311 1244 1508 1306 induit,
1544 1245 1706 1314 idque
1763 1246 2018 1315 gentibus
2042 1245 2227 1299 beato—

652 1347 774 1385 rum
800 1335 1175 1401 apostolorum
1201 1349 1264 1388 ac
1289 1344 1590 1406 martyrum
1631 1337 1939 1390 ministerio
1967 1338 2226 1391 innotuit.

655 1422 896 1476 Narrant
949 1425 1096 1478 hunc
1119 1424 1305 1479 Jovem
1335 1441 1397 1479 ac
1421 1439 1647 1480 matrem
1673 1429 1790 1495 ejus
1815 1428 2226 1483 Semiramidem

651 1514 1033 1584 reliquumque
1073 1517 1193 1585 ejus
1219 1534 1391 1586 genus
1419 1519 1711 1572 Abrabaini
1742 1527 1902 1574 :etzite
1931 1522 2223 1574 exstitisse.

653 1606 1033 1660 Conveniebat
1066 1610 1211 1661 enim
1249 1618 1306 1661 nt
1363 1624 1527 1677 quam
1583 1619 1798 1665 mtatem
1851 1610 2103 1665 diabolus
2159 1611 2224 1663 ad

656 1699 955 1768 perniciem
1017 1701 1204 1754 multis
1263 1716 1425 1770 opera
1492 1703 1807 1758 invisissimi
1870 1703 2029 1756 istius
2079 1702 2228 1758 Jovis

662 1790 986 1843 struendam
1018 1789 1312 1859 delegerat,
1345 1792 1533 1844 eadem
1569 1794 1731 1844 etiam
1763 1809 1923 1846 verus
1973 1793 2112 1847 Deus
2141 1809 2228 1846 sa-

2325 602 2602 655 ἀσυνέτων
2638 601 2732 656 καὶ
2765 601 2932 655 ἐθνῶν
2978 603 3207 672 καρδίας
3258 603 3616 674 πληρώσασα,
3649 606 3754 667 ἕως
3803 610 3902 674 τῆς

2325 691 2416 744 τοῦ
2447 693 2622 760 Λόγου
2683 693 2820 746 Θεοῦ
2876 694 3207 764 σαρκώσεως
3253 697 3348 749 καὶ
3403 698 3496 750 ἐπὶ
3531 697 3600 750 τὰ
3651 696 3780 765 ἐθνη
3834 699 3904 751 δι’

2324 781 2640 834 ἀποστόλων
2694 783 2865 850 ἁγίων
2900 785 2993 839 καὶ
3026 785 3320 855 μαρτύρων
3367 786 3690 852 ἀναδείξεως
3720 791 3908 842 πᾶσαν

2325 870 2500 941 ψυχὴν
2527 872 2719 942 ἀγνοίᾳ
2745 877 2840 928 καὶ
2871 876 3095 947 ἀσεϐείᾳ
3127 880 3506 947 κρατουμένην
3540 882 3620 942 είς
3647 881 3906 950 λατρείαν

2327 963 2422 1015 καὶ
2454 964 2840 1032 προσκύνησιν
2889 968 2984 1019 τοῦ
3035 967 3392 1039 ψευδωνύμου
3425 970 3558 1022 Θεοῦ
3592 971 3783 1023 τούτου
3806 971 3900 1028 τοῦ

2326 1054 2446 1116 Διὸς
2477 1055 2846 1124 προετρέπετο
2897 1059 2989 1110 καὶ
3050 1058 3160 1110 τῶν
3198 1059 3397 1128 ὁμοίων
3433 1061 3599 1113 αὐτοῦ
3633 1061 3902 1129 δαιμόνων

2326 1143 2420 1195 καὶ
2452 1145 2749 1210 συγγενῶν.
2798 1141 2950 1198 Εἶναι
2982 1147 3037 1199 δὲ
3068 1147 3168 1217 τὴν
3199 1147 3388 1201 τούτου
3425 1149 3633 1219 μητέρα
3666 1149 3907 1218 Σεμίρα-

2329 1251 2422 1302 μιν
2455 1237 2547 1288 καὶ
2581 1235 2746 1288 αὑτὸν
2801 1236 2892 1288 τὸν
2925 1237 3024 1289 Δία
3058 1239 3152 1290 καὶ
3181 1237 3278 1308 τὴν
3319 1239 3514 1306 γενεὰν
3562 1238 3728 1292 αὐτοῦ
3759 1239 3904 1291 κατὰ

2327 1326 2452 1389 τοὺς
2495 1329 2720 1396 χρόνους
2785 1329 3058 1397 ἱστοροῦσι
3108 1330 3202 1382 τοῦ
3255 1331 3528 1401 Ἀϐραάμο
3555 1331 3764 1401 ἔπρεπε
3795 1333 3906 1403 γὰρ

2327 1417 2422 1470 τοῦ
2455 1419 2702 1472 διαϐόλου
2734 1421 2812 1482 είς
2861 1421 3040 1490 λύμην
3066 1422 3276 1474 πολλῶν
3326 1423 3424 1492 τὴν
3453 1423 3594 1476 κατά
3618 1425 3712 1476 τὸν
3760 1423 3906 1492 ἑχθιε

2332 1525 2453 1559 στον
2484 1508 2675 1562 τοῦτον
2721 1511 2819 1562 Δία
2848 1510 3451 1580 γενεάνέκλεξαμένου,
3505 1512 3626 1566 τότε
3672 1514 3766 1566 καὶ
3813 1514 3909 1565 τὸν

2328 1598 2461 1650 Θεὸν
2487 1599 2576 1651 τὸν
2613 1599 2788 1670 ἀληθῆ
2831 1602 2912 1663 είς
2973 1601 3186 1656 πολλῶν
3241 1605 3519 1682 σωτηρίαν
3557 1606 3646 1657 τόν
3697 1605 3910 1659 δίκαιον

2330 1689 2558 1742 καλέσαι
2599 1691 2872 1760 Ἀϐραάμ.
2931 1687 3100 1755 Οὗτος
3139 1695 3165 1747 ό
3215 1695 3348 1756 Ζεὺς
3380 1695 3517 1762 πρὸς
3564 1698 3679 1758 τοῖς
3726 1696 3913 1757 ἄλλοις

2330 1785 2466 1845 υἱοῖς
2497 1783 2622 1852 ἔσχε
2659 1785 2753 1835 καὶ
2797 1784 3004 1837 Φαῦνον
3053 1788 3144 1838 καὶ
3187 1787 3400 1858 Περσέα
3439 1789 3530 1841 καὶ
3571 1788 3906 1841 Ἀπόλλωνα’

653 1882 787 1935 Iutis
813 1883 1107 1936 multorum
1141 1897 1304 1936 causa
1342 1883 1548 1952 justum
1587 1885 1950 1937 Abraliamum
1983 1893 2224 1938 vocaret.

2337 1873 2466 1930 ἀλλά
2525 1875 2615 1927 τὸν
2665 1875 2765 1944 μέν
2811 1875 3018 1929 Φαῦνον
3065 1877 3150 1929 ἐπ’
3205 1851 3431 1949 ὀνόματι
3485 1879 3579 1934 τοῦ
3637 1881 3910 1948 πλᾲνητος

649 1969 865 2042 Jupiter
899 1987 1020 2026 cum
1056 1973 1192 2027 alios
1245 1972 1408 2036 ﬁlios,
1446 1983 1558 2026 tum
1591 1973 1864 2038 Faunum,
1891 1973 2148 2030 Perseum
2174 1984 2228 2030 et

653 2062 964 2133 Apollinem
1009 2065 1222 2118 habuit.
1279 2067 1356 2119 Ac
1404 2065 1653 2119 Faunum
1686 2066 1905 2134 quidem
1942 2067 2229 2134 desumpto

653 2156 722 2209 ab
751 2163 970 2210 errante
1027 2157 1184 2209 stella
1234 2154 1456 2211 nomine
1508 2157 1837 2211 Mercurium
1891 2159 2226 2228 appellavit;

653 2249 809 2318 isque
841 2263 870 2301 a
905 2257 1078 2304 morte
1098 2248 1249 2304 Jovis
1279 2265 1501 2318 regnum
1531 2250 1694 2304 Italiae
1720 2266 1894 2306 annos
1922 2252 1991 2306 55
2029 2253 2226 2319 tenuit;

655 2338 820 2394 homo
863 2339 964 2394 fuit
999 2352 1287 2406 versutus,
1331 2342 1774 2406 mathematicus,
1807 2343 2227 2399 disertissimus.

654 2431 792 2486 Cum
829 2447 961 2486 vero
993 2432 1208 2487 insidiis
1271 2433 1608 2502 reliquorum
1669 2434 1899 2487 fratrum
1954 2443 2233 2503 peteretur

655 2523 825 2589 (lilius
858 2523 1000 2576 cnim
1038 2523 1270 2577 Maiadis
1314 2524 1556 2578 mulieris
1605 2534 1742 2590 erat,
1780 2541 1942 2594 quam
1997 2527 2048 2578 in
2079 2525 2231 2579 Italia

655 2615 889 2684 primam
921 2615 1109 2668 habuit
1135 2630 1372 2668 uxorein
1394 2614 1647 2686 Jupiter;
1709 2631 1776 2670 ac
1804 2626 1926 2686 post
1959 2631 2076 2670 eam
2109 2618 2235 2670 Alc-

657 2722 872 2760 monent
909 2705 1248 2770 Thebanam,
1287 2724 1408 2777 quae
1457 2711 1503 2762 ei
1539 2709 1899 2778 trivesperuin
1942 2710 2231 2763 Herculem

656 2800 910 2867 peperit),
937 2813 1130 2867 magna
1163 2799 1214 2851 vi
1251 2800 1369 2851 auri
1428 2799 1820 2853 suﬂ‘arcinatus
1853 2799 1905 2851 in
1942 2798 2232 2870 Egyptum

654 2887 916 2945 veuit.|bi
941 2890 1010 2943 ob
1042 2889 1158 2943 auri
1189 2889 1309 2959 eius
1330 2890 1697 2959 largitionem,
1723 2889 2057 2952 facundiam,
2093 2891 2234 2943 divi-

658 2978 821 3032 nandi
858 2979 1144 3034 scientiam
1170 2989 1223 3032 et
1255 2981 1478 3034 oracula
1507 2981 1781 3048 gratiosus
1815 2980 1995 3036 factus
2020 2995 2084 3034 ac
2138 2996 2236 3049 pro

659 3071 762 3126 deo
807 3071 1049 3133 habitus,
1110 3070 1382 3126 Mezronio
1417 3071 1609 3125 (lbami
1669 3072 1800 3136 filio,
1858 3073 1952 3142 qui
2008 3089 2234 3142 regnum

2330 1964 2558 2034 ἀστέρος
2597 1965 2854 2018 ἐκάλεσεν
2899 1967 3131 2038 Ἑρμῆν,
3189 1969 3246 2032 ὃς
3309 1971 3405 2023 καὶ
3456 1971 3597 2040 μετά
3640 1973 3740 2042 τὴν
3787 1974 3910 2033 Διὸς

2329 2058 2591 2129 τελευτὴν
2648 2058 2966 2113 ἐϐασίλευσε
3027 2061 3129 2127 τῆς
3190 2063 3422 2127 Ἰταλίας
3480 2064 3575 2134 ἐτη
3612 2066 3909 2135 τριάκοντα

2332 2150 2514 2214 πέντε,
2557 2144 2624 2218 ἦν
2663 2150 2718 2203 δὲ
2771 2150 3080 2220 πανοῦργος
3109 2154 3250 2223 ἀνὴρ
3281 2156 3376 2207 καὶ
3406 2154 3786 2223 μαθηματικὸς
3816 2159 3915 2208 καὶ

2330 2240 2679 2308 λογιώτατος.
2717 2243 2868 2296 Ἐπεὶ
2910 2243 2966 2296 δὲ
3016 2245 3122 2297 ὑπὸ
3149 2245 3260 2297 τῶν
3287 2247 3462 2300 ἄλλων
3503 2247 3744 2315 ἀδελφῶν
3786 2250 3908 2299 ἐπε·

2334 2331 2594 2404 ϐουλεύθη
2631 2333 2815 2403 (αὐτὸς
2857 2334 2968 2406 γὰρ
2999 2335 3246 2398 Μαιάδος
3281 2337 3543 2404 γυναικὸς
3575 2333 3643 2406 ἦν
3676 2339 3810 2402 υἱὸς,
3846 2340 3918 2406 ἣν

2340 2423 2564 2492 πρώτην
2607 2424 2763 2494 ἔσχεν
2791 2428 2818 2479 ό
2857 2427 2991 2490 Ζεὺς
3021 2430 3078 2480 ἐν
3112 2429 3336 2500 Ἰταλίᾳ,
3369 2429 3680 2500 Ἀλκμήνην
3709 2429 3794 2502 [Ρ.
3825 2432 3915 2502 i8]

2332 2515 2388 2567 δέ
2421 2515 2518 2584 τὴν
2548 2517 2792 2586 Θηϐαίαν
2846 2521 2965 2587 μετ’
2999 2519 3170 2590 αὐτὴν
3194 2561 3208 2581 ,
3245 2520 3304 2583 ἐξ
3349 2515 3414 2591 ἧς
3449 2522 3541 2573 τὸν
3589 2522 3920 2593 τριέσπερον

2335 2606 2492 2677 ἔσχεν
2525 2609 2848 2679 Ἡρακλέα),
2880 2610 3048 2664 πολὺν
3078 2613 3278 2682 χρυσὸν
3310 2615 3804 2684 ἐγκολπωσάμενος
3835 2618 3919 2679 είς

2333 2701 2609 2766 Αἴγυπτον
2642 2697 2798 2770 ἦλθε,
2831 2705 2924 2757 καὶ
2953 2706 3020 2774 τῇ
3062 2703 3254 2758 τούτου
3284 2706 3521 2760 ἐπιδόσει
3550 2707 3645 2760 καὶ
3667 2708 3744 2776 τῷ
3775 2709 3923 2777 λόγῳ

2336 2792 2430 2843 καὶ
2455 2794 2522 2861 τῇ
2567 2793 2796 2865 μαντείᾳ
2826 2795 2921 2847 καὶ
2956 2799 3070 2857 τοῖς
3112 2798 3584 2868 χρησμῳδήμασιν
3611 2799 3922 2866 ἀγαπηθεὶς

2337 2882 2427 2934 καλ
2462 2883 2552 2935 ὑπ’
2593 2882 2773 2936 αὐτῶν
2813 2884 3170 2947 ἀποθεωθεὶς.
3201 2887 3466 2957 Μέστρεμ
3505 2887 3598 2940 τοῦ
3639 2887 3756 2942 υἱοῦ
3787 2889 3921 2956 Χαμ

2337 2973 2433 3026 τοῦ
2487 2975 2608 3026 ἐκεῖ
2663 2976 3041 3044 βασιλεύοντος
3104 2978 3468 3043 ἀποθανόντος
3511 2981 3672 3045 εὐθὺς
3723 2983 3929 3049 ἀναγο-

2343 3067 2580 3135 ρεύεται,
2635 3068 2728 3120 καὶ
2780 3071 2837 3120 ἐν
2896 3070 3254 3142 ὑπερηφανία
3306 3074 3403 3125 καὶ
3452 3073 3562 3125 τῶν
3618 3074 3926 3142 μελλόντων

660 3161 877 3233 Ᾰίεγριὶ
909 3172 1039 3216 tunc
1064 3163 1306 3224 tenebat,
1348 3171 1562 3216 mortuo
1587 3164 1943 3234 subrogatur.
1978 3163 2079 3220 Ubi
2109 3180 2233 3220 cum

2341 3159 2646 3230 προρρήσει
2690 3160 2766 3222 ὡς
2803 3160 2922 3224 θεὸς
2968 3163 3317 3231 κλεῐζόμενος
3366 3164 3460 3216 ἐπὶ
3510 3165 3588 3218 λθ⁹
3628 3166 3721 3234 ἔτη
3752 3167 3927 3234 Αἰγύ-

669 3253 817 3309 l'astu
853 3263 907 3308 ct
965 3255 1317 3323 praedictione
1349 3255 1683 3317 futurorum,
1715 3255 1854 3308 deus
1906 3258 2231 3326 appellatus,

662 3361 761 3415 per
827 3361 1002 3402 annos
1059 3345 1568 3416 undequadraginta
1633 3346 1685 3399 id
1758 3363 1984 3417 regnum
2046 3352 2232 3416 gessit.

663 3437 936 3492 Czeterutn
988 3437 1206 3505 Apollo,
1257 3453 1380 3490 cum
1413 3437 1482 3492 ab
1540 3438 1760 3492 ineunte
1819 3447 1978 3494 aetate
2038 3441 2233 3509 spiritu

663 3528 932 3598 Pythonis
984 3529 1180 3582 luisset
1249 3529 1486 3592 amatus,
1559 3531 1716 3599 isque
1775 3530 2002 3599 spiritus
2043 3532 2090 3584 ei
2143 3547 2236 3600 per

665 3635 884 3675 omnem
925 3619 1093 3672 vitam
1160 3619 1449 3684 adfuisset,
1510 3636 1581 3674 ne
1633 3629 1852 3675 mortuo
1899 3622 2119 3692 quidem
2169 3637 2236 3676 eo

664 3715 895 3766 istarum
939 3727 1206 3779 nugarum
1267 3711 1425 3766 finem
1482 3711 1612 3767 fecit
1677 3714 1948 3768 diabolus.
2003 3713 2235 3768 Maxima

667 3797 951 3851 divinandi
982 3798 1239 3853 facultate
1263 3799 1313 3853 id
1351 3816 1523 3869 genus
1576 3802 1804 3872 spiritus
1829 3803 2022 3872 pollet,
2066 3805 2236 3859 multa

665 3904 820 3951 vera,
846 3891 1110 3959 pleraque
1137 3900 1318 3944 autem
1348 3893 1599 3962 ambigua
1627 3903 1680 3948 et
1705 3896 1961 3963 ancipitia
1989 3897 2058 3948 ob
2085 3897 2238 3965 igno-

667 3981 938 4034 rationem
966 3980 1176 4033 dicens.
1213 3981 1318 4050 33
1355 3983 1420 4036 At
1443 3981 1770 4038 llerculesin
1791 3983 2048 4040 Occiduis
2079 3993 2239 4040 terra:

669 4070 922 4140 partibus
949 4071 1160 4137 primus
1193 4070 1593 4139 philosophiam
1617 4072 1874 4136 instituit,
1907 4089 2066 4142 quem
2095 4089 2240 4126 mor-

674 4169 831 4214 tuum
891 4165 959 4215 ab
1009 4160 1128 4230 ipso
1173 4162 1422 4231 prognati
1458 4162 1510 4215 in
1545 4163 1768 4216 deorum
1825 4179 2110 4217 numerum
2149 4179 2239 4218 re—

666 4257 935 4321 tulerunt,
963 4255 1225 4324 sidusque
1264 4259 1316 4310 in
1348 4256 1486 4312 coelo
1526 4257 1747 4311 nomine
1777 4257 1897 4326 ejus
1921 4257 2238 4312 ali'ecerunt.

668 4344 955 4400 Herculem
1002 4347 1169 4400 istum
1202 4348 1426 4415 pingunt
1453 4348 1704 4402 indutum
1737 4349 1858 4403 loco
1884 4352 2052 4409 vestis
2104 4365 2242 4404 exn-

673 4440 764 4491 vio
792 4439 986 4501 leonis,
1008 4441 1214 4492 clavam
1250 4439 1510 4495 ferentem
1543 4456 1607 4495 ac
1643 4442 1744 4496 tria
1774 4449 2049 4497 tenentem
2077 4443 2238 4506 mala,

2338 3267 2473 3302 πτου
2505 3250 2802 3319 βασιλεύει.
2843 3251 2903 3305 Ὁ
2956 3253 3013 3305 δέ
3054 3254 3328 3307 Ἀπόλλων
3360 3255 3634 3325 πνεύματι
3666 3258 3927 3320 Πύθωνος

2335 3342 2400 3392 ἐκ
2427 3341 2680 3410 νεότητος
2712 3343 2940 3412 κάτοχος
2989 3343 3065 3396 ὢν
3112 3344 3218 3408 ἕως
3269 3345 3526 3414 τελευτῆς
3580 3347 3769 3413 αὐτοῦ,
3800 3352 3929 3403 οὐδὲ

2340 3433 2480 3500 μετὰ
2511 3433 2772 3504 τελευτὴν
2826 3435 2993 3488 αὑτοῦ
3034 3435 3135 3502 τῆς
3185 3438 3522 3507 φληναφείας
3572 3442 3853 3494 ἐπαύσατο
3895 3445 3927 3495 ό

2337 3525 2593 3592 πονηρός·
2627 3523 2740 3574 ἐστι
2775 3526 2882 3594 γὰρ
2912 3527 3069 3577 τοῦτο
3105 3521 3243 3589 εἶδος
3291 3529 3602 3596 πνεύματος
3641 3531 3926 3599 μαντικῶ-

2337 3628 2517 3674 τατον,
2549 3611 2718 3665 πολλά
2782 3613 2884 3682 μὲν
2919 3615 3114 3682 ἀληθῆ,
3144 3618 3212 3668 τά
3261 3617 3317 3670 δὲ
3349 3617 3576 3671 πλεῖστα
3621 3621 3775 3686 λέγον
3818 3622 3936 3690 ἀμο

2339 3703 2534 3768 φίϐολα
2561 3705 2655 3756 καὶ
2686 3705 3015 3774 ἀμφιρρεπῆ
3043 3705 3130 3757 διὰ
3159 3708 3253 3775 τὴν
3287 3709 3529 3774 ἄγνοιαν.
3567 3711 3628 3762 ⁸0
3670 3711 3724 3762 δὲ
3758 3712 3934 3782 Ἦρα-

2339 3792 2476 3862 κλῆς
2527 3794 2745 3864 πρῶτος
2802 3795 3081 3859 κατέδειξε
3123 3797 3437 3865 φιλοσοφεῖν
3465 3803 3522 3852 ἐν
3560 3805 3673 3863 τοῖς
3723 3802 3931 3856 Ἑσπε-

2343 3890 2475 3957 ρίοις
2510 3888 2723 3957 μέρεσι.
2775 3887 2978 3958 Τοῦτον
3034 3889 3355 3944 ἀπεθέωσαν
3383 3894 3430 3944 οἱ
3486 3894 3552 3946 ἐκ
3596 3894 3690 3946 τοῦ
3728 3895 3929 3961 γένους

2341 3977 2507 4030 αὐτοῦ
2549 3979 2686 4047 μετά
2723 3979 2823 4048 τὴν
2868 3980 3033 4032 αὐτοῦ
3073 3983 3370 4054 τελευτὴν,
3415 3986 3511 4037 καὶ
3544 3987 3813 4038 ἐκάλεσαν
3867 3991 3932 4040 ἐν

2340 4069 2417 4139 τῷ
2476 4070 2692 4139 οὐρανῷ
2765 4072 2974 4141 ἀστέρα
3020 4074 3107 4124 ἐπ’
3154 4075 3383 4144 ὀνόματι
3436 4078 3624 4130 αὑτοῦ.
3687 4079 3930 4131 "Ov-rma.

2352 4160 2628 4232 Ἠρακλέα
2670 4164 3047 4233 ἐγγράφουσιν
3076 4166 3199 4218 ἀντὶ
3247 4166 3477 4236 χιτῶνος
3512 4168 3678 4240 δορὰν
3711 4170 3931 4233 λέοντος

2341 4253 2715 4324 ἠμφιεσμένον
2763 4257 2857 4308 καὶ
2913 4257 3150 4326 ῥόπαλον
3181 4258 3421 4328 φέροντα
3466 4261 3560 4311 καὶ
3595 4260 3724 4330 τρία
3779 4261 3938 4330 μῆλα

2343 4347 2647 4418 κρατοῦντα
2676 4392 2692 4414 ,
2723 4349 2866 4417 ἀπερ
2947 4351 3247 4419 ἀφελέσθαι
3292 4354 3452 4405 αὑτὸν
3500 4353 3931 4425 ἐμυθολόγησαν

2343 4438 2420 4506 τῷ
2453 4438 2674 4508 ῥοπάλῳ
2729 4438 3070 4506 φονεύσαντα
3117 4440 3209 4492 τὸν
3244 4440 3538 4509 δράκοντα,
3564 4442 3817 4495 τουτέστι
3846 4461 3938 4495 νι-

669 4544 788 4598 qua:
822 4528 1141 4583 fabulantur
1185 4546 1308 4586 eum
1349 4529 1592 4585 dracone
1670 4532 1824 4586 clava
1879 4534 2062 4587 occiso
2113 4534 2233 4586 abs-

2347 4531 2596 4600 κήσαντα
2621 4529 2711 4582 τὸν
2754 4531 2990 4598 πονηρὸν
3040 4532 3133 4584 καὶ
3183 4531 3429 4584 ποικίλον
3478 4534 3576 4598 τῆς
3629 4534 3940 4602 ἐπιθυμὶας

671 4624 884 4688 tulisse,
916 4625 1017 4676 lioc
1056 4634 1327 4690 notantes,
1365 4641 1488 4678 eum
1530 4626 1669 4678 mala
1719 4640 1783 4678 ac
1835 4627 1981 4678 varia
2024 4625 2242 4694 cupidi-

674 4717 800 4767 tat‘s
854 4715 1086 4767 consilia
1147 4717 1336 4777 clavat,
1367 4717 1469 4769 hoc
1505 4726 1583 4769 est
1623 4716 2004 4784 philosophi-.12,
2029 4731 2132 4784 ope
2165 4716 2246 4769 vi-

671 4805 835 4867 cisse,
869 4805 1125 4858 amictum
1161 4808 1326 4861 veluti
1359 4809 1498 4876 pelle
1520 4809 1691 4861 leonis
1717 4809 1901 4861 animo
1923 4824 2203 4877 generoso
2227 4828 2241 4876 ;

673 4904 838 4964 atque
860 4897 932 4949 ita
958 4898 1062 4950 tria
1104 4900 1242 4951 mala
1275 4899 1595 4966 abstulisse,
1625 4909 1737 4954 tres
1761 4899 2245 4966 scilicetvirtutes,

674 5002 794 5058 qua!
811 4998 940 5042 sunt
966 5005 1072 5042 non
1102 4990 1292 5054 irasci,
1319 5006 1424 5045 non
1444 5005 1569 5046 csse
1591 4990 1963 5059 voluptatibus
1979 4991 2245 5056 deditum,

675 5093 785 5133 nan
824 5093 946 5134 esse
1005 5081 1262 5150 cupidum
1323 5083 1610 5151 pecuniae:
1659 5083 1810 5136 clava
1876 5081 2020 5136 enim
2079 5082 2246 5136 animi

677 5171 984 5238 tolerantis,
1012 5187 1074 5226 ac
1101 5174 1262 5242 pelle,
1305 5174 1353 5227 id
1388 5185 1472 5230 est
1525 5174 1914 5242 temperantia,
1965 5182 2247 5228 terrenum

679 5277 860 5331 pravae
885 5265 1345 5334 concupiscentia:
1371 5275 1646 5320 certamen
1675 5267 1826 5329 vicit,
1851 5264 2250 5336 philosophiam

682 5369 856 5424 usque
878 5354 943 5409 ad
976 5365 1206 5410 mortem
1232 5358 1484 5422 colendo;
1521 5357 1668 5428 quod
1704 5358 1771 5412 de
1797 5372 1861 5412 eo
1921 5356 2248 5419 Herodotus,

680 5447 1034 5503 doctissimus
1092 5451 1346 5520 scriptor,
1419 5451 1696 5505 memoria:
1765 5449 2029 5518 prodidit,
2114 5448 2252 5502 alios

680 5553 899 5607 quoque
935 5547 1144 5608 septem
1187 5540 1443 5595 Hercules
1479 5540 1649 5594 fuisse
1696 5553 1957 5593 narrans.

756 5628 1047 5685 Enimvero
1092 5630 1413 5696 Mercurius,
1466 5631 1720 5702 cognitis.
1757 5639 1816 5684 ut
1844 5630 2098 5688 diximus,
2136 5641 2255 5696 quae

683 5717 786 5770 sibi
827 5736 854 5773 a
888 5721 1149 5779 fratribus
1188 5722 1368 5794 (erant
1401 5734 1585 5776 autem
1618 5721 1741 5776 Jovi
1773 5736 1840 5775 ex
1881 5719 2112 5774 diversis
2142 5718 2255 5771 nati

688 5810 1005 5869 mulieribus
1033 5815 1126 5869 lilii
1164 5814 1388 5871 circiter
1424 5814 1514 5886 70)
1546 5812 1911 5870 tendebantur
1939 5811 2176 5876 insidiis,
2203 5810 2256 5864 in

2344 4621 2601 4691 λογισμὸν
2657 4621 2745 4673 διὰ
2811 4621 2911 4674 τοῦ
2963 4621 3200 4692 ῥοπάλου
3267 4623 3388 4692 ἦτοι
3436 4623 3535 4692 τῆς
3581 4623 3936 4691 φιλοσοφίας,

2346 4709 2536 4778 ἔχοντα
2595 4710 2948 4781 περιϐόλαιον
3017 4713 3268 4777 γενναῖον
3321 4713 3582 4782 φρόνημα.
3629 4713 3707 4776 ὡς
3765 4714 3940 4784 δορὰν

2346 4801 2577 4865 λέοντος,
2607 4802 2701 4854 καὶ
2733 4801 2906 4864 οὕτως
2939 4803 3276 4870 ἀφελόμενον
3309 4803 3380 4854 τὰ
3413 4803 3539 4872 τρία
3577 4804 3748 4873 μῆλα,
3792 4807 3941 4874 ὅπερ

2349 4893 2463 4944 ἐστὶ
2493 4893 2591 4955 τὰς
2613 4894 2763 4961 τρεῖς
2802 4894 3021 4962 ἀρετὰς,
3059 4893 3120 4946 τὸ
3147 4893 3220 4962 μὴ
3251 4892 3593 4962 ὀργίζεσθαι,
3634 4893 3696 4945 τὸ
3728 4895 3803 4962 μὴ
3839 4912 3946 4964 φι-

2348 4983 2613 5052 ληδονεῖν,
2647 4983 2707 5035 τὸ
2744 4983 2817 5055 μὴ
2847 4984 3227 5054 φιλαργυρεῖν.
3257 4985 3355 5036 Διά
3391 4985 3503 5052 γὰρ
3537 4984 3632 5038 τοῦ
3669 4985 3941 5055 ῥοπάλου,

2348 5079 2448 5144 τῆς
2479 5077 2816 5146 καρτερικῆς
2841 5075 3040 5145 ψυχῆς,
3076 5077 3171 5128 καὶ
3200 5077 3303 5145 τῆς
3342 5076 3530 5147 δορᾶς,
3558 5079 3809 5130 τουτέστι
3837 5079 3943 5132 τοῦ

2353 5168 2626 5236 σώφρονος
2654 5167 2936 5237 λογισμοῦ,
2963 5169 3181 5237 ἐνίκησε
3219 5170 3310 5222 τὸν
3338 5171 3524 5238 γήϊνον
3567 5169 3669 5237 τῆς
3721 5171 3946 5241 φαύλης

2355 5262 2650 5330 ἐπιθυμίας
2683 5261 2906 5328 ἀγῶνα,
2941 5262 3312 5331 φιλοσοφήσας
3365 5262 3494 5333 ἄχρι
3529 5261 3798 5324 θανάτου,
3833 5280 3946 5314 κα-

2355 5350 2463 5415 θὼς
2516 5351 2796 5421 Ἡρόδοτος
2852 5354 2879 5403 ό
2924 5351 3234 5419 σοφώτατος
3298 5354 3702 5425 συνεγράψατο,
3745 5355 3805 5417 ὃς
3838 5359 3948 5412 καὶ

2355 5443 2544 5505 ἄλλους
2601 5443 2888 5513 Ἡρακλεῖς
2929 5445 3179 5514 ἱστόρησε
3218 5444 3476 5511 γενέσθαι
3504 5445 3664 5498 ἑπτά.

2443 5622 2504 5676 Ὀ
2527 5625 2657 5688 γοῦν
2695 5620 2904 5690 Ἐρμῆς
2935 5622 3094 5686 γνοὺε
3130 5622 3230 5689 τὴν
3273 5620 3395 5673 κατ’
3435 5619 3606 5672 αὐτοῦ
3661 5623 3946 5692 συσκευὴν

2360 5716 2471 5769 τῶν
2500 5714 2746 5782 ἀδελφῶν
2775 5713 2965 5776 αὑτοῦ,
2993 5713 3067 5775 ὡς
3101 5716 3329 5782 εἴπομεν
3360 5713 3512 5784 (περί
3542 5731 3643 5766 που
3668 5715 3778 5783 γὰρ
3809 5716 3948 5776 τοὺς

2363 5803 2408 5860 ο⁹
2433 5803 2682 5875 ὑπῆρχον
2707 5801 2818 5857 ἀπὸ
2843 5802 3118 5876 διαφόρων
3157 5803 3435 5872 γυναικῶν
3470 5802 3823 5874 γεννηθέντες
3860 5803 3949 5875 τῷ
