4184 6436
192 407 256 471 δι

1295 415 1575 476 ΗΙΞΤΟΒ
1591 417 1833 478 [ΛΗΠΜ
1864 418 2393 482 COMPENDIUM.

3393 423 3465 485 62

194 525 320 597 Διὶ),
348 526 707 599 ἀνεχώρησεν
732 529 814 592 είς
839 529 1117 598 Αἴγυπτον
1158 529 1295 601 πρὸς
1337 530 1438 603 τὴν
1476 533 1651 604 φυλὴν
1686 533 1781 587 τοῦ

1903 535 2183 606 Egyptum
2231 536 2370 591 abiit
2402 534 2469 593 ad
2502 534 2732 607 stirpem
2776 536 2990 605 Chami,
3016 539 3111 610 qui
3142 545 3263 595 erat
3324 536 3462 591 ﬁlius

195 619 325 689 Χὰμ
350 619 475 673 υῐοῦ
505 620 653 684 Νῶε,
678 621 879 685 οἵτινες
921 621 1173 686 ἐδέξαντο
1208 623 1373 677 αὐτὸν
1409 625 1470 677 ἐν
1507 628 1644 697 τιμῇ
1668 641 1684 656 ⁸
1722 624 1782 688 ὃς

195 713 287 765 καὶ
320 711 597 783 διέτριϐεν
636 713 757 766 ἐκεῖ
785 714 1163 785 ύπηρηφανῶν
1212 716 1423 781 πάντας
1474 719 1571 771 καὶ
1600 718 1784 788 φορῶν

198 803 410 873 χρυσῆν
451 804 670 873 στολήν.
703 805 815 859 Καὶ
856 806 1172 875 ἐφιλοσόφει
1226 808 1376 878 παρὰ
1430 811 1549 872 τοῖς
1572 808 1783 877 Αἰγυπ-

192 894 348 960 τίοις,
376 894 556 961 λέγων
590 895 781 959 αὐτοῖς
810 897 1070 966 μαντείας
1095 913 1109 926 ⁸
1137 897 1354 966 λογικὸς
1378 900 1483 969 γὰρ
1503 896 1571 971 ἦν
1598 900 1778 969 φύσει.

196 989 302 1039 Καὶ
332 989 710 1059 προσεκύνουν
743 990 907 1043 αὑτὸν
950 990 1156 1061 Ἑρμῆν
1191 991 1268 1055 ὡς
1300 990 1529 1060 λέγοντα
1558 992 1628 1045 τὰ
1654 993 1783 1063 μέλκ

195 1080 359 1133 λοντα
396 1081 494 1133 mi.
544 1081 899 1134 διακονοῦντα
940 1082 1126 1144 αὐτοῖς
1160 1082 1261 1150 τὴν
1327 1082 1433 1134 τῶν
1478 1082 1782 1150 μελλόντων

193 1173 258 1224 ἐκ
294 1171 392 1223 τοῦ
426 1171 564 1224 Θεοῦ
594 1173 758 1242 δῆθεν
785 1173 1084 1243 ἀπόκρισιν
1111 1172 1204 1225 καὶ
1240 1173 1552 1243 παρέχοντα
1596 1175 1783 1238 αὐτοῖς

197 1265 463 1333 χρήματα
493 1282 507 1294 ·
550 1265 609 1316 ὃν
637 1264 733 1318 καλ⁸
768 1264 1127 1336 πλουτοδότην
1160 1263 1389 1319 ἐκάλουν
1421 1264 1498 1328 ὡς
1524 1264 1619 1318 τοῦ
1651 1284 1786 1337 χρυ-

194 1354 288 1405 σοῦ
324 1354 452 1405 θεὸν
493 1355 828 1422 νομίζοντες.

279 1444 372 1495 Ἐν
406 1446 522 1506 τοῖς
555 1444 695 1513 μετὰ
723 1443 897 1497 ταῦτα
926 1443 981 1496 δὲ
1004 1443 1239 1513 χρόνοις,
1269 1446 1360 1498 ἐπὶ
1382 1448 1483 1516 τῆς
1508 1445 1787 1517 βασιλείας

193 1535 464 1597 Φοίνικος,
495 1532 566 1604 ἦν
605 1537 886 1606 Ἡρακλῆς
924 1538 952 1588 ό
983 1535 1276 1620 φιλόσοφος
1310 1539 1338 1591 ὁ
1367 1537 1658 1606 λεγόμενος
1682 1539 1787 1591 Τύ-
1836 1534 1841 1539 ’

196 1645 330 1699 ριος,
364 1630 519 1690 ὅστις
549 1628 748 1698 ἐφεῦρε
792 1629 891 1699 τὴν
920 1628 1008 1701 [Ρ.
1040 1627 1128 1700 l9]
1175 1629 1473 1701 κογχύλην.
1514 1630 1790 1701 Μετεωρι-

193 1722 432 1791 ξάμενος
464 1720 576 1789 γὰρ
616 1723 697 1784 είς
724 1720 788 1774 τὸ
816 1721 1085 1788 παράλιον
1117 1721 1284 1791 μέρος
1328 1722 1428 1792 τῆς
1462 1721 1641 1793 Τύρου
1679 1719 1787 1775 εἶδε

192 1814 526 1881 ποιμενικὸν
551 1813 690 1866 κύνα
730 1812 979 1866 ἐσθίοντα
1013 1814 1112 1882 τὴν
1141 1813 1443 1884 λεγομένην
1491 1814 1784 1885 κογχύλην,

193 1904 286 1956 καὶ
317 1907 593 1971 ποιμένα,
619 1902 912 1975 νομίζοντα
942 1904 1234 1975 αἱμάσσειν
1252 1905 1339 1958 τὸν
1363 1904 1521 1971 κύνα,
1546 1904 1655 1957 ἀπὸ
1677 1905 1784 1956 τῶν

193 1995 497 2066 προϐάτων
532 1995 700 2047 πόκον
739 1996 900 2066 ἐρέας
929 1996 1162 2049 λαϐόντα
1194 1996 1573 2066 καταμάσσειν
1593 1995 1661 2048 τὰ
1686 2013 1787 2048 κα-

193 2087 559 2154 ταφερόμενοι
596 2086 661 2137 ἐκ
690 2083 787 2137 τοῦ
830 2085 1104 2154 στόματος
1148 2083 1242 2138 τοῦ
1273 2085 1455 2148 κυνός.
1510 2085 1569 2137 '0
1602 2085 1658 2137 δὲ
1698 2085 1792 2137 Ἡ-

192 2175 407 2244 ρακλῆς
439 2173 840 2245 προσεσχηκὼς
867 2174 966 2227 καὶ
998 2172 1121 2226 ἰδὼν
1176 2174 1309 2227 αὐτὸ
1349 2173 1545 2243 βάμμα
1568 2190 1624 2226 τι
1645 2171 1792 2238 ἐξαί-

193 2284 309 2321 σιον
369 2265 662 2335 ἐθαύμασε
691 2283 708 2299 ·
747 2266 844 2319 καὶ
888 2267 1049 2335 γνοὺς
1102 2267 1186 2319 ὄτι
1240 2268 1307 2319 ἐκ
1362 2267 1462 2332 τῆς
1502 2264 1790 2343 λκογχύλης

191 2358 371 2421 ἐστὶν,
425 2357 669 2428 εἰληφὼς
726 2356 819 2411 τὸν
870 2357 1037 2411 πόκον
1086 2357 1162 2420 ὡς
1200 2356 1344 2427 μέγα
1394 2356 1568 2428 δῶρον
1618 2373 1792 2426 προσ-

191 2452 400 2521 ήνεγκε
429 2448 509 2520 τῷ
544 2449 755 2518 βασιλεί
788 2449 887 2519 τῆς
918 2448 1096 2514 Τύρου
1122 2449 1352 2511 Φοίνικι,
1381 2448 1438 2512 ὃς
1463 2450 1557 2501 καὶ
1588 2449 1795 2502 ἐκπλα-

191 2544 309 2608 γεῖς
339 2541 442 2593 ἐπὶ
472 2542 543 2610 τῇ
588 2540 689 2610 θέᾳ
725 2537 818 2592 τοῦ
876 2538 1161 2609 βάμματος
1217 2538 1507 2591 ἐκέλευσεν
1531 2536 1591 2604 ἐξ
1624 2535 1792 2589 αὑτοῦ

196 2632 451 2701 βαφῆναι
488 2632 654 2701 ὲρέαν
684 2632 782 2684 καὶ
825 2629 1078 2698 γενέσθαι
1123 2630 1273 2701 αύτῷ
1316 2628 1597 2698 βασιλικὴν
1637 2644 1795 2698 περι-

198 2725 446 2787 ϐόλαιον,
480 2724 509 2777 ὅ
545 2721 979 2791 περιὸαλόμενος
1007 2723 1170 2784 αὐτὸς
1204 2721 1421 2790 πρῶτος
1454 2719 1794 2788 ἐθαυμάζετο

202 2817 304 2871 ὑπὸ
332 2818 567 2868 πάντων
590 2831 604 2845 ·
642 2814 748 2884 πρὸ
773 2815 965 2867 τούτου
991 2813 1100 2884 γὰρ
1132 2813 1232 2865 ούκ
1255 2812 1474 2883 ᾔδεισαν
1498 2811 1547 2863 οἱ
1581 2811 1795 2880 ἄνθρω-

205 2924 295 2959 ποι
331 2907 572 2976 βάπτειν
601 2905 815 2974 χροιάς.
847 2904 1004 2958 Μετὰ
1031 2903 1164 2972 γοῦν
1204 2904 1431 2974 χρόνους
1485 2900 1715 2961 πολλοὺς
1746 2901 1795 2951 oi

1888 626 2020 680 Noe.
2059 627 2143 681 Ab
2177 627 2247 683 iis
2279 636 2363 681 est
2398 642 2521 682 cum
2556 627 2765 683 honore
2807 637 3083 697 acceptus,
3114 630 3298 698 ibique
3341 640 3457 695 per-

1885 722 2091 776 mansit
2123 736 2315 775 omnes
2346 738 2455 791 prae
2480 737 2540 776 se
2572 722 2881 791 despiciens
2916 734 2972 776 et
2997 722 3231 777 Auream
3260 729 3461 775 vestem

1883 826 2101 881 gerens.
2140 810 2564 880 Phil050phatus
2610 820 2694 866 est
2745 819 2928 865 autem
2970 810 3114 878 apud
3158 810 3443 880 Egyptios

1886 900 2218 963 vaticinans,
2253 907 2312 952 ut
2349 907 2467 953 erat
2503 907 2697 953 natura
2726 900 2991 955 disertus.
3025 898 3370 953 Adorabatur
3397 899 3468 952 ab

1887 990 1977 1053 iis,
2010 1005 2074 1043 ac
2110 990 2414 1045 Mercurius
2456 989 2564 1061 36
2600 990 2735 1045 deus
2765 991 3163 1061 appellabatur,
3197 989 3342 1059 quod
3378 988 3469 1043 fu-

1887 1088 2013 1135 tura
2045 1082 2384 1150 pra-diceret,
2422 1097 2485 1137 ac
2518 1082 2786 1136 divinitus
2831 1085 3088 1137 nimirum
3131 1081 3199 1136 de
3239 1081 3307 1135 iis
3345 1097 3468 1151 qua:

1891 1181 2016 1244 post.
2043 1182 2228 1229 essent
2260 1185 2522 1229 eventura
2550 1189 2815 1244 responsa
2847 1174 3275 1237 administraret,
3307 1189 3468 1243 pecu-

1889 1269 2147 1336 niamque
2204 1269 2615 1336 suppeditaret;
2685 1267 2874 1335 itaque
2934 1266 3100 1319 etiam
3150 1266 3467 1319 divitiarum

1890 1361 2135 1415 datorem
2169 1360 2458 1425 vocabant,
2490 1360 2734 1430 pecuniae
2763 1360 2921 1413 deum
2955 1364 3230 1425 putantes.

1965 1450 2324 1505 Inferioribus
2366 1449 2706 1519 temporibus
2736 1450 2995 1504 Plttenice
3022 1458 3305 1518 regnante,
3329 1447 3469 1502 Her-

1890 1542 2040 1597 cules
2066 1543 2164 1595 l'uit
2192 1542 2549 1609 philosophus
2574 1549 2936 1609 cognomento
2971 1540 3190 1611 Tyrius.
3232 1537 3308 1604 Is,
3345 1554 3473 1609 pur-

1891 1650 2081 1704 puram
2145 1635 2369 1687 invenit.
2419 1634 2554 1689 Cum
2609 1637 2754 1686 enim
2808 1633 2862 1686 in
2911 1648 3032 1686 eam
3080 1632 3210 1703 Tyri
3264 1642 3470 1701 partem

1891 1723 2234 1778 ascendisset
2273 1737 2395 1792 qua:
2433 1721 2500 1776 ad
2532 1737 2682 1775 mare
2719 1721 2977 1790 pertinet,
3011 1722 3248 1789 pastoris
3280 1736 3472 1792 canem

1891 1814 2027 1870 vidit
2050 1815 2316 1870 concham
2355 1830 2571 1880 vorare,
2597 1823 2987 1884 pastoremque
3025 1828 3056 1867 a
3088 1828 3226 1869 cane
3253 1815 3476 1883 sangui-

1894 1922 2018 1960 nem
2049 1907 2226 1959 emitti
2255 1914 2555 1974 putantem,
2586 1905 2710 1958 lana
2740 1903 2938 1958 above
2965 1912 3189 1973 accepta
3227 1906 3372 1974 quod
3408 1920 3475 1959 ex

1893 2011 1990 2053 ore
2007 1998 2162 2053 cauis
2185 1997 2453 2052 deﬂuebat
2477 1999 2813 2064 abstergere.
2838 1996 2908 2049 At
2930 1994 3057 2049 Hert
3075 1999 3212 2063 nles,
3239 1999 3332 2068 qui
3360 2013 3474 2053 rem

1894 2090 2259 2156 observaret,
2318 2090 2614 2143 tincturam
2671 2090 2791 2157 eius
2846 2089 2986 2144 lanae
3030 2090 3303 2160 egregiam
3350 2104 3476 2144 cum

1894 2182 2263 2237 admiratione
2304 2180 2476 2245 vidit;
2506 2180 3001 2251 auimadversoque
3045 2182 3313 2251 liquorem
3350 2196 3479 2235 eum

1894 2288 1960 2327 ex
2019 2272 2226 2327 concha
2280 2272 2384 2325 ista
2434 2271 2680 2336 ﬂuxisse,
2710 2272 2890 2326 lanam
2943 2275 3103 2327 istam
3140 2273 3321 2341 magni
3347 2272 3477 2326 doni

1898 2361 2020 2415 loco
2045 2361 2111 2414 ad
2136 2376 2316 2431 regem
2346 2360 2472 2431 Tyri
2490 2360 2805 2415 Phtenicem
2834 2362 3036 2414 attulit.
3064 2359 3136 2427 Is,
3165 2361 3484 2430 spectaculo

1898 2452 2152 2508 tinctura:
2202 2453 2364 2508 istius
2414 2454 2703 2519 attonitus,
2731 2454 2903 2523 jussit
2956 2453 3061 2508 hoc
3107 2453 3267 2508 modo
3303 2455 3483 2507 lanam

1898 2543 2033 2615 tingi
2083 2551 2248 2609 atque
2290 2558 2352 2608 es
2387 2558 2451 2595 ea
2500 2543 2605 2597 sibi
2639 2543 2843 2612 regiam
2879 2553 3091 2599 vestem
3126 2543 3339 2613 parari;
3376 2558 3483 2611 qua

1901 2637 2112 2706 primus
2186 2635 2469 2691 hominum
2528 2634 2754 2689 indutus
2811 2635 3068 2688 omnibus
3127 2632 3482 2689 admirationi

1897 2725 2025 2780 fuit.
2058 2723 2194 2778 Nam
2230 2733 2390 2779 antea
2420 2724 2686 2793 temporis
2714 2724 2959 2780 colorum
2990 2727 3289 2779 tincturam
3333 2726 3489 2793 igno-

1899 2824 2158 2869 raverant
2212 2815 2488 2869 homines.
2543 2814 2732 2887 Longo
2780 2826 2901 2883 post
2953 2825 3198 2885 tempore
3227 2815 3484 2883 Romani,

1896 2908 2179 2963 Phoenicia
2212 2909 2462 2975 subacta,
2497 2923 2682 2963 veram
2716 2917 2770 2963 et
2796 2910 3035 2978 antiquae
3066 2907 3488 2978 respondentem

218 2998 489 3067 Ῥωμαῖοι
536 2996 639 3066 τὴν
690 2996 954 3048 Φοινίκων
991 2994 1175 3065 χώραν
1225 2994 1595 3063 κατασχόντες
1633 2991 1695 3043 τὸ
1739 2991 1797 3054 ἐξ

1904 3016 2200 3072 purpuram
2244 3001 2310 3054 ad
2343 3000 2552 3069 regium
2578 3001 2841 3055 amictum
2867 3000 3258 3056 adhibuerunt.
3287 2999 3486 3066 Numa,

208 3090 380 3160 ἀρχῆς
413 3088 675 3156 ἀληθινὸν
720 3090 783 3139 ἐκ
827 3090 924 3156 τῆς
972 3085 1244 3156 κογχύλης
1290 3086 1476 3154 σχῆμα
1521 3082 1798 3153 βασιλικὸν

1903 3093 1997 3163 qui
2023 3101 2150 3162 post
2180 3090 2474 3145 Romulum
2502 3099 2555 3144 et
2590 3089 2823 3145 Remum
2852 3089 3038 3145 Romae
3061 3090 3333 3161 regnavit,
3358 3104 3486 3143 cum

212 3182 504 3250 ἐφόρεσαν.
561 3179 717 3233 Μετὰ
767 3180 821 3232 δὲ
858 3178 1051 3248 Ῥἐμον
1112 3179 1205 3231 καὶ
1246 3176 1523 3245 Ῥωμύλον
1562 3176 1789 3245 Νουμᾶς

1903 3185 1965 3239 ad
2023 3200 2150 3239 eum
2216 3182 2573 3253 Pelasgorum
2622 3182 2782 3253 legati
2835 3183 3116 3238 venissent
3176 3182 3493 3250 chlamydes

216 3270 543 3341 βασιλεύσας
579 3270 893 3339 Ῥωμαίων,
956 3269 1051 3323 καὶ
1096 3269 1390 3338 δεξάμενος
1448 3266 1796 3337 πρεσϐευτὰς

216 3363 273 3414 ἐκ
292 3364 394 3430 τῆς
439 3360 628 3432 χώρας
664 3361 772 3413 τῶν
820 3361 1132 3430 λεγομένων
1165 3360 1462 3429 Πελασγῶν
1496 3360 1799 3429 φοροῦντας

217 3452 498 3522 χλαμύδας
552 3452 783 3520 ἐχούσας
822 3451 1018 3506 ταϐλία
1056 3452 1168 3525 (35)
1212 3452 1406 3524 ρούσια
1450 3451 1712 3520 καθάπερ
1750 3450 1801 3501 oi

217 3544 321 3598 ἀπὸ
357 3545 464 3615 τῆς
504 3544 781 3613 Ἰσαυρίας
802 3544 1129 3624 χώραςηκαὶ
1143 3543 1400 3612 τερφθεὶς
1422 3541 1503 3613 τῷ
1537 3542 1803 3614 σχήματι,

217 3639 484 3706 ἐπενόησε
512 3638 724 3706 πρῶτος
756 3638 814 3690 ἐν
839 3638 904 3706 τῇ
942 3633 1131 3707 Ῥώμῃ
1197 3634 1482 3706 χλαμύδας
1519 3632 1803 3704 φορεῖσθαι

214 3733 313 3796 τὰς
343 3733 451 3798 μὲν
483 3729 776 3801 βασιλικὰς
815 3728 1125 3799 πορφύρας,
1162 3728 1393 3800 ἐχούσας
1446 3727 1642 3779 ταϐλία
1670 3726 1805 3796 χρύο

218 3841 340 3886 σεα,
368 3823 477 3886 τὰς
512 3823 571 3875 δὲ
599 3820 711 3873 τῶν
744 3820 1127 3889 συγκλητικῶν
1160 3822 1255 3874 καὶ
1278 3819 1379 3883 τὰς
1408 3818 1515 3871 τῶν
1540 3819 1599 3871 ἐν
1626 3817 1806 3881 ἀξίαις

213 3915 314 3967 καὶ
373 3913 696 3982 στρατείαις
760 3911 1042 3981 χλαμύδας
1090 3910 1322 3982 ἐχούσας
1373 3915 1663 3979 σήμαντρα
1703 3908 1804 3977 τῆς

216 4006 513 4076 βασιλικῆς
537 4004 819 4077 φορεσίας,
846 4002 1044 4056 τασλία
1068 4004 1332 4074 πορφυρᾶ
1348 4001 1616 4072 δηλοῦντα
1646 4000 1804 4066 ἀξίαν

1906 3282 2187 3346 gestantes
2234 3281 2527 3346 praetextas
2576 3275 2825 3340 coccino,
2865 3275 3060 3345 quales
3101 3274 3266 3330 etiam
3318 3274 3491 3331 Isauri

1903 3372 2138 3432 gestant,
2172 3377 2237 3419 ea
2285 3362 2459 3417 forma
2508 3363 2818 3419 delectatus
2859 3365 3072 3434 primus
3103 3366 3342 3420 instituit
3370 3373 3429 3420 ut
3459 3379 3491 3418 a

1909 3454 2172 3509 Romanis
2225 3453 2545 3526 chlamydes
2603 3463 2971 3525 gestarentur,
3019 3470 3049 3508 a
3105 3455 3212 3526 35
3270 3455 3493 3526 regibus

1909 3560 2224 3618 purpureae,
2255 3554 2534 3616 praetexta:
2570 3559 2729 3613 auro,
2765 3560 2797 3600 a
2829 3545 3181 3602 senatoribus
3210 3554 3264 3602 et
3290 3546 3359 3601 iis
3396 3546 3492 3617 qui

1912 3652 2038 3691 cum
2078 3637 2406 3706 magistratu
2453 3645 2548 3691 aut
2584 3637 2817 3707 imperio
2845 3645 3030 3693 essent
3071 3638 3194 3693 alite
3238 3653 3360 3709 qua:
3393 3652 3495 3709 pro

1910 3728 2113 3782 indicio
2156 3728 2289 3798 regii
2334 3729 2657 3797 gestaminis
2698 3745 2939 3800 purpura
2967 3738 3156 3785 essent
3181 3739 3491 3800 praetextae;

1910 3830 2021 3887 quo
2048 3817 2452 3887 signiﬁcaretur
2483 3816 2743 3871 Romana:
2785 3822 2862 3873 rei
2897 3820 3130 3889 publicae
3171 3819 3414 3889 dignitas
3443 3827 3497 3872 et

1911 3910 2203 3978 subjectio.
2231 3909 2526 3979 Edixitque
2570 3924 2640 3965 ne
2680 3912 2805 3980 quis
2836 3912 2955 3966 sine
2994 3909 3313 3980 hujusmodi
3345 3910 3497 3965 chla-

1909 4002 2070 4072 myde
2097 4002 2151 4055 in
2181 4002 2445 4071 palatium
2469 4016 2628 4055 suum
2657 4003 3136 4059 intromitteretur.

223 4098 556 4169 Ῥωμαῖκὴν
603 4098 877 4161 πολιτείας
915 4097 1011 4151 καὶ
1055 4097 1335 4166 ὑποταγὴν
1375 4096 1675 4166 διαγωγὴν,
1707 4095 1974 4160 κελεύσας
2012 4097 2222 4169 μηδένα
2246 4100 2328 4160 είς
2347 4098 2411 4152 τὸ
2469 4096 2637 4152 αὐτοῦ
2711 4097 2978 4153 παλάτιον
3036 4098 3299 4154 εἰσελθεῖν
3366 4113 3498 4170 601-

211 4193 523 4267 χωρεῐσθαι
574 4195 701 4248 ἄνευ
751 4192 844 4246 τοῦ
899 4195 1177 4264 σχήματος
1224 4195 1321 4261 τῆς
1356 4193 1616 4261 τοιαύτης
1671 4192 1967 4263 χλαμύδος.

283 4286 479 4349 Φοῖνιξ
505 4285 611 4338 δὲό
639 4285 752 4348 υίὸς
800 4285 896 4338 τοῦ
935 4286 1231 4356 Ἀγήνορος
1268 4284 1407 4355 ἀνὴρ
1456 4284 1677 4353 ἐγένετο
1714 4301 1804 4337 σο-

216 4381 341 4450 φος,
382 4379 446 4441 ὃς
484 4376 869 4447 συνεγράψατο
898 4379 1167 4440 Φοινικοῖς
1210 4376 1507 4447 γράμμασι
1557 4375 1656 4444 τὴν
1683 4377 1807 4445 ἀρι-

214 4473 509 4542 θμητικὴν
539 4471 879 4540 φιλοσοφίαν,
918 4468 1212 4533 ὑπεξέθετο
1248 4469 1306 4522 δὲ
1348 4470 1444 4522 καὶ
1481 4467 1808 4536 ἀσωμάτους

212 4565 425 4633 ἀρχάς,
466 4564 563 4616 καί
587 4562 818 4631 σώματα
850 4560 909 4614 δὲ
953 4559 1408 4632 μεταϐάλλεσθαι,
1436 4557 1529 4611 καὶ
1573 4560 1674 4621 τὰς
1714 4558 1815 4628 ψυ-

218 4656 322 4724 χὰς
354 4656 439 4716 εἰς
465 4652 764 4720 ἀλλογεννῆ
796 4650 917 4716 ζῶα
964 4650 1217 4704 εἰσιέναι.
1250 4642 1421 4712 Οὗτος
1461 4648 1680 4719 πρῶτος
1726 4647 1812 4713 ἐξ·

221 4746 384 4798 έθετο
436 4743 642 4807 ταῦτα,
685 4744 761 4807 ὡς
832 4743 1065 4812 Κλήμης
1130 4740 1509 4812 συνεγράψατο
1547 4740 1576 4791 ὁ
1632 4740 1813 4808 σοφὼ-

220 4854 417 4900 τατος.

291 4927 457 4982 Μετὰ
522 4926 582 4981 δὲ
620 4926 721 4997 τὴν
758 4925 959 4997 Ἐρμοῦ
997 4922 1254 4994 τελευτὴν
1295 4926 1324 4977 ὁ
1354 4925 1661 4993 ⁴¹Ηφαιστος
1716 4923 1811 4975 ἐπὶ

211 5018 478 5089 τέσσαρα
513 5019 688 5088 ἥμισυ
722 5017 821 5088 ἐτη
846 5018 946 5087 τῆς
995 5016 1277 5085 Αἰγύπτου
1305 5015 1675 5068 ἐϐασίλευσεν.
1704 5011 1814 5067 Ἦν

1341 5148 1700 5207 XYLANDRI
1737 5149 1825 5205 ET

303 5276 421 5347 (55)
447 5273 571 5347 Non
596 5270 1300 5347 _observavi__alihi__ta6)t£a.
1340 5267 1608 5347 \fidentur
1639 5277 1819 5322 autem

230 5339 324 5403 sic"
345 5339 607 5413 appellari
646 5342 945 5413 panniculi,
975 5342 1176 5413 quibus
1208 5356 1318 5393 ora!
1349 5339 1529 5413 lanea:
1561 5347 1822 5413 praetexe-

232 5409 451 5475 renttir,
476 5413 563 5465 die
587 5409 887 5466 brb‘m.Nisi
904 5409 1028 5482 quis
1050 5410 1232 5464 clavos
1255 5409 1509 5482 malit,d_e
1524 5424 1634 5477 quo
1661 5410 1818 5482 alias.

235 5486 458 5554 βύσιον
487 5485 620 5554 verti
645 5478 950 5554 coccinum.
973 5480 1342 5554 _l_i_nssatorutn
1371 5479 1684 5554 aurigarum
1720 5478 1823 5554 luit

234 5546 432 5620 genus,
461 5553 606 5619 quod
638 5555 689 5605 in
727 5552 939 5605 Nerone
972 5551 1283 5619 Xiphilinus
1311 5563 1379 5620 es
1423 5546 1591 5620 ilione
1636 5548 1822 5618 ιτυρρᾷ

236 5616 408 5694 σκευῇ
440 5616 696 5691 appellat.
729 5623 975 5694 Meunnit
1019 5616 1155 5674 l‘l'tn.
1191 5637 1284 5683 \‘ll,
1313 5619 1402 5672 55.
1438 5616 1821 5694 Ριργίσμιοςιίοὲ-

236 5690 628 5749 εεειιιίίοιοιιιιι
673 5695 816 5744 hunc
870 5692 1127 5755 colorem,
1185 5704 1359 5756 neque
1405 5703 1537 5741 sane
1564 5704 1591 5739 a
1621 5690 1820 5742 rubore

239 5766 549 5832 sanguineo
597 5763 781 5815 colore
826 5765 1182 5832 praeditarunt
1218 5758 1686 5832 rosarum__color_
1734 5765 1820 5832 est

240 5827 472 5889 alienus.
512 5827 841 5888 Coccinttnr
866 5833 1026 5886 talem
1068 5830 1312 5898 aurigam
1353 5827 1588 5898 appellat
1620 5828 1817 5883 alicubi

1980 4282 2212 4341 thnix
2243 4285 2515 4356 Agenoris
2544 4283 2689 4340 ﬁlius
2718 4284 2803 4340 vir
2833 4284 2939 4339 fuit
2976 4287 3217 4356 sapiens,
3250 4287 3344 4357 qui
3376 4287 3495 4356 phi-

1912 4376 2218 4445 losophiam
2259 4376 2328 4429 de
2364 4375 2615 4430 numeris
2645 4375 2981 4445 conscripsit
3019 4377 3216 4432 litteris
3253 4377 3495 4432 Punicis.

1915 4467 2185 4537 Exposuit
2227 4467 2388 4522 etiam
2436 4467 2702 4537 principia
2753 4467 3081 4537 incorporea
3114 4476 3170 4522 et
3202 4482 3498 4539 corporum

1920 4559 2253 4612 mutationes
2303 4559 2722 4627 animarumque
2758 4558 2815 4612 in
2859 4557 3087 4612 alterius
3124 4561 3343 4627 generis
3381 4560 3499 4612 ani-

1919 4648 2083 4701 malia
2136 4648 2515 4718 migrationes.
2556 4647 2775 4703 Primus
2829 4649 2919 4703 hic
2964 4649 3069 4702 ista
3123 4652 3397 4719 exposuit,
3441 4658 3499 4703 ut

1914 4740 2166 4795 Clemens
2194 4741 2357 4795 homo
2389 4742 2749 4796 doctissimus
2782 4742 3050 4811 scriptum
3084 4741 3325 4810 reliquit.

1994 4919 2038 4971 A
2078 4925 2249 4971 morte
2278 4915 2534 4971 Mercurii
2571 4916 2851 4989 Vulcanus
2898 4933 3124 4988 regnum
3156 4917 3373 4989 [Egypli
3405 4934 3502 4986 per

1920 5025 2093 5064 annos
2130 5017 2367 5078 quatuor
2408 5024 2533 5062 cum
2588 5010 2822 5065 semisse
2865 5018 2994 5064 tenu
3022 5018 3062 5063 t.
3104 5009 3309 5063 Ferunt
3357 5011 3500 5063 hunc

1892 5147 2104 5204 GOARI
2166 5144 2403 5201 NOTAE.

1926 5265 2212 5320 Martialis.
2233 5260 2528 5317 XvL.-Nil
2560 5261 2789 5315 dubium
2812 5261 2943 5328 quin
2978 5274 3111 5312 voce
3132 5256 3370 5310 ταὸλίων
3391 5256 3504 5311 llo-

1926 5350 2213 5390 manorum
2257 5334 2399 5386 latus
2436 5332 2619 5385 clavus
2648 5340 2698 5383 et
2737 5330 2928 5383 limbus
2963 5343 3256 5395 purpureus
3275 5336 3499 5390 :vestem

1925 5407 2218 5476 insigniter
2243 5413 2548 5476 praetexens
2576 5402 2647 5457 sit
2681 5400 3082 5476 intelligendus.
3117 5397 3331 5467 ρούσιον
3357 5399 3502 5451 enin:

1926 5469 2127 5546 χρῶμα
2151 5469 2331 5546 roseus
2371 5483 2454 5526 est
2489 5472 2605 5546 sive
2636 5485 2926 5546 purpureus
2957 5469 3123 5546 color,
3161 5477 3325 5546 atque
3364 5482 3505 5546 unus

1925 5539 1988 5601 ἓξ
2032 5539 2099 5598 iis
2126 5558 2264 5613 quos
2302 5544 2443 5596 inter
2465 5543 2849 5613 aurigandtim
2891 5539 3165 5613 factiones
3199 5544 3506 5613 ostentasse

1926 5617 2115 5669 scribit
2143 5605 2334 5667 auctor
2377 5615 2430 5665 in
2464 5605 2726 5665 Michaele
2764 5608 3053 5676 Theophili
3094 5605 3227 5661 tilio.
3272 5605 3505 5661 Prasino

1929 5701 2115 5755 porro,
2158 5681 2366 5737 Veneto
2407 5690 2462 5737 et
2494 5679 2741 5755 Candide
2790 5678 3005 5748 ρούσιον
3047 5676 3314 5749 adjungit,
3343 5691 3506 5748 quem

1928 5748 2136 5811 roseum
2163 5755 2616 5826 interpretantur.
2643 5748 2817 5807 Gesn.
