4184 6436
656 402 728 464 63
1930 398 2252 459 GEORGII
2283 400 2618 462 CEDRENI
3863 405 3939 468 61

654 517 972 571 bellatorem
1007 515 1199 581 fuisse,
1231 527 1296 569 ac
1326 527 1452 568 cum
1487 526 1632 582 equo
1661 519 2009 565 corruentem
2048 510 2237 579 pedem

2357 513 2430 575 δὲ,
2460 513 2617 580 φασὶ,
2647 514 3006 582 πολεμιστὴς,
3039 513 3096 566 ὃν
3129 517 3478 585 συμπεσόντα
3507 519 3586 587 τῷ
3619 518 3769 585 ῐππῳ
3795 518 3938 585 πλη-

655 609 906 680 fregisse,
937 609 1081 664 unde
1111 608 1176 663 ad
1201 617 1430 664 mortem
1464 621 1640 677 usque
1663 606 1896 660 claudus
1919 619 2238 674 permanse-

656 702 750 756 rit.
801 703 856 755 In
889 701 1119 755 deorum
1150 713 1439 754 numerum
1472 712 1598 752 eum
1629 695 1870 766 Egyptii
1913 693 2237 756 retulerunt,

659 794 803 865 quod
845 794 960 864 lege
996 793 1105 848 lata
1151 793 1396 862 ipsorum
1431 804 1634 845 uxores
1667 803 1778 842 uno
1804 789 1923 841 viro
1953 795 2242 842 contentas

657 901 782 942 esse
819 894 873 939 et
919 885 1116 955 pudice
1166 885 1348 938 vivere
1388 882 1668 952 jussisset,
1702 879 2145 949 suppliciumque
2186 879 2241 932 in

657 975 938 1031 adulteras
979 975 1398 1040 constituisset;
1455 983 1549 1027 aut
1596 985 1759 1034 vero,
1803 979 1863 1025 ut
1899 969 2051 1023 Plato
2087 969 2240 1035 vult,

658 1067 806 1138 quod
838 1067 918 1122 eis
949 1067 1265 1122 bellicorum
1299 1073 1353 1120 et
1385 1064 1718 1120 rusticorum
1749 1062 2242 1118 instrumentorum

656 1175 721 1215 ex
760 1160 906 1214 ferro
939 1158 1357 1212 fabricationem
1386 1157 1821 1212 demonstrasset
1859 1175 1870 1210 :
1908 1164 2036 1211 ante
2063 1156 2241 1226 ipsum

661 1255 810 1306 enim
847 1251 1123 1321 lapidibus
1154 1261 1208 1307 et
1230 1250 1468 1305 fustibus
1502 1249 1916 1319 prmliabantur.
1940 1247 2095 1302 Hunc
2126 1264 2244 1318 my-

656 1341 792 1395 stica
841 1342 1077 1411 quadam
1123 1342 1436 1411 precatione
1490 1341 1644 1393 aiunt
1695 1355 1761 1394 ex
1799 1354 1926 1394 aere
1980 1338 2242 1409 forcipem

658 1433 1008 1502 impetrasse,
1043 1442 1204 1502 atque
1237 1435 1310 1487 ita
1344 1432 1620 1504 [Egyptiis
1650 1434 1775 1488 teris
1813 1432 2116 1487 fabricandi
2152 1447 2242 1486 ar-

659 1533 768 1579 tem
800 1526 1115 1578 tradidisse.

732 1619 842 1687 36
885 1617 1129 1670 Vulcano
1156 1619 1416 1672 defuncto
1444 1617 1589 1671 filius
1614 1616 1835 1670 nurnine
1864 1614 1952 1669 Sol
1979 1614 2247 1670 successit

663 1724 726 1761 ac
770 1725 860 1762 rex
900 1709 1281 1780 .Iligyptiorum
1333 1709 1492 1762 annis
1522 1709 1713 1778 viginti
1757 1709 1923 1761 semis
1965 1709 2083 1762 fuit.
2116 1707 2246 1762 Post

659 1801 808 1855 hunc
856 1803 1031 1866 Sosis,
1069 1803 1194 1856 inde
1229 1802 1440 1865 Osiris,
1473 1809 1657 1869 postea
1689 1799 1851 1864 Orus,
1891 1810 2000 1852 tum
2042 1799 2244 1853 Tliules

657 1892 978 1963 Egyptum,
1023 1895 1162 1948 alius
1198 1901 1322 1962 post
1355 1893 1520 1946 alium
1574 1901 1851 1945 rexerunt.
1881 1889 2083 1943 'l‘liules
2121 1905 2240 1943 om-

658 1999 784 2036 nem
827 1994 1027 2038 terram
1067 1999 1241 2053 usque
1289 1985 1355 2036 ad
1408 1982 1690 2037 Oceanum
1743 1981 2083 2047 occupavit:
2120 1981 2242 2034 inde

660 2077 713 2130 in
749 2076 991 2130 Africam
1027 2090 1282 2129 reversus
1332 2074 1617 2128 oraculum
1654 2073 1956 2137 consuluit,
1989 2072 2242 2142 quisnam

661 2183 720 2221 se
762 2169 911 2236 prior
945 2176 1154 2220 tantum
1207 2167 1493 2236 potestatis
1537 2165 1842 2227 habuisset,
1875 2179 1937 2219 ac
1968 2165 2092 2233 quis
2123 2171 2245 2233 post

662 2258 838 2326 ipsum
863 2258 1201 2310 tantumdem
1228 2258 1518 2310 habiturus
1549 2265 1715 2310 esset.
1743 2257 1816 2309 Ita
1843 2256 1888 2309 ei
1921 2270 2243 2324 responsum

661 2350 1025 2420 perhibetur:
1068 2349 1111 2419 (ι
1157 2349 1433 2418 Principio
1463 2351 1619 2413 deus,
1665 2349 1792 2402 hinc
1840 2362 2040 2412 sermo,
2084 2357 2248 2416 atque

663 2445 749 2497 his
798 2445 1027 2512 spiritus
1067 2443 1324 2510 junctus.
1356 2441 1482 2496 Ilaec
1531 2442 1634 2496 tria
1687 2449 1917 2510 cognata
1963 2448 2092 2494 :est
2138 2440 2247 2492 illis

660 2547 862 2590 mterua
916 2545 1179 2606 potestas.
1230 2535 1476 2590 Mortalis
1507 2575 1522 2599 ,
1561 2535 1724 2589 celeri
1778 2549 1970 2602 gressu
2019 2542 2071 2588 te
2123 2533 2249 2586 hinc

662 2631 914 2698 protinus
970 2630 1152 2691 aufer,
1197 2629 1463 2682 incertam
1503 2628 1704 2697 degens
1752 2627 1918 2680 dubio
1963 2627 2250 2678 conamine

661 2721 850 2773 vitam.
893 2719 944 2790 ι)
984 2719 1186 2774 Ferunt
1237 2720 1402 2784 hunc,
1461 2719 1550 2774 ubi
1599 2721 1836 2788 primum
1885 2718 1999 2770 asde
2038 2715 2250 2770 oraculi

664 2826 925 2881 egressus
957 2821 1062 2878 est,
1095 2827 1124 2865 a
1159 2813 1275 2868 suis
1314 2827 1436 2866 esse
1468 2811 1523 2866 in
1559 2811 1675 2880 ipsa
1710 2810 1892 2864 Africa
1921 2810 2248 2879 jugulatum.

665 2901 949 2955 Successit
997 2902 1046 2955 ei
1109 2903 1422 2966 Sesostris,
1479 2917 1542 2954 ac
1587 2901 1657 2954 20
1705 2901 1866 2954 annis
1915 2915 2140 2968 regnum
2197 2899 2253 2953 in

665 2991 954 3062 Egyptios
977 2992 1169 3061 gessit.
1203 2991 1301 3047 llic
1336 2994 1614 3062 Assyrios,
1654 2990 1945 3045 Chaldaeos
1969 2999 2020 3043 et
2056 2988 2254 3044 Persas

663 3100 842 3152 usque
886 3083 953 3138 ad
1007 3084 1339 3155 Babylonem
1379 3084 1614 3153 subegit,
1649 3084 1946 3152 Asiamque
1986 3092 2039 3136 et
2080 3081 2256 3135 Euro-

2345 607 2507 674 γῆναι
2547 607 2642 658 τὸν
2693 607 2830 659 πόδα
2883 605 2978 660 καὶ
3033 607 3343 677 χωλεύοντα
3385 609 3514 678 ἄχρι
3550 611 3740 673 τέλους
3775 611 3940 679 διαρ-

2345 697 2523 750 κέσαι.
2572 696 2889 766 Ἀπεθεώθη
2944 696 3000 749 δὲ
3049 698 3409 766 ὁἾ-ίφαιστος
3450 699 3555 752 ὑπὸ
3603 700 3929 768 Αἰγυπτίων

2343 789 2432 842 διὰ
2462 789 2521 842 τὸ
2555 789 2918 859 νομοθετῆσαι
2942 791 3262 859 μονανδρείν
3311 791 3406 843 καὶ
3452 791 3751 861 σωφρόνως
3779 791 3937 860 βιουν

2343 882 2440 945 τὰς
2459 884 2724 949 γυναῖκας
2763 882 2870 934 τῶν
2904 883 3240 950 Αἰγυπτίων,
3273 883 3373 948 τὰς
3422 885 3478 937 δὲ
3533 884 3939 954 μοιχευομένας

2343 975 2728 1044 τιμωρεῖσθαι,
2756 975 2891 1028 ἀλλὰ
2931 975 3036 1043 μὴν
3068 975 3160 1027 καὶ
3179 973 3254 1037 ὡς
3273 976 3300 1027 ό
3323 975 3567 1036 Πλάτων,
3603 973 3931 1041 πολεμικῶν

2345 1069 2437 1119 καὶ
2492 1067 2818 1138 γεωργικῶν
2871 1067 3170 1136 ἐργαλείων
3224 1069 3324 1138 τὴν
3387 1069 3451 1120 ὲκ
3500 1068 3717 1138 σιδήρου
3761 1085 3940 1120 κατα-

2349 1160 2548 1229 σκευὴν
2577 1161 2760 1222 αὐτοῖς
2789 1160 3146 1224 ὑποδείξαντα
3171 1176 3183 1189 ·
3215 1158 3386 1222 λίθοις
3427 1161 3535 1230 γὰρ
3554 1162 3646 1211 καὶ
3675 1159 3942 1229 ῥοπάλοις

2347 1255 2650 1324 ἐπολέμουν
2684 1257 2791 1326 πρὸ
2819 1255 3007 1317 αὑτοῦ,
3045 1254 3236 1308 τοῦτον
3261 1255 3318 1308 δέ
3355 1270 3490 1324 φασι
3535 1255 3621 1307 διὰ
3658 1253 3942 1323 μυστικῆς

2347 1349 2516 1418 εὐχῆς
2555 1348 2653 1418 τὴν
2682 1348 2953 1419 όξυλάσην
2982 1347 3276 1416 δεξάμενον
3316 1349 3380 1401 ὲκ
3422 1348 3516 1400 τοῦ
3557 1347 3740 1418 ἀέρος,
3783 1346 3943 1399 οὕτω

2347 1441 2446 1510 τὴν
2479 1439 2846 1509 χαλκευτικὴν
2874 1441 3199 1507 Αἰγυπτίοις
3223 1438 3584 1507 παραδοῦναι.

2418 1615 2574 1670 Μετὰ
2616 1615 2671 1668 δὲ
2700 1615 3008 1682 ’Ἥφαιστον
3047 1617 3075 1668 6
3125 1614 3241 1677 υίὸς
3295 1614 3462 1668 αὑτοῦ
3495 1615 3686 1675 Ἤλιος
3741 1614 3946 1667 καλοῦο

2352 1724 2513 1776 μενος
2535 1709 2623 1760 ἐπὶ
2650 1708 2822 1760 εἴκοσι
2851 1705 2937 1778 [Ρ.
2967 1706 3060 1778 20]
3091 1707 3184 1758 καὶ
3209 1707 3383 1776 ἥμισυ
3407 1707 3501 1776 ἐτη
3529 1711 3628 1776 τῆς
3656 1708 3943 1772 Αἰγύπτου

2349 1798 2688 1864 ἐϐασίλευσε,
2749 1798 2844 1851 καὶ
2895 1799 3012 1866 μετ’
3066 1797 3229 1852 αὑτὸν
3295 1797 3495 1861 Σῶσις,
3541 1795 3657 1851 εἶτα
3695 1800 3941 1868 Ὄσιρις,

2348 1889 2466 1958 μεθ’
2487 1888 2544 1941 ὃν
2557 1885 2854 1960 Ὦρος,καὶ
2874 1889 2992 1958 μετ’
3028 1889 3191 1941 αὑτὸν
3240 1889 3469 1958 Θούλης,
3501 1889 3561 1950 δς
3587 1891 3681 1942 καὶ
3708 1891 3812 1952 ἕως
3841 1889 3944 1942 τοῦ

2357 1981 2614 2034 Ὠκεανοῦ
2665 1982 2852 2035 πᾶσαν
2891 1981 2989 2051 τὴν
3036 1981 3141 2050 γῆν
3191 1982 3551 2052 παρείληφεν.
3603 1982 3726 2035 Ἐπὶ
3757 1983 3812 2036 δὲ
3837 1983 3946 2053 τὴν

2358 2073 2624 2144 Ἀφρικὴν
2656 2075 3009 2143 ὑποστρέφων
3040 2077 3120 2136 είς
3171 2075 3231 2127 τὸ
3278 2077 3533 2144 μαντεῖον
3588 2075 3935 2129 ἐπυνθάνετο

2346 2165 2430 2227 τίς
2459 2165 2565 2234 πρὸ
2593 2164 2764 2219 αὑτοῦ
2795 2165 2888 2218 καὶ
2930 2165 3012 2228 τίς
3043 2168 3162 2234 μετ’
3190 2165 3358 2219 αὐτὸν
3399 2165 3544 2219 οὕτω
3593 2167 3891 2236 δυνήσεται
3925 2183 3940 2197 ·

2347 2255 2577 2308 ἀκοῦσαι
2613 2255 2668 2308 δὲ
2687 2255 2782 2307 τοῦ
2817 2255 3067 2326 χρησμοῦ
3100 2255 3274 2320 οὓτως
3299 2272 3314 2286 ο
3353 2274 3371 2306 ι
3401 2256 3602 2326 Πρῶτα
3626 2257 3760 2320 Θεὸς
3795 2256 3940 2328 (36),

2353 2347 2651 2417 μετέπειτα
2682 2347 2865 2414 λόγος,
2894 2349 2988 2400 καὶ.
3012 2345 3233 2415 πνεῦμα
3284 2349 3382 2400 σὺν
3417 2348 3639 2409 αὐτοῖς·
3676 2349 3945 2418 σῦμφυτα

2348 2439 2404 2491 δέ
2427 2441 2532 2492 εισι
2556 2439 2702 2504 τάδε,
2731 2432 2805 2492 ὧν
2829 2441 3028 2508 κράτος
3068 2439 3308 2493 αἰώνιον.
3366 2439 3547 2492 Ὤκέσι
3567 2444 3696 2492 ποσὶ
3727 2440 3944 2508 βάδιζε,

2351 2529 2533 2598 θνητὲ,
2565 2530 2758 2598 ἄδηλον
2783 2529 3015 2582 διανύων
3042 2529 3174 2599 βίον.
3203 2547 3220 2580 ι
3243 2529 3443 2582 Τοῦτον
3475 2529 3638 2590 εὐθὺς
3676 2530 3767 2581 τοῦ
3805 2548 3949 2598 μαν-

2350 2621 2497 2673 τείου
2529 2620 2888 2688 ἐξεληλυθότα
2929 2623 2978 2674 οἱ
3007 2623 3126 2674 ἴδιοι
3159 2625 3216 2674 ἐν
3258 2623 3394 2692 αὐτῇ
3432 2627 3497 2693 τῇ
3543 2623 3778 2692 Ἀφρικῇ
3808 2641 3949 2675 κατ-

2354 2713 2615 2779 έσφαξαν.
2649 2713 2802 2765 Μετὰ
2826 2713 2882 2764 δὲ
2918 2712 3108 2765 τοῦτον
3133 2715 3444 2780 Σέσωστρις
3476 2714 3585 2766 τῶν
3617 2715 3943 2780 Αἰγυπτίων

2355 2805 2446 2858 ἐπὶ
2480 2807 2682 2858 εἴκοσιν
2707 2805 2799 2873 ἔτη
2837 2805 3212 2861 ἐϐασίλευσεν,
3264 2798 3437 2867 Οὗτος
3479 2805 3799 2874 Ἀσσυρίους
3843 2805 3952 2863 καὶ

2355 2897 2654 2958 Χαλδαίους
2691 2896 2782 2948 καὶ
2816 2897 3031 2966 Πέρσας
3058 2897 3161 2958 ἕως
3208 2895 3522 2956 Βαϐυλῶνος
3561 2881 3820 2958 ὑπέταξε,
3848 2896 3952 2954 καὶ

2356 2989 2453 3057 τὴν
2496 2989 2704 3051 Ἀσίαν,
2750 2987 3025 3056 Εὐρώπην
3079 2989 3173 3039 καὶ
3234 2987 3452 3041 Μυσίαν
3515 2987 3609 3040 καὶ
3679 2987 3946 3042 Σκυθίαν.

2369 3075 2757 3144 Ὑποστρέφων
2779 3075 2834 3129 δὲ
2867 3075 3172 3127 δεκαπέντε
3206 3076 3456 3144 χιλιάδας
3507 3077 3722 3144 ἀνδρῶν
3761 3078 3940 3128 νεανίο

665 3192 813 3246 pam,
864 3177 1092 3247 Mysiam
1146 3187 1199 3230 et
1247 3175 1550 3247 Scythiam.
1608 3174 1886 3230 Reversus
1939 3162 2250 3244 quindecim

2362 3184 2527 3229 σκων,
2561 3165 2785 3219 Σκυθῶν
2815 3167 3224 3235 μαχιμωτάτων
3256 3168 3581 3232 ἐπιλέκτων,
3618 3170 3675 3220 ὲν
3710 3171 3775 3238 τῇ
3806 3169 3953 3239 Περ-

666 3271 840 3324 millia
876 3271 1206 3341 Scytharum
1235 3271 1495 3340 juvenum
1530 3270 1794 3332 delectos,
1823 3269 1917 3337 qui
1962 3269 2252 3323 bellatores

666 3371 854 3416 essent
879 3363 1093 3430 Optimi,
1123 3363 1174 3415 in
1208 3363 1428 3417 Perside
1455 3361 1764 3416 collocavit.
1799 3359 1916 3414 Sub
1943 3362 2043 3414 hoc
2071 3358 2254 3414 ferunt

670 3455 1001 3508 Mercurium
1036 3455 1090 3507 in
1125 3453 1364 3524 Egypto
1401 3454 1727 3517 iunctuisse,
1766 3452 2140 3506 admirabilem
2173 3451 2254 3504 vi-

675 3562 794 3598 rum
818 3554 871 3600 et
900 3547 1185 3615 sapientim
1217 3561 1384 3601 causa
1421 3545 1777 3615 stupendum.
1807 3544 1857 3599 Is
1886 3543 1978 3598 Dei
2013 3544 2251 3598 universi

672 3637 836 3704 hujus
869 3636 1182 3691 Conditoris
1217 3649 1327 3691 tres
1358 3653 1480 3692 esse
1510 3636 1778 3690 maximas
1807 3635 2113 3697 facultates,
2135 3636 2256 3687 uni-

671 3743 794 3781 cam
853 3744 984 3782 vero
1035 3730 1276 3781 divinam
1329 3738 1580 3783 naturam
1642 3729 1802 3782 dixit.
1856 3729 2041 3797 Itaque
2089 3729 2252 3782 etiam

673 3818 1065 3888 'I'rismegislus
1125 3818 1391 3884 Hermes,
1442 3819 1587 3890 quod
1649 3829 1732 3874 est
1792 3819 2093 3873 Mercurius
2149 3832 2254 3872 ter-

673 3910 970 3972 maximus,
1002 3910 1391 3964 denominatus
1439 3919 1543 3966 cst.
1574 3909 1748 3978 Ilujus
1781 3913 1846 3963 ad
1878 3911 2252 3978 ASsculapium

673 4001 965 4069 quemdam
1019 4002 1132 4055 hmc
1181 4014 1309 4056 sunt
1345 4003 1508 4058 verba
1542 4019 1557 4057 :
1596 4023 1614 4054 ‹
1651 4004 1777 4056 Erat
1817 4005 1906 4056 lux
1947 4003 2256 4071 intelligens

675 4101 801 4147 ante
853 4093 1028 4148 lucem
1090 4094 1526 4162 intelligentcm;
1571 4104 1798 4162 eratque
1844 4109 2059 4163 semper
2102 4110 2254 4150 mens

673 4200 794 4254 qua:
828 4187 1024 4238 mentis
1048 4201 1210 4238 causa
1235 4195 1401 4250 esset,
1433 4202 1607 4255 neque
1633 4187 1932 4256 quidquam
1963 4195 2081 4240 erat
2107 4186 2253 4240 aliud

675 4293 840 4344 quam
884 4277 1048 4345 hujus
1093 4278 1288 4332 mentis
1332 4279 1540 4331 unitas.
1579 4276 1651 4329 Ea
1691 4294 1842 4330 mens
1874 4293 1995 4330 cum
2041 4293 2256 4345 semper

677 4367 732 4419 in
783 4382 904 4420 sese
968 4368 1082 4437 ipsa
1137 4369 1230 4432 sit,
1266 4383 1483 4436 semper
1531 4383 1629 4422 sua
1682 4369 1856 4437 ipsius
1905 4379 2083 4422 mente
2136 4369 2256 4423 luce

673 4466 839 4524 atque
888 4458 1083 4526 spiritu
1139 4459 1393 4513 universa
1448 4461 1712 4513 continet.
1764 4460 1870 4530 37
1919 4460 2082 4514 Extra
2135 4476 2254 4515 eam

2363 3263 2485 3328 σικῇ
2543 3262 2612 3329 γῇ
2672 3259 2998 3328 κατῴκισεν.
3039 3260 3161 3311 Ἐπὶ
3196 3260 3386 3312 τούτου
3432 3261 3653 3331 Ἑρμῆν
3691 3278 3856 3328 φασιν
3892 3264 3953 3314 ἐν

2359 3351 2622 3420 Αἰγύπτῳ
2657 3349 2969 3420 θαυμαστὸν
3008 3351 3178 3420 ἄνδρα
3224 3351 3535 3422 γνωσθῆναι
3590 3353 3679 3404 καῖ
3714 3352 3954 3422 φοϐερὸν

2360 3445 2454 3495 ἐπὶ
2479 3443 2642 3513 σοφία
2664 3459 2676 3471 ο
2701 3443 2758 3503 ὃς
2793 3442 2998 3511 ἔφρασε
3027 3445 3173 3511 τρεῖς
3202 3443 3468 3510 μεγίστας
3501 3440 3641 3495 εἶναι
3684 3443 3958 3512 δυνάμεις

2361 3536 2452 3588 τοῦ
2485 3535 2827 3604 Δημιουργοῦ
2871 3535 2980 3586 τῶν
3010 3536 3152 3587 ὅλων
3185 3534 3344 3594 Θεοῦ,
3379 3535 3506 3600 μίαν
3550 3535 3780 3604 θεότητα
3809 3531 3956 3590 εἶναι

2362 3621 2512 3676 εἷπε’
2547 3624 2628 3675 διὸ
2659 3623 2753 3676 καὶ
2798 3624 3199 3692 Τρισμέγιστος
3242 3623 3452 3692 Ἑρμῆς
3496 3624 3950 3690 κατωνόμασται.

2367 3716 2460 3773 “0;
2494 3713 2636 3764 οὕτω
2660 3713 2794 3781 πρός
2825 3730 2946 3763 τινα
2981 3712 3309 3780 Ἀσκληπιὸν
3331 3713 3514 3772 αὐτοῖς
3534 3714 3773 3780 ρήμασιν
3801 3711 3911 3780 ἔφη
3932 3729 3947 3744 ·

2367 3825 2385 3858 ι
2419 3802 2528 3858 Ἦν
2563 3805 2678 3874 φῶς
2708 3805 2897 3876 νοερὸν
2924 3805 3032 3873 πρὸ
3060 3804 3237 3871 φωτὸς
3263 3804 3474 3871 νοεροῦ,
3509 3807 3598 3855 καὶ
3624 3799 3692 3874 ἦν
3718 3805 3959 3869 dei-105;

2362 3897 2454 3949 νοῦ
2490 3897 2683 3957 αἴτιον,
2718 3897 2812 3946 καὶ
2852 3893 3004 3947 οὐδὲν
3045 3895 3231 3963 ἓτερον
3263 3889 3332 3964 ἦν
3363 3892 3393 3961 ἦ
3425 3893 3455 3960 ἡ
3487 3893 3681 3944 τούτου
3734 3893 3954 3961 ἑνότης.

2375 3989 2486 4040 Ἀεὶ
2523 3989 2583 4039 ἐν
2610 3987 2757 4054 αὐτῷ
2786 3985 2860 4038 ὢν
2899 3987 2986 4037 ἀεὶ
3034 3985 3110 4055 τῷ
3166 3984 3362 4037 ἑαυτοῦ
3405 3983 3486 4036 νοῒ
3550 3987 3646 4036 καὶ
3685 3988 3825 4053 φωτὶ
3857 3987 3960 4036 καὶ

2363 4078 2637 4146 πνεύματι
2671 4078 2847 4130 πάντα
2881 4076 3153 4145 περιέχει.
3209 4075 3396 4137 Ἐκτὺς
3434 4077 3626 4127 τούτου
3677 4078 3737 4126 οὐ
3790 4075 3957 4138 Θεὸς,

2361 4173 2462 4224 οὐκ
2487 4171 2739 4238 ἄγγελος,
2773 4170 2835 4220 οὐ
2863 4169 3097 4236 δαίμων,
3122 4169 3223 4220 οὐκ
3243 4168 3400 4221 οὐσία
3419 4185 3501 4229 τις
3527 4168 3660 4236 ἄλλη
3685 4184 3698 4197 ·
3728 4169 3960 4220 πάντων

2362 4264 2470 4333 γὰρ
2498 4263 2702 4332 Κύριος
2735 4264 2824 4314 καὶ
2873 4261 3004 4322 Θεὸς
3049 4263 3142 4312 καὶ
3194 4260 3384 4328 Πατήρ
3412 4276 3424 4289 ·
3470 4260 3563 4312 καὶ
3614 4260 3792 4312 πάντα
3856 4260 3960 4310 ὑπ’

2368 4353 2536 4407 αὑτοῦ
2566 4355 2664 4408 καὶ
2691 4357 2749 4406 ὲν
2778 4352 2926 4422 αὖτῷ
2961 4355 3134 4404 ἐστιν.
3178 4352 3235 4404 ’0
3266 4354 3374 4420 γὰρ
3405 4353 3563 4418 λόγος
3603 4353 3771 4404 αὑτοῦ
3815 4370 3964 4420 προ-

2365 4443 2537 4496 ελθὼν
2573 4444 2891 4497 παντέλειος
2944 4442 3035 4493 καὶ
3101 4442 3323 4508 γόνιμος
3370 4443 3464 4494 καὶ
3495 4443 3855 4511 δημιουργὸς,
3895 4443 3964 4494 ὲν

677 4559 915 4602 mentem
946 4565 1120 4619 neque
1151 4551 1286 4605 deus
1327 4559 1411 4605 est
1454 4568 1633 4621 neque
1661 4555 1910 4622 angelus,
1945 4569 2124 4623 neque
2149 4553 2250 4608 dae-

2368 4537 2578 4606 γονίμῳ
2608 4535 2767 4602 φύσει
2797 4531 2979 4584 πεσὼν
3003 4531 3136 4600 (57),
3174 4533 3232 4582 ὲν
3263 4532 3473 4600 γονίμῳ
3524 4532 3700 4594 ὕδατι,
3753 4533 3965 4596 ἔγκυον

675 4658 825 4705 mon,
859 4659 1034 4713 neque
1065 4646 1170 4696 alia
1202 4644 1308 4697 ulla
1334 4653 1561 4698 natura.
1591 4646 1848 4700 Omnium
1885 4647 2029 4699 enim
2069 4645 2256 4700 Domi-

675 4749 780 4787 nus
817 4732 958 4788 Deus
1002 4743 1058 4788 et
1109 4735 1269 4790 Pater
1312 4744 1414 4790 est.
1460 4736 1574 4792 Sub
1614 4739 1732 4808 ipso
1762 4746 1814 4792 et
1845 4738 1897 4792 in
1930 4737 2050 4807 ipso
2076 4739 2257 4792 omnia

677 4834 824 4878 sunt.
873 4825 1066 4880 Sermo
1115 4828 1260 4880 enim
1312 4828 1506 4897 ipsius,
1539 4831 1630 4898 qui
1681 4831 1955 4900 perfectus
2001 4831 2258 4885 omnibus

679 4916 856 4972 modis
895 4926 978 4973 est
1006 4928 1060 4972 et
1091 4917 1358 4975 fecundus
1403 4937 1466 4974 ac
1517 4921 1722 4991 epifex,
1755 4922 1824 4976 ab
1856 4923 1972 4992 ipsa
2005 4937 2262 4994 progres-

673 5021 773 5061 sus
813 5017 995 5064 mente
1039 5012 1204 5080 inque
1240 5027 1463 5081 aquam,
1495 5013 1654 5079 cujus
1693 5022 1782 5069 est
1813 5014 2010 5070 fertilis
2041 5023 2256 5078 natura,

677 5099 949 5160 incidens.
974 5101 1138 5155 fetam
1190 5117 1388 5171 aquam
1437 5105 1697 5159 reddidit.
1735 5123 1755 5156 ι
1792 5105 1917 5160 Haec
1945 5105 2094 5160 fatus
2124 5105 2260 5159 Her-

679 5201 796 5240 mes
825 5189 902 5241 sic
936 5200 1192 5260 precatus
1221 5201 1346 5248 est:
1384 5212 1402 5244 ι
1437 5194 1646 5264 Adjuro
1671 5204 1743 5260 te,
1774 5195 1899 5252 εωιί
1934 5197 2114 5266 magni
2141 5195 2260 5266 cpi-

679 5274 768 5328 [ει
800 5294 814 5333 :
845 5278 1042 5346 adjuro
1087 5289 1162 5347 te,
1208 5298 1313 5338 vox
1352 5281 1552 5349 Patris,
1583 5299 1746 5354 quam
1795 5286 2026 5356 primam
2065 5284 2260 5348 edidit,

681 5367 1023 5439 unigenitum
1048 5388 1207 5429 suum
1242 5375 1505 5445 Verbum,
1538 5379 1812 5450 propitius
1837 5388 1980 5432 esto.
2020 5398 2038 5430 ι
2072 5379 2270 5432 Beatus

2361 4629 2422 4680 τὸ
2451 4626 2594 4695 ὕδωρ
2624 4623 2895 4692 ἐποίησεν.
2937 4640 2954 4672 i
2991 4621 3177 4682 Οὕτως
3207 4621 3376 4673 είπὼν
3403 4625 3429 4673 6
3463 4623 3672 4692 Ἐρμῆς
3699 4621 3911 4690 ηὕξατο
3940 4639 3960 4654 .

2369 4737 2388 4770 ι
2444 4716 2680 4787 Ὁρκίζω
2715 4732 2793 4773 σε,
2820 4713 3053 4780 οὐρανοῦ
3093 4712 3330 4780 μεγάλου
3368 4713 3598 4780 ἐργάται,
3632 4713 3838 4782 ὁρκίζω
3868 4729 3962 4777 σε,

2365 4807 2516 4879 φωνὴ
2555 4807 2788 4876 Πατρὸς,
2824 4808 2892 4876 ἣν
2935 4804 3238 4873 ἐφθέγξατο
3271 4804 3522 4875 πρώτην,
3563 4806 3658 4858 τὸν
3686 4811 3963 4875 μονογενῆ

2365 4903 2523 4969 λόγον
2557 4899 2744 4964 αὐτοῦ,
2784 4899 2945 4960 ἵλεως
3002 4898 3115 4952 ἔσο.
3155 4916 3173 4949 ι
3204 4897 3326 4950 Τῶν
3366 4899 3559 4965 φωνῶν
3613 4900 3822 4950 τούτων
3857 4902 3967 4952 καὶ

2363 4999 2391 5050 6
2418 4996 2560 5064 ἱερὸς
2588 4994 2851 5063 Κύριλ).ος
2879 4991 3123 5062 ἐμνήσθη
3156 4991 3327 5045 εἰπὼν
3353 4995 3435 5046 ὅτι
3467 4995 3558 5047 καὶ
3582 4994 3610 5045 6
3649 4994 3970 5063 Τρισμέγι-

2370 5107 2492 5151 στος
2521 5088 2728 5158 Ἐρμῆς
2747 5085 2954 5156 Τριάδα
2978 5085 3268 5154 ὡμολόγει.
3311 5085 3367 5138 Ὀ
3397 5085 3451 5137 δὲ
3474 5086 3782 5155 Σέσωστρις
3811 5088 3970 5154 μετὰ

2366 5183 2468 5253 τὴν
2498 5181 2656 5250 νίκην
2684 5179 2785 5246 τὴν
2827 5178 3104 5242 Αιγυπτον
3135 5176 3480 5237 ,καταλαϐὼν
3531 5177 3776 5246 τελευτᾷ.
3830 5177 3968 5229 Ἀν-

2369 5276 2498 5343 έστη
2533 5273 2590 5326 δὲ
2633 5270 2752 5341 μετ’
2780 5268 2944 5324 αὑτὸν
2993 5267 3246 5337 βασιλεὺς
3307 5267 3393 5320 ἐπ’
3422 5270 3699 5336 Αἴγυπτον
3747 5268 3969 5338 Φαραὼ

2377 5371 2407 5423 6
2440 5366 2534 5420 καί⁵
2557 5361 2790 5432 Ναρεχὼ
2822 5359 3180 5429 καλούμενος,
3214 5361 3498 5430 κρατήσας
3517 5360 3638 5431 tu),
3671 5359 3748 5424 ῶς
3789 5377 3963 5429 φασι,

1767 5510 2124 5566 XYLANDRI
2174 5509 2259 5562 ΕΤ
2328 5499 2544 5561 GOARI
2584 5495 2820 5554 NOTAE.

753 5625 863 5700 ('66)
886 5625 1092 5680 Versus
1121 5637 1248 5680 sunt
1277 5627 1494 5682 confusi
1528 5628 1583 5700 in
1612 5629 1824 5697 Grmco,
1859 5645 2094 5700 quorum
2134 5642 2256 5679 scn-

679 5697 908 5749 teutiain
949 5707 1180 5752 conatus
1210 5713 1332 5752 sum
1363 5701 1539 5753 edere.
1574 5699 1706 5754 Xri..

757 5767 870 5831 (37)
906 5768 1058 5838 Apud
1085 5769 1308 5821 Suidam
1343 5770 1398 5821 in
1445 5769 1655 5838 Ἑρμῆς
1690 5771 1802 5824 hare
1825 5769 2034 5825 eadem.
2069 5766 2260 5838 paucis

684 5838 930 5899 mutatis,
960 5836 1290 5894 referuntur.
1329 5838 1430 5894 Sed
1474 5835 1670 5896 vitiose
1702 5842 1774 5894 ibi
1803 5841 1997 5910 legitur
2029 5835 2153 5901 παῖς
2184 5835 2258 5888 ὼν

2367 5620 2479 5682 καί,
2503 5620 2646 5672 sicut
2670 5623 2860 5668 contra
2907 5613 3240 5685 nosvitiose
3278 5613 3454 5685 ἑαυτῷ
3484 5614 3646 5685 paulo
3679 5625 3810 5685 ante
3855 5631 3969 5685 pro

2369 5691 2517 5759 αὐτῷ
2543 5687 2898 5740 habebamus.
2925 5684 3028 5740 Sed
3055 5692 3109 5738 et
3135 5684 3378 5752 precatio
3394 5685 3535 5755 apud
3564 5683 3789 5739 Suidam
3813 5683 3969 5750 non-

2373 5762 2502 5813 nihil
2545 5759 2734 5810 \‘arial.
2772 5756 2906 5808 Xt'L.

2412 5779 2502 5812 In“
2545 5779 2734 5810 ‘Ul'ldl.
2772 5779 2906 5808 Λὶιιο
