4184 6436
177 410 254 478 65
1265 406 1808 468 IIISTORIARUM
1867 405 2397 468 COMPENDIUM.
2455 367 2461 373 ’
3367 411 3460 474 .δδ

179 523 652 594 ππήκσνταοέκ
700 522 896 576 τούτου
942 523 994 576 oi
1046 519 1157 575 ἀπὸ
1207 519 1303 573 τοῦ
1361 520 1557 588 γένους
1605 520 1772 575 αὐτοῦ

1880 535 2099 592 quoque
2141 522 2383 594 Cyrillus
2442 522 2639 577 harum
2681 537 2875 579 vocum
2931 524 3266 580 mentionem
3314 526 3467 593 fecit,

177 616 549 684 καταγόμενοι
577 613 818 684 βασιλεῖς
834 611 1038 684 Φαραὼ
1061 611 1594 682 προσαγορεύονται.
1626 613 1772 676 Ἕως

176 698 276 759 ὦδε
299 707 359 758 αῖ
397 706 511 759 τῶν
540 705 859 773 Αἰγυπτίων
891 702 1190 772 βασιλεῖαι.

1878 613 2072 670 dicens
2099 615 2246 684 quod
2269 615 2436 670 etiam
2455 612 2684 671 Hermes
2709 614 3105 683 Trismegistus
3136 617 3465 674 Trinitatem

1880 707 1953 761 sit
2015 706 2336 762 confessus.
2381 706 2649 762 Caeterum
2706 707 2978 762 Sesostris
3032 719 3186 777 parta
3235 711 3467 766 victoria

177 799 481 872 Egyptum
537 800 773 869 adeptus
822 797 1064 852 decessit
1117 797 1252 854 vita.
1305 798 1437 854 Post
1495 813 1622 854 eum
1679 809 1772 858 rex
1812 796 2028 852 Pharao
2065 799 2302 860 exstitit.
2347 799 2438 867 qui
2491 806 2545 856 et
2587 798 2840 854 Narecho
2913 800 3136 857 dicitur.
3203 803 3470 872 Regnavit

178 913 376 962 annos,
411 904 473 951 ut
525 896 700 961 aiunt,
731 896 1155 967 quinquaginta.
1193 897 1278 953 Ab
1322 897 1427 952 hoc
1495 913 1669 968 genus
1738 896 2000 954 ducentes
2045 913 2202 970 reges
2247 896 2564 953 Pharaones
2613 898 2869 970 appellati
2955 907 3106 953 sunt.
3190 899 3466 956 Hactenus

136 993 142 997 ’
177 1009 412 1066 regnum
443 993 856 1063 Egyptiorum.

259 1046 351 1138 ιΕν
379 1085 442 1138 δὲ
474 1046 832 1156 τδῖςῐχρόνοις
881 1084 1053 1138 Πίκου
1099 1087 1194 1141 τοῦ
1237 1087 1331 1140 καὶ⁷
1373 1088 1494 1151 Διὸς
1527 1089 1768 1158 ἀνειράνη
1848 1046 1854 1054 ⁸

176 1197 258 1241 τις
284 1181 352 1231 ἐκ
391 1179 497 1247 τῆς
521 1177 693 1248 φυλῆς
724 1177 817 1231 τοῦ
852 1177 1033 1245 Ἰάφεο
1057 1180 1116 1231 ἐν
1149 1179 1305 1250 χώρᾳ
1331 1180 1442 1232 τῶν
1484 1179 1767 1250 Ἀργείων,

182 1273 399 1340 Ἴναχος
438 1269 754 1336 λεγόμενος.
789 1268 873 1339 [Ρ.
905 1269 1000 1339 21]
1033 1272 1133 1332 ’ος
1186 1271 1282 1323 καὶ
1328 1273 1386 1322 ὲν
1433 1271 1570 1340 αὐτῇ
1621 1270 1772 1338 βασι·

179 1364 377 1422 λεύσας
421 1362 599 1423 κτίζει
629 1361 787 1414 πόλιν
834 1363 1057 1425 Ίὼ,καὶ
1096 1360 1344 1414 Ἰὼπολιν
1383 1363 1611 1414 ἐκάλεσε
1643 1361 1774 1414 ταύ-

181 1474 280 1524 την
327 1457 417 1518 είς
469 1456 645 1522 ὄνομα
696 1455 799 1520 τῆς
839 1454 1070 1525 σελήνης
1098 1469 1111 1484 ·
1152 1456 1202 1507 οῖ
1253 1455 1362 1526 γὰρ
1397 1453 1636 1524 Ἀργεῖοι
1675 1455 1774 1525 τὴν

184 1548 422 1617 σελήνην
471 1545 560 1598 Ἰὼ
595 1546 874 1602 καλοῦσιν.
913 1545 1080 1615 Ἔσχε
1121 1546 1178 1600 δέ
1208 1548 1302 1599 καὶ
1331 1546 1608 1616 θυγατέρα
1651 1548 1770 1598 Ἰώ·

180 1641 242 1691 ἐκ
263 1637 482 1707 ταύτης
512 1639 542 1689 ὁ
570 1639 706 1699 Ζεὺς
751 1637 1029 1709 θυγατέρα
1069 1638 1196 1706 ἔσχε
1231 1638 1332 1706 τὴν
1360 1636 1588 1708 Λιϐύην.
1625 1637 1770 1704 Αὕτη

179 1732 209 1798 ἡ
253 1729 341 1782 ἰὼ
381 1731 512 1781 ἐπεὶ
543 1730 717 1798 ἐμίγη
757 1728 835 1798 τῷ
869 1730 977 1794 Διὶ,
1013 1729 1370 1798 αἰσχυνθεῖσα
1417 1730 1508 1781 τὸν
1560 1729 1772 1797 πατέρα

177 1819 374 1888 φεύγει
409 1822 494 1882 εἰς
517 1819 818 1887 Αἴγυπτον,
857 1822 1038 1872 ἐκεῖσε
1058 1821 1114 1872 δέ
1156 1820 1246 1872 τὸν
1296 1821 1504 1892 Ἑρμῆν
1548 1819 1772 1890 βασιλέα

1952 1084 2219 1154 Tempore
2254 1081 2391 1143 Pici.
2420 1080 2514 1151 qui
2565 1087 2618 1135 et
2656 1078 2868 1151 Jupiter
2918 1092 3214 1151 usurpatus
3268 1091 3374 1150 est,
3409 1084 3466 1140 in

1880 1178 2209 1249 Argivorum
2238 1175 2462 1244 regione
2485 1173 2705 1242 quidam
2735 1173 2803 1227 de
2826 1173 2998 1242 Japeti
3027 1175 3200 1244 stirpe
3232 1177 3464 1238 exstitit,

1881 1269 2105 1324 nomine
2152 1263 2410 1319 Inachus.
2444 1263 2543 1316 Hic
2578 1280 2749 1332 regno
2773 1264 3095 1332 Argivorum
3131 1268 3336 1331 potitus
3370 1282 3465 1320 ur-

1885 1364 2006 1417 bem
2053 1361 2108 1413 lo
2143 1357 2412 1418 condidit,
2443 1366 2495 1411 et
2531 1358 2756 1425 lopolim
2822 1357 2968 1409 illam
3009 1357 3219 1410 vocavit
3263 1374 3293 1410 a
3324 1359 3472 1413 luna:

1883 1451 2146 1514 nomine;
2173 1451 2298 1502 luna
2339 1449 2445 1501 eim
2481 1447 2538 1502 lo
2569 1451 2637 1501 ah
2691 1448 2905 1517 Argitis
2967 1451 3305 1503 nominatur.
3353 1450 3466 1502 Ha-

1878 1543 1994 1597 buit
2045 1551 2099 1596 et
2143 1543 2307 1595 ﬁliam
2364 1541 2416 1593 lo
2465 1540 2712 1611 nomine,
2755 1556 2819 1594 ex
2877 1557 2982 1609 qua
3046 1541 3258 1612 Jupiter
3301 1542 3464 1596 ﬁlium

1874 1633 2101 1704 Libyam
2156 1631 2402 1685 susutlit.
2441 1629 2558 1699 Ipsa
2606 1629 2660 1683 lo
2705 1631 3034 1682 verecundia
3087 1616 3464 1700 patris,vquod

1874 1740 1998 1779 cum
2045 1723 2176 1777 Jove
2224 1722 2637 1784 concubuisset,
2691 1721 2741 1772 in
2797 1719 3094 1790 Egyptum
3143 1721 3322 1790 fugit‘;
3361 1722 3458 1775 ubi

1875 1832 2000 1871 cum
2036 1815 2364 1868 Mercurium
2400 1828 2580 1882 regem
2610 1813 2932 1876 invenisset,
2967 1816 3016 1866 in
3054 1814 3324 1882 Silphium
3360 1813 3463 1885 Sy-

175 1912 421 1980 εὑροῦσα
454 1912 578 1964 ἐπεὶ
606 1911 666 1964 τὸ
686 1912 904 1977 Σίλπιον
933 1912 1057 1982 ὅρος
1085 1914 1183 1981 τῆς
1207 1913 1407 1983 Συρίας
1433 1912 1772 1981 μεταϐαίνει,

1880 1911 1975 1964 τὶτε
2013 1917 2252 1962 montem
2294 1907 2448 1970 abiit,
2484 1907 2574 1959 ubi
2623 1917 2806 1976 postea
2839 1907 2948 1976 38
2987 1907 3249 1974 temporis
3279 1905 3472 1959 Seleu-

174 2004 312 2055 όπου
356 2002 632 2065 Σέλευκος
675 2003 704 2054 ὁ
732 2002 1000 2056 Μακεδὼν
1044 2001 1273 2072 ὕστερον
1333 2005 1414 2065 είς
1469 2002 1645 2071 ὄνομα
1685 2001 1780 2054 τοῦ

179 2095 315 2146 ἰδίου
380 2094 506 2145 υἱοῦ
571 2096 672 2162 τὴν
723 2096 969 2164 μεγάλην
1017 2095 1357 2165 Ἀντιόχειαν
1403 2094 1780 2166 ᾠκοδόμησεν.

184 2187 337 2238 Ἐκεῖ
367 2185 468 2240 οὖν
509 2189 543 2257 ή
586 2187 673 2240 Ἰὼ
693 2186 941 2258 τελευτᾷ.
990 2186 1201 2257 Ἴναχος
1222 2188 1277 2239 δὲ
1314 2190 1340 2240 ὁ
1365 2191 1570 2257 ταύτης
1601 2188 1784 2258 πατὴρ

179 2278 423 2341 πολλοὺς
464 2279 551 2340 εἰς
579 2278 918 2349 ἀναζήτησιν
945 2280 1119 2349 αὐτῆς
1145 2280 1476 2350 πεπομφὼς,
1499 2279 1636 2333 ἀλλὰ
1671 2280 1778 2349 μὴν

175 2371 431 2433 καὶτοὺς
451 2369 624 2437 αὐτῆς
661 2371 949 2438 ἀδελφοὺς,
982 2369 1376 2438 παρήγγειλεν,
1407 2373 1454 2422 εἰ
1503 2371 1580 2441 μὴ
1603 2370 1774 2442 αὐτὴν

176 2463 475 2530 αγὰγοιεν,
514 2462 651 2532 μηδὲ
683 2463 888 2525 αὐτοὺς
921 2461 1263 2514 ἐπανελθεῖν.
1299 2463 1361 2515 OE
1400 2462 1458 2515 δὲ
1483 2463 1582 2532 τὴν
1611 2464 1785 2531 Αἴγυ-

177 2571 314 2607 πτον
341 2555 640 2618 διαϐάντες
661 2554 758 2606 καὶ
783 2554 918 2625 πρὸς
965 2555 1167 2625 Συρίαν
1209 2553 1456 2618 ἐλθόντες
1482 2555 1615 2625 ὄναρ
1645 2557 1782 2608 θεω-

181 2648 341 2718 ροῦσι
373 2648 623 2715 δάμαλιν
669 2647 984 2718 ἀνθρωπίνῃ
1025 2650 1176 2719 φωνῇ
1220 2650 1666 2719 χρηματίζουσαν
1695 2646 1785 2701 οῦκ

177 2759 285 2806 τως
314 2759 329 2772 ο
359 2761 376 2791 ι
419 2740 642 2794 Ἑνθάδε
670 2741 786 2810 είμὶ
815 2741 926 2807 ἐγὼ
962 2742 994 2811 ὴ
1041 2739 1145 2794 Ἰώ.
1186 2757 1204 2791 t
1245 2740 1656 2801 Διυπνισθέντες
1695 2735 1784 2794 οὖν

175 2836 297 2888 ἐκεῖ
345 2835 496 2903 ἱερὸν
539 2835 636 2886 καὶ
681 2834 860 2896 πόλιν,
921 2833 986 2904 ἢν
1031 2834 1126 2886 καὶ
1165 2832 1411 2886 Ἰώπολιν
1463 2832 1780 2902 ὠνόμασαν,

178 2930 656 2998 οἰκοδομήσαντες
689 2929 936 2997 ἔμειναν,
971 2926 1046 2999 μὴ
1076 2926 1388 2995 τολμῶντες
1410 2926 1547 2997 πρὸς
1573 2925 1783 2995 Ἴναχον

179 3021 533 3075 ἐπανελθεῖν.
593 3021 769 3088 Λιϐύη
829 3021 884 3072 δὲ
913 3021 944 3089 ἡ
971 3019 1216 3088 θυγάτηρ
1240 3019 1433 3088 αὐτῆς,
1476 3020 1543 3089 ἢν
1572 3021 1642 3071 ἐκ-
1661 3020 1783 3081 Διὸς

1873 2017 1972 2057 cus
2024 2000 2250 2054 Macedo
2305 2015 2555 2069 magnam
2606 1999 2954 2052 Antiochiam
2991 1999 3058 2052 de
3108 1999 3200 2052 ﬁlii
3239 1998 3460 2052 nomine

1874 2095 1957 2151 sic
1996 2095 2198 2150 dictam
2238 2093 2503 2147 condidit.
2551 2092 2628 2146 lbi
2665 2102 2879 2146 mortua
2909 2099 2992 2144 est
3022 2091 3099 2144 lo.
3138 2091 3299 2144 Pater
3324 2084 3471 2144 ‘vero-

1874 2186 2110 2242 Inachus
2139 2187 2344 2241 multos
2373 2200 2496 2240 cum
2543 2185 2788 2240 misisset
2823 2185 2915 2252 qui
2946 2198 3063 2237 eam
3097 2184 3460 2252 requirerent,

1874 2280 2016 2335 ﬁlios
2047 2294 2268 2349 quoque
2296 2293 2426 2332 suos
2467 2292 2529 2330 ea
2564 2277 2881 2332 conditione
2909 2276 3184 2346 ablegavit
3215 2284 3275 2328 ut
3316 2290 3462 2328 non-

1873 2373 1977 2427 nisi
2034 2387 2157 2427 eam
2218 2373 2542 2424 reducentes
2597 2368 2824 2422 domum
2882 2366 3150 2420 redirent.
3211 2365 3274 2418 Hi
3333 2380 3458 2420 cum

1874 2463 2113 2533 A‘lgypto
2149 2469 2437 2532 peragrata
2483 2460 2548 2513 ad
2579 2459 2794 2530 Syn'am
2829 2460 3213 2524 accessissent,
3244 2473 3340 2527 per
3375 2459 3462 2511 in-

1874 2557 2150 2611 somnium
2210 2556 2460 2608 viderunt
2513 2554 2807 2615 buculam,
2861 2565 2984 2620 quae
3036 2550 3276 2604 humana
3333 2563 3469 2604 voce

1873 2649 1987 2703 haec
2015 2649 2246 2703 ederet:
2278 2665 2296 2698 ι
2338 2648 2437 2700 Hic
2457 2661 2576 2700 sum
2616 2661 2717 2712 ego
2740 2643 2814 2697 io.
2856 2663 2874 2695 ι
2909 2642 3115 2698 Somno
3141 2644 3303 2698 soluti
3337 2643 3464 2699 fano

1873 2740 1944 2792 ibi
1993 2745 2048 2792 et
2101 2738 2238 2791 urbe
2286 2736 2453 2805 lepoli
2497 2735 2783 2790 aediﬁcetis
2824 2748 2892 2788 eo
2936 2734 3055 2786 loco
3110 2743 3463 2796 manserunt,

1875 2847 2002 2885 cum
2042 2831 2108 2884 ad
2143 2830 2406 2884 Inachum
2461 2830 2662 2882 reverti
2711 2841 2818 2880 non
2870 2827 3154 2879 auderent.
3195 2827 3264 2878 At
3295 2825 3464 2896 Libya

1870 2922 1960 2977 lus
1999 2931 2055 2977 et
2094 2920 2243 2975 Jovis
2275 2921 2384 2975 ﬁlia
2417 2920 2670 2990 Neptuno
2707 2921 2915 2986 nupsit.
2956 2917 3178 2971 Saturni
3219 2918 3347 2980 ﬁlio,
3375 2915 3471 2971 Jo-

1869 3015 1952 3068 vis
2002 3013 2179 3067 fratri.
2219 3012 2293 3066 Ex
2333 3012 2436 3066 hoc
2485 3012 2742 3080 conjugio
2772 3011 2885 3064 nati
2914 3021 3026 3065 tres
3057 3010 3176 3072 lilii,
3204 3009 3448 3080 Agenor,

178 3117 369 3184 ἔσχεν,
405 3114 667 3182 ἐγαμήθη
701 3110 1085 3181 Ποσειδῶνιτῷ
1108 3111 1320 3181 Κρόνου
1355 3111 1454 3181 μὲν
1473 3110 1594 3179 υἱῷ,
1620 3109 1780 3162 ἁδελ-

1880 3105 2036 3158 Belus
2080 3114 2133 3158 et
2178 3105 2458 3176 Enyalius.
2503 3104 2752 3168 Quorum
2786 3103 2948 3156 Belus
2985 3103 3148 3156 ducta
3183 3103 3235 3154 in
3275 3101 3469 3155 matri—

180 3211 268 3279 φῷ
305 3209 366 3261 δὲ
397 3209 542 3270 Διός.
571 3208 798 3271 Τούτοις
841 3208 992 3280 τρεῖς
1030 3208 1236 3272 παῖδες,
1274 3208 1524 3276 Ἀγήνωρ
1559 3206 1654 3258 καὶ
1681 3205 1780 3257 Βέ-

1880 3196 2124 3250 monium
2160 3197 2289 3249 Side
2327 3195 2654 3280 t‘Egyptum,
2674 3195 2819 3248 unde
2850 3192 3090 3262 Egypto
3122 3194 3330 3262 regioni
3374 3202 3492 3245 no“

303 3304 402 3356 καὶ
458 3301 739 3362 Ἐνυάλιος
795 3270 1117 3368 ἐτέχθησαν.
1151 3270 1250 3353 ὀν
1284 3303 1311 3353 ὁ
1337 3270 1504 3361 Helos
1545 3298 1645 3367 μὲν
1681 3296 1778 3367 τὴν

1885 3305 2030 3354 men,
2062 3295 2115 3342 et
2169 3287 2413 3340 Danaum
2453 3286 2595 3340 ﬁlios
2637 3275 2854 3354 genuit.
2904 3284 3122 3353 Agenor
3156 3284 3209 3336 in
3243 3283 3468 3338 thui-

177 3397 313 3449 Σίδα
341 3396 688 3463 γεγάμηκεν,
733 3394 824 3463 ἀφ’
850 3390 920 3466 ἦς
944 3393 1224 3461 Αἴγυπτον
1248 3392 1341 3446 καὶ
1382 3391 1588 3445 Δαναὸν
1623 3389 1779 3458 ἔσχεν

1881 3392 1999 3432 cem
2042 3378 2319 3446 profectus
2346 3374 2490 3446 Tyro
2521 3390 2746 3430 uxorem
2779 3375 2970 3440 duxit;
3014 3390 3076 3428 ex
3121 3389 3228 3443 qua
3262 3374 3312 3429 ei
3351 3374 3466 3427 nati

180 3490 358 3549 υἱοὺς,
400 3487 461 3552 ἐξ
495 3479 560 3539 οὗ
590 3486 685 3537 καὶ
709 3487 742 3555 ἡ
785 3485 936 3556 χώρα
967 3486 1242 3553 Αἴγυπτος
1280 3483 1542 3552 κέκληται
1571 3499 1584 3512 ο
1618 3483 1646 3533 ὁ
1689 3483 1777 3533 ‘A-

179 3581 377 3649 γήνωρ
392 3579 453 3631 δέ
485 3579 578 3631 ἐπὶ
599 3580 697 3646 τήν
735 3577 988 3644 Φοινίκην
1010 3575 1180 3629 ἐλθὼν
1204 3575 1446 3644 ἠγάγετο
1474 3574 1570 3644 τὴν
1590 3573 1776 3642 Τυρὼ,

178 3673 240 3736 ἐξ
270 3668 345 3742 ἦς
377 3671 604 3739 Κάδμος
642 3669 906 3738 ἐγεννήθη
954 3669 1049 3721 καὶ
1095 3668 1275 3732 Φοῖνιξ
1321 3667 1416 3720 καὶ
1471 3665 1645 3736 Σύρος
1684 3665 1776 3717 καὶ

181 3763 350 3826 Κῦ.ιξ
401 3765 496 3815 καὶ
537 3763 786 3832 θυγάτηρ
836 3760 1077 3832 Εὐρώπη
1131 3761 1464 3830 καλουμένη.
1509 3758 1778 3822 κτίζειδέ

190 3856 459 3923 ’Δγήνωρ
492 3853 593 3924 τὴν
617 3853 816 3921 Τύρον,
849 3854 935 3904 ἐπ’
964 3853 1190 3922 ὀνόματι
1220 3848 1430 3918 Τυροῦς
1472 3851 1572 3919 τῆς
1611 3847 1777 3902 αὐτοῦ

179 3945 470 4014 γαμετῆς,
519 3943 794 4013 βασιλεύει
840 3943 896 3996 δὲ
931 3943 1040 3996 τῶν
1078 3941 1261 4012 μερῶν
1293 3942 1522 3994 ἐκείνων
1552 3941 1643 4009 ἔτη
1675 3939 1776 4006 ξγ’.

178 4038 325 4092 Φασὶ
357 4037 416 4089 δὲ
451 4037 542 4089 τὸν
564 4035 675 4088 Ταῦ
687 4052 778 4106 ρον
803 4037 914 4098 τοῖς
945 4035 1156 4104 χρόνοις
1175 4034 1406 4095 ἐκείνοις
1431 4033 1527 4101 τῆς
1556 4033 1779 4100 Κρήτης

181 4127 566 4196 βασιλεύοντα,
599 4125 879 4196 ναυμαχίᾳ
927 4125 1066 4177 κατὰ
1094 4127 1190 4193 τῆς
1234 4121 1413 4193 Τύρου
1459 4121 1780 4188 ἐπιθέμενον

178 4219 276 4270 τοῦ
323 4217 625 4286 ’Δγήνορος
668 4215 904 4284 ἀλλαχοῦ
938 4214 1076 4282 μετὰ
1117 4213 1216 4281 τῆς
1252 4213 1461 4273 οἰκείας
1490 4210 1776 4279 δυνάμεως

181 4311 429 4376 πόλεμον
472 4307 818 4374 ποιουμένου,
840 4306 976 4374 πρὸς
1009 4305 1249 4373 ἑσπέραν
1277 4303 1377 4371 τὴν
1405 4303 1582 4371 Τύρον
1613 4301 1777 4363 ἐλεῖν,

181 4401 385 4461 ἄλλους
426 4413 489 4449 τε
532 4396 764 4458 πολλοὺς
787 4393 1170 4464 αἰχμαλώτους
1223 4395 1317 4445 καὶ
1344 4393 1408 4461 δὴ
1438 4393 1532 4444 καὶ
1558 4391 1651 4460 τὴν
1677 4391 1782 4442 Εὑ-

186 4491 384 4559 ρώπ-ην
428 4486 709 4555 θυγατέρα
747 4485 1065 4553 Ἀγήνορος,
1117 4487 1184 4553 ἦν
1228 4484 1322 4535 καὶ
1354 4484 1589 4546 γυναῖκα
1627 4498 1783 4549 ποιη-

1881 3467 2294 3533 suntCadmus,
2329 3465 2583 3529 Phcenix,
2616 3464 2790 3537 Syrus
2808 3465 2973 3530 Cilix,
2999 3474 3054 3519 et
3087 3464 3192 3518 ﬁlia
3225 3465 3466 3534 Europa.

1880 3559 2099 3629 Agenor
2134 3559 2336 3629 Tyrum
2367 3559 2660 3623 exstruxit,
2696 3559 2764 3612 ab
2795 3572 2966 3611 uxore
3000 3557 3073 3610 ita
3105 3558 3473 3622 nominatam,

1881 3666 2218 3719 regnumque
2263 3650 2316 3702 in
2356 3649 2424 3704 iis
2475 3650 2795 3718 regionibus
2831 3663 2924 3717 per
2966 3663 3162 3712 annos,
3196 3658 3255 3701 ut
3291 3648 3471 3714 aiunt,

1880 3742 1950 3796 65
1991 3741 2249 3794 obtinuit.
2296 3740 2370 3793 Ea
2407 3746 2731 3808 tempestate
2758 3740 2996 3792 traditur
3023 3738 3264 3792 Taurum
3293 3737 3476 3792 Creta

1879 3849 2062 3902 regem
2117 3834 2298 3887 classe
2336 3832 2541 3901 Tyrum
2581 3839 2847 3896 tentasse,
2897 3835 3158 3899 Agenore.
3186 3845 3312 3884 cum
3349 3833 3470 3886 suis

1881 3925 2055 3993 copiis
2110 3925 2240 3978 alibi
2302 3924 2506 3978 bellum
2565 3930 2846 3993 gerente;
2908 3936 2973 3975 ac
3026 3922 3130 3976 sub
3181 3935 3468 3990 vesperam

1881 4026 2040 4085 capta
2065 4014 2206 4086 Tyro
2233 4030 2356 4069 cum
2385 4015 2522 4068 alios
2549 4016 2752 4069 multos
2783 4014 3025 4079 captivos
3052 4023 3164 4066 tum
3194 4013 3468 4081 Europam

1883 4125 2103 4179 quoque
2158 4108 2428 4177 Agenoris
2486 4107 2649 4160 ﬁliam
2707 4107 3026 4161 abduxisse.
3071 4105 3222 4159 Hanc
3271 4105 3470 4159 deinde

1882 4199 1992 4270 39
2027 4215 2252 4253 uxorem
2299 4199 2514 4262 habuit,
2548 4199 2617 4252 ab
2650 4212 2828 4266 eaque
2871 4195 3102 4264 Europae
3143 4210 3340 4249 nomen
3370 4195 3467 4248 toti

1885 4307 2004 4360 qua:
2045 4288 2234 4358 Japeto
2282 4295 2526 4343 cesserat
2575 4298 2737 4342 terra:
2784 4286 2932 4350 fecit,
2980 4287 3142 4340 sicuti
3183 4285 3472 4355 Neptunus

1884 4398 2100 4436 omnem
2143 4381 2334 4434 Chami
2369 4388 2571 4434 terram
2605 4394 2636 4432 a
2675 4378 2844 4448 Libya
2891 4394 3061 4432 uxore
3104 4393 3202 4434 sua
3241 4377 3469 4448 Libyam

1884 4475 2280 4530 deuominavit.
2315 4474 2453 4551 Hinc
2488 4481 2664 4542 poetae
2694 4470 3095 4540 perhibuerunt
3133 4468 3320 4522 Jovem
3365 4469 3469 4522 sub

186 4557 432 4656 σάμενος
470 4584 652 4635 πᾶσαν
675 4581 772 4650 τὴν
801 4581 903 4649 γῆν
936 4578 1114 4645 Ἰάφεθ
1158 4578 1428 4646 Εὐρώπην
1469 4575 1777 4643 ὠνόμασεν,

1885 4567 2028 4620 tauri
2058 4566 2243 4633 specie
2288 4565 2564 4633 Europam
2614 4562 2881 4630 rapuisse.
2909 4558 3009 4612 Hic
3037 4558 3256 4613 Taurus
3300 4557 3476 4610 etiam

185 4647 380 4743 ὥσπερ
414 4673 626 4741 Λιϐύην
650 4674 676 4724 ό
709 4647 978 4724 Ποσειδῶν
1012 4669 1110 4737 τὴν
1133 4666 1225 4719 τοῦ
1258 4667 1387 4734 Χὰμ
1422 4665 1526 4733 γῆν
1563 4665 1648 4716 διὰ
1682 4667 1780 4716 Λι-

1887 4658 2186 4727 Gortynam
2233 4659 2420 4709 urbem
2471 4655 2630 4708 matri
2661 4667 2772 4706 sua:
2801 4651 3181 4720 cognominem
3222 4650 3278 4702 in
3309 4647 3470 4702 Creta

185 4771 329 4838 εύην
352 4768 459 4838 τὴν
496 4765 662 4819 αὑτοῦ
705 4763 976 4834 γαμετήν.
1014 4761 1298 4814 Ἐντεῦθεν
1345 4760 1702 4830 ὡμολόγησαν
1734 4759 1783 4809 οἱ

189 4857 424 4930 ποιηταὶ
460 4856 534 4914 ὼς
558 4856 586 4907 ό
609 4855 745 4915 Ζεὺς
770 4852 958 4923 ταύρῳ
985 4851 1274 4921 ὁμοιωθεὶς
1299 4848 1572 4930 Εὐρώπην
1601 4847 1781 4917 ἥρπα-

194 4928 321 5003 σενί
347 4942 524 5008 Οὗτος
559 4947 587 4997 ὁ
621 4944 833 5012 Ταῦρος
872 4945 966 4995 καὶ
1011 4941 1288 5011 Γόρτυναν
1345 4928 1500 4991 πόλιν
1555 4939 1640 4989 ἐπ’
1666 4938 1786 4989 ὀνό-

195 5061 332 5111 ματι
367 5042 472 5108 τῆς
502 5037 671 5091 αὐτοῦ
720 5037 960 5106 μητέρος
987 5035 1338 5105 ᾠκοδόμησεν
1365 5034 1422 5083 ἐν
1444 5033 1659 5103 Κρήτῃ,
1693 5031 1784 5084 καὶ

192 5137 313 5186 uiis-1
351 5134 515 5202 ἔσχεν
549 5131 657 5183 ἀπὺ
699 5130 798 5197 τῆς
841 5129 1109 5199 Εὐρώπης
1133 5127 1192 5180 ὃν
1221 5127 1378 5180 Μίνω
1411 5126 1789 5194 προσηγόρευ-

195 5244 311 5279 σεν.
358 5225 420 5277 Ὀ
461 5224 715 5290 Ἀγήνωρ
740 5221 796 5273 δὲ
823 5221 1082 5289 τελευτᾷν
1105 5220 1310 5286 μέλλων
1332 5219 1591 5287 χρήματα
1617 5215 1788 5267 πολλὰ

191 5321 254 5369 tu
287 5319 486 5384 Κρήτῃ
519 5315 610 5366 διὰ
649 5313 742 5364 τοῦ
779 5312 896 5363 υἱοῦ
930 5313 1151 5380 Κάδμου
1203 5311 1336 5379 πρὸς
1376 5309 1475 5378 τὴν
1513 5308 1789 5376 θυγατέρα

193 5411 476 5478 Εὐρώπην
502 5405 849 5457 ἀποστέλλει.
879 5405 1003 5464 Τοῖς
1044 5405 1178 5463 υίοίς
1227 5403 1282 5454 δὲ
1318 5399 1486 5453 αὐτοῦ
1530 5398 1627 5467 τὴν
1654 5398 1789 5450 {mo-

191 5502 548 5569 τεταγμένην
579 5497 726 5566 αὐτῷ
750 5496 855 5564 γῆν
875 5494 1284 5566 καταμερίζων,
1312 5493 1519 5544 Φοίνικι
1546 5491 1644 5559 μὲν
1678 5489 1784 5542 Τύ-

195 5611 295 5667 ρον
325 5595 419 5647 καὶ
442 5593 509 5645 τὰ
541 5590 703 5660 πέριξ
727 5589 898 5658 αὐτῆς
935 5587 1240 5653 ἀπονείμας
1278 5585 1532 5652 Φοινίκην
1560 5582 1659 5652 τὴν
1691 5582 1778 5633 ὑπ’

1888 4750 2157 4809 condidit.
2183 4750 2465 4817 ﬁliumque
2486 4761 2550 4801 ex
2575 4746 2798 4813 Europa
2824 4744 3207 4810 habuit,quem
3233 4739 3472 4793 Minoem

1889 4841 2200 4913 appellavit.
2252 4839 2520 4894 Caeterum
2584 4839 2802 4907 Agenor
2854 4835 3154 4890 moriturus
3213 4844 3473 4900 magnam

1892 4933 2136 5004 pecuniae
2163 4931 2271 4984 vim
2303 4945 2398 5000 per
2420 4929 2684 4984 Cadmum
2716 4929 2884 4980 ﬁlium
2913 4940 3073 4980 suum
3102 4923 3168 4976 ad
3199 4923 3474 4988 Europam

1893 5025 1949 5079 in
2001 5023 2218 5077 Cretam
2265 5019 2599 5082 transmisit,
2635 5033 2793 5071 suam
2845 5029 2976 5069 vero
3024 5013 3285 5067 ditionem
3327 5011 3476 5063 inter

1892 5117 2036 5170 ﬁlios
2069 5115 2142 5168 ita
2177 5112 2484 5174 distribuit,
2514 5118 2576 5164 ut
2612 5108 2857 5163 thnici
2898 5105 3076 5177 Tyrus
3108 5118 3174 5157 ac
3214 5115 3334 5171 quae
3363 5100 3472 5153 cir-

1890 5225 2012 5263 cum
2053 5216 2135 5261 est
2183 5207 2331 5277 regio
2378 5206 2708 5274 obtingeret,
2741 5216 2903 5271 quam
2949 5209 3002 5254 et
3050 5197 3344 5251 Phoenicen
3375 5205 3475 5245 ne-

1890 5301 2141 5364 minavit,
2184 5300 2326 5353 sicut
2365 5307 2417 5353 et
2461 5297 2672 5367 Syriam
2723 5309 2786 5347 ac
2833 5292 3100 5353 Ciliciam,
3146 5302 3282 5355 quas
3332 5281 3476 5352 Syro

1895 5391 2113 5446 etCilici
2144 5391 2269 5445 ﬁliis
2293 5389 2408 5444 suis
2429 5387 2786 5440 attribuebat.
2819 5384 2993 5451 Hujus
3016 5377 3300 5434 Phaenicis
3315 5381 3474 5429 aetate

1895 5485 2077 5538 ferunt
2115 5483 2402 5537 Herculem
2427 5479 3202 5550 pbilosophum,coguomcnto
3219 5469 3473 5541 Tyrium,

1891 5588 2186 5646 purpuram
2233 5587 2342 5644 quo
2385 5573 2692 5641 expositum
2737 5578 2822 5623 est
2870 5567 3031 5621 modo
3075 5562 3366 5632 reperisse.

192 5652 361 5740 αὐτὸν
378 5685 639 5753 ὠνόμασε
672 5681 795 5750 γῆν.
839 5680 1066 5748 Ὁμοίως
1103 5679 1158 5732 δὲ
1190 5679 1286 5730 καὶ
1323 5675 1520 5746 Συρίαν
1551 5677 1643 5727 καὶ
1679 5672 1932 5725 Κιλικίαν
1973 5670 2070 5730 τὰς
2117 5665 2482 5735 ἐπιλαχούσας
2516 5665 2629 5724 τοῖς
2685 5662 2822 5723 υἱοῖς
2891 5658 3050 5728 Σύρῳ
3118 5655 3215 5708 καὶ
3277 5652 3471 5705 Κίλικι

195 5779 384 5850 χώρας
421 5772 875 5845 προςωνόμασεν.
920 5770 1008 5822 Ἑν
1033 5772 1147 5830 τοῖς
1178 5769 1391 5838 χρόνοις
1443 5766 1635 5820 τούτου
1691 5763 1780 5815 το]
1819 5762 2065 5822 Φοίνικος
2120 5758 2216 5811 καλ⁸
2251 5753 2526 5827 Ἠρακλῆν
2580 5769 2712 5822 φασι
2755 5750 2848 5805 τὸν
2911 5747 3222 5818 φιλόσοφον,
3267 5741 3354 5816 [Po
3376 5740 3474 5817 22]

195 5871 294 5923 τὸν
315 5867 610 5935 λεγόμενον
645 5863 868 5932 Τύριον,
901 5863 998 5930 τὴν
1025 5859 1166 5914 οὕτω
1205 5857 1545 5929 καλουμένην
1585 5856 1856 5925 κογχύλην
1894 5853 2154 5921 ἐξευρεῖν,
2187 5851 2263 5912 ὡς
2296 5847 2534 5918 εἴρηται.
