4184 6436
673 413 742 475 G7
1934 419 2258 480 GEORGII
2314 419 2650 481 CEDRENI
3848 429 3920 492 (33

744 525 1038 595 AtJupiter
1056 535 1250 596 pratter
1279 527 1476 584 multas
1508 528 1747 586 Danaem
1782 547 2002 601 quoque
2031 532 2250 598 Acrisii,
2283 538 2324 592 Α

669 619 761 687 qui
796 620 866 673 ab
899 621 1111 689 Argivis
1145 619 1534 684 descendebat,
1564 624 1751 688 ﬁliam,
1782 624 1983 694 insigni
2044 623 2242 688 forma,

668 719 722 764 et
746 724 865 778 qua!
890 711 946 763 in
977 710 1228 764 cubiculo
1252 714 1316 765 ad
1346 728 1498 766 mare
1526 724 1806 771 exstructo
1832 717 2246 779 asservabatur,

672 802 948 871 corruptis
975 803 1146 855 multo
1175 820 1306 859 auro
1335 808 1661 862 custodibus
1694 806 1872 879 rapuit
1904 823 1969 863 ac
1991 808 2237 872 violavit,

672 904 836 963 atque
855 909 920 948 ex
948 909 1011 950 ea
1043 895 1214 951 lilium
1249 901 1469 953 nomine
1521 899 1775 954 Perseum
1825 902 2068 956 sustulit.
2111 900 2250 956 Hinc

672 983 898 1039 fabulati
930 988 1229 1057 scriptores
1260 986 1448 1044 Jovem
1479 991 1767 1046 ediderunt
1809 992 1861 1045 in
1890 1007 2082 1047 aurum
2120 1008 2252 1045 con-

672 1091 887 1132 versum
919 1094 1014 1148 per
1041 1089 1238 1134 tectum
1279 1082 1330 1134 in
1365 1085 1546 1136 cubile
1585 1083 1886 1148 inﬁuxisse,
1937 1100 2001 1138 ac
2055 1085 2250 1139 Danaae

676 1171 1041 1241 virginitatem
1089 1173 1378 1240 eripuisse.
1415 1177 1570 1230 Hunc
1599 1192 1812 1246 quoque
1844 1177 2101 1232 Perseum
2133 1179 2248 1232 ala-

672 1270 786 1315 tum
818 1263 984 1315 fuisse
1013 1261 1290 1326 dixerunt,
1312 1268 1451 1335 quod
1479 1267 1546 1320 ab
1583 1268 1803 1323 ineunte
1832 1277 1990 1323 aetate
2020 1271 2249 1324 celerri-

673 1369 795 1406 mus
815 1351 915 1405 fuit
944 1355 1268 1423 ingeniomre
1293 1358 1631 1414 ferocissimo
1673 1372 1834 1430 atque
1863 1362 2249 1428 callidissimo;

673 1459 843 1511 quare
873 1445 1034 1497 etiam
1062 1461 1183 1498 eum
1208 1447 1420 1514 Jupiter
1455 1459 1606 1518 pater
1633 1466 1888 1507 'arcanas
1909 1469 1971 1507 ac.
1993 1456 2250 1524 mysticas

677 1538 1076 1607 {tedasqueho
1091 1553 1280 1593 omnes
1298 1540 1687 1596 incantationes
1702 1549 1753 1595 et
1773 1543 2025 1596 veneﬁcia
2045 1546 2247 1609 docuit,

678 1634 997 1700 horum'ope
1029 1633 1313 1685 victoriam
1344 1634 1390 1686 ei
1430 1633 1499 1685 ab
1555 1633 1804 1687 hostibus
1863 1635 2249 1703 reportandam

675 1723 958 1785 pollicens.
983 1721 1166 1790 Itaque
1191 1725 1271 1774 vir
1294 1722 1465 1775 factus
1495 1721 1728 1777 Perseus
1755 1723 1878 1777 Nini
1913 1725 2088 1792 patrui
2113 1724 2255 1779 ﬁlios

675 1813 892 1882 fugiens
923 1813 987 1866 ad
1033 1814 1287 1882 Assyrios
1329 1810 1496 1867 'venit.
1533 1814 1664 1868 lude
1713 1815 1766 1868 in
1828 1815 2070 1869 Africam
2102 1815 2252 1870 eunti

2434 530 2494 584 Ὀ
2534 531 2716 600 μέντοι
2742 530 2876 594 Ζεὺς
2907 531 3042 602 πρὸς
3064 534 3184 598 ταῖς
3217 533 3408 598 ἄλλαις
3447 535 3541 588 καὶ
3567 534 3661 588 τοῦ
3691 535 3750 601 ἐξ
3793 538 3923 608 Ἀρο

2347 621 2512 688 γείων
2565 622 2940 691 καταγομένου
3003 623 3281 694 Ἀκρισίου
3356 625 3632 695 θυγατέρα
3686 628 3923 696 Δανάην,

2348 715 2599 784 εὐπρεπῆ
2631 716 2771 768 πάνυ
2805 713 2974 768 οὖσαν
3023 717 3206 771 καὶέν
3251 717 3618 787 κουὸουκλείῳ
3662 719 3800 788 πρὸς
3832 720 3927 772 θά-

2349 802 2555 871 λασσαν
2585 802 3019 873 φυλαττομένην,
3052 804 3233 875 πολλῷ
3261 807 3446 876 χρυσῷ
3471 808 3599 871 τοὺς
3626 809 3926 878 τηροῦντας

2351 893 2545 955 πείσας
2573 895 2666 947 καὶ
2695 894 2900 965 ταύτην
2926 896 3183 966 ἀρπάσας
3228 900 3325 950 καὶ
3382 897 3612 968 φθείρας
3671 900 3829 970 ἔσχεν
3869 901 3928 966 ἐξ

2352 980 2711 1052 αύτῆςπαῖδα
2756 985 2971 1053 Περσέα
3019 987 3266 1058 ὀνόματι.
3300 989 3494 1043 Ἔνθεν
3543 991 3592 1043 οί
3637 992 3927 1060 μυθολόγοι

2353 1077 2442 1128 τὸν
2470 1076 2567 1128 Δία
2592 1078 2725 1145 φασὶ
2758 1079 2963 1147 χρυσὸν
3001 1080 3293 1151 γενόμενον
3347 1083 3539 1157 ῥυῆναι
3569 1081 3658 1157 διά
3683 1082 3777 1136 τοῦ
3805 1084 3925 1135 στέ-

2353 1185 2483 1236 γους
2506 1169 2583 1231 εἱς
2612 1169 2701 1221 τὸν
2728 1169 2970 1238 θάλαμον
3000 1174 3094 1224 καὶ
3126 1173 3342 1242 Δανάην
3369 1155 3703 1243 διαφθεῖραι.
3728 1174 3929 1227 Τοῦτον

2353 1261 2442 1312 τὸν
2474 1261 2686 1330 Περσέα
2723 1261 2818 1313 καὶ
2845 1264 3122 1331 πτερωτὸν
3145 1261 3285 1318 εἶναι
3310 1266 3550 1333 ἔφασκον
3574 1266 3648 1329 ὡς
3669 1266 3930 1331 ὀξύτατον

2351 1351 2479 1404 ὄντα
2521 1352 2776 1406 παιδόθεν
2802 1355 2898 1407 καὶ
2928 1358 2991 1425 τῇ
3025 1354 3184 1422 φύσει
3239 1359 3570 1429 γοργότατον
3626 1358 3720 1411 καὶ
3749 1359 3931 1427 ἐντρε-

2353 1443 2634 1511 χέστατον.
2670 1440 2740 1515 ᾯ
2771 1448 2862 1498 καὶ
2892 1449 3027 1510 Ζεὺς
3059 1451 3085 1501 ό
3112 1456 3296 1520 πατὴρ
3338 1451 3504 1504 αὐτοῦ
3534 1451 3633 1514 τὰς
3663 1452 3928 1521 κρυφίους

2355 1535 2447 1585 καὶ
2476 1537 2741 1603 μυστικάς
2768 1538 2859 1590 καὶ
2886 1541 3138 1610 μυσαρὰς
3171 1542 3351 1604 πάσας
3389 1543 3630 1613 μαγείας
3661 1543 3754 1595 καὶ
3794 1559 3929 1612 μαγ-

2355 1626 2546 1692 γανίας
2603 1627 2828 1691 ἐδίδαξε,
2873 1632 3035 1700 νικᾷν
3097 1634 3221 1693 τοὺς
3283 1633 3574 1701 πολεμίους
3625 1634 3684 1684 ἐν
3719 1633 3929 1696 τούτοις

2358 1720 2707 1786 παρεγγυῶν.
2743 1721 2935 1774 Τοίνυν
2968 1722 3046 1785 είς
3073 1723 3290 1790 ἠλικίαν
3319 1724 3509 1792 ἀνδρὸς
3532 1722 3700 1776 ἐλθὼν
3733 1723 3926 1791 φεύγει

2356 1812 2483 1872 τοὺς
2513 1812 2661 1874 υἱοὺς
2687 1813 2852 1866 Νίνου
2881 1815 2973 1866 τοῦ
3012 1814 3157 1866 θείου
3196 1816 3380 1877 αὐτοῦ,
3425 1818 3518 1868 καὶ⁸
3567 1815 3700 1885 πρὸς
3734 1814 3930 1867 Ἀσσυ-

675 1911 824 1974 vii-gn
849 1907 1091 1959 Occurrit
1124 1906 1401 1973 indigena,
1435 1906 1612 1960 oculis
1635 1906 1956 1975 capillisque
2006 1905 2132 1960 lene
2163 1908 2245 1960 in-

2359 1903 2507 1972 ρίους
2536 1905 2773 1975 ἔρχεται.
2809 1907 2951 1976 Πρὸς
2975 1907 3029 1958 δὲ
3062 1906 3269 1975 Λιϐύην
3299 1907 3629 1960 διασαίνοντι
3657 1905 3927 1974 παρθένος

673 2005 787 2048 star
829 1998 1073 2051 horrens.
1107 1997 1277 2061 Quam
1306 1999 1422 2065 ipse
1465 2013 1588 2050 cum
1625 1997 1926 2052 subsistere
1956 1999 2245 2067 coegisset,

675 2086 822 2154 quod
862 2102 1060 2140 nomen
1096 2097 1308 2156 gereret
1336 2087 1710 2173 itqerrogavit.
1744 2085 2009 2142 Profe~sm
2052 2103 2246 2142 nomen

674 2179 910 2232 Medusa:
934 2180 1113 2232 statim
1142 2188 1306 2244 eaput
1331 2179 1630 2247 amputavit
1657 2197 1670 2244 ;
1704 2179 1884 2247 idque,
1922 2189 1980 2233 ut
2012 2179 2248 2233 infanda:

673 2281 837 2336 atque
867 2271 1247 2323 abominanda;
1281 2268 1432 2322 Jovis
1469 2271 1640 2338 patris
1672 2271 2060 2340 praeceptiones
2086 2271 2250 2340 jube—

674 2363 826 2428 bant,
855 2362 1132 2416 conditum
1173 2361 1402 2426 habens,
1431 2375 1691 2416 manuum
1723 2362 1920 2416 robore
1968 2373 2022 2416 et
2077 2363 2250 2434 magi-

671 2469 856 2506 carum
891 2455 1088 2508 artium
1127 2453 1323 2508 ﬁducia
1369 2453 1566 2518 fretus,
1599 2454 1887 2509 adversum
1910 2455 2093 2511 hostes
2119 2471 2248 2511 suos

672 2547 938 2612 perrexit;
987 2548 1150 2616 capiti
1189 2564 1385 2603 nomen
1431 2549 1701 2620 Gorgonis
1747 2551 2008 2621 imposuit
2035 2553 2105 2607 ob
2133 2552 2246 2608 elli-

675 2638 960 2691 cacitatem
995 2647 1047 2691 et
1075 2639 1178 2692 vim
1203 2641 1616 2696 veneficii.lnde
1639 2644 1692 2697 in
1720 2642 2034 2713 Eliiopiam
2064 2651 2248 2699 trans-

671 2729 803 2791 ivit,
849 2744 1014 2798 quam
1075 2739 1207 2786 tunc
1269 2733 1517 2802 Cepheus
1570 2750 1740 2804 regno
1811 2735 2074 2801 tenebat;
2126 2736 2247 2806 ejus

677 2819 850 2878 filiam
872 2822 1277 2878 Andromedam
1302 2827 1657 2897 eamdemque
1678 2827 2013 2884 sacerdotem
2046 2829 2247 2898 rapuit,

669 2931 734 2967 ac
768 2930 862 2983 per
894 2916 1104 2985 Syriam
1131 2919 1194 2971 ad
1226 2919 1554 2989 Lycaoniam
1603 2920 1898 2991 navigavit.
1959 2921 2240 2992 Lycaones

672 3024 796 3062 cum
845 3024 905 3063 se
955 3009 1151 3064 Perseo
1186 3014 1593 3082 oppesuisseut,
1641 3015 1819 3082 primo
1855 3012 2124 3083 Gorgonis
2155 3031 2250 3069 au-

677 3099 810 3152 xilio
841 3098 1038 3154 devicti
1065 3111 1211 3155 sunt.
1247 3103 1325 3156 lbi
1363 3103 1547 3157 urbem
1578 3102 1808 3158 Perseus
1831 3104 2071 3159 condidit
2100 3120 2161 3158 ac
2184 3104 2252 3160 de

2350 1995 2485 2064 κόρη
2527 1997 2816 2066 χωριτικὴ,
2847 1999 3306 2067 ἁπηγριωμένους
3337 1999 3537 2067 ἔχουσα
3565 1999 3690 2061 τοὺς
3719 1996 3925 2067 ὀφθαλ-

2354 2091 2486 2155 μοὺς
2518 2091 2610 2141 καὶ
2637 2089 2733 2152 τὰς
2764 2089 2971 2160 τρίχας,
2998 2092 3139 2143 κατὰ
3179 2090 3468 2160 πρόσωπον
3516 2092 3772 2160 συναντᾷ.
3821 2090 3925 2143 Ἦν

2349 2178 2444 2230 καὶ
2474 2181 2676 2248 στήσας
2701 2180 2760 2232 τὸ
2790 2181 2957 2249 αὐτῆς
2976 2179 3143 2249 ὄνομα
3157 2181 3362 2250 ἠρώτα.
3397 2183 3462 2234 Ἦ
3485 2181 3563 2246 δέ,
3597 2199 3615 2233 ι
3653 2182 3926 2245 Μέδουσα,

2350 2269 2479 2338 ἔφη,
2523 2271 2774 2340 λέγομαι.
2811 2289 2830 2321 ι
2863 2271 2973 2337 καὶ
3000 2272 3198 2324 αὐτίκα
3228 2274 3327 2341 τὴν
3371 2271 3548 2343 κάραν
3588 2273 3759 2342 αὐτῆς
3794 2276 3931 2326 άπο-

2348 2363 2536 2432 τέμνει
2560 2381 2572 2393 ο
2601 2365 2692 2416 καὶ
2726 2363 2932 2432 ταύτην
2973 2364 3308 2434 ταριχεύσας
3340 2365 3484 2418 κατά
3519 2365 3619 2428 τὰς
3649 2366 3932 2435 ἀρρήτους

2351 2455 2445 2506 καὶ
2475 2456 2675 2525 μιαρας
2703 2455 2984 2524 ὑποθήκας
3009 2457 3131 2518 Διὸς
3169 2459 3262 2510 τοῦ
3304 2455 3539 2526 πατέρος
3588 2455 3776 2520 αὑτοῦ,
3807 2459 3931 2520 ταῖς

2349 2550 2506 2617 χερσὶ
2541 2549 2755 2619 κρατῶν
2799 2551 2893 2603 καὶ
2951 2551 3072 2611 ταῖς
3106 2550 3362 2618 μαγείαις
3397 2549 3614 2619 θαρρῶν
3649 2549 3789 2601 κατὰ
3817 2547 3929 2601 τῶν

2350 2639 2558 2709 ἐχθρῶν
2587 2641 2808 2710 ἐχώρει.
2840 2642 3084 2713 Γοργόνα
3111 2643 3168 2695 δὲ
3198 2641 3299 2710 τὴν
3327 2639 3500 2708 κάραν
3535 2640 3722 2693 ἐκάλει
3747 2639 3834 2692 διὰ
3863 2638 3929 2692 τὸ

2349 2730 2450 2801 τῆς
2479 2733 2733 2802 γοητείας
2761 2734 2986 2804 ἐνεργὲς
3007 2734 3103 2787 καὶ
3140 2733 3257 2798 ὀξύ.
3297 2733 3539 2786 Ἐκεῖθεν
3579 2731 3715 2802 πρὸς
3745 2732 3930 2784 Αἰθιο-

2352 2825 2483 2876 πίαν
2510 2824 2702 2888 διαϐάς
2751 2825 2856 2878 ὑπὸ
2904 2827 3140 2895 Κηφέως
3178 2825 3300 2878 τότε
3349 2823 3797 2896 βασιλευομένην,
3833 2822 3930 2875 καὶ

2351 2914 2450 2983 τὴν
2498 2915 2676 2967 αὑτοῦ
2719 2915 2996 2987 θυγατέρα
3037 2916 3390 2986 Ἀνδρομέδαν
3445 2915 3784 2984 καλουμένην
3831 2913 3931 2966 καὶ

2355 3006 2562 3075 ἱέρειαν
2591 3002 2757 3060 οὖσαν
2780 3008 3055 3077 ἁρπάσας,
3089 3009 3427 3061 κατέπλευσε
3453 3007 3536 3059 διά
3561 3004 3762 3076 Συρίας
3791 3004 3930 3073 πρὸς

2352 3100 2682 3153 Λυκαονίαν.
2717 3101 2781 3153 Oi
2811 3101 2865 3153 δὲ
2898 3101 3172 3164 Λυκάονες
3213 3099 3389 3169 τούτῳ
3413 3097 3831 3157 ἐναντιωθέντες
3857 3099 3927 3166 τῇ

670 3206 774 3243 suo
827 3193 1049 3246 nomine
1114 3192 1387 3248 Persidem
1455 3196 1763 3264 appellmit.
1829 3196 1992 3250 Extra
2059 3199 2246 3252 urbem

2352 3191 2450 3257 τῆς
2487 3191 2749 3259 Γοργόνος
2773 3190 2972 3261 ’πρώτῃ
3019 3191 3242 3262 βοηθείᾳ
3287 3190 3742 3260 κατενικήθησαν.
3779 3187 3933 3241 Ἐκεῖ

669 3292 903 3335 statuam
938 3286 1140 3351 posuit,
1190 3295 1353 3355 atque
1405 3287 1474 3338 ab
1527 3302 1593 3340 eo
1651 3289 1946 3342 simulacro
2005 3290 2241 3342 Iconium

671 3376 988 3427 nominavit.
1038 3377 1167 3431 lude
1213 3377 1476 3430 Isauriam
1528 3389 1579 3431 et
1635 3379 1878 3432 Ciliciam
1929 3395 2245 3448 peragrans,

669 3474 893 3532 accepto
923 3468 1147 3518 oraculo
1184 3479 1240 3518 ut
1269 3482 1376 3535 quo
1407 3468 1523 3520 loco
1552 3468 1617 3520 de
1645 3484 1788 3536 equo
1824 3469 2161 3522 descendens
2192 3471 2243 3521 in

668 3557 851 3622 planta
885 3555 1037 3624 prdis
1069 3557 1312 3612 dolorem
1358 3559 1602 3624 sentiret,
1637 3560 1706 3612 ibi
1760 3561 2040 3614 victoriam
2101 3563 2244 3614 obti-

674 3657 824 3699 neret
852 3658 1014 3717 atque
1062 3650 1249 3702 urbem
1311 3650 1628 3712 aediﬁcaret,
1701 3648 1956 3713 TaI‘SItm,
1986 3666 2014 3704 a
2059 3653 2243 3720 planta

671 3740 824 3805 pedis
852 3741 1048 3792 dictam
1086 3742 1292 3804 urbem,
1327 3740 1592 3794 condidit.
1642 3744 1718 3794 Ac
1749 3751 1941 3796 contra
1990 3743 2245 3813 ASsyrios

594 3842 596 3844 '
670 3833 948 3898 profectus
991 3847 1084 3885 eos
1122 3833 1422 3900 superavit,
1483 3831 1963 3902 Sardanapaloque
1993 3847 2115 3886 cum
2147 3850 2244 3888 sua

671 3931 828 3987 gente
863 3930 1056 3975 necato
1109 3922 1364 3992 Assyrios
1401 3937 1630 3991 prorsus
1696 3923 1931 3992 subegit,
1972 3939 2247 3994 regnoque

670 4007 738 4061 iis
774 4009 1051 4076 adempto,
1085 4006 1281 4061 Persas
1313 4009 1379 4062 de
1412 4024 1516 4062 suo
1547 4013 1768 4082 nomine
1809 4014 2120 4080 appellavit,
2158 4030 2243 4068 re-

670 4113 945 4165 gnumque
977 4101 1027 4149 in
1059 4097 1162 4168 41
1199 4113 1292 4152 eos
1331 4114 1428 4166 per
1459 4101 1528 4153 53
1554 4115 1728 4156 annos
1783 4103 2037 4157 obtinuit.
2103 4104 2243 4157 Idem

671 4187 918 4239 arborem
959 4201 1175 4255 quoque
1207 4202 1234 4237 a
1264 4203 1321 4241 se
1353 4189 1626 4242 Persicam
1661 4189 1860 4242 dictam
1895 4206 1992 4259 per
2017 4206 2236 4246 omnem

672 4294 828 4332 suam
881 4279 1140 4331 ditionem
1197 4280 1495 4348 plantavit;
1537 4281 1791 4350 fwtloque
1828 4281 2066 4336 Medusa:
2121 4298 2243 4352 scy-

674 4372 780 4438 pho
807 4369 873 4423 de
906 4370 1083 4423 Persis
1117 4385 1254 4437 quos
1287 4372 1520 4426 maxime
1555 4371 1832 4440 diligebat,
1871 4375 2086 4428 arcanis
2125 4388 2244 4426 ma-

675 4462 809 4524 gicis
850 4462 1023 4514 sacris
1050 4461 1293 4523 initians,
1329 4461 1510 4515 Medos
1537 4477 1631 4516 eos
1687 4471 1996 4517 etterram
2054 4479 2242 4518 eorum

2353 3284 2444 3333 καὶ
2471 3283 2624 3335 πόλιν
2655 3284 2847 3346 κτίσας
2875 3283 3114 3353 Περσίδα
3143 3285 3218 3352 τῷ
3247 3283 3363 3350 ἰδίῳ
3394 3282 3660 3351 κέκληκεν
3679 3281 3930 3348 ὀνόματι.

2355 3371 2564 3440 Στήλην
2602 3372 2657 3424 δὲ
2695 3373 2798 3437 ἔξω
2825 3374 2920 3441 τῆς
2949 3372 3158 3434 πόλεως
3200 3374 3424 3440 στήσας,
3469 3375 3563 3422 καὶ
3596 3371 3656 3422 τὸ
3707 3370 3936 3422 ἀπεικό-

2352 3481 2519 3531 νισμα
2553 3465 2652 3531 τῆς
2687 3466 2949 3533 Γοργόνος
2975 3467 3202 3529 ὲπιθείς,
3241 3466 3482 3516 Εἰκόνιον
3499 3463 3702 3532 ταύτην
3724 3463 3934 3514 ἐπωνό-

2355 3573 2546 3623 μασεν.
2597 3555 2835 3608 Ἐκεῖθεν
2875 3560 2969 3610 ἐπὶ
3000 3557 3278 3628 Ἰσαυρίαν
3306 3557 3398 3608 καὶ
3429 3556 3682 3608 Κιλικίαν
3712 3555 3930 3621 διαϐὰς,

2349 3647 2596 3717 χρησμὸν
2613 3646 2790 3700 λαϐὼν
2816 3651 2896 3702 ὅτι
2929 3668 2945 3700 ι
2995 3650 3162 3702 Ἐνθα
3193 3650 3257 3702 ἐκ
3290 3648 3382 3701 τοῦ
3412 3650 3578 3701 ἵππου
3601 3647 3808 3708 ἀποϐάς
3835 3648 3930 3698 τὸν

2351 3731 2548 3806 ταρσὸν
2579 3739 2838 3808 ὀδυνηθῇς
2869 3739 2960 3792 τοῦ
3004 3741 3182 3804 ποδὸς,
3236 3740 3391 3808 νίκην
3441 3739 3613 3807 λάϐῃς
3652 3740 3744 3790 καὶ
3771 3738 3932 3791 πόλιν

2349 3831 2732 3900 οἰκοδομήσῃς,
2752 3850 2769 3882 ι
2806 3831 2904 3900 τὴν
2935 3833 3147 3900 Ταρσὸν
3168 3833 3339 3895 κτίζει
3366 3830 3624 3884 καὶκατὰ
3655 3831 3762 3882 τῶν
3800 3831 3926 3882 Ἀσ-

2353 3923 2553 3989 συρίων
2582 3923 2749 3992 ὁρμᾷ,
2778 3925 3000 3986 τούτους
3034 3940 3094 3976 τε
3127 3925 3354 3992 νικήσας
3401 3926 3497 3975 καὶ
3527 3921 3618 3973 τὸν
3651 3921 3928 3991 Σαρδανά-

2351 4012 2520 4064 παλον
2548 4015 2788 4076 καὶτοὺς
2819 4015 2911 4067 τοῦ
2945 4017 3136 4082 γένους
3183 4013 3348 4067 αὑτοῦ
3379 4012 3694 4075 ἀπεκτονὼς
3727 4015 3805 4076 είς
3833 4014 3930 4065 τέ-

2350 4103 2440 4163 λος
2474 4102 2672 4165 αὐτοὺς
2699 4105 3018 4158 ὑποτάσσει.
3048 4107 3157 4157 Καὶ
3200 4104 3502 4173 Ἀσσυρίων
3521 4103 3616 4172 τὴν
3649 4103 3931 4171 βασιλείαν

2349 4193 2681 4262 ἀφελόμενος
2711 4196 2802 4246 ἐπὶ
2826 4195 2902 4263 τῷ
2932 4196 3043 4264 ίδίῳ
3066 4195 3288 4262 ὀνόματι
3331 4195 3543 4263 Πέρσας
3561 4194 3758 4255 αὐτοὺς
3791 4195 3928 4247 ἐκά-

2348 4286 2494 4350 λεσε,
2547 4286 2872 4354 βασιλεύσας
2894 4287 2978 4338 ἐπ’
3005 4287 3198 4344 αὐτοὺς
3227 4286 3320 4353 ἔτη
3349 4284 3445 4349 ν·;”.
3488 4280 3656 4347 Οὗτος
3693 4285 3786 4338 καὶ
3825 4284 3928 4355 τὴν

2348 4376 2691 4445 καλουμένην
2729 4377 2970 4445 Περσέαν
2995 4379 3050 4428 ἐν
3083 4376 3161 4445 τῷ
3206 4377 3321 4444 ἰδίῳ
3355 4376 3580 4445 ὀνόματι
3619 4375 3698 4437 είς
3742 4376 3928 4428 πᾶσαν

2348 4467 2443 4535 τὴν
2479 4467 2847 4535 ὑποκειμένην
2879 4466 3028 4534 αὑτῷ
3080 4466 3448 4532 κατεφύτευσε
3507 4465 3632 4533 γῆν,
3677 4466 3771 4516 καὶ
3819 4466 3926 4531 τὴν

679 4553 908 4606 Mediam
937 4554 1259 4605 nominavit.
1294 4553 1423 4607 lude
1459 4555 1526 4607 ad
1555 4555 1824 4622 Silphium
1850 4564 2088 4608 montem
2121 4571 2247 4625 pro-

2351 4558 2443 4610 τοῦ
2477 4558 2718 4628 μυσαροῦ
2752 4559 2959 4626 σκύφου
2986 4558 3085 4621 τῆς
3111 4557 3395 4625 Μεδούσης
3436 4555 3528 4617 οὓς
3569 4558 3760 4624 ἠγάπα
3811 4555 3928 4606 τῶν

675 4646 848 4698 fectus
879 4643 1112 4708 Jonitas,
1153 4647 1242 4712 qui
1276 4646 1342 4699 ab
1387 4645 1549 4714 Argis
1579 4662 1644 4700 eo
1702 4656 2110 4713 concesserant,
2175 4649 2247 4702 ibi

672 4739 892 4805 reperit,
927 4739 995 4790 ab
1023 4741 1218 4808 iisque,
1251 4751 1309 4793 ut
1337 4740 1582 4807 ejusdem
1611 4741 1816 4809 stirpis,
1851 4751 1934 4794 est
1965 4748 2239 4808 acceptus.

673 4831 746 4883 lbi
779 4847 899 4884 cum
929 4833 1116 4900 ingens
1141 4844 1435 4902 tempestas
1469 4834 1672 4885 imbres
1719 4831 2019 4896 effudisset,
2047 4847 2110 4885 ac
2170 4831 2245 4886 O-

674 4932 859 4977 rontes
896 4913 1090 4977 fluvius
1123 4925 1214 4992 qui
1249 4924 1456 4992 lopolin
1489 4923 1643 4974 aliuit
1693 4936 1858 4989 supra
1911 4922 2126 4973 modum
2154 4935 2249 4974 ex-

676 5018 927 5076 undarct,
964 5013 1162 5068 Perseo
1197 5025 1417 5084 prccalo
1449 5014 1652 5066 fulmen
1682 5013 1848 5065 veluti
1885 5011 2078 5080 globus
2109 5011 2249 5079 ignis

675 5107 854 5160 subito
885 5107 1125 5158 delatum
1164 5116 1282 5170 est;
1343 5105 1525 5173 itaque
1552 5113 1605 5158 et
1645 5102 1878 5156 inhibita
1947 5109 2246 5170 tempestas

680 5198 796 5256 fuit,
828 5207 880 5249 et
911 5197 1105 5250 lluvms
1151 5212 1249 5252 suo
1285 5212 1342 5251 se
1373 5198 1528 5250 alveo
1569 5197 1856 5250 conclusit.
1898 5193 1977 5248 Ex
2024 5210 2092 5248 eo
2123 5195 2247 5264 igne

679 5285 910 5341 Perseus
969 5289 1144 5356 ignem
1200 5289 1473 5349 accendit,
1544 5301 1840 5354 secumque
1878 5285 2044 5350 tulit;
2090 5292 2145 5338 et
2190 5286 2243 5338 in

677 5394 828 5432 Sllaln
850 5381 1052 5446 regiam
1078 5390 1372 5447 apportans
1402 5380 1569 5432 mdem
1604 5379 1713 5446 igni
1741 5376 2028 5440 exstruxit,
2059 5389 2240 5428 sacer-

675 5469 934 5535 dotioque
965 5469 1083 5535 pios
1108 5470 1255 5521 viros
1296 5468 1559 5537 prazfecit.
1595 5467 1849 5535 Idemque
1893 5473 1948 5519 et
1980 5463 2146 5533 lopoli
2187 5472 2241 5517 et

676 5561 728 5613 in
778 5569 889 5639 tota
938 5575 1034 5614 sua
1070 5559 1276 5613 ditione
1315 5561 1595 5624 instituit;
1646 5557 2010 5626 mandatoque
2073 5564 2133 5609 ut
2174 5556 2241 5609 de

674 5654 812 5706 cudo
837 5651 1047 5706 delatus
1076 5650 1209 5704 deus
1239 5649 1381 5718 ignis
1421 5650 1714 5710 coleretur,
1746 5648 1888 5717 ignis
1918 5645 2129 5700 colendi
2160 5646 2238 5697 ri-

675 5756 786 5796 tum
822 5740 1028 5802 doeuit,
1063 5754 1346 5809 magorum
1383 5739 1602 5792 nomine
1655 5735 2038 5790 sacerdotibus
2097 5734 2239 5802 ignis

675 5832 899 5887 allectis.
939 5832 1104 5884 l’orro
1132 5830 1326 5884 bellum
1359 5828 1557 5884 Perseo
1600 5828 1848 5898 Cepheus
1880 5826 2236 5881 Andromeda:

2353 4649 2580 4718 Περσῶν
2613 4651 2670 4700 ἐν
2705 4650 2988 4718 μυστηρίῳ
3023 4649 3468 4717 μυσταγωγήσας
3521 4646 3770 4715 μαγειοις
3797 4647 3927 4713 Μή-

2348 4738 2471 4800 δους
2501 4739 2696 4800 αὐτοὺς
2730 4741 2821 4790 καὶ
2863 4738 3076 4806 Μηδίαν
3106 4739 3204 4805 τὴν
3237 4735 3422 4805 χώραν
3476 4737 3658 4788 αὐτῶν
3690 4736 3928 4804 μετωνό-

2354 4844 2546 4897 μασεν.
2583 4823 2716 4881 Εἶτα
2747 4830 2825 4890 είς
2857 4829 2916 4880 τὸ
2950 4829 3168 4881 Σίλπιον
3220 4829 3341 4896 ὅρος
3390 4825 3562 4879 ἐλθὼν
3613 4823 3736 4896 εὗρε
3792 4828 3928 4884 τοὺς

2349 4918 2456 4970 άπὸ
2490 4919 2726 4984 ’Ἄργους
2769 4920 3026 4980 ’ἰωνίτας,
3061 4919 3150 4984 ὑφ’
3188 4913 3260 4971 ὧν
3291 4918 3385 4969 καὶ
3429 4917 3616 4986 ἐδέχθη
3661 4919 3735 4979 ὡς
3785 4917 3928 4984 ὀμό-

2349 5009 2532 5075 φυλος.
2563 5009 2648 5079 [Ρ.
2685 5007 2777 5081 23]
2811 5010 3090 5078 Χειμῶνος
3117 5008 3174 5060 δὲ
3203 5008 3396 5060 πολ).οῦ
3429 5009 3682 5068 πεσόντος
3709 5007 3800 5058 καὶ
3825 5007 3925 5059 τοῦ

2347 5102 2904 5169 προσπαρακειμένου
2936 5098 3180 5168 ποταμοῦ
3207 5101 3316 5161 τοῖς
3366 5099 3693 5159 ’ῐωπολίταις
3736 5098 3923 5166 Ὀρόν-

2344 5210 2436 5245 του
2450 5193 2569 5245 καθ’
2588 5191 2891 5261 ὑπερϐολὴν
2905 5191 3009 5261 πλη
3020 5210 3056 5260 μ
3066 5191 3380 5259 μυροῦντος,
3391 5193 3512 5241 ἐπεὶ
3527 5188 3748 5259 ηῠξατο,
3764 5188 3922 5253 ἆξνω

2345 5285 2606 5354 κεραυνὸς
2651 5284 2726 5346 ὡς
2780 5287 2986 5352 σφαῖρα
3033 5283 3205 5349 πυρὸς
3253 5281 3543 5350 οὐρανόθεν
3581 5279 3920 5348 κατηνέχθη,

2345 5379 2438 5428 καὶ
2459 5376 2630 5437 οὕτως
2657 5376 2684 5427 ὃ
2712 5392 2770 5426 τε
2807 5373 3014 5443 χειμὼν
3047 5373 3314 5442 ἐπεσχέθη
3356 5373 3450 5424 καὶ
3475 5371 3542 5424 τά
3581 5371 3774 5441 ῥεῖθρα
3818 5371 3919 5423 τοῦ

2343 5466 2590 5536 ποταμοῦ
2615 5466 2826 5535 ἀνείθη.
2861 5465 2972 5519 Καὶ
3019 5465 3148 5533 γοῦν
3180 5463 3273 5516 τοῦ
3326 5462 3496 5532 πυρὸς
3545 5461 3754 5514 ἐκείνου
3803 5461 3921 5530 πῦρ

2342 5558 2553 5626 ἁνάῲας
2578 5557 2881 5626 όΠερσεὺς
2934 5551 3046 5625 εἶχε
3107 5553 3222 5624 μεθ’
3253 5551 3448 5605 ἑαυτοῦ
3495 5550 3799 5620 βαστάζων,
3835 5550 3921 5615 εἷς

2341 5661 2398 5696 τε
2434 5645 2502 5696 τά
2534 5644 2638 5696 ῐδια
2692 5643 2938 5712 βασίλεια
2993 5641 3214 5710 αγαγὼν
3263 5644 3354 5694 καὶ
3406 5641 3550 5710 ἱερὸν
3588 5634 3682 5692 τοῦ
3743 5640 3918 5708 πυρὸς

2342 5734 2762 5798 κατασκευάσας
2787 5733 2884 5786 καὶ
2921 5733 3086 5803 ἱερεῖς
3115 5730 3362 5793 εὐλαϐεῖς
3388 5729 3586 5800 ἄνδρας
3617 5730 3914 5796 ἐπιπησάο

2345 5843 2535 5897 μενος·
2569 5825 2705 5880 ἀλλὰ
2741 5825 2846 5895 μὴν
2874 5825 2967 5879 καὶ
3019 5827 3077 5879 ἐν
3119 5823 3357 5878 Ἰωπόλει
3407 5822 3502 5876 καὶ
3551 5821 3612 5874 ἐν
3646 5821 3796 5892 πάσῃ
3843 5823 3912 5892 τῇ
