4184 6436
186 395 237 456 ὃ,
1203 383 1741 445 HISTORIARUPJ
1790 384 2324 450 COMPENDIUM.
3323 393 3396 460 70

187 509 248 560 ὐπ’
271 502 407 557 αὐτὸν
443 501 514 569 γῇ
545 499 643 551 καὶ
672 499 748 561 ῶς
772 497 831 562 ἐξ
862 494 1094 566 οὐρανοῦ
1143 495 1541 566 κατενεχθέντα
1580 498 1702 550 θεὸν
1733 504 1778 560 Α
1810 515 1839 568 p

1745 504 1778 560 Α
1810 508 1961 568 pater
1986 501 2187 557 intulit.
2227 500 2330 558 Cui
2361 519 2486 559 cum
2530 503 2732 562 infesto
2768 522 2913 581 equo
2943 523 3242 570 occurrens
3269 509 3397 570 Per-

185 594 381 648 σέϐεσθαι
408 593 468 644 τὸ
503 589 616 660 πῦρ
640 591 824 643 ἐκεῖνο
856 587 1122 650 θεσπίσας
1169 588 1378 652 ἐδίδαξε
1423 591 1703 660 πυρσολα-

180 693 308 761 τρεῖν,
340 685 545 757 μάγους
571 686 698 746 τοὺς
742 681 837 738 τοῦ
867 681 1040 752 πυρὸς
1089 681 1252 752 ἱερεῖς
1287 682 1541 746 καλέσας.
1578 680 1710 751 Ἐρ-

179 797 294 851 χεται
319 775 403 830 οὖν
428 777 564 847 πρὸς
596 775 761 830 αὐτὸν
804 776 861 827 ἐν
902 773 1127 844 πολέμῳ
1149 775 1177 826 6
1207 773 1306 843 τῆς
1347 773 1709 843 Ἀνδρομέδας

180 870 366 942 πατήρό
399 870 650 938 Κηφεύς.
691 867 802 921 Καὶ
835 868 957 921 ἐπεὶ
980 869 1008 920 6
1050 866 1293 936 Περσεὺς
1333 864 1564 932 ἐξελθὼν
1606 865 1706 935 τὴν

179 965 249 1032 τῆς
275 964 518 1030 Γοργόνος
549 959 792 1031 κεφαλὴν
841 960 1181 1024 ἐπεδείκνυε,
1224 960 1451 1029 Κηφεὺς
1497 959 1554 1010 δὲ
1603 957 1706 1010 ὐπὸ

177 1055 245 1107 τοῦ
270 1056 434 1124 γήρως
460 1051 834 1120 ἀμϐλυωπῶν,
877 1051 954 1114 ὡς
987 1049 1224 1119 ἔφιππος
1258 1051 1380 1103 κατ’
1415 1049 1580 1103 αὐτοῦ
1615 1051 1708 1101 ἐπ-

178 1146 344 1198 έϐαινεν
365 1146 392 1195 6
420 1145 691 1214 Περσεὺς,
720 1142 936 1210 ἀγνοῶν
965 1143 1321 1212 ἀμϐλυωπεῖν
1362 1141 1453 1192 τὸν
1482 1141 1701 1210 Κηφέα,

176 1239 405 1304 ἐλογίσατο
435 1238 512 1307 μὴ
544 1239 789 1306 ἐνεργεῖν
822 1236 900 1290 έτι
933 1238 1002 1307 ἣν
1045 1239 1265 1304 κατεῖχε
1311 1237 1409 1303 τῆς
1439 1234 1703 1302 Γοργόνος

176 1329 389 1398 κεφαλήν,
420 1331 520 1381 καὶ
544 1329 784 1399 στρέψας
819 1330 1024 1397 ταύτην
1055 1327 1195 1397 πρὸς
1218 1327 1410 1379 ἐαυτὸν
1462 1327 1557 1380 καὶ
1601 1329 1702 1396 ἐμ-

1813 607 1942 647 seus
1968 604 2135 660 caput
2172 591 2445 666 Gorgonis
2483 604 2839 664 ostentasset,
2889 605 3144 674 Cepheus
3211 615 3397 664 autem

1812 694 2035 755 propter
2071 696 2351 742 senectam
2383 698 2599 746 aetatem
2647 692 2952 758 caecutiret,
2987 702 3242 757 nesciens
3264 697 3400 755 Pcr-

1810 790 1939 829 seus
1965 772 2241 845 Cepheum
2295 782 2575 846 caecutire,
2639 782 2856 852 putavit
2912 793 3078 855 caput
3124 787 3397 860 Gorgonis

1810 869 1956 938 quod
1992 870 2361 939 praetendebat
2412 873 2558 928 vires
2584 888 2715 930 suas
2754 875 2868 945 jam
2927 891 3035 931 non
3097 893 3394 950 exserere;

1808 963 1996 1030 itaque
2025 963 2128 1018 sibi
2161 963 2215 1017 id
2253 965 2514 1030 obvertit,
2538 967 2704 1036 inque
2731 967 2784 1022 id
2811 968 2990 1024 oculis
3034 969 3262 1027 intentis
3311 975 3397 1028 in-

1807 1053 2001 1119 tuitus,
2029 1054 2301 1124 extemplo
2332 1053 2441 1126 42
2487 1067 2791 1113 οιοαιοοιιιε
2839 1060 3024 1128 itaque
3072 1060 3396 1122 interiectus

1807 1154 1910 1200 est.
1964 1146 2009 1198 A
2063 1145 2280 1214 Cepheo
2334 1148 2564 1216 proinde
2622 1163 2790 1217 regno
2843 1150 3134 1207 Persarqu
3185 1153 3390 1226 Met-os,

1807 1237 1954 1291 ﬁlius
1995 1237 2178 1292 Persei
2213 1244 2268 1291 et
2293 1237 2676 1303 Andromedm,
2711 1239 2999 1308 praefectus
3032 1253 3159 1311 est;
3193 1255 3247 1302 et
3281 1247 3399 1315 ipse

1805 1337 2050 1382 cremato
2080 1327 2352 1397 Gorgonis
2385 1332 2563 1400 capite
2599 1332 2652 1385 in
2688 1348 2844 1386 suam
2899 1334 3175 1402 regionem
3211 1339 3394 1394 rediit.

173 1423 328 1488 ελέψας
355 1425 562 1487 ἀτενῶς
614 1426 872 1494 παραυτά
924 1423 1228 1490 τυφλωθεὶς
1279 1422 1544 1491 ἀνῃρέθη.
1587 1423 1697 1476 Καὶ
1738 1423 1925 1475 λοιπὸν
1992 1425 2358 1492 προϐάλλεται
2404 1427 2511 1479 ὐπὸ
2550 1428 2783 1497 Κηφέως
2839 1428 3093 1497 βασιλεὺς
3173 1433 3398 1502 Περσῶν

173 1517 322 1585 Μὲρως
354 1519 380 1569 6
427 1517 687 1586 Περσέως
733 1518 828 1568 καὶ
871 1514 1228 1585 Ἀνδρομέδας
1289 1513 1422 1577 υἱός.
1479 1512 1705 1582 Κηφεὺς
1743 1514 1799 1567 δὲ
1863 1516 1960 1585 τήν
2001 1519 2100 1586 τῆς
2169 1519 2434 1588 Γοργόνος
2483 1519 2731 1590 κεφαλὴν
2776 1520 2986 1584 καύσας
3043 1522 3398 1594 ἀνεχώρησεν

172 1614 226 1674 εἰς
245 1611 324 1679 τήν
353 1612 536 1678 χώραν
564 1608 752 1665 αὐτοῦ.

231 1704 468 1774 Ἀγήνορα
500 1706 554 1757 δὲ
591 1705 700 1774 (58)
730 1705 824 1756 τὸν
868 1704 975 1758 ἀπὸ
1019 1705 1275 1773 Φοινίκης
1328 1705 1356 1756 6
1399 1702 1581 1773 πατὴρ
1619 1704 1700 1765 είς

167 1795 446 1863 ἀναζήτησιν
500 1795 599 1863 τῆς
635 1794 802 1846 αὐτοῦ
838 1794 1113 1863 θυγατρὸς
1145 1793 1415 1862 Εὐρώπης
1445 1792 1703 1844 ἀποστεί-

167 1884 252 1945 λας,
285 1885 458 1950 μαθὼν
487 1887 518 1935 ὁ
546 1883 765 1952 Κάδμος
803 1883 877 1947 ὡς
914 1884 1050 1953 αὐτὴ
1074 1885 1169 1936 σὺν
1192 1882 1390 1952 Ταύρῳ
1414 1882 1491 1952 τῷ
1517 1882 1700 1952 ἀρπά-

167 1987 284 2022 σαντι
311 1971 513 2040 ταύτην
541 1973 641 2041 τῆς
687 1974 912 2042 Κρήτης
961 1972 1262 2041 βασιλεύει,
1321 1970 1590 2040 ὥρμησεν
1623 1971 1704 2032 είς

167 2061 377 2115 Βοιωτίαν
410 2067 509 2115 καὶ
537 2065 736 2127 αὐτοὺς
764 2064 1099 2132 ἀγνοοῦντας
1125 2065 1194 2117 τὰ
1226 2062 1493 2116 Φοινίκων
1519 2064 1705 2132 γράμ-

166 2171 276 2222 ματα
319 2156 544 2222 ἐδίδαξε,
590 2157 685 2210 καὶ
727 2157 1079 2210 ἐϐασίλευσεν
1107 2157 1194 2208 ἐπ’
1236 2157 1422 2220 αὐτοῖς
1469 2157 1563 2226 ἐτη
1601 2153 1698 2224 ξβ’.

164 2251 242 2300 Kal
279 2251 508 2316 γυναῖκα
551 2249 794 2318 ἠγάγετο
836 2249 936 2320 τὴν
990 2248 1288 2318 Ἀρμονίαν
1335 2248 1700 2317 καλουμένην,

163 2340 252 2407 ἥτις
281 2340 417 2409 αὐτῷ
452 2339 518 2402 ἒξ
539 2340 717 2392 τίκτει
750 2341 1078 2409 θυγατέρας,
1099 2339 1236 2403 Ἰνὼ,
1257 2341 1516 2408 Ἀγαύην,
1537 2341 1601 2390 Σε
1611 2341 1706 2408 μέ-

160 2431 596 2502 λῃιςΕὐρυνόμην,
612 2429 874 2484 Κλεανθὼ
905 2431 998 2484 καὶ
1029 2431 1354 2501 Εὐρυδίκην.
1385 2425 1556 2484 Αὖται
1589 2430 1703 2483 ἐλέ-

161 2539 281 2585 γοντο
312 2523 604 2592 Καδμίδες.
638 2515 808 2585 Οὗτος
863 2525 890 2576 6
917 2523 1142 2591 Κάδμος
1175 2522 1272 2574 καὶ
1297 2523 1452 2574 πόλιν
1479 2523 1577 2592 τὴν
1607 2539 1703 2592 με·

162 2611 296 2680 γάλην
313 2614 408 2681 τὴν
437 2615 729 2682 Καδμείαν
749 2617 866 2667 ἐκεῖ
895 2614 1092 2677 κτίζει.
1138 2615 1236 2677 Ὃς
1268 2616 1365 2667 καὶ
1393 2614 1485 2667 τὸν
1512 2617 1702 2686 Τειρε-

161 2704 250 2755 ,τίαν
275 2705 519 2758 Βοιωτῶν
548 2707 678 2759 ὄντα
720 2706 1038 2774 φιλόσοφον,
1093 2708 1185 2760 τὸν
1225 2708 1553 2777 αὐτομάτως
1605 2710 1700 2776 φέ-

161 2794 312 2860 ρεσθαι
338 2797 405 2850 τὰ
439 2797 621 2850 πάντα
657 2801 754 2850 καὶ
783 2799 1122 2870 ἀπρονόητον
1165 2792 1308 2851 εἶναι
1357 2800 1452 2852 τὸν
1494 2801 1700 2871 κόσμον

158 2887 520 2956 ὄογματίσαντα
551 2891 650 2942 καὶ
682 2892 759 2953 είς
797 2890 858 2943 τὸ
902 2890 998 2943 τοῦ
1052 2893 1324 2961 Δαφναίου
1363 2894 1701 2958 Ἀπόλλωνος

160 2978 267 3046 ἱερὸν
293 2981 376 3034 διὰ
404 2982 585 3035 ταῦτα
629 2979 909 3052 ἐξόριστον
940 2983 1257 3052 γενόμενον,
1302 2983 1697 3038 ἀνεκαλέσατο.

157 3067 316 3126 Τοῦτον
353 3074 442 3127 τὸν
492 3075 789 3141 Τειρεσίαν
831 3073 1242 3142 μυθολογοῦσιν,
1293 3074 1368 3139 ὡς
1418 3077 1700 3145 ἑωρακότα

155 3162 362 3219 Παλλάδα
392 3166 722 3236 λουομένην,
768 3167 849 3228 εἰς
900 3166 1161 3234 γυναικὸς
1193 3167 1392 3220 αὐτίκα
1423 3167 1700 3237 μεταϐλη-

1879 1706 2187 1776 Agenorem
2217 1712 2397 1757 autem
2450 1717 2479 1756 a
2511 1703 2794 1758 Phoenicia
2831 1715 2984 1774 pater
3014 1705 3080 1760 ad
3116 1706 3395 1774 inquiren-

1809 1801 1933 1855 dam
1961 1802 2124 1853 ﬁliam
2162 1815 2318 1853 suam
2355 1799 2632 1866 EurOpam
2661 1813 2784 1852 cum
2824 1799 3087 1865 misisset,
3127 1799 3392 1866 Cadmus,

1809 1907 1934 1946 cum
1983 1907 2104 1946 eam
2165 1890 2525 1944 intellexisset
2580 1906 2704 1943 cum
2765 1889 2970 1956 Tauro,
3003 1905 3032 1944 a
3069 1905 3179 1960 quo
3237 1899 3394 1960 rapta

1807 1983 2006 2045 funerat,
2039 1981 2216 2035 Cretae
2279 1996 2533 2049 regnare,
2570 1981 2623 2033 in
2684 1979 2950 2034 Bmotiam
3005 1982 3158 2044 abiit,
3228 1982 3393 2036 Baso-

1805 2084 2000 2143 tosquc
2026 2074 2333 2128 litterarqu
2361 2074 2581 2142 ignaros
2613 2071 2923 2129 Plitenicias
2949 2074 3160 2129 litteras
3181 2074 3390 2140 docuit,

1805 2182 2142 2236 regnumque
2179 2166 2320 2235 apud
2351 2182 2446 2220 eos
2487 2182 2584 2235 per
2622 2166 2692 2220 62
2728 2183 2904 2223 annos
2952 2168 3218 2224 obtinuit.
3241 2166 3386 2224 Uro.

1805 2275 1916 2314 rem
1949 2259 2105 2312 duxit
2132 2259 2513 2320 Harmoniam,
2545 2273 2666 2326 quae
2695 2259 2745 2312 ei
2784 2274 2879 2312 sex
2936 2258 3076 2313 ﬁlias
3128 2259 3337 2330 peperit
3367 2273 3384 2325 ς

1805 2364 2037 2418 quarum
2073 2350 2290 2401 nctuina
2321 2349 2440 2412 lno,
2500 2350 2704 2416 Agave,
2767 2348 3002 2411 Semele,
3053 2350 3388 2419 Eurynome,

1805 2443 2148 2511 Cleantlto',et
2181 2441 2454 2513 Eurydice
2483 2459 2496 2494 :
2540 2441 2622 2496 hae
2646 2441 2810 2496 etiam
2834 2441 3124 2497 Cadmides
3137 2443 3389 2496 nomina-

1804 2537 2025 2592 bantur.
2049 2535 2099 2591 ls
2130 2535 2369 2590 Cadmus
2397 2534 2560 2588 etiam
2591 2533 2885 2586 Cadmeam
2913 2547 3164 2603 magnam
3193 2532 3387 2588 urbem

1805 2629 1876 2683 ibi
1897 2629 2262 2691 condidit,et
2287 2626 2555 2682 Tiresiam
2604 2625 2920 2680 Boeotorum
2974 2623 3387 2694 philosophum,

1804 2720 2074 2791 quiquod
2099 2721 2282 2774 omnia
2335 2720 2565 2774 fortuito
2624 2717 2754 2772 ferri
2809 2717 3070 2784 nullaque
3125 2716 3390 2770 mundum

1803 2813 2142 2881 providentia
2183 2810 2477 2879 gubernari
2509 2810 2811 2872 docuisset,
2845 2810 2899 2862 in
2928 2806 3173 2876 Dapltnei
3215 2806 3386 2876 Apol-

1806 2902 1932 2954 linis
1952 2901 2210 2968 templum
2242 2900 2513 2969 relegatus
2539 2899 2740 2962 fuerat,
2781 2900 2848 2953 ab
2869 2899 3065 2953 exsilio
3087 2900 3387 2953 revocavit.

1803 2994 2138 3048 Fabulantur
2159 2994 2304 3046 hunc
2322 2991 2614 3054 Tiresiam,
2642 3008 2764 3046 cum
2796 2993 3066 3045 lavantem
3091 2990 3388 3045 Minervam

1801 3085 2050 3146 vidisset,
2087 3083 2272 3138 subito
2306 3085 2360 3136 in
2424 3085 2708 3136 mulierem
2769 3096 3096 3135 conversum
3161 3078 3380 3144 fuisse;

1805 3175 1972 3242 inque
2012 3187 2077 3227 ea
2136 3185 2332 3225 natura
2389 3173 2610 3226 curiose
2681 3171 3059 3240 exploravisse
3110 3175 3390 3240 quomodo

153 3254 279 3322 θῆναι
320 3258 506 3323 φύσιν,
541 3259 642 3310 καὶ
680 3257 1165 3326 πολυπραγμονεῖν
1210 3257 1348 3328 αὐτῇ
1398 3258 1516 3321 πῶς
1563 3259 1702 3327 γυνὴ
1730 3265 1776 3326 c

1738 3265 1776 3326 Ο
1812 3266 2006 3320 mulier
2033 3281 2101 3319 ex
2124 3266 2242 3317 viro
2265 3263 2562 3333 concipiat,
2593 3263 2874 3332 quomodo
2901 3263 3067 3316 unica
3103 3261 3390 3332 sanguinis

153 3350 264 3415 μετά
294 3349 482 3419 ἀνδρὸς
521 3349 918 3417 συλλαμϐάνει,
952 3350 1049 3402 καὶ
1076 3349 1191 3412 πῶς
1218 3352 1253 3419 η
1277 3350 1375 3418 μία
1410 3350 1574 3419 φύσις
1606 3350 1702 3403 τοῦ

150 3440 343 3503 αἵματος
399 3442 480 3501 εἰς
527 3439 816 3491 ὀστᾶ“καὶ
868 3438 1074 3506 φλέϐας
1104 3441 1201 3492 καὶ
1235 3441 1445 3509 σάρκας
1489 3442 1583 3494 καὶ
1637 3441 1705 3494 τὰ

150 3529 278 3580 iam
309 3530 623 3598 μερίζεται,
663 3530 760 3583 καὶ
797 3529 1002 3599 βρέφος
1035 3528 1478 3601 ζωογονούμενον
1523 3534 1702 3586 τίκτε-

148 3634 236 3677 ται,
267 3620 359 3671 καὶ
391 3619 489 3672 τοῦ
514 3620 868 3691 Δημιουργοῦ
906 3619 1006 3691 τὴν
1038 3622 1232 3690 σοφίαν
1284 3623 1358 3692 μὴ
1402 3623 1702 3692 δυνηθέντα

148 3709 438 3764 καταλαϐεῖν
480 3713 564 3774 εἰς
612 3713 1022 3783 αὐτοματισμὸν
1062 3712 1413 3781 ἐξολισθῆσαι
1439 3731 1453 3746 ο
1481 3715 1561 3766 διὸ
1606 3717 1701 3766 καὶ

147 3801 394 3864 παίζοντες
424 3804 594 3854 αὐτὸν
628 3806 709 3864 είς
742 3805 1020 3869 γυναικῶν
1055 3805 1218 3871 φύσιν
1245 3803 1490 3872 ἔφρασαν
1527 3823 1697 3874 μετα-

144 3891 388 3962 βληθῆναι.
420 3889 597 3956 Οὗτος
638 3895 667 3946 6
702 3895 972 3965 Κάδμοςό
1003 3895 1102 3964 τῆς
1148 3895 1413 3958 Βοιωτίας
1450 3895 1701 3964 βασιλεὺς

153 3985 356 4053 Ἀγαύην
381 3987 482 4055 τήν
519 3986 689 4038 αὐτοῦ
719 3986 997 4054 θυγατέρα
1044 3987 1244 4055 Ἐχίονι
1291 3988 1416 4050 δοὺς
1466 3990 1702 4054 γυναῖκα

143 4078 204 4137 εἰς
247 4077 368 4130 Χίον
417 4077 776 4131 ἀποστέλλει.
810 4077 1073 4130 Γεννᾶται
1108 4073 1202 4130 οὖν
1241 4076 1301 4142 ἐξ
1355 4079 1528 4147 αὐτῆς
1561 4081 1700 4150 ἀνὴρ

143 4167 365 4238 φρόνιμος
387 4170 486 4222 καὶ
519 4169 747 4230 συνετὸς
785 4169 813 4220 6
845 4167 1081 4231 Πενθεύς
1104 4185 1118 4199 ·
1155 4169 1242 4240 [Ρ.
1282 4169 1374 4240 24]
1407 4165 1451 4238 ᾧ
1480 4173 1572 4223 καὶ
1603 4175 1701 4240 τὴν

141 4260 372 4328 διοίκησιν
418 4262 522 4329 τῆς
562 4260 849 4330 βασιλείας
899 4259 1128 4330 ὕστερον
1170 4261 1534 4332 παρεχώρησε
1581 4263 1700 4315 Κά-

141 4348 266 4416 ὅμος,
295 4351 366 4413 ὡς
398 4351 573 4403 αὐτοῦ
609 4353 746 4419 μετὰ
786 4352 1068 4420 Τειρεσίου
1093 4351 1188 4404 ἐπὶ
1219 4352 1278 4404 τὸ
1308 4352 1698 4423 Κιθαιρώνειον

140 4441 236 4508 ips;
268 4441 353 4495 τὸν
387 4443 506 4512 βίον
537 4442 981 4504 διατελέσαντος.
1010 4443 1123 4512 Τὴν
1149 4442 1205 4494 δέ
1247 4441 1494 4512 Σεμέλην
1525 4443 1699 4494 Πολυ-

143 4533 292 4601 μήδων
316 4536 344 4585 6
374 4533 495 4594 υἱὸς
535 4531 634 4582 τοῦ
669 4531 996 4598 Αίθερίωνος
1031 4534 1242 4602 γήμας,
1283 4534 1347 4584 ἐκ
1375 4532 1470 4583 τοῦ
1507 4531 1697 4597 γένους

143 4621 198 4670 ὦν
223 4622 307 4674 τοῦ
340 4624 485 4684 Διὸς.
519 4623 634 4674 ἀπὺ
679 4621 918 4689 Σεμέλης
949 4623 1350 4690 ἑπταμηνιαῖον
1371 4623 1535 4691 γεννᾷ
1570 4623 1695 4691 βρέ-

144 4730 215 4778 φος
256 4714 339 4767 διὰ
362 4715 422 4766 τὸ
447 4714 560 4766 ὐπὸ
588 4711 890 4781 ἀστραπῶν
922 4714 1017 4764 καὶ
1051 4712 1290 4780 βροντῶν
1318 4712 1572 4777 ἐξαισίων
1599 4715 1696 4778 τὴν

146 4808 320 4872 μητέρα
347 4805 674 4858 ἀποθανεῖν.
709 4803 879 4855 Τοῦτο
909 4805 970 4855 τὸ
1003 4803 1200 4872 βρέφος
1248 4803 1328 4864 είς
1360 4801 1566 4853 Νυσίαν
1599 4801 1697 4872 τὴν

143 4895 289 4963 χώραν
317 4899 342 4949 6
371 4897 604 4965 Κάδμος
629 4893 972 4963 ἐκτραφῆναι
1004 4892 1272 4972 ἐπεμψεν,
1300 4893 1328 4945 ὃ
1351 4893 1444 4945 καὶ
1467 4892 1697 4945 Νύσειον

145 4984 420 5056 ὠνομάσθη.
468 4985 861 5052 Μυθολογούσι
892 4985 946 5037 δὲ
988 4987 1071 5038 ὃτι
1113 4984 1271 5036 τοῦτο
1296 4985 1324 5036 6
1355 4986 1490 5046 Ζεὺς
1531 4987 1588 5037 ἐν
1622 4984 1697 5053 τῷ

147 5074 233 5144 ἱίἑῳ
253 5080 430 5148 κόλπῳ
461 5080 564 5130 ἐπὶ
598 5077 842 5146 δευτέρῳ
873 5077 1001 5146 μηνὶ
1037 5076 1336 5144 ἐφύλασσε,
1365 5076 1500 5128 διότι
1533 5076 1696 5146 μέρος

146 5167 259 5236 ζωῆς
288 5171 408 5240 ἔσχε
439 5172 589 5241 πρὸς
622 5169 717 5222 τοῦ
764 5168 896 5221 Θεοῦ
933 5169 1086 5238 παρά
1111 5169 1202 5232 τὸν
1235 5166 1542 5238 ὡρισμένον
1572 5168 1697 5238 χρό-

149 5261 529 5329 -υονὲκτρωθείς,
563 5251 761 5313 Ἀλλῖοι
783 5259 838 5311 δέ
863 5259 1049 5312 τοῦτον
1077 5259 1148 5321 ὡς
1174 5259 1234 5323 ἐξ
1257 5258 1502 5328 ἡλιακῶν
1525 5259 1696 5328 εὐχῶν

150 5354 347 5412 una-ixi
395 5370 522 5406 τινα
572 5352 675 5403 καὶ
726 5351 1017 5420 θαυμαστά
1064 5350 1278 5419 δρῶντα
1313 5349 1409 5401 καὶ
1456 5350 1532 5412 ὼς
1567 5351 1693 5419 περὶ

149 5441 414 5514 άμπελικὴν
460 5443 755 5512 γεωργίαν
782 5441 1134 5508 ἐκτιθέμενον
1165 5441 1485 5494 ἀπεθέωσάν
1509 5461 1566 5494 τε
1600 5446 1692 5494 καὶ

149 5533 360 5590 Διόνυσον
409 5537 820 5606 μετεκάλεσαν,
874 5533 948 5598 ὡς
993 5537 1058 5588 ἐκ
1114 5535 1303 5602 γένους
1359 5535 1485 5588 ὄντα
1545 5538 1688 5598 Διός.

1808 3363 2002 3408 natura
2031 3356 2087 3407 in
2123 3369 2271 3416 ossa,
2297 3369 2483 3416 venas,
2511 3368 2704 3406 carnes
2731 3363 2784 3407 et
2823 3361 3016 3406 caetera
3047 3351 3388 3407 distribuan-

1807 3457 1918 3510 tur,
1953 3457 2005 3501 ct
2063 3445 2336 3515 quomodo
2368 3445 2534 3499 luctus
2590 3445 2746 3496 vivus
2790 3445 3096 3513 gignatur;
3149 3458 3391 3513 cumque

1807 3540 2131 3609 sapientiam
2177 3537 2406 3607 Opiﬁcis
2438 3539 2657 3606 assequi
2689 3538 2980 3605 cogitando
3017 3536 3289 3607 nequiret,
3322 3550 3390 3590 eo

1808 3628 2123 3695 prolapsum
2152 3635 2205 3680 ut
2243 3627 2428 3679 omnia
2470 3625 2695 3679 fortuito
2747 3626 2863 3679 ﬁeri
2917 3626 3146 3680 diceret.
3197 3621 3390 3694 Itaque

1799 3717 1926 3784 joco
2017 3717 2224 3768 dictum
2297 3725 2381 3768 est
2455 3732 2578 3767 euut
2661 3718 2713 3767 itt
2809 3715 3056 3773 mulieris
3131 3722 3388 3769 naturam

1805 3807 2146 3861 transivisse.
2237 3807 2289 3861 Is
2379 3807 2618 3860 Cadmus
2688 3807 2913 3863 Btemiae
2989 3822 3086 3862 rex
3166 3809 3390 3877 Agaven

1807 3897 1970 3950 ﬁliam
2011 3915 2163 3952 suam
2204 3897 2434 3952 Ecltioni
2463 3899 2516 3952 in
2555 3897 2967 3951 matrimonium
3005 3897 3172 3962 dedit,
3225 3911 3290 3951 ac
3329 3898 3384 3951 in

1803 3987 1910 4060 43
1944 3988 2138 4044 Chium
2167 3989 2498 4043 amandavit.
2542 3988 2758 4056 Peperit
2788 3988 2901 4042 haec
2940 3988 3114 4041 virum
3145 3987 3390 4056 pruden-

1807 4091 1912 4133 tem
1941 4094 2005 4134 ac
2040 4081 2402 4149 ingeniosum,
2443 4080 2663 4133 nomine
2697 4077 2996 4132 Pentheum
3023 4093 3040 4138 ς
3069 4077 3159 4131 cui
3195 4084 3389 4146 postea

1805 4170 2066 4235 temporis
2087 4169 2324 4222 Cadmus
2360 4168 2506 4228 regni
2531 4167 3062 4221 administrationem
3085 4165 3384 4229 commisit,

1802 4275 1926 4312 cum
1982 4260 2098 4327 ipse
2157 4274 2280 4311 cum
2344 4259 2554 4312 Tiresia
2629 4259 2914 4311 statuisset
2964 4256 3016 4309 in
3077 4255 3389 4312 Cithaerone

1802 4360 1984 4404 monte
2015 4349 2178 4403 vitam
2211 4348 2389 4402 ﬁnire.
2438 4347 2705 4411 Semelen
2734 4345 3068 4416 Polymedon
3103 4342 3388 4400 Etherio-

1802 4443 1888 4497 nis
1921 4441 2084 4494 ﬁliam
2122 4441 2298 4504 duxit,
2329 4456 2393 4495 ex
2423 4449 2584 4509 gente
2630 4438 2820 4502 Jovis;
2856 4447 3021 4507 atque
3048 4454 3115 4493 ex
3160 4453 3226 4492 ea
3257 4452 3391 4507 pro-

1804 4535 1907 4588 lem
1955 4535 2357 4602 seplimestrcm
2416 4531 2687 4596 sustulit,
2740 4538 2912 4582 matre
2981 4528 3290 4597 fulguribus
3331 4536 3389 4583 et

1803 4623 2122 4675 tonitrilms-
2151 4623 2381 4675 insolitis
2437 4628 2651 4674 necata.
2711 4619 2949 4672 Cadmus
3013 4618 3275 4672 infantem
3328 4617 3386 4672 in

1803 4711 2022 4782 Nysiam
2063 4713 2362 4780 regionem,
2408 4727 2530 4779 qua:
2577 4720 2630 4764 et
2677 4709 2937 4781 Nyseium
2973 4709 3195 4774 dicitur,
3243 4708 3389 4765 alen-

1806 4804 1931 4856 dam
1974 4803 2142 4856 misit.
2178 4801 2513 4855 Fabulantur
2542 4801 2800 4855 infantem
2832 4817 2858 4852 a
2891 4799 3022 4854 Jove
3051 4801 3104 4854 in
3129 4800 3254 4854 sinu
3283 4815 3386 4855 suo

1805 4893 1944 4947 duos
2016 4895 2258 4960 reliquos
2307 4909 2522 4948 menses
2567 4900 2909 4946 asservatutn
2962 4890 3166 4957 fuisse;
3231 4891 3382 4960 quod

1806 4985 2017 5039 scilicet
2046 5000 2074 5037 a
2103 4987 2204 5038 deo
2231 4992 2437 5052 portent
2467 4983 2762 5051 quamdam
2800 4981 3154 5046 vit-.eltabuit,
3184 4981 3382 5036 abortu

1807 5084 1934 5129 ante
1971 5076 2268 5145 legitimum
2307 5084 2519 5143 tempus
2550 5075 2750 5130 editus.
2779 5076 2884 5128 Alii
2930 5075 3098 5139 hunc,
3138 5073 3284 5143 quod
3314 5090 3381 5128 ex

1804 5168 2074 5220 solut-ibus
2106 5167 2357 5234 precibus
2390 5166 2619 5236 mystica
2666 5165 2912 5232 quaedam
2947 5174 3003 5218 et
3047 5165 3380 5218 miraculosa

1804 5258 2008 5311 faveret
2041 5266 2096 5310 et
2138 5257 2261 5311 vitis
2315 5257 2522 5311 cultum
2565 5256 2862 5322 docuisset,
2901 5256 2954 5308 in
3003 5255 3135 5310 deos
3175 5255 3383 5309 retule-

1803 5358 1932 5402 runt
1983 5364 2044 5404 ac
2094 5348 2413 5419 Dionysium
2479 5349 2856 5412 nominarunt,
2917 5356 2977 5400 ut
3020 5345 3168 5400 Jovis
3209 5347 3382 5416 stirpe

1795 5449 1999 5494 citum.
2031 5440 2346 5509 Dionysium
2384 5441 2529 5492 ltunc
2581 5437 2766 5492 ferunt
2803 5439 2870 5491 ad
2906 5436 3102 5490 Persas
3136 5436 3375 5499 venisse.

1797 5547 1860 5584 ac
1910 5532 2186 5586 mirabiles
2234 5533 2501 5602 quasdam
2549 5530 2971 5603 imaginationes
3031 5542 3262 5602 operum
3316 5543 3382 5584 ac

1178 5669 1532 5724 XYLANDRI
1592 5671 1680 5726 ET
1746 5670 2227 5726 GOARINOTAE.

203 5811 296 5885 (ΞΒ)
341 5813 516 5873 Locus
543 5814 874 5888 pchpiscue
901 5826 1215 5888 corruptus,
1273 5816 1455 5874 fabula
1507 5819 1587 5874 vel
1619 5834 1680 5876 ex
1723 5815 1914 5875 Ovidio
1945 5826 2091 5875 nota.
2125 5817 2259 5875 XrL.
