4184 6436
635 401 707 465 ¹ῖ9
1904 393 2223 452 GEORGII
2265 392 2598 453 CEDRENI
3825 392 3897 457 80

633 515 960 575 Comm-rita,
1002 511 1226 570 Atlanta.
1258 509 1471 562 Sv‘iiOilll
1497 517 1547 563 et
1579 509 1769 578 Segor,
1803 508 2137 577 totidemque
2164 521 2222 561 re

2347 507 2544 578 Ξηγὼρ,
2572 510 2662 562 καὶ
2687 507 2967 572 τοσούτους
3009 509 3264 578 βασιλεῖς.
3321 509 3540 573 Τούτοις
3574 511 3620 562 οἱ
3684 508 3904 578 πλησιό-

639 621 733 676 ges
757 605 1118 674 imperabant.
1147 602 1239 654 llis
1258 602 1496 671 quinque.
1514 601 1732 669 regibus
1757 611 1989 670 quatuor
2008 599 2219 654 ﬁnitimi

635 698 896 766 Syrorum
948 708 1099 761 reges
1147 693 1344 746 bellum
1375 690 1640 755 iecerunt,
1677 689 1905 744 ductore
1926 689 2224 743 Citodollo—

637 802 859 852 gomnre
887 783 1033 838 llatni
1078 799 1222 853 rege.
1279 782 1529 836 Praeliutn
1578 782 1927 836 commissum
1967 789 2052 834 est
2081 779 2224 849 apud

639 878 850 931 Salsum
903 889 1072 936 tnare,
1105 874 1247 943 quod
1297 887 1444 926 nunc
1508 871 1776 925 Mortuum
1819 881 2067 937 vocatur;
2116 884 2226 939 quo

639 968 693 1020 in
729 967 864 1020 tnari
897 965 1163 1037 permulta
1197 972 1325 1018 sunt
1384 963 1747 1025 admirabilia,
1782 976 1904 1030 qua:
1937 962 2055 1031 ipse
2105 976 2229 1031 spc-

637 1060 804 1113 etavi.
840 1057 973 1111 Nam
1005 1071 1175 1124 neque
1222 1056 1421 1108 animal
1456 1055 1622 1108 ullum
1653 1069 1716 1108 ea
1749 1069 1885 1124 aqua
1923 1052 2151 1124 profert,
2175 1061 2230 1108 et

635 1151 900 1206 cadavera
929 1149 1031 1203 sub
1061 1164 1234 1218 aquas
1262 1148 1542 1211 decidunt,
1581 1149 1738 1203 vivus
1795 1153 1978 1202 autem
2029 1147 2228 1217 aliquis

636 1259 740 1296 non
781 1240 938 1295 facile
956 1255 1155 1310 corpus
1180 1253 1333 1294 suum
1367 1241 1472 1293 sub
1502 1253 1698 1308 aquam
1733 1252 1973 1306 mergere
2005 1237 2181 1306 possit
2212 1254 2225 1299 ;

636 1346 690 1388 et
751 1337 988 1389 lucerna:
1036 1333 1292 1387 ardentes
1341 1331 1562 1400 quidem
1613 1331 1882 1394 innatant,
1946 1330 2232 1383 exstincta:

637 1437 816 1480 autem
865 1427 1304 1494 submerguntur.
1357 1423 1434 1476 lbi
1506 1422 1791 1475 bituminis
1842 1429 1972 1475 sunt
2024 1420 2224 1473 fontes.

637 1518 760 1570 Fert
792 1517 952 1570 etiam
980 1517 1195 1568 alumen
1225 1528 1289 1568 ac
1312 1513 1480 1568 salem
1511 1514 1725 1566 modico
1751 1513 1820 1566 ab
1869 1512 1994 1565 aliis
2027 1511 2229 1565 discri-

637 1607 780 1659 mine
815 1622 829 1659 :
861 1619 984 1656 nam
1009 1611 1060 1656 et
1083 1617 1267 1655 amara
1299 1594 1455 1663 sunt,
1497 1599 1790 1670 pellucida.
1824 1600 1927 1655 Ubi
1961 1613 2090 1653 vero
2115 1599 2231 1651 fru-

637 1706 759 1750 rtus
782 1697 1067 1764 reperitur,
1089 1692 1220 1746 nihil
1241 1691 1754 1760 quidqnatnlpraeter
1771 1690 1975 1745 fumum
1997 1690 2227 1760 praebet.

645 1789 797 1856 Aqua
868 1787 1155 1840 sanitatem
1240 1783 1522 1837 utentibus
1588 1781 1837 1846 confert,
1899 1796 2232 1851 prorsnsque

2331 619 2496 672 χωροι
2543 601 2808 669 τέσσαρες
2866 600 3106 670 βασιλεῖς
3170 603 3357 672 Σύρων
3402 601 3768 672 ἐπολέμησαν,
3831 598 3908 652 ὢν

2331 690 2936 761 ἡγεῖτοΧοδολλογομδρ
2967 690 3220 760 βασιλεὺς
3249 693 3276 744 ὁ
3313 692 3484 762 Ίλάμ.
3519 691 3821 743 Συνέϐαλον
3850 691 3907 742 δὲ

2333 787 2484 857 ποιρά
2510 787 2608 856 τὴν
2635 786 2913 840 Θάλασσαν
2933 789 3032 854 τὴν
3081 789 3297 858 ἀλικήν.
3354 789 3464 840 Καὶ
3500 787 3749 840 καλεῖται
3809 785 3904 838 νῦν

2334 878 2578 932 θάλασσα
2604 878 2812 948 Νεκρὰ,
2862 878 3091 932 πλεῖστα
3147 879 3425 948 θαυμάσια
3479 879 3699 949 ἔχουσα,
3726 877 3760 932 ἃ
3799 878 3910 946 ἐγὼ

2331 972 2661 1041 ἐθεασάμην.
2706 971 2853 1024 Ζῶόν
2885 988 2942 1024 τε
2977 972 3086 1042 γάρ
3112 971 3266 1024 οὐδὲν
3283 973 3456 1024 ἐκεῖνο
3480 973 3636 1041 φέρει
3655 972 3714 1023 τὺ
3737 971 3903 1040 ὕδωρ,

2332 1063 2426 1116 καὶ
2465 1063 2638 1132 νεκρά
2669 1063 2768 1132 μὲν
2798 1063 3023 1133 σώματα
3067 1063 3378 1135 ὑποϐρύχια
3420 1063 3651 1130 γίνεται,
3684 1062 3794 1126 ζῶν
3850 1063 3909 1116 δέ

2332 1171 2416 1217 τις
2445 1151 2553 1206 οὐδ’
2587 1151 2652 1205 ἂν
2683 1153 2878 1222 ῥᾳδίως
2911 1153 3255 1224 βαπτίσαιτο.
3291 1156 3396 1208 Καὶ
3417 1154 3600 1224 λύχνοι
3632 1155 3730 1223 μὲν
3757 1156 3908 1207 καιο-

2337 1261 2488 1312 μενοι
2547 1245 2941 1313 ἐπιφέρονται,
3011 1247 3364 1315 σῦεννύμενοι
3418 1247 3473 1299 δὲ
3530 1247 3910 1304 καταδύουσιν.

2345 1335 2613 1388 Ἐνταῦθά
2672 1337 2809 1388 εἰσιν
2866 1339 2922 1388 αἱ
2972 1336 3074 1404 τῆς
3112 1337 3390 1408 ἀσφάλτου
3434 1338 3628 1408 πηγαί.
3663 1340 3823 1408 Φέρει
3856 1339 3914 1391 δὲ

2335 1445 2430 1479 στυ
2440 1428 2672 1494 πτηρίαν
2690 1428 2785 1481 καὶ
2804 1428 2935 1489 ἃλας
2959 1428 3139 1492 ὀλίγον
3155 1446 3207 1482 τι
3231 1428 3340 1481 τῶν
3361 1429 3535 1482 ἄλλων
3557 1430 3901 1500 διαφέροντα·

2333 1518 2517 1587 πικρά
2549 1537 2606 1571 τε
2639 1520 2748 1587 γάρ
2783 1520 2889 1571 εἰσι
2920 1520 3013 1572 καὶ
3061 1520 3278 1588 διαυγῆ.
3317 1520 3486 1573 Ἔνθα
3520 1521 3565 1574 δ’
3601 1521 3666 1574 ἂν
3700 1522 3913 1590 καρπὸς

2339 1609 2424 1681 [Ρ.
2457 1609 2551 1681 9.9]
2595 1611 2814 1679 εὑρεθῇ,
2851 1611 3060 1663 καπνοῦ
3093 1613 3254 1666 πλέον
3293 1613 3610 1683 εὑρίσκεται
3637 1613 3808 1666 οὐδέν.
3841 1614 3914 1665 Τὸ

2337 1702 2392 1754 δὲ
2424 1702 2566 1771 ὕδωρ
2608 1703 2752 1754 tam
2775 1703 2900 1763 τοὺς
2927 1704 3246 1772 χρωμένους
3279 1705 3448 1776 αὐτῷ,
3481 1705 3635 1774 λήγει
3667 1723 3722 1756 τε
3755 1706 3916 1758 παντὶ

2338 1792 2488 1845 ῦδατι
2538 1792 2748 1862 πάσχον
2805 1792 2871 1844 τά
2903 1793 3140 1848 ἐναντία.
3174 1793 3236 1846 El
3267 1795 3322 1847 δὲ
3358 1794 3429 1863 μὴ
3475 1793 3742 1865 Ἰορδάνην
3772 1790 3916 1866 ε’χῖν

636 1879 816 1931 omnia
867 1891 1056 1931 COI'UIII
1111 1891 1232 1945 quae
1287 1875 1406 1929 aliis
1441 1873 1697 1927 accidunt
1728 1874 1884 1943 aquis
1945 1873 2222 1927 contraria

2347 1885 2362 1937 5
2403 1884 2564 1948 τόπος
2599 1884 2806 1955 τροιρὴν
2848 1885 2924 1947 ὡς
2974 1885 3259 1956 πορφύραν
3304 1886 3654 1956 διατρέχοντα
3689 1888 3782 1939 καὶ
3823 1887 3916 1938 ἐπὶ

641 1971 799 2025 habet
841 1969 1163 2024 accidentia.
1202 1966 1356 2033 Quod
1403 1966 1507 2020 nisi
1542 1966 1588 2022 is
1629 1967 1784 2021 locus
1807 1965 2099 2020 Jordanem
2131 1979 2230 2033 pro

641 2063 978 2117 nutrimento
1011 2061 1250 2123 haberet,
1283 2058 1376 2128 qui
1410 2074 1666 2127 purpura:
1699 2059 1871 2112 instar
1929 2057 2231 2126 perlabitur

640 2170 702 2210 ac
739 2153 1030 2224 plurimum
1063 2152 1292 2215 resistit,
1323 2152 1582 2220 opinione
1614 2151 1774 2204 etiam
1822 2149 1988 2204 citius
2027 2147 2232 2203 desiis-

641 2243 926 2300 set.Jnxta
974 2242 1274 2297 balsamum
1321 2242 1591 2296 uberrime
1641 2240 1907 2311 provenit.
1930 2238 2012 2294 Ob
2038 2238 2232 2308 impie-

644 2345 811 2390 tatem
844 2334 1154 2388 accolarum
1174 2333 1436 2388 subversa
1458 2349 1487 2386 a
1513 2335 1619 2387 Deo
1640 2347 1702 2386 ea
1738 2332 1856 2386 loca
1890 2330 2230 2384 existimant.

711 2427 816 2496 52
848 2425 1014 2479 lsaaei
1045 2424 1367 2479 τοι-αυλιιιιιιι
1391 2426 1560 2478 risum
1592 2437 1621 2476 a
1648 2422 1917 2492 voluptate
1933 2421 2234 2490 profectum

644 2528 823 2572 ιι;›ι;ιι.
861 2516 1126 2571 llabraica
1187 2514 1332 2570 enim
1369 2515 1549 2584 lingua
1584 2513 1635 2567 id
1677 2514 1724 2567 ei
1777 2527 1974 2567 nomen
2034 2510 2235 2565 factum

641 2622 748 2678 est,
784 2623 1070 2680 propterea
1111 2610 1253 2678 quod
1297 2609 1433 2662 Sara
1463 2607 1649 2661 audita
1679 2605 1863 2660 divina
1898 2604 2069 2674 prolis
2131 2605 2235 2658 sibi

645 2705 698 2760 in
729 2710 1008 2760 senectute
1041 2699 1237 2754 fatur-.e
1260 2697 1631 2768 promissione
1669 2697 1996 2753 subriserat.
2071 2692 2239 2749 Natus

645 2806 728 2851 est
757 2795 973 2848 Isaacus
998 2805 1144 2844 anno
1181 2788 1363 2842 mundi
1397 2788 1559 2842 5MB.

722 2887 925 2939 Eodem
960 2896 1206 2953 tempore
1257 2881 1309 2935 itt
1369 2880 1529 2934 Creta
1589 2880 1886 2934 Saturnum
1923 2890 1974 2934 et
2038 2882 2239 2936 Rheam

647 2993 907 3048 regnasse
971 2975 1143 3030 Graeci
1178 2982 1424 3027 narran'.
1480 2969 1582 3036 Qui
1633 2987 1761 3026 vero
1792 2974 1854 3025 ad
1911 2974 2242 3026 Atlanticum

650 3071 849 3128 Oceani
884 3072 1059 3125 sinuin
1093 3067 1338 3122 incolunt
1395 3081 1490 3120 eos
1521 3065 1755 3134 primttm
1788 3080 1969 3134 regem
2019 3067 2242 3120 habuis-

650 3180 708 3218 se
777 3162 1032 3226 (Erulum,
1121 3158 1214 3229 qtti
1274 3172 1496 3212 uxorem
1564 3156 1722 3210 Titan
1791 3156 2043 3212 habuerit
2099 3159 2243 3211 ttnde

651 3256 874 3311 Titanes
924 3253 1196 3322 appellati.
1244 3249 1400 3304 llunc
1441 3248 1622 3303 ferunt
1668 3259 1925 3302 accurate
1971 3259 2241 3302 astrorum

652 3364 848 3403 rursus
925 3346 1263 3406 observasse,
1348 3356 1410 3395 ac
1484 3340 1666 3394 multis
1726 3353 1848 3410 quae
1904 3341 1955 3392 in
2039 3341 2246 3394 mundo

652 3447 912 3493 eventura
943 3442 1096 3487 erant
1139 3430 1478 3502 prmtlixisse.

727 3529 1073 3584 Aln'ahatnus
1131 3538 1330 3576 annum
1385 3537 1552 3591 agens
1613 3519 1683 3574 85
1751 3519 1893 3574 [ante
1943 3520 2135 3574 oborta
2193 3521 2246 3574 in

654 3621 945 3692 Aﬁgyptutu
994 3614 1294 3672 descendit.
1341 3611 1543 3668 Eodem
1602 3611 1985 3680 annoJupiter
2024 3611 2249 3666 Saturni

657 3717 796 3769 tilins
824 3728 945 3767 cum
989 3709 1202 3764 Junone
1250 3705 1425 3761 Creta:
1464 3721 1686 3776 regnum
1742 3707 1937 3760 tenuit.
2017 3705 2172 3760 Tunc
2199 3715 2254 3760 et

656 3806 879 3860 Titanes
908 3802 1048 3856 bello
1075 3799 1264 3853 larem
1322 3803 1646 3862 tentarunt;
1698 3804 1752 3850 et
1802 3796 2071 3860 Bacchus,
2141 3812 2250 3850 non

659 3896 900 3952 Semeles
943 3891 1033 3946 ille
1085 3890 1249 3954 ﬁlius,
1308 3887 1402 3942 sed
1441 3887 1578 3940 alius
1608 3887 1780 3939 multo
1849 3889 2133 3952 vetustior,
2171 3889 2254 3940 \‘i-

660 4006 786 4044 num
839 3985 1061 4054 reperit,
1101 3982 1264 4052 inque
1297 3979 1665 4034 torcularibus
1731 3977 1928 4046 (Lentis
1952 3977 2125 4032 Graeci
2164 3994 2255 4031 vo-

659 4083 808 4147 cant)
831 4076 1122 4147 expressit,
1146 4075 1288 4127 unde
1325 4072 1373 4125 ei
1400 4069 1574 4123 Lentei
1625 4084 1956 4138 cognomen.
1991 4069 2064 4122 Ita
2091 4069 2254 4123 etiam

657 4174 824 4228 Ceres
880 4170 1213 4221 frumentum
1263 4161 1435 4216 fertur
1502 4169 1556 4213 et
1627 4161 1886 4214 hordeum
1955 4159 2253 4213 invenisse.

661 4263 786 4317 llaec
826 4271 908 4314 est
957 4271 1077 4326 quae
1119 4253 1274 4308 Isidis
1325 4252 1545 4305 nomine
1599 4250 1668 4303 ab
1720 4248 1992 4319 Aigyptiis
2031 4250 2252 4304 colitur.

663 4355 859 4410 lisdetn
900 4351 1147 4404 Bacchus
1179 4354 1263 4400 est
1291 4343 1486 4399 Osiris.
1515 4341 1588 4395 Ea
1616 4349 1962 4412 tempestate,
1995 4351 2054 4396 ut
2102 4342 2259 4396 l'abu-

663 4447 731 4501 lis
761 4444 1094 4514 perhibetur,
1135 4437 1378 4506 Marsyas
1423 4433 1603 4504 Phryx
1663 4442 1717 4488 et
1745 4433 1958 4503 Apollo,
1993 4449 2120 4491 eum
2175 4435 2258 4488 eis

2339 1974 2474 2026 πολὺ
2505 1974 2816 2042 ἀντέχοντα,
2855 1974 3044 2042 ἔληξεν
3075 1975 3140 2027 ἂν
3164 1976 3414 2045 θᾶττονῆ
3449 1976 3720 2045 φαίνεται.
3760 1976 3914 2027 Ἔστι

2333 2067 2387 2118 δὲ
2415 2067 2543 2133 παρ’
2579 2069 2714 2138 αὐτῇ
2753 2069 3012 2138 πάμπολυ
3035 2068 3094 2120 τ’)
3125 2067 3406 2137 βαλσάμου
3425 2069 3612 2137 φυτόν.
3643 2068 3917 2120 ’Υπονοεῑ-

2335 2180 2427 2214 ται
2487 2163 2543 2215 δὲ
2589 2163 3000 2231 ἀνατετράφθαι
3057 2163 3162 2216 ὑπὸ
3213 2159 3307 2215 τοῦ
3357 2161 3493 2216 Θεοῦ
3531 2163 3618 2216 διὰ
3656 2163 3755 2234 τὴν
3806 2162 3916 2214 τῶν

2339 2254 2758 2324 περιοικούντων
2801 2255 3078 2308 ἀσέϐειαν.

2414 2433 2534 2483 ’Ὁτι
2589 2435 2615 2485 ὸ
2672 2433 2858 2486 Ἰσαάκ
2901 2430 3070 2498 γέλως
3123 2431 3241 2501 μεθ’
3288 2432 3476 2501 ἡδονῆς
3505 2430 3869 2501 ἑρμηνεύεται
3899 2446 3910 2459 ⁸

2339 2522 2423 2573 διὰ
2454 2521 2562 2591 γὰρ
2588 2521 2649 2574 τὸ
2693 2523 3068 2590 ἐπιμειδιᾶσαι
3099 2523 3196 2592 τὴν
3227 2523 3444 2594 Σάρραν
3497 2526 3562 2593 τῇ
3587 2523 3705 2592 θείᾳ
3732 2521 3824 2574 τοῦ
3862 2524 3919 2575 ἐν

2341 2612 2486 2681 γήρα
2517 2611 2736 2664 τοκετοῦ
2794 2614 3098 2684 ἐπαγγελίᾳ
3145 2614 3406 2682 κέκληται
3459 2614 3602 2666 οῦτω
3650 2615 3790 2666 κατὰ
3822 2613 3922 2676 τὴν

2353 2704 2648 2774 Ἐϐραῖκὴν
2697 2705 2996 2758 διάλεκτον.
3067 2705 3422 2775 Γεννηθέντος
3481 2705 3664 2758 Ἰσαὰκ
3696 2707 3815 2768 ἔτος
3852 2701 3920 2774 ἦν

2342 2794 2550 2861 κόσμου
2583 2795 2761 2862 ,γυιγ’.

2415 2885 2568 2936 Κατά
2596 2884 2819 2947 τούτους
2851 2886 2906 2938 δέ
2937 2888 3058 2949 τοὺς
3092 2886 3316 2956 χρόνους
3351 2889 3407 2939 ἐν
3441 2884 3524 2948 οἷς
3564 2885 3748 2940 Ἰσαάκ
3769 2889 3926 2956 ἐγενο

2345 2975 2503 3044 νήθη.
2535 2977 2590 3027 ἐν
2617 2976 2811 3046 Κρήτῃ
2862 2977 3024 3046 ἄρξαι
3069 2978 3277 3047 Κρόνον
3329 2979 3424 3031 καὶ
3473 2978 3633 3031 Ῥέαν
3659 2979 3923 3046 Ἕλληνες

2347 3063 2640 3132 ἱστοροῦσι.
2701 3066 2824 3126 Τοῖς
2866 3065 2921 3117 δὲ
2952 3067 3043 3118 τδν
3104 3067 3409 3120 ’Δτλάντιον
3459 3067 3658 3120 κόλπον
3711 3069 3923 3121 οἰκοῦσι

2347 3154 2438 3206 τοῦ
2469 3155 2712 3206 ὠκεανοῦ
2745 3155 2960 3224 πρῶτον
3020 3157 3262 3225 (λύρανὸν
3300 3157 3534 3226 τοῦνομα
3581 3158 3922 3226 βασιλεῦσαι,

2347 3249 2601 3314 γήμαντα
2623 3247 2812 3304 Τιτάν,
2841 3248 2934 3314 ἀφ’
2964 3243 3024 3300 οὗ
3051 3249 3285 3311 Τιτᾶνας
3303 3249 3691 3316 ὀνομασ’ῖῆναι.
3719 3248 3925 3300 Τοῦτον

2349 3337 2568 3404 λέγουσι
2590 3339 2878 3405 γενόμενον
2907 3340 3140 3410 ἐπιμελῆ
3162 3343 3552 3412 παρατηρητὴν
3576 3341 3686 3394 τῶν
3709 3341 3926 3411 ἄστρων

2351 3430 2561 3493 πολλοῖς
2595 3431 2882 3501 προλέγειν
2911 3432 2979 3484 τά
3011 3435 3148 3484 κατὰ
3175 3434 3400 3503 κόσμον.

2422 3524 2512 3593 Τῷ
2549 3524 2605 3577 δὲ
2631 3531 2711 3576 πε’
2735 3524 2846 3576 ἔτει
2895 3525 3148 3594 ’Λΰραάμ
3191 3524 3351 3594 λιμοῦ
3386 3525 3682 3594 γενομένου
3713 3522 3924 3593 κατέϐη

2352 3617 2512 3680 αὐτὸς
2536 3619 2616 3680 είς
2662 3617 2959 3684 Αἴγυπτον.
3006 3618 3094 3670 Ἐν
3128 3618 3300 3686 τούτῳ
3329 3617 3404 3687 τῷ
3430 3617 3538 3670 ἔτει
3575 3617 3675 3686 τῆς
3704 3617 3930 3687 Κρήτης

2357 3707 2631 3776 βασιλεύει
2651 3709 2784 3770 Ζεὺς
2818 3710 2846 3759 6
2871 3707 2966 3760 τοῦ
3009 3707 3219 3778 Κρόνου
3247 3709 3361 3770 υίὸς
3392 3710 3484 3760 καὶ
3515 3709 3682 3777 Ἶιρα.
3713 3706 3928 3758 Γίνεται

2352 3799 2410 3853 δε
2451 3801 2542 3851 καὶ
2575 3802 2602 3852 6
2634 3798 2875 3852 Τιτάνων
2903 3800 3038 3868 πρὸς
3081 3800 3181 3851 Δία
3221 3799 3478 3868 πόλεμος.
3517 3800 3626 3851 Καὶ
3651 3797 3928 3859 Διόνυσος,

2355 3892 2452 3960 οὐχ
2489 3893 2516 3944 ὁ
2547 3892 2642 3960 τῆς
2689 3890 2929 3959 Σεμέλης
2958 3891 3074 3942 ἀλλ’
3104 3890 3259 3953 ἄλλος
3303 3891 3493 3942 τούτου
3528 3889 3660 3941 πολὺ
3701 3887 3932 3957 ἀρχαιό-

2357 4000 2534 4051 τερος,
2565 3982 2655 4034 τδν
2680 3977 2822 4034 οἶνον
2842 3980 3028 4050 ἐξεῦρε
3060 3983 3152 4033 κα)⁸
3183 3983 3364 4044 ἐντοῖς
3399 3980 3577 4050 ληνοῖς
3609 3977 3930 4047 ἀπέθλιψεν,

2357 4064 2546 4138 ἀφ’ὧν
2580 4071 2674 4123 καὶ
2722 4071 2956 4140 Δηναῖος
3001 4069 3315 4138 ὠνομάσθη.
3381 4070 3468 4133 Ὠς
3521 4069 3614 4120 καὶ
3661 4069 3933 4136 Δήμητρα

2359 4161 2577 4228 λέγεται
2599 4161 2850 4230 ἐφευρεῖν
2880 4161 2971 4214 τὸν
3015 4163 3160 4213 σῖτον
3189 4160 3284 4212 καὶ
3320 4159 3418 4228 τὴν
3451 4158 3664 4228 κριθὴν.
3698 4155 3845 4225 Λῦτη
3875 4158 3933 4210 δέ

2360 4259 2509 4308 ἐστιν
2545 4258 2577 4326 ἡ
2608 4257 2736 4326 παρ’
2767 4257 3084 4324 Αἰγυπτίοις
3112 4255 3396 4326 τιμωμένη
3422 4249 3584 4317 Ἶσις.
3631 4252 3689 4304 'O
3723 4253 3778 4305 δέ
3821 4253 3938 4304 Διά-

2360 4362 2518 4405 νυσος
2541 4347 2670 4414 παρ’
2703 4347 3018 4414 Αἰγυπτίοις
3062 4349 3275 4416 Ὄσιρις
3305 4346 3543 4412 λέγεται.
3587 4341 3852 4395 Ἐνταῦθα
3873 4342 3935 4394 δὲ

2361 4437 2456 4489 καὶ
2487 4439 2802 4508 ἡΜαρσύου
2851 4439 2944 4491 τοῦ
2981 4439 3190 4508 Φρυγὸς
3235 4440 3350 4508 ἔρις
3389 4436 3530 4489 κατὰ
3577 4436 3702 4497 τοὺς
3730 4432 3938 4504 μύθους

663 4533 948 4590 incidisset
993 4531 1059 4585 de
1116 4530 1325 4582 cithara
1389 4525 1688 4589 contentio,
1744 4525 1811 4577 ad
1873 4521 2094 4594 Nysam,
2166 4523 2239 4578 ub

2367 4531 2504 4600 πρὸς
2547 4531 2854 4584 Ἀπόλλωνα
2882 4531 2970 4583 διά
2993 4532 3092 4600 τὴν
3127 4529 3359 4597 κιθάραν
3381 4543 3395 4557 ·
3432 4529 3606 4580 ἐλθεῖν
3653 4526 3788 4596 πρὸς
3822 4527 3942 4578 Διό-

665 4625 914 4678 Baechns
943 4630 1080 4686 erat,
1121 4623 1494 4675 accesserunt,
1527 4623 1688 4682 atque
1714 4614 1784 4667 ibi
1813 4613 2032 4683 Marsya
2090 4627 2256 4682 supe-

666 4725 788 4769 rato
853 4713 1046 4784 Apollo
1089 4727 1184 4781 per
1243 4709 1382 4762 iram
1435 4706 1630 4776 pellem
1694 4705 1818 4758 rivo
1856 4704 2110 4766 detraxit,
2165 4717 2258 4756 ru-

668 4811 884 4879 ptisque
946 4805 1140 4858 [idibus
1180 4802 1457 4854 inventum
1495 4806 1818 4850 concentum
1863 4794 1966 4865 53
1995 4793 2252 4848 abolet-it.

670 4901 869 4956 Postea
910 4895 1170 4964 temporis
1199 4893 1354 4946 aiunt
1381 4890 1563 4944 Musas
1589 4896 1644 4942 et
1663 4886 1933 4956 Orpheum
1959 4901 2151 4940 rursus
2176 4887 2256 4938 itt-

671 5001 886 5044 wntam
920 4987 1058 5040 Lino
1119 4981 1429 5037 tradidisse.

741 5081 894 5135 Tunc
941 5079 1109 5133 etiam
1175 5076 1310 5130 Coeli
1346 5075 1486 5129 Iilios
1521 5072 1772 5128 ﬂoruisse
1815 5072 2074 5127 traditum
2133 5079 2250 5136 est;

669 5190 734 5230 ex
781 5174 864 5227 his
923 5173 1188 5225 Atlantem
1226 5169 1462 5223 maxime
1522 5167 1793 5222 celebrem
1838 5165 2030 5231 fuisse,
2083 5170 2250 5232 atque

673 5267 799 5320 nuic
828 5264 1087 5335 obtigisse
1114 5262 1233 5318 loca
1263 5275 1382 5332 quae
1415 5267 1541 5314 sunt
1569 5258 1633 5312 ad
1665 5257 1959 5313 Oceanum.
1993 5257 2254 5310 Euntdem

671 5359 906 5428 primum
934 5354 1284 5424 astrologiam
1311 5360 1566 5406 accurate
1590 5349 1908 5404 condidisse
1940 5356 1994 5402 ct
2047 5348 2112 5401 de
2136 5347 2256 5416 glo-

674 5448 744 5502 bo
791 5448 1092 5501 doetrlnam
1164 5444 1479 5515 protulisse;
1527 5456 1646 5510 quae
1708 5455 1873 5495 causa
1933 5438 2097 5493 fuerit
2159 5452 2258 5492 cur

681 5536 918 5592 mundus
952 5536 1184 5589 Atlantis
1223 5532 1469 5586 bttmeris
1504 5530 1704 5600 gestari
1738 5535 2045 5599 putaretur.

747 5629 1024 5698 Scriptum
1064 5633 1146 5681 est
1196 5627 1251 5680 in
1287 5639 1452 5694 parva
1488 5622 1686 5677 Genesi
1721 5620 2085 5689 Mastiphatcn
2146 5620 2255 5673 dte-

682 5722 984 5775 moainrnm
1023 5719 1321 5789 principem
1358 5715 1423 5769 ad
1486 5713 1651 5768 Deum
1694 5713 2021 5778 accessisse,
2064 5725 2127 5764 ae
2176 5711 2256 5764 di-

673 5813 858 5869 xisse:
899 5831 917 5864 ι
942 5812 996 5866 Si
1032 5823 1082 5867 te
1111 5809 1284 5881 diligit
1314 5808 1674 5873 Abrahatnus,
1703 5806 1942 5862 immolet
1970 5807 2066 5860 tibi
2088 5805 2254 5860 ﬁlium

2365 4640 2526 4676 νυσον
2575 4625 2654 4685 είς
2702 4622 2948 4686 Νύσσαν,
2982 4622 3140 4673 κάκεί
3183 4621 3271 4672 τὸν
3320 4617 3588 4688 Μαρσύαν
3629 4617 3941 4686 ἡττηθέντα

2363 4715 2662 4785 ἐκδαρῆναι
2693 4713 2873 4778 ζῶντα
2908 4712 3058 4782 παρὰ
3087 4711 3180 4764 τοῦ
3217 4711 3551 4772 Ἀπόλλωνος
3595 4711 3681 4762 διά
3717 4711 3812 4779 τὴν
3840 4708 3942 4778 ὁρ-

2360 4806 2484 4874 γὴν,
2527 4807 2626 4866 τάς
2665 4822 2724 4856 τε
2761 4805 2956 4874 χορδάς
2990 4803 3216 4872 ἐκρῆξαι
3247 4803 3340 4855 καὶ
3368 4803 3466 4869 τὴν
3498 4801 3804 4869 εὑρημένην
3829 4801 3940 4869 ἀρ-

2365 4898 2560 4964 μονίαν
2588 4896 2874 4963 ἀφανίσαι.
2903 4895 3168 4962 Ὕστερον
3231 4893 3286 4945 δὲ
3350 4893 3572 4954 Μούσας
3607 4892 3700 4943 xa‘t
3731 4890 3941 4960 Ὀρφέα

2361 4989 2566 5058 ταύτην
2602 4990 2847 5053 ἀνευρεῖν
2876 4987 3040 5054 Λίνῳ.

2433 5080 2568 5132 Τότε
2603 5079 2696 5130 καὶ
2749 5077 2874 5138 τοὺς
2921 5075 3116 5136 παῖδας
3145 5073 3238 5126 τοῦ
3275 5071 3518 5142 Οὐρανοῦ
3552 5071 3824 5140 ἀκμάσαι,
3857 5065 3942 5124 ὧν

2359 5172 2449 5223 τὸν
2491 5170 2589 5240 μὲν
2622 5169 2893 5221 ’Ἄτλαντα
2924 5167 3352 5236 ἐπιφανέστατον
3409 5165 3701 5234 γενόμενον
3751 5164 3941 5234 λαχεῖν

2360 5262 2484 5324 τοὺς
2510 5261 2662 5330 παρά
2682 5261 2771 5312 τὴν
2806 5258 3054 5310 Ὠκεανὸν
3075 5258 3292 5320 τόπους.
3312 5257 3423 5310 Καὶ
3445 5257 3659 5326 πρῶτόν
3688 5273 3814 5324 φασι
3835 5256 3942 5326 τὴν

2361 5350 2715 5421 ἀστρολογίαν
2777 5349 3146 5418 ἐξακριϐῶσαι
3203 5348 3297 5400 καὶ
3339 5348 3430 5400 τὸν
3468 5349 3755 5415 σφαιρικὸν
3777 5348 3942 5414 λόγον

2361 5439 2689 5508 ἐξενεγκεῖν,
2742 5440 2832 5508 ἀφ’
2861 5436 2927 5510 ἧς
2957 5439 3136 5502 αἰτίας
3179 5437 3325 5504 δόξαι
3364 5438 3456 5491 τὸν
3483 5438 3686 5508 κόσμον
3711 5438 3942 5493 ἐπὶτῶν

2364 5532 2658 5594 Ἀτλαντος
2689 5531 2854 5600 ὤμων
2877 5532 3138 5599 ὀχεῖσθαι.

2430 5623 2520 5674 Ἐν
2566 5627 2630 5692 τῇ
2663 5624 2832 5692 λεπτῇ
2862 5623 3079 5674 Γενέσει
3113 5625 3291 5674 κεῖται
3323 5624 3402 5675 ὅτι
3428 5624 3722 5691 Μαστειράτ
3756 5626 3783 5676 6
3829 5625 3939 5693 άρ-

2360 5733 2470 5784 χων
2520 5715 2626 5766 τῶν
2681 5714 2977 5784 δαιμονίων
3012 5713 3326 5783 προσελθὼν
3356 5715 3431 5784 τῷ
3462 5715 3578 5784 Θεῷ
3606 5711 3779 5768 εἶπεν·
3820 5735 3837 5766 ι
3873 5717 3940 5768 El

2361 5807 2548 5877 ἁγαπᾷ
2570 5823 2623 5859 σε
2661 5807 2928 5877 Ἀϐραάμ,
2969 5807 3182 5860 Ουσάτω
3216 5823 3296 5859 σοι
3320 5807 3408 5859 τὸν
3443 5807 3554 5858 υἱον
3581 5806 3766 5863 αὑτοῦ.
3798 5827 3814 5860 ι
3845 5809 3930 5877 Τιῖ
