4184 6436
211 417 254 483 81
1229 406 1782 474 HISTORIARUM
1821 405 2351 474 COMPENDIUM.
3374 409 3450 473 82

209 536 262 584 κε’
283 529 378 583 ἔτει
401 529 498 582 τοῦ
527 529 718 584 Ἰσαὰκ
759 529 1140 600 προσήνεγκεν
1183 528 1346 583 αὑτὸν
1379 527 1636 600 ’Δὸραάμ
1673 529 1754 589 εἰς

1859 541 2038 581 suum.
2080 547 2098 578 ι
2138 527 2383 583 lsaacum
2438 527 2760 583 vicesimum
2813 526 3064 598 quintum
3099 523 3278 580 aetatis
3339 537 3442 579 an-

211 622 359 676 Θυσίαν
390 622 451 672 ὲν
473 619 555 690 τῷ
582 620 702 690 ὄρει
751 620 890 674 Σιών
910 637 926 653 ο
978 621 1059 683 είς
1084 622 1294 674 ἐκεῖνον
1323 619 1435 689 γὰρ
1471 619 1563 671 τὸν
1591 619 1756 671 τόπον

209 712 270 783 [Ρ.
293 711 370 783 50]
405 713 465 764 τὸ
490 712 882 783 θυσιαστήριον
921 713 1279 784 ᾠκοδόμησεν
1312 711 1590 782 Ἀϐραὰμ,
1626 709 1758 764 ἔνθα

210 803 392 872 ὕστερον
419 807 448 856 6
473 803 640 856 Aa6't6
667 803 727 856 τδ
751 804 896 874 ἱερὸν
924 804 1202 874 ἱδρύσατο.
1226 805 1411 865 Τύπος
1437 804 1494 857 δὲ
1508 803 1620 873 ’τῆς
1655 803 1756 872 μὲν

209 895 421 964 θεότητος
455 895 485 947 6
519 894 728 962 Ἰσαὰκ,
777 896 878 966 τῆς
931 896 989 949 δὲ
1033 894 1456 965 ἀνθρωπότητος
1502 897 1529 947 6
1577 894 1750 965 κριός.

212 987 461 1050 Καὶαίιτὸς
486 988 541 1042 δὲ
576 989 605 1041 ὁ
641 989 834 1059 χρόνος
876 989 1167 1060 ίσάριθμος
1189 1007 1201 1021 ·
1233 991 1384 1059 τρεῖς
1419 988 1526 1059 γὰρ
1551 989 1754 1060 ἡμέραι

209 1081 279 1134 xxi
299 1082 436 1148 τρεῖς
468 1079 666 1145 νύκτες
693 1082 934 1135 ἐνταῦθα
961 1084 1143 1135 adici.

263 1172 362 1224 Ὀτι
393 1172 502 1240 πρὸ
531 1172 643 1224 τῶν
698 1173 1002 1243 προφητῶν
1052 1173 1132 1242 τῷ
1157 1172 1411 1244 Ἀϐραὰμ
1433 1175 1462 1226 6
1491 1171 1584 1226 τοῦ
1615 1170 1753 1224 Θεοῦ

209 1261 346 1328 Λόγος
370 1260 561 1329 φανεὶς
591 1263 649 1314 ἐν
681 1263 970 1333 ἀνθρώπου
1004 1263 1244 1334 σχήματι
1286 1263 1386 1334 τὴν
1431 1261 1538 1316 τῶν
1583 1260 1752 1314 ἐθνῶν

208 1355 362 1423 κλῆσιν
393 1353 666 1419 θεσπίζει,
697 1357 766 1426 ἦν
796 1354 918 1408 καθ’
952 1357 1098 1425 ἡμᾶς
1122 1356 1150 1407 6
1179 1355 1274 1408 τοῦ
1312 1355 1447 1408 Θεοῦ
1472 1354 1647 1421 Λόγος
1673 1355 1754 1417 εἰς

207 1450 346 1515 πέρας
372 1449 581 1516 ἢγαγεν
609 1448 699 1501 διὰ
725 1448 826 1517 τῆς
850 1449 929 1511 εἰς
958 1451 1136 1502 πάντα
1158 1450 1226 1501 τὰ
1247 1447 1753 1518 έθνηεύαγγελικῆς

207 1538 540 1602 διδασκαλίας.
595 1538 796 1602 Καθὼς
843 1539 899 1591 δέ
949 1557 1120 1613 φησιν
1144 1541 1172 1592 6
1201 1538 1482 1608 Ἰώσηπος,
1534 1537 1752 1607 πρῶτος

213 1630 424 1699 Ἀἦραάμ
457 1631 805 1700 Δημιουργδν
825 1631 915 1685 τὸν
938 1632 1071 1684 Θεὸν
1101 1632 1364 1702 ἐκήρυξε,
1391 1631 1487 1685 καὶ
1533 1631 1753 1701 πρῶτος

206 1723 442 1777 κατελθὼν
472 1726 552 1788 είς
581 1726 857 1792 Δῖγυπτον
887 1725 1255 1796 ἀριθμητικὴν
1273 1726 1364 1779 καὶ
1385 1724 1752 1794 ἀστρονομίαν

204 1820 500 1886 Αἰγυπτίους
528 1820 735 1886 ἐδίδαξε
755 1825 771 1841 ⁹
815 1820 1109 1874 κάντεῦθεν
1144 1821 1447 1888 ἐπέραστος
1477 1820 1566 1873 καὶ
1605 1836 1751 1884 παγ-

1865 635 1993 674 nnm
2015 630 2264 690 agentem
2292 621 2400 676 Deo
2431 630 2488 676 ut
2521 620 2852 676 sacriﬁcium
2875 621 3074 676 obtulit
3099 618 3447 674 Abrahamns

1866 713 1918 764 in
1953 721 2138 768 monte
2173 712 2304 768 Sion
2350 732 2363 768 :
2401 713 2469 768 ibi
2498 715 2644 767 ellilll
2681 711 3027 767 Abrahamus
3065 712 3240 766 altare
3275 708 3448 764 :cdill—

1863 806 2027 867 cavit,
2069 814 2254 873 postea
2289 803 2460 857 David
2514 805 2773 874 templum
2815 803 3084 858 fundavit.
3119 803 3337 856 lsaacus
3365 801 3448 853 di-

1863 893 2021 957 vinze,
2065 895 2208 949 aries
2236 896 2489 948 humana:
2515 904 2725 948 natura:
2754 893 3064 962 exemplum
3100 891 3220 945 fuit.
3255 891 3358 945 Sed
3394 898 3448 944 ct

1863 979 2129 1048 temporis
2172 978 2406 1048 quadrat
2438 994 2701 1032 numerus
2737 997 2748 1033 :
2795 989 2909 1033 Ircs
2940 977 3087 1032 enim
3129 976 3250 1032 dies
3273 991 3335 1030 ac
3363 984 3447 1030 to-

1864 1071 2030 1124 tidem
2085 1078 2276 1123 noctes
2303 1078 2356 1123 et
2388 1070 2474 1125 hic
2505 1078 2557 1124 et
2593 1069 2665 1124 ibi
2703 1080 2852 1124 sunt.

1933 1162 2070 1218 Ante
2106 1162 2399 1234 prophetas
2430 1162 2744 1216 Abrahamo
2778 1161 2868 1216 Dei
2901 1160 3135 1216 Verbum
3170 1160 3223 1214 in
3256 1159 3452 1212 huma-

1864 1271 1931 1311 na
1963 1258 2137 1311 forma
2169 1257 2422 1326 apparuit
2443 1271 2505 1310 ac
2530 1255 2598 1310 de
2626 1252 2882 1310 vocandis
2914 1253 2978 1306 ad
3034 1253 3260 1307 salutem
3317 1266 3449 1323 gen--

1863 1349 2004 1402 tibus
2050 1348 2405 1402 vaticinatum
2438 1355 2520 1401 est
2554 1366 2568 1413 ;
2599 1361 2760 1417 quam
2803 1361 2914 1399 rem
2949 1344 3014 1396 ad
3046 1342 3206 1398 ﬁnem
3251 1350 3442 1398 nostra

1862 1451 2020 1498 mtate
2054 1441 2290 1497 Verbum
2318 1442 2407 1494 Dei
2445 1439 2720 1511 perduxit,
2758 1437 3038 1507 Evangelii
3067 1435 3318 1490 doctrina
3355 1449 3450 1504 per

1861 1551 2054 1590 omnes
2085 1535 2337 1588 nationes
2363 1533 2565 1587 dedita.
2595 1531 2869 1601 lose-phus
2902 1538 3096 1586 auctor
3126 1537 3210 1583 est
3251 1526 3423 1596 princi

1863 1644 1982 1698 pem
2008 1627 2376 1681 Abrahamum
2401 1625 2507 1682 Deo
2532 1625 2771 1680 universi
2797 1624 3076 1692 opilicinm
3097 1620 3446 1690 ascripsisse,

1860 1719 2208 1790 primumwe
2230 1717 2522 1790 JEgyptiis,
2541 1734 2664 1773 cum
2684 1719 2748 1772 ad
2766 1731 2862 1771 eos
2896 1731 2951 1769 se
2973 1715 3319 1790 contulisset,
3349 1727 3451 1764 nu-

1862 1824 2134 1866 merorum
2161 1825 2222 1864 ac
2243 1809 2548 1864 cmlestium
2569 1816 2815 1862 motuum
2835 1807 3118 1860 scientiam
3138 1786 3446 1857 tradidisse.

204 1911 430 1981 γέραστος
464 1913 782 1982 γενόμενος,
831 1912 1064 1982 ἠξίωσεν
1103 1914 1130 1964 6
1154 1885 1411 1982 βασιλεὺς
1449 1913 1540 1965 ὑπ’
1583 1910 1752 1964 αὐτοῦ

1859 1904 1934 1959 lbi
1957 1920 2082 1960 cum
2114 1904 2316 1959 charns
2341 1916 2665 1972 su'utnoquc
2691 1902 2743 1954 in
2765 1900 2971 1954 honore
3000 1898 3318 1959 haberetur,
3355 1912 3447 1948 rex

203 2004 554 2074 γυμνασθῆναι
586 2007 654 2057 τὰ
703 2005 830 2072 περὶ
877 2004 1242 2076 ἀστρολογίαν
1273 2005 1365 2058 καὶ
1397 2004 1632 2074 μαγείαν
1659 2003 1751 2056 ἇτε

199 2095 504 2164 πιλυπείρου
545 2095 639 2148 καὶ
665 2096 935 2150 Χαλδαίου
966 2096 1351 2166 τυγχάνοντος.
1400 2093 1756 2165 Ἀστρολογία

201 2185 289 2254 γὰρ
332 2185 421 2237 καὶ
461 2185 668 2255 μαγεία
702 2187 810 2240 ἀπὸ
844 2187 1212 2255 Μαγουσαίων
1245 2187 1362 2256 ἦτοι
1398 2185 1622 2257 Περσῶν
1650 2185 1748 2255 ἦρ-

200 2275 304 2339 ξιτο
325 2295 336 2308 ·
366 2279 414 2330 οἱ
434 2278 548 2346 γάρ
586 2296 670 2331 τοι
701 2279 914 2349 Πέρσαι
963 2278 1179 2347 Μαγὼγ
1205 2279 1309 2332 ύπδ
1335 2278 1446 2332 τῶν
1473 2279 1754 2348 ἐγχωρίων

197 2367 548 2438 ὀνομάζονται.
601 2371 711 2424 Καὶ
752 2371 817 2442 δὴ
862 2372 973 2426 τῶν
1025 2371 1376 2442 ἀστρολόγων
1420 2373 1512 2423 καὶ
1568 2371 1756 2441 μάγων

196 2461 672 2532 σδναθροισθέντων
701 2466 731 2516 6
764 2463 1023 2533 βασιλεὺς
1090 2464 1207 2535 ἅμα
1252 2464 1330 2534 τῷ
1365 2463 1621 2536 ’Λὸραάμ
1662 2467 1758 2518 καὶ

195 2556 285 2616 τοῖς
345 2556 636 2626 συνήθεσιν
694 2555 990 2626 ὲκαθέσθη.
1055 2557 1150 2610 καὶ
1192 2558 1426 2627 ἡσυχίας
1456 2558 1758 2628 γενομένης

191 2647 468 2718 ὀἎόραὰμ
489 2647 623 2720 ἔφη·
660 2669 678 2701 ι
715 2648 928 2703 Μαθεῖν
987 2648 1250 2720 βούλομαι
1283 2650 1414 2719 παρ’
1453 2649 1609 2720 ὑμῶν
1650 2651 1758 2703 τῶν

195 2739 373 2806 σοφῶν,
410 2743 459 2793 εἰ
512 2739 738 2794 δύναται
789 2741 1007 2809 γένεσις
1043 2741 1137 2794 καὶ
1180 2743 1384 2811 μαγεία
1416 2743 1614 2812 βλάψαι
1640 2743 1759 2796 τινὰ

192 2830 216 2898 ἢ
250 2831 524 2904 ὼσελῆσαι
582 2831 729 2886 κατά
774 2834 874 2904 τὴν
913 2833 1190 2904 ὑμετέραν
1233 2833 1414 2898 δόξαν.
1450 2852 1467 2883 ι
1504 2834 1625 2902 ’Δφ⁹
1683 2829 1758 2887 ῶν

189 2924 490 2993 ἀποκριθεὶς
517 2925 856 2996 ἀστρολόγος
889 2921 1045 2980 εἶπεν
1072 2925 1338 2979 ἀδύνατον
1379 2923 1517 2980 εἶναι
1550 2926 1759 2996 ἅνθρω·

189 3032 270 3067 τον
300 3018 449 3086 παρὰ
503 3018 726 3081 γένεσιν
759 3019 1103 3087 τελευτῆσαι.
1149 3016 1354 3072 Ὑπὸδὲ
1379 3019 1473 3072 τοῦ
1510 3019 1760 3090 Ἀϐραὰμ

184 3109 438 3176 apsentis;
477 3109 929 3180 ἐξελεγχομένων
958 3110 1070 3164 τῶν
1119 3109 1470 3180 ἀστρολόγων
1501 3110 1712 3162 κελεύει
1735 3112 1762 3162 6

184 3199 412 3266 βασιλεὺς
430 3202 807 3272 ἀχθῆναίτινα
827 3202 1070 3272 δέσμιον,
1095 3202 1459 3266 ὑποϐαλόντος
1479 3202 1576 3255 Ἀϐ
1585 3203 1688 3272 ραὰ
1697 3221 1754 3272 μ,
1786 3230 1828 3287 c

183 3293 757 3362 προκαταδικασθέντα
794 3295 1174 3366 πυρόκαυστον
1219 3295 1493 3362 γενέσθαι.
1538 3294 1748 3364 Ἀχθέν-

181 3398 253 3444 τος
292 3383 348 3436 δὲ
394 3383 747 3456 προσέταξεν
791 3387 821 3438 6
870 3385 1126 3454 βασιλεὺς
1183 3386 1283 3456 τὴν
1336 3385 1501 3438 αὑτοῦ
1535 3377 1757 3453 ’γένεσιν

179 3478 400 3546 ἀκριϐῶς
435 3454 783 3548 ἐξερευνησα
794 3477 989 3547 μένους
1023 3476 1134 3530 τὸν
1166 3454 1370 3549 τρόπον
1403 3476 1636 3548 ζητῆσαι
1663 3478 1757 3532 τοῦ

180 3567 411 3626 θανάτου.
445 3569 582 3623 Τῶν
633 3569 693 3623 δὲ
751 3569 994 3640 συνεχῶς
1025 3569 1504 3640 διασκεψαμένων,
1539 3571 1632 3623 καὶ
1677 3573 1759 3624 εἰ·

178 3660 367 3715 er};th
399 3662 487 3715 ὅτι
523 3680 545 3712 ι
588 3659 970 3730 Πυρποληθεὶς
1006 3661 1222 3723 πάντως
1250 3659 1632 3726 ἀποθανεῖταιν
1659 3662 1761 3732 τῆς

175 3751 420 3815 ξενὲσεως
451 3752 614 3820 μάλα
651 3740 841 3819 σαφῶς
871 3749 1032 3804 τοῦτο
1067 3750 1516 3822 διαγορευούσης,
1549 3751 1665 3804 ἀλλ’
1695 3753 1754 3805 οὐ

177 3841 275 3904 νῦν,
305 3843 419 3913 ἔχει
444 3844 569 3914 γὰρ
599 3843 683 3895 ἔτι
714 3843 942 3914 χρόνους
973 3842 1145 3911 ζωῆς,
1196 3845 1292 3896 καὶ
1321 3843 1476 3896 οὔπω
1504 3843 1754 3914 ἐληλύθει

172 3932 330 4004 ἡῶρα
361 3937 464 4006 τῆς
501 3935 772 4003 τελευτῆς
803 3935 1024 3988 αὐτοῦ’»
1052 3938 1147 3990 καὶ
1172 3939 1201 3990 6
1237 3936 1516 4002 βασιλεὺς,
1550 3955 1568 3987 ι
1615 3935 1757 4006 Ἐγὼ

173 4028 389 4097 σήμερον
409 4027 645 4092 τοῦτον,
677 4027 876 4096 φήσας,
898 4028 1194 4095 ἀπαλλάξω
1220 4027 1312 4082 τοῦ
1343 4029 1431 4082 διὰ
1456 4029 1627 4100 πυρδς
1659 4028 1757 4081 θα-

170 4118 328 4183 simu,
355 4119 438 4190 τῷ
470 4119 647 4173 ὕδατι
677 4119 908 4185 ἀνελὼν,
949 4139 965 4171 ι
993 4121 1084 4172 καὶ
1123 4118 1268 4173 οὕτω
1296 4120 1551 4189 παραυτά
1601 4123 1759 4190 ποιή-

170 4226 267 4275 σας,
303 4213 456 4284 ἔργῳ
501 4212 868 4282 παρέστησεν
898 4213 982 4266 ὅτι
1023 4212 1251 4267 δύναταί
1278 4232 1329 4267 τι
1358 4217 1509 4286 παρὰ
1537 4217 1755 4284 γένεσιν

164 4304 416 4368 γενέσθαι.
431 4323 452 4356 ι
476 4306 916 4373 Ἦσυχασάντων
937 4307 991 4359 δὲ
1010 4309 1226 4360 πάντων
1245 4310 1408 4377 φησιν
1428 4310 1455 4362 6
1476 4307 1748 4380 ’Λὸραάμο

168 4397 271 4452 ιού
306 4399 479 4469 μόνον
531 4399 590 4452 οἱ
639 4397 917 4468 ἄνθρωποι
959 4399 1097 4452 ἀλλᾶ
1149 4402 1244 4453 καὶ
1293 4400 1364 4454 τὰ
1405 4401 1579 4464 ἄλογα
1631 4402 1752 4464 ζῶα

163 4492 461 4546 ὑπόκεινται
490 4490 748 4559 γενέσει.
771 4490 932 4543 Ἀλλά
959 4492 1052 4544 καὶ
1075 4492 1122 4544 οἱ
1145 4492 1425 4562 ἄνθρωποι
1451 4493 1549 4562 μὲν
1571 4491 1752 4562 ἔχουσι

1857 1996 1926 2048 ab
1957 2010 2043 2060 eo,
2069 2004 2252 2064 utpote
2308 1994 2593 2063 multiplici
2799 1992 2992 2061 peritia
3049 1991 3327 2044 instructo
3385 2003 3447 2039 ac.

1857 2086 2134 2154 Chaldaeo,
2156 2087 2437 2142 contendit
2467 2086 2542 2139 uti
2574 2084 2925 2155 astrologiam
2950 2098 3012 2138 ac
3037 2082 3267 2153 magiam
3294 2094 3447 2147 pate-

1861 2184 2084 2236 faceret.
2125 2181 2432 2250 Astrologia
2469 2180 2613 2234 enim
2647 2187 2700 2233 et
2734 2177 2911 2248 magia
2953 2191 2980 2228 a
3033 2174 3320 2246 Magusaais
3353 2189 3445 2227 seu

1860 2274 2040 2331 Persis
2089 2282 2206 2331 orta
2265 2282 2386 2328 est\
2459 2281 2512 2328 et
2557 2271 2774 2342 quidem
2837 2269 3019 2325 Persae
3061 2269 3130 2322 ab
3180 2267 3450 2337 indigenis

1860 2369 2048 2441 Magog
2073 2370 2434 2440 appellantur.
2470 2368 2608 2438 Ergo
2644 2365 2887 2421 collectis
2919 2362 3208 2433 astrologis
3242 2378 3305 2416 ac
3335 2377 3450 2415 ma-

1860 2464 1941 2534 gis
1994 2479 2086 2516 rex
2143 2478 2268 2517 cum
2322 2461 2637 2515 Abrahamo
2695 2457 3145 2513 etfumiliaribus
3181 2432 3493 2520 consedit,"

1863 2555 2113 2625 laetoque
2152 2555 2391 2616 silentio,
2426 2573 2444 2604 ‹
2486 2555 2562 2609 Ex
2606 2551 2778 2616 vobis,
2837 2565 2868 2602 o
2905 2551 3206 2618 sapientes.
3275 2548 3452 2616 inquit

1859 2642 2227 2712 Abrahamus,
2263 2646 2563 2715 intelligere
2590 2644 2751 2713 cupio
2781 2659 2847 2696 an
2881 2641 3183 2697 secundum
3212 2646 3447 2694 vestram

1861 2740 2174 2810 Opinionem
2211 2737 2470 2791 nativitas
2505 2751 2568 2790 ac
2603 2733 2781 2803 magia
2815 2733 3076 2802 prodesse
3109 2731 3324 2785 homini
3358 2735 3451 2781 ant

1862 2849 2061 2888 nocere
2101 2832 2291 2901 possit.
2329 2849 2346 2881 ι
2376 2829 2457 2884 Ad
2491 2830 2607 2884 haec
2642 2829 2959 2898 astrologus
3009 2823 3293 2895 respondit
3319 2824 3446 2877 nul-

1864 2927 1916 2981 lo
1955 2926 2116 2980 modo
2140 2925 2252 2978 fieri
2302 2938 2464 2992 posse
2491 2931 2548 2977 ut
2584 2923 2748 2976 homo
2787 2934 2946 2976 secus
2987 2918 3256 2972 moriatur
3287 2931 3450 2985 quam

1865 3019 2062 3072 natalis
2089 3017 2220 3072 hora
2251 3017 2299 3072 ei
2333 3016 2648 3086 portendat.
2676 3013 2753 3067 lbi
2776 3027 2901 3066 cum
2933 3013 3244 3079 astrologos
3273 3008 3453 3061 Abra-

1864 3108 2062 3165 bamus
2097 3107 2274 3162 valide
2303 3105 2655 3160 convinceret
2681 3105 2910 3162 erroris.
2945 3103 3222 3171 captivum
3256 3117 3450 3170 quem-

1863 3205 1987 3259 dam
2011 3203 2203 3259 adduci
2226 3218 2316 3259 rex
2337 3200 2522 3268 jussit,
2549 3202 2620 3255 ita
2651 3206 2902 3254 mouente
2925 3197 3257 3257 Abrahamo,
3287 3208 3449 3264 quem

1860 3297 2064 3365 judicis
2085 3295 2488 3364 sententiajam
2519 3303 2644 3348 ante
2676 3292 2786 3362 igni
2821 3288 3257 3345 comburcndum
3289 3286 3446 3340 dam-

1863 3397 2108 3456 naverat;
2146 3387 2531 3456 mandavitque
2549 3393 2607 3438 ut
2636 3383 2846 3438 natales
2869 3381 2989 3452 ejus
3018 3385 3271 3435 accurate
3323 3393 3452 3430 exa-

1859 3484 2161 3544 minarent.
2227 3495 2291 3535 ac
2325 3497 2435 3551 quo
2467 3480 2660 3533 mortis
2694 3491 2894 3547 genere
2957 3474 3240 3545 periturus
3295 3480 3450 3525 esset

1861 3576 2297 3645 pronuntiarent.
2369 3569 2846 3641 Respondentibus
2907 3567 2975 3622 iis
3029 3575 3150 3635 post
3224 3563 3448 3616 multam

1862 3667 2356 3723 considerationem
2405 3665 2630 3718 υιιιιιὶηο
2685 3661 2961 3717 hominem
2993 3660 3252 3715 incendio
3299 3658 3447 3728 peri-

1863 3771 2066 3825 turum,
2101 3759 2265 3826 idque
2299 3758 2587 3827 perspicue
2635 3755 2982 3808 nativitatem
3038 3751 3159 3821 ejus
3213 3751 3446 3816 dictare,

1861 3867 2040 3921 neque
2083 3859 2262 3904 tamen
2318 3849 2370 3902 id
2408 3846 2619 3911 statim,
2650 3846 2777 3914 quia
2809 3853 3026 3914 tempus
3087 3842 3282 3896 mortis
3324 3841 3448 3910 ejus

1859 3946 2103 4001 nondum
2138 3943 2478 4014 appetiissel,
2515 3942 2609 3996 sed
2644 3941 2768 3993 vitae
2798 3939 2980 3992 adhuc
3008 3935 3215 4006 aliquid
3277 3945 3449 3990 resta-

1860 4047 1964 4102 ret,
2002 4057 2019 4088 ι
2054 4037 2152 4091 Ast
2190 4051 2310 4104 ego,
2346 4033 2522 4102 inquit
2547 4047 2660 4097 rex,
2693 4029 2851 4084 hodie
2885 4045 3010 4086 eum
3042 4029 3109 4083 ab
3143 4028 3284 4098 ignis
3318 4041 3448 4097 per-

1859 4116 2000 4184 nicie
2029 4127 2339 4191 vindicabo,
2372 4125 2426 4179 in
2454 4139 2598 4195 aqua
2630 4122 2977 4180 sullocatum.
3009 4140 3027 4173 ι
3066 4121 3349 4188 Simulque
3375 4121 3449 4173 ita

1860 4223 1936 4276 uti
1961 4221 2175 4276 dixerat
2208 4234 2332 4274 cum
2391 4233 2618 4282 necaus,
2651 4231 2711 4272 re
2765 4217 2879 4282 ipsa
2912 4214 3313 4269 demonstravit
3345 4213 3447 4266 ali~

1859 4328 1962 4382 qua
1995 4319 2190 4367 contra
2234 4309 2474 4364 natalitia
2504 4309 2719 4363 decreta
2752 4307 2865 4360 ﬁeri
2900 4321 3080 4373 posse.
3115 4303 3448 4358 Tacentibus

1858 4403 1981 4460 inde
2009 4400 2268 4456 omnibus
2288 4399 2630 4454 Abrahamus
2662 4399 2734 4452 ita
2768 4397 2949 4452 tatur:
2987 4415 3005 4448 ι
3046 4394 3163 4450 Non
3197 4395 3447 4450 homines

1857 4496 2040 4562 modo,
2085 4495 2178 4551 sed
2209 4506 2263 4549 et
2295 4495 2452 4548 bruta
2492 4492 2790 4546 animantia
2847 4490 2961 4544 fato
3016 4488 3263 4544 natalitio
3312 4489 3446 4544 sub-

160 4578 206 4630 :6
230 4579 552 4651 ἐλευθέριον
623 4580 684 4631 ὲν
742 4579 976 4641 ἑαυτοῖς,
1016 4579 1092 4650 μὴ
1133 4579 1486 4648 ὑποκείμενοι
1513 4579 1746 4647 γενέσει,

1859 4589 1990 4658 ieeta
2026 4596 2175 4645 sunt.
2204 4587 2494 4642 Enimvero
2529 4587 2778 4641 homines
2834 4585 2886 4638 in
2927 4601 3048 4639 sese
3098 4584 3232 4652 ipsis
3288 4583 3451 4638 liber-

161 4671 322 4725 καθότι
342 4674 450 4743 τῆς
479 4673 778 4742 γενέσεως
808 4673 985 4726 ἐκεῖνο
1005 4672 1396 4742 πρεσϐύτερον,
1429 4673 1567 4742 ὅπερ
1597 4672 1746 4725 ὲστίν

159 4765 308 4819 ἔννοια
347 4768 448 4820 καὶ
478 4764 948 4835 αὐτεξουσιότης,
993 4767 1058 4818 ὲκ
1096 4765 1234 4818 Θεοῦ
1281 4767 1482 4837 δηλαδὴ
1510 4767 1748 4835 δεδωρηο

160 4857 292 4928 μένη.
329 4859 508 4912 Ὀοεν
545 4857 674 4910 τῶν
696 4855 910 4924 ἀλόγων
943 4857 1232 4927 κρείττους
1260 4857 1412 4922 ὄντες
1453 4859 1612 4928 ἡμεῖς
1647 4858 1747 4926 μὲν

160 4953 255 5002 κατ’
282 4951 549 5017 ἐξουσίαν
588 4953 849 5018 ἀναιρεῖν
879 4951 1018 5004 αὺτά
1071 4950 1418 5022 πεφύκαμεν.
1463 4952 1652 5022 Ἦμῶν
1691 4952 1747 5005 δὲ

158 5040 215 5103 ὡς
245 5045 598 5114 κρειττόνων
638 5043 756 5095 τῶν
789 5043 1002 5112 ἀλόγων
1056 5045 1121 5097 σὺ
1177 5043 1340 5098 πάλιν
1381 5043 1456 5104 ὡς
1493 5043 1747 5113 βασιλεὺς

159 5136 390 5201 κρείττων
420 5136 605 5206 ἡμῶν
647 5134 940 5206 ὑπάρχεις,
975 5135 1094 5188 κατ’
1138 5136 1390 5202 ἐξουσίαν
1439 5136 1745 5206 ὑπερέχων.

161 5224 224 5294 μ’.
251 5225 337 5300 δι]
377 5227 474 5291 Ὠς
511 5225 622 5281 οὖν
685 5226 848 5295 ἡμεῖς
875 5225 1019 5279 κατὰ
1048 5225 1111 5278 τὺ
1148 5227 1368 5295 λογικὸν
1395 5227 1506 5280 τῶν
1535 5228 1748 5295 ἀλόγων

159 5317 302 5384 ζώων,
323 5323 472 5375 οὕτω
499 5323 602 5382 σὺ,
639 5314 692 5372 ὦ
728 5318 973 5388 βασιλεῦ,
998 5320 1139 5374 κατὰ
1166 5321 1257 5376 τὸν
1276 5322 1375 5391 τῆς
1389 5323 1564 5392 ἀρχῆς
1591 5323 1748 5392 λόγον

158 5410 466 5480 ἑξουσιὰζεις
500 5417 534 5485 ἡ
548 5413 716 5484 μῶν,
741 5410 929 5483 ῶσπερ
960 5412 1024 5484 δὴ
1052 5414 1144 5467 καὶ
1169 5415 1264 5467 σού
1296 5415 1460 5467 πάλιν
1486 5417 1749 5485 κρείττων

161 5505 435 5574 ἀνθρώπων
476 5508 593 5578 μὲν
632 5504 846 5568 οὐδεὶς,
892 5505 1024 5567 Θεὸς
1059 5505 1112 5558 δὲ
1145 5507 1376 5576 ἀόρατος
1407 5508 1499 5560 καὶ
1532 5507 1751 5561 πάντων

162 5598 404 5670 Δεσπότης
443 5601 549 5652 καὶ
579 5596 863 5663 Ποιητὴς,
899 5596 1028 5666 παρ’
1058 5589 1118 5649 οὗ
1148 5597 1242 5650 καὶ
1270 5597 1331 5650 τὸ
1359 5599 1637 5668 συμφέρον
1668 5599 1751 5651 ai-

163 5693 341 5746 τείσθαι
371 5695 469 5747 καὶ
501 5689 942 5762 προσεύχεσθαι
982 5690 1082 5743 δεῖ.
1120 5708 1138 5741 ο
1169 5691 1303 5743 Φασὶ
1337 5690 1394 5743 δὲ
1443 5690 1538 5744 καὶ
1564 5691 1750 5744 τούσδε

165 5786 259 5846 τοὺς
275 5787 583 5856 λιςγουζτὺν
621 5781 886 5854 Ἀϐρααμ
912 5784 1106 5848 εἰπεῖν,
1154 5783 1354 5854 πολλὴν
1384 5780 1520 5838 εἶναι
1548 5784 1748 5855 μεταξὺ

167 5872 385 5946 ἀηθείας
441 5880 543 5935 καὶ
605 5873 916 5944 συνηθείας
974 5872 1069 5945 τὴν
1118 5873 1403 5952 διαφοράν.
1447 5875 1551 5928 Καὶ
1586 5875 1750 5946 γὰρὴ

1855 4693 2019 4738 tatem
2055 4683 2168 4736 l'ato
2201 4683 2288 4738 isti
2324 4696 2668 4750 nequaquam
2700 4679 2994 4734 obnoxiam
3050 4678 3256 4731 habent
3307 4694 3319 4730 :
3363 4685 3450 4732 est

1852 4772 1996 4827 cnim
2020 4771 2318 4826 nativitatis
2337 4769 2442 4840 55
2471 4769 2589 4824 fato
2618 4769 2896 4838 quidpiam
2916 4768 3449 4838 antiquxus.§itttelle-

1853 4874 1975 4916 ctus
1997 4879 2192 4932 nempe
2213 4870 2266 4916 et
2295 4860 2464 4916 libera
2491 4870 2731 4930 potestas
2756 4859 2859 4920 sui,
2879 4858 2969 4912 Dei
2994 4859 3138 4912 dono
3155 4868 3446 4924 concessa,

1850 4955 2040 5025 Itaque
2075 4969 2176 5011 nos
2207 4953 2384 5008 brutis
2409 4955 2722 5023 superiores
2755 4959 3024 5020 potestate
3073 4957 3260 5005 nostra
3289 4951 3340 5003 in
3375 4948 3443 5002 iis

1852 5047 2117 5102 necandis
2172 5045 2246 5099 uti
2303 5045 2568 5099 solemus.
2627 5040 2794 5096 Nobis
2848 5054 3055 5101 autem,
3087 5039 3180 5108 qui
3250 5035 3442 5090 bestiis

1851 5147 2205 5210 praesumus,
2241 5145 2296 5190 tu
2337 5150 2555 5190 rursum
2598 5136 2759 5204 regia.-
2788 5145 2891 5186 qu-
2918 5132 3177 5201 potentia:
3227 5129 3442 5183 ratione

1851 5232 2173 5296 antecellis;
2227 5238 2282 5284 et
2313 5227 2585 5300 quomodo
2630 5242 2727 5281 nos
2790 5234 3011 5294 propter
3042 5224 3304 5278 rationem
3387 5223 3443 5276 in

1852 5327 2034 5387 bruta.
2068 5325 2140 5377 ita
2178 5331 2234 5376 tu
2264 5323 2317 5376 in
2349 5337 2448 5376 nos
2501 5319 2854 5389 magistratus
2900 5332 3065 5373 causa
3116 5322 3439 5382 potestatem

1851 5418 2084 5472 obtines.
2122 5416 2325 5470 lterum
2353 5422 2403 5467 te
2430 5426 2649 5482 quoque
2679 5409 2952 5478 potentior
2994 5417 3078 5460 est
3129 5411 3290 5460 homo
3319 5408 3444 5474 qui-

1853 5510 1974 5564 dem
2020 5523 2201 5568 nemo.
2231 5507 2325 5561 sed
2365 5506 2510 5559 Deus
2535 5501 2849 5566 invisibilis,
2880 5501 3125 5556 omnium
3180 5499 3442 5551 Dominus

1854 5609 2018 5671 atque
2067 5600 2351 5660 Conditor,
2389 5611 2416 5650 a
2467 5611 2576 5666 quo
2606 5595 2747 5651 votis
2806 5593 3096 5663 petendum
3151 5599 3234 5647 est
3289 5590 3438 5661 quod

1856 5694 1989 5747 utile
2054 5694 2146 5747 sit.
2212 5711 2230 5742 ι
2293 5689 2496 5744 Ferunt
2535 5697 2590 5744 et
2636 5689 2751 5742 lnec
2793 5686 3161 5742 Abrahamum
3191 5683 3437 5737 divisse:

1861 5787 2144 5857 cMaguum
2175 5787 2421 5841 estinter
2449 5784 2730 5839 veritatem
2753 5790 2806 5838 et
2841 5777 3294 5837 consuetudinem
3331 5774 3444 5829 dis-

1858 5880 2101 5937 crimen:
2140 5878 2337 5935 veritas
2374 5873 2664 5947 siquidem,
2699 5875 2860 5931 etiam
2894 5887 3016 5927 cum
3050 5870 3218 5941 probe
3257 5868 3442 5922 inves-
