4184 6436
693 388 764 451 95
1952 378 2274 442 GEORGII
2316 374 2657 437 CEDRENI
3885 366 3961 432 95

695 504 749 556 in
779 514 998 557 crucem
1036 505 1180 571 agat,
1234 499 1327 554 ubi
1365 496 1681 553 volneribus
1732 511 1859 552 esca
1908 495 1980 549 sit
2029 492 2273 548 futurus.

2385 488 2471 540 ἐπὶ
2505 484 2663 551 ξύλον
2688 485 3036 556 κρεμάμενον
3053 480 3118 536 τὰ
3138 481 3302 552 ὅρνεά
3326 496 3384 533 σε
3411 476 3913 547 καταθοινήσονται.
3938 498 3955 529 ι

691 595 803 666 66
840 593 1124 658 Quomodo
1167 600 1348 648 autem
1387 590 1658 660 Josephus
1687 599 1868 643 actum
1902 589 1966 641 iri
2005 587 2273 655 praedixe-

698 696 803 743 rat.
842 687 915 738 ita
964 685 1125 755 plane
1176 694 1355 739 actum
1388 692 1493 737 est.
1544 682 1768 737 Duobus
1813 684 1882 734 ab
1925 696 1991 735 eo
2028 689 2276 749 tempore

695 777 853 830 annis
902 776 1259 830 circumactis
1311 773 1411 842 ipsi
1462 773 1728 827 Pharaoni
1791 771 2128 827 insomnium
2191 779 2275 826 est

694 868 939 921 oblatum
988 870 1117 921 tale.
1181 866 1329 920 Vidit
1382 874 1589 936 septem
1635 880 1836 920 vaccas
1898 864 2171 921 formosas
2222 874 2277 920 et

695 974 862 1012 carne
896 959 1094 1013 nitidas
1127 958 1195 1012 de
1225 957 1394 1011 fluvio
1425 956 1721 1012 ascendere
1761 966 1923 1027 atque
1958 958 2012 1011 in
2045 957 2275 1026 palustri

697 1049 949 1118 gramine
984 1063 1212 1115 pascere
1244 1065 1258 1101 :
1290 1049 1375 1101 his
1406 1048 1707 1102 succedere
1739 1047 1965 1101 totidem
2002 1047 2277 1103 deformes

696 1149 862 1208 atque
898 1140 1243 1202 macilentas,
1273 1156 1299 1192 a
1331 1140 1529 1205 quibus
1551 1141 1795 1209 pulchrae
1829 1142 1931 1193 iilie
1960 1150 2014 1195 et
2047 1140 2278 1211 pingues

700 1233 1125 1286 devorarentur.
1177 1233 1604 1302 Exparrgefacuis
1654 1249 1744 1287 rex
1789 1248 1912 1286 eum
1950 1232 2132 1287 denuo
2179 1238 2279 1288 ob-

696 1326 1070 1387 dormivisset,
1108 1328 1159 1379 in
1192 1341 1386 1379 somno
1419 1327 1522 1381 sibi
1560 1326 1709 1379 visus
1738 1334 1821 1379 est
1856 1325 2045 1381 videre
2071 1335 2277 1394 septem

696 1418 880 1485 Spicas
923 1417 990 1469 ah
1025 1431 1135 1471 uno
1183 1419 1367 1470 enimn
1416 1418 1599 1471 enasci
1651 1417 1912 1486 pulchras
1960 1426 2125 1486 atque
2167 1419 2280 1472 exi-

697 1507 837 1558 mias
873 1525 884 1559 :
923 1516 1044 1577 post
1081 1508 1181 1561 has
1230 1508 1365 1561 alias
1403 1517 1608 1574 septem
1643 1506 1777 1560 vitio
1812 1507 1955 1561 aeris
1997 1507 2188 1561 inanes
2219 1521 2282 1561 ac

701 1608 918 1660 tenues,
953 1606 1007 1650 et
1035 1598 1104 1651 ab
1136 1598 1220 1651 his
1261 1598 1553 1664 praeclaras
1577 1599 1713 1652 istas
1742 1608 1904 1667 atque
1937 1599 2126 1667 plenas
2151 1614 2283 1653 cett-

698 1687 863 1741 siimi.
904 1688 1000 1740 His
1037 1687 1174 1741 visis
1218 1688 1570 1755 perturbatus
1612 1697 1694 1741 est
1727 1705 1839 1753 rex,
1878 1704 2053 1759 neque
2101 1698 2281 1743 tamen

699 1775 800 1828 fuit
846 1776 935 1845 qni
982 1778 1029 1831 ei
1089 1778 1365 1831 somnium
1406 1778 1508 1832 hoc
1551 1778 1898 1845 interpretari
1954 1786 2156 1848 posset.
2200 1779 2283 1834 lbi

700 1878 814 1922 tum
840 1867 1166 1922 recordatus
1201 1866 1422 1935 Josephi
1444 1877 1527 1921 est
1551 1870 1936 1937 pincernarum
1968 1871 2280 1939 pnefectus.

697 1960 971 2029 .losephus
1019 1975 1151 2030 ergo
1203 1967 1429 2016 vocatus
1504 1970 1712 2029 septem
1778 1963 1963 2018 vaccis
2020 1964 2279 2020 formosis

700 2054 941 2121 itemque
993 2062 1204 2121 septem
1268 2054 1438 2122 spicis
1508 2052 1787 2123 praeclaris
1854 2064 2061 2126 septem
2107 2072 2280 2112 annos.

704 2146 1003 2199 fertilitatis
1043 2146 1319 2216 designari
1352 2147 1598 2213 exponit,
1628 2158 1834 2216 septem
1869 2150 2065 2203 macris
2099 2150 2282 2205 vaccis

702 2244 866 2304 atque
906 2236 1163 2291 inanibus
1198 2237 1369 2305 spicis
1403 2251 1579 2290 annos
1623 2246 1827 2307 septem
1862 2240 2103 2307 penuria:
2133 2241 2283 2296 insc-

702 2336 934 2386 entnrzc,
971 2326 1063 2394 qui
1102 2341 1292 2380 omnes
1330 2325 1590 2380 fertilium
1622 2342 1891 2381 annorum
1930 2344 2061 2397 opes
2088 2338 2283 2385 essent

702 2418 1067 2486 alisninpturi.
1113 2418 1374 2474 lnsomnii
1413 2419 1696 2472 veritatem
1732 2420 2098 2487 geminatione
2144 2437 2281 2476 con-

704 2510 935 2570 firmari,
962 2520 1016 2564 et
1046 2512 1188 2578 quod
1218 2510 1459 2564 secundo
1496 2513 1665 2579 Spica:
1690 2513 1817 2565 visa:
1854 2523 2061 2574 essent,
2096 2529 2161 2569 eo
2195 2515 2277 2567 in-

702 2601 908 2655 (licium
946 2602 1013 2656 de
1047 2601 1294 2673 frugibus
1327 2615 1487 2656 terra:
1522 2604 1821 2672 perhiberi,
1859 2618 1924 2658 ac
1964 2603 2132 2658 Deum
2168 2621 2279 2659 rem

702 2693 1159 2747 acceleraturnm.
1181 2693 1428 2762 Triginta
1459 2708 1634 2747 annos
1659 2704 1819 2750 natus
1857 2696 1959 2749 fuit
1983 2695 2279 2765 Josephus,

702 2796 828 2835 eum
878 2780 1151 2835 Pharaoni
1198 2791 1400 2850 praesto
1442 2781 1580 2846 fuit;
1632 2783 1786 2852 isque
1844 2786 1891 2839 ei
1946 2786 2279 2840 Asenetham

704 2872 1019 2942 Pntipharis
1047 2873 1353 2927 sacerdotis
1400 2872 1565 2927 filiam
1600 2875 1951 2929 matrimonio
1978 2876 2179 2945 juuxit,
2216 2894 2280 2931 ex

702 2981 807 3033 qua
834 2965 882 3019 ei
909 2965 1018 3018 duo
1055 2964 1149 3017 filii
1182 2972 1310 3018 sunt
1345 2966 1485 3027 nati,
1540 2963 1818 3020 Manasses
1860 2975 2024 3036 atque
2055 2967 2284 3038 Ephrai-

705 3073 847 3111 mus.
901 3056 1196 3110 Enimvero
1249 3055 1390 3110 fame
1451 3057 1757 3124 septennali
1823 3068 1941 3112 orta
2009 3059 2281 3130 Josephus

2384 577 2550 633 Κατά
2575 578 2676 648 τὴν
2706 578 2888 648 κρίσιν
2922 571 3015 629 οὖν
3038 574 3133 628 τοῦ
3175 572 3373 643 Ἰωσὴφ
3409 569 3553 624 οὕτω
3584 570 3675 622 καὶ
3723 570 3960 637 ἐγένετο.

2382 670 2536 724 Μετὰ
2563 668 2740 722 ταῦτα
2772 667 2867 721 δύο
2900 666 3037 719 ἐτῶν
3070 663 3490 735 παρῳχημένων
3517 661 3682 724 αὐτὸς
3710 660 3964 715 ἐνύπνιον

2383 757 2488 813 εἶδε
2534 760 2755 830 Φαραώ.
2792 758 2963 813 Ἑπτὰ
3025 756 3155 827 βόας
3188 753 3360 817 καλὰς
3406 752 3485 821 τῷ
3537 750 3672 803 εἴδει
3721 750 3818 803 καὶ
3847 753 3965 813 ταῖς

2385 852 2543 923 σαρξὶ
2572 852 2830 921 λιπαρὰς,
2853 848 3255 910 ἀναϐαινούσας
3284 848 3349 899 ὲκ
3372 844 3468 897 τοῦ
3503 841 3752 914 ποταμοῦ
3786 844 3878 895 καὶ
3908 844 3967 895 ἐν

2381 945 2459 1014 τῷ
2485 944 2607 1014 ἄχιν
2642 945 2753 1013 (47)
2802 944 3107 1012 νεμομένας
3142 938 3280 1010 ᾤετο
3309 940 3467 1009 ὁρᾷν,
3499 938 3667 999 ἄλλας
3719 936 3776 989 δὲ
3827 935 3967 988 ἑπτὶι

2386 1035 2510 1105 βόας
2542 1036 2811 1105 ἑπομένας
2833 1037 2953 1097 ταῖς
2980 1033 3250 1101 πρώταις,
3293 1030 3529 1101 αἰσχρὰς
3571 1029 3649 1100 τῷ
3696 1028 3825 1081 εἴδει
3872 1027 3963 1080 καὶ

2386 1128 2607 1194 λεπτὰς,
2639 1129 2695 1182 αἳ
2723 1128 2817 1182 καὶ
2837 1128 3145 1194 κατέφαγον
3176 1125 3274 1187 τὰς
3292 1125 3530 1196 λιπαρὰς
3557 1123 3650 1176 καὶ
3679 1120 3961 1182 ὲκλεκτάς.

2388 1213 2519 1271 Εἶτα
2557 1219 2805 1287 ἐγερθεὶς
2832 1218 2926 1271 και
2957 1213 3112 1280 αὖθις
3134 1217 3389 1286 δεύτερον
3434 1213 3775 1274 ὲνυπνισθεὶς
3814 1214 3842 1265 6
3865 1211 3964 1281 βα-

2388 1312 2571 1376 σιλεὺς
2619 1313 2755 1383 ὁρᾷν
2804 1313 2978 1365 ἐδόκει
3032 1311 3173 1363 ἑπτὰ
3204 1310 3441 1379 στάχυας
3492 1308 3553 1361 ὲν
3594 1306 3674 1359 ἐνὶ
3732 1306 3968 1375 πυθμένι

2387 1406 2618 1470 ἀνιέναι,
2647 1404 2847 1467 καλοὺς
2881 1405 2976 1456 καὶ
3003 1403 3317 1465 ἐκλεκτοὺς,
3353 1400 3446 1454 καὶ
3479 1400 3596 1471 μετ’
3646 1399 3841 1458 αὐτοὺς
3876 1398 3970 1452 ἄλο

2386 1497 2509 1560 λους
2539 1498 2679 1549 ἐπτά
2722 1495 3062 1563 ἀναφύεσθαι
3097 1492 3512 1564 ἀνεμοφθόρους
3568 1491 3665 1544 καὶ
3710 1491 3963 1554 λεπτοὺς,

2387 1590 2437 1643 οἳ
2471 1592 2597 1654 τοὺς
2629 1589 2917 1652 ἐκλεκτοὺς
2942 1588 3034 1641 καὶ
3051 1588 3278 1657 πλήρεις
3310 1586 3591 1638 κατέπιον.
3623 1584 3809 1637 Ταῦτα
3843 1583 3966 1635 ἰδὼν

2386 1681 2585 1752 Φαραὼ
2614 1680 2916 1751 ἐταράχθη,
2950 1679 3043 1732 καὶ
3067 1682 3095 1733 6
3127 1678 3485 1745 ἀπαγγέλλων
3525 1676 3673 1744 αὑτῷ
3704 1677 3802 1745 τὴν
3833 1676 3968 1741 σύγ-

2391 1790 2571 1843 κρισιν
2605 1774 2705 1826 οὐκ
2749 1769 2838 1842 ἦν.
2888 1770 3391 1840 Ἀναμιμνήσκεται
3422 1766 3514 1852 οῦν
3543 1767 3571 1817 ὁ
3601 1766 3969 1835 ἀρχιοινοχόος

2386 1865 2481 1918 τοῦ
2523 1865 2724 1935 Ἰωσὴφ
2756 1906 2771 1930 ,
2812 1864 2871 1927 ὃς
2927 1865 3020 1916 καὶ
3071 1864 3357 1932 παραστὰς
3395 1861 3493 1923 τὰς
3529 1860 3626 1929 μὲν
3667 1860 3805 1911 ἑπτὰ
3839 1859 3966 1927 $61.;

2384 1958 2483 2021 τὶς
2516 1956 2686 2019 καλὰς
2720 1958 2814 2009 καὶ
2843 1956 2968 2018 τοὺς
2999 1956 3139 2008 ἑπτα
3177 1956 3416 2023 στάχυας
3439 1952 3563 2015 τοὺς
3594 1950 3792 2013 καλοὺς
3825 1950 3967 2003 ἑπτα

2387 2049 2483 2118 ἐτη
2527 2048 2786 2118 εὐθηνίας
2832 2044 2972 2100 εἶναι
3035 2064 3206 2115 φησι,
3254 2045 3354 2108 τὰς
3410 2045 3465 2098 δὲ
3524 2045 3662 2098 ἑπτὰ
3698 2044 3826 2113 βόας
3866 2042 3966 2105 τὰς

2388 2142 2575 2211 ἰσχνὰς
2610 2141 2703 2193 καὶ
2735 2142 2863 2202 τοὺς
2894 2138 3037 2192 ἑπτὰ
3065 2145 3303 2207 στάχυας
3332 2139 3456 2197 τοὺς
3481 2137 3712 2199 λεπτοὺς
3744 2135 3839 2189 καὶ
3869 2153 3966 2186 κε-

2384 2233 2531 2297 νοὺς,
2571 2231 2713 2284 ἑπτὰ
2735 2230 2827 2300 ἐτη
2865 2229 3026 2299 λιμοῦ
3063 2228 3286 2299 ἰσχυροῦ
3327 2227 3781 2297 ἐπακολουθήσει,
3816 2227 3967 2294 ἅπερ

2385 2324 2715 2389 ὲξαναλώσει
2750 2325 2927 2375 πάντα
2957 2323 3027 2376 τὰ
3064 2321 3244 2389 ἀγαθὰ
3269 2320 3379 2373 τῶν
3400 2321 3535 2373 ἑτῶν
3556 2321 3651 2389 τῆς
3686 2318 3964 2387 εὐθηνίας.

2387 2417 2460 2469 T6
2497 2416 2553 2469 δὲ
2589 2415 2926 2485 δευτερῶσαι
2973 2415 3034 2467 τὸ
3068 2414 3340 2477 ἐνύπνιον,
3373 2411 3572 2482 ἀληθές
3623 2412 3742 2464 ἐστι
3792 2412 3965 2482 δηλοῖ.

2386 2510 2459 2561 Τὸ
2492 2508 2546 2561 δὲ
2588 2509 2681 2561 καὶ
2711 2508 2797 2561 διὰ
2832 2506 2940 2559 τῶν
2967 2507 3257 2577 ἀσταχύων
3312 2504 3713 2574 δευτερωθῆναι
3768 2503 3828 2556 τὸ
3876 2503 3968 2556 διὰ

2383 2598 2491 2649 τῶν
2524 2598 2942 2667 γεωργημάτιυν
3006 2599 3104 2664 τῆς
3157 2597 3259 2665 γῆς
3308 2594 3603 2666 σημαίνει·
3656 2597 3793 2666 ὅπερ
3859 2596 3957 2647 καὶ

2383 2691 2603 2759 ταχυνεῖ
2631 2688 2724 2740 τοῦ
2757 2688 2981 2757 ποιῆσαι
3011 2690 3038 2741 6
3069 2688 3224 2749 Θεός.
3250 2681 3358 2738 Ἦν
3398 2685 3494 2755 μὲν
3526 2684 3619 2738 οὖν
3648 2686 3783 2737 ἐτῶν
3812 2686 3968 2755 τριά-

2386 2780 2598 2834 κονταὸ
2650 2778 2869 2847 Ἰωσὴφ,
2921 2779 3009 2830 ὅτε
3071 2777 3316 2846 παρέστη
3354 2775 3432 2845 τῷ
3459 2775 3660 2841 Φαραώ
3692 2791 3706 2805 ·
3768 2766 3814 2840 ᾧ
3869 2773 3967 2824 καὶ

2384 2875 2617 2939 γυναῖκα
2648 2871 2743 2941 τὴν
2787 2871 3004 2923 Ἀσενὲθ
3071 2868 3281 2934 ἐδίδου,
3330 2867 3607 2935 θυγατέρα
3638 2864 3733 2919 τοῦ
3776 2865 3966 2933 ἱερέως

2386 2964 2661 3034 Πετεφρῆ,
2694 2963 2811 3031 μεθ’
2845 2956 2912 3032 ἦς
2944 2959 3155 3014 καὶδύο
3186 2960 3333 3021 υἱοὺς
3366 2958 3629 3022 ἑτετόκει,
3658 2957 3964 3025 Μανασσῆν

2386 3057 2481 3109 καὶ
2534 3057 2793 3125 Ἑφραΐμ.
2822 3055 2927 3108 Τοῦ
2964 3053 3125 3123 λιμοῦ
3157 3052 3215 3106 δὲ
3248 3051 3338 3104 ἐπὶ
3373 3049 3639 3119 ὲπταετίᾳ
3672 3049 3966 3116 γενομένου

702 3164 863 3202 omne
902 3163 1121 3211 aurum,
1173 3147 1281 3218 67
1330 3150 1513 3203 omnia
1545 3148 1815 3218 jumenta,
1859 3165 2052 3208 omnes
2098 3168 2279 3223 agros,

2388 3149 2562 3201 πάντα
2605 3147 2704 3217 μὲν
2736 3153 2933 3217 χρυσον
2974 3147 3068 3199 καὶ
3120 3146 3289 3215 κτήνη
3354 3144 3447 3195 καὶ
3498 3142 3621 3211 γῆν,
3680 3140 3820 3194 ἀλλὰ
3857 3141 3969 3210 μὴν

701 3240 835 3306 quin
868 3239 1033 3293 etiam
1076 3239 1347 3307 mancipia
1389 3239 1572 3294 domui
1616 3240 1917 3297 Pharaonis
1961 3246 2273 3313 acquisivit.

703 3328 946 3398 Septimo
975 3344 1121 3381 anno
1160 3331 1367 3383 semina
1391 3331 1456 3382 ad
1488 3339 1653 3384 totam
1677 3330 1971 3402 [Egyptum
2004 3332 2278 3391 frumento

702 3420 1101 3475 conserendam
1136 3422 1381 3490 praebens
1416 3422 1649 3476 instituit
1688 3435 1746 3479 ut
1774 3423 2053 3480 fructuum
2085 3428 2276 3496 quinta

702 3528 830 3580 pars
857 3514 965 3580 regi
1002 3514 1352 3581 penderetur.
1396 3512 1552 3579 Quod
1596 3517 1897 3570 etiamnum
1946 3519 2000 3571 in
2040 3518 2278 3590 A‘ngpto

701 3606 931 3669 obtinet,
956 3606 1090 3662 solis
1120 3606 1500 3662 sacerdotibus
1522 3608 2048 3678 innnunibus,'quo:l
2080 3626 2272 3666 eorum

704 3712 865 3766 agros
905 3704 1115 3751 tantum
1150 3697 1422 3768 Josephus
1456 3713 1521 3753 eo
1553 3714 1719 3754 onere
1749 3701 2056 3756 liberasset.
2100 3702 2279 3758 Caete-

702 3789 860 3857 roqni
903 3781 1132 3843 salutem
1182 3788 1282 3843 hoc
1329 3804 1484 3845 suam
1535 3797 1588 3844 et
1617 3805 1894 3845 summum
1951 3791 2276 3847 beneficium

701 3877 941 3949 .Egyptii
986 3886 1262 3949 putantes,
1288 3880 1561 3949 hodieque
1590 3895 1792 3935 morem
1840 3882 2078 3937 retinent
2125 3884 2284 3953 quin-

705 3979 813 4024 tam
853 3971 1097 4025 omnium
1140 3981 1300 4027 terra:
1344 3973 1560 4040 frugum
1600 3980 1807 4041 partem
1858 3972 2133 4028 Pharaoni
2171 3976 2283 4029 tri-

703 4062 922 4118 bueudi.

775 4153 1015 4209 .lacobns
1091 4154 1146 4207 in
1220 4153 1459 4225 Egyplo
1523 4155 1664 4224 apud
1730 4155 2029 4227 Josephum
2106 4172 2280 4215 annos

706 4246 839 4298 vixit
888 4246 975 4310 l7,
1002 4246 1136 4300 vixit
1192 4248 1419 4301 omnino
1460 4263 1635 4304 annos
1678 4250 1801 4305 H7.
1837 4250 1907 4306 Ut
1932 4254 2116 4311 {linem
2158 4252 2281 4305 vita:

708 4350 817 4390 suae
855 4336 1153 4406 appetiisse
1196 4338 1576 4402 intellexisset,
1610 4337 1907 4409 Josephum
1941 4342 2007 4395 ad
2060 4357 2118 4396 se
2150 4356 2281 4396 evo-

706 4435 885 4480 ratum
925 4427 1115 4482 femori
1146 4442 1269 4492 suo.
1297 4438 1351 4482 ut
1370 4439 1510 4495 ζει-ιιι
1544 4432 1734 4497 moris,
1765 4447 1985 4486 manum
2012 4433 2285 4501 subjicere

703 4513 889 4582 jussit,
932 4515 1351 4589 juramentoqne
1397 4520 1692 4576 obstrinxit
1730 4538 1797 4576 ne
1835 4536 1895 4577 se
1948 4523 2001 4576 in
2048 4522 2281 4594 [Egypto

2385 3245 2479 3298 καὶ
2515 3243 2574 3310 ἐξ
2610 3243 2915 3313 ἀνθρώπων
2940 3241 3253 3310 ἀνδράποδα
3299 3238 3379 3309 τῷ
3422 3237 3558 3307 οἴκῳ
3612 3236 3812 3305 Φαραὼ
3852 3239 3964 3288 εξε-

2384 3338 2707 3407 εποιήσατοο
2734 3337 2791 3389 ὲν
2813 3336 2871 3387 δὲ
2905 3332 2981 3405 τῷ
3005 3333 3219 3403 ἑϐδόμῳ
3250 3331 3481 3400 ἐνιαυτῷ
3522 3330 3813 3398 σπέρματα
3839 3330 3967 3392 δοὺς

2388 3426 2533 3497 πάσῃ
2567 3429 2632 3496 τῇ
2655 3428 2723 3496 γῇ
2772 3423 3072 3492 Αἰγύπτου,
3112 3423 3173 3475 τὸ
3222 3422 3473 3491 πέμπτον
3517 3424 3681 3490 μέρος
3713 3415 3964 3485 ἀποκλη-

2388 3518 2516 3589 ροῦν
2539 3518 2763 3586 ἐποίησε
2797 3518 2909 3578 τοῖς
2948 3514 3263 3585 βασιλείοις.
3296 3512 3477 3583 Ὅπερ
3520 3513 3617 3565 καὶ
3659 3511 3821 3580 μέχρι
3863 3508 3967 3575 τῆς

2387 3610 2480 3663 νῦν
2512 3609 2705 3680 κρατεῖ
2756 3608 2813 3659 ὲν
2853 3605 3151 3675 Αἰγύπτῳ,
3197 3604 3375 3674 μόνων
3406 3602 3516 3654 τῶν
3558 3599 3750 3670 ἱερέων
3798 3596 3966 3661 ὑπεξ-

2385 3703 2701 3773 ῃρημένων·
2731 3699 2829 3768 τὴν
2862 3698 3141 3768 ἱερατικὴν
3171 3697 3277 3765 γὰρ
3300 3694 3405 3763 γῆν
3424 3692 3589 3761 ἀτελῆ
3606 3690 3966 3743 καταλέλοιπε

2390 3792 2580 3861 μόνην.
2633 3792 2697 3842 (ll
2745 3788 2803 3841 δὲ
2850 3789 3143 3855 Αἰγύπτιοι
3195 3783 3469 3854 σωτηρίαν
3547 3780 3812 3850 μεγίστην
3871 3781 3968 3831 καὶ

2384 3882 2707 3952 εὐεργεσίαν
2742 3880 2899 3934 τοῦτο
2929 3880 3291 3950 ἡγησάμενοι,
3327 3877 3456 3945 ἄχρι
3485 3872 3580 3925 τοῦ
3606 3872 3765 3943 δεῦρο
3817 3873 3961 3925 ἀπο.

2386 3975 2675 4046 πεμπτοῦν
2705 3972 3079 4041 παρειλήφασι
3109 3969 3188 4040 τῷ
3219 3966 3419 4039 Φαραὼ
3447 3964 3654 4028 πάντας
3682 3965 3805 4027 τοὺς
3826 3981 3968 4034 καρ-

2393 4070 2529 4131 ποὺς
2561 4068 2659 4134 τῆς
2687 4068 2789 4135 γῆς
2823 4063 3020 4118 αὐτῶν.

2473 4157 2874 4213 Ἐπτακαίδεκα
2932 4158 3033 4226 μὲν
3086 4156 3181 4226 ἔτη
3234 4157 3261 4207 6
3312 4153 3507 4208 Ἰακὼὸ
3572 4151 3843 4217 ὲπέζηαεν
3906 4150 3970 4201 ἐν

2389 4253 2650 4321 Αἰγύπτῳ
2678 4249 2755 4320 τῷ
2800 4249 3025 4318 Ἰωσὴφ,
3066 4248 3165 4317 τῆς
3217 4246 3364 4317 ζωῆς
3411 4246 3468 4299 δὲ
3509 4245 3660 4313 αὐτῷ
3706 4245 3762 4297 αἱ
3795 4245 3969 4295 πᾶςαι

2389 4346 2595 4415 ἡμέραι
2653 4344 2733 4407 εἰς
2793 4340 2916 4413 ρμζ¹
2948 4341 3045 4409 ἔτη
3080 4339 3548 4409 ὲξεμετρήθησαν.
3577 4336 3812 4404 Ἠγγιζε
3866 4335 3972 4405 μὲν

2387 4431 2481 4489 οὖν
2504 4437 2538 4504 ἡ
2560 4436 2742 4504 ἡμέρα
2766 4434 2864 4501 τῆς
2887 4430 3055 4483 αὐτοῦ
3072 4430 3350 4499 τελευτῆς,
3376 4428 3541 4491 αὐτὸς
3565 4427 3621 4480 δὲ
3645 4427 3736 4479 τὸν
3764 4426 3969 4493 Ἰωσὴφ

2393 4524 2875 4597 προσκαλούμενος
2935 4522 3108 4575 θεῖναι
3155 4520 3253 4589 τὴν
3307 4522 3463 4592 χεῖρα
3496 4520 3604 4573 ὑπὸ
3639 4520 3731 4572 τὸν
3764 4519 3962 4590 μηρὸν,

1837 4614 2190 4670 ΧιίΑΝῡιιι
2236 4616 2321 4670 ΕΤ
2361 4618 2576 4674 GOARI
2609 4616 2840 4672 ΝΟΤᾸΞ.

775 4697 890 4779 (ῌ)
931 4698 1087 4779 Quod
1122 4704 1448 4779 voeabulmn
1472 4714 1554 4779 es_t
1593 4705 1756 4758 etiam
1794 4708 1847 4759 in
1888 4706 2275 4779 Complutensi

703 4768 943 4844 editione.
974 4772 1027 4823 in
1065 4773 1166 4825 hac
1203 4775 1454 4838 historia,
1509 4776 1644 4829 Gen.
1684 4791 1797 4831 xu.
1835 4778 1963 4840 Alii,
2026 4768 2279 4844 interque

708 4837 810 4889 hos
871 4840 1356 4907 Argeutoratensis
1416 4845 1563 4911 (nam
1633 4845 1698 4897 ad
1775 4837 1995 4899 manum
2051 4837 2280 4901 Aldinus

704 4921 812 4989 non
846 4911 1035 4989 ,οι-ιιι),
1088 4914 1162 4989 ὲν.
1204 4915 1270 4982 τῇ
1332 4913 1466 4986 ὄχθῃ
1524 4915 1799 4989 legerunt.
1849 4916 2131 4989 Librarius
2181 4918 2280 4989 (Ie-

702 4977 858 5056 dreui
909 4977 1702 5056 iu_inargute-annotavit'ita
1751 5001 1811 5040 se
1870 4988 1922 5039 in
2001 4987 2281 5054 exonipla-

703 5050 761 5128 ri"
812 5050 1077 5128 reperisse
1096 5050 1137 5128 ,ί
1181 5054 1289 5128 nisi
1341 5054 1549 5128 incuria
1606 5066 1887 5121 peccatum
1942 5058 2034 5128 sit.
2066 5050 2278 5128 εοῦτως

704 5120 941 5197 εὓρηται
983 5120 1045 5172 τὸ
1087 5120 1213 5190 ἀχιν
1273 5124 1361 5197 ὲν-
1392 5123 1471 5197 τῷ
1517 5120 1857 5197 ἀντιγράφω.
1918 5126 2057 5193 πλὴν
2111 5126 2275 5191 λάοος

703 5184 793 5265 ἦν.
828 5184 1192 5265 Hieronymus
1224 5194 1390 5265 vertit
1421 5184 1476 5247 i'n
1511 5184 2035 5263 locis'pal'u'stribus',
2068 5205 2127 5250 ιιι
2153 5184 2278 5265 (ιιιξί

704 5254 842 5336 dem_
860 5271 1007 5336 nunc
1033 5254 1283 5336 etiamin
1310 5254 1687 5336 complutensi
1725 5267 1863 5320 libro
1892 5254 2110 5335 legitur.
2136 5254 2271 5320 Nam

708 5327 1329 5408 innejusdemiversione
1367 5327 1489 5386 εἰοῦί
1523 5348 1587 5408 c._
1611 5350 1731 5408 vui,
1795 5350 1906 5408 quo
1947 5327 2065 5408 loco
2100 5340 2273 5407 hypo-

705 5399 873 5475 crilze.
921 5399 1108 5475 juncis
1136 5411 1190 5475 et
1238 5402 1291 5475 id
1343 5419 1518 5471 genus
1576 5404 1628 5457 in
1682 5399 1906 5460 humido
1964 5399 2275 5461 viventibus

708 5462 1781 5544 piantis:clegantissime'comparautur,
1821 5475 1961 5528 idem
1994 5476 2141 5544 quod
2174 5478 2265 5531 hic

711 5533 1049 5592 \oeabulunf
1091 5550 1195 5625 1th
1247 5533 1523 5597 carectutn
1577 5533 1778 5615 legitur
1832 5533 2274 5615 interpretatum.

710 5674 829 5740 Quo
854 5680 1227 5759 quidemloco
1254 5686 1542 5759 βούτομον,
1584 5690 1651 5745 de
1706 5704 1813 5759 qua
1845 5705 1976 5745 voce
2025 5692 2157 5745 nihil
2188 5693 2274 5747 hie

708 5759 888 5831 agant,
922 5753 1272 5831 substituere,
1292 5758 1361 5810 70
1392 5753 1739 5831 interpretes:
1781 5761 2037 5828 Plerique
2064 5773 2277 5831 praten-

708 5829 826 5870 sem
861 5819 1079 5911 herbam
1105 5824 1435 5899 intelligunt.
1471 5819 1688 5887 Et'Jobi
1741 5831 1907 5887 modo
1937 5819 2088 5889 citati
2122 5834 2276 5890 locus

2314 4736 2358 4792 ι)
2389 4714 2535 4767 satis
2565 4710 2779 4764 videtur
2801 4709 3184 4792 demonstrare
3236 4723 3358 4792 esse
3406 4708 3631 4792 herbam
3660 4710 3724 4763 de
3753 4723 3965 4792 _ea_rui_n

2393 4795 2591 4849 genere
2620 4797 2741 4847 qua!
2769 4788 2823 4834 et
2853 4781 2904 4832 in
2937 4781 3177 4834 humidis
3211 4788 3374 4848 atque
3404 4780 3540 4833 adeo
3572 4781 3794 4847 aquosis
3827 4779 3968 4833 locis

2395 4851 2741 4921 proveniant,
2805 4857 2860 4903 et
2916 4850 3037 4905 sine
3096 4852 3305 4918 liquore
3366 4851 3551 4903 statim
3611 4864 3708 4903 sua
3761 4858 3966 4921 sponte

2391 4919 2706 4979 concidant.
2733 4928 2792 4975 ut
2821 4935 2984 4974 care:
3015 4936 3138 4975 esse
3174 4936 3277 4972 non
3316 4921 3508 4987 poSsit,
3547 4921 3766 4987 quando
3788 4919 3963 4972 Culu-

2393 4991 2550 5044 mella
2581 4992 2818 5044 carieem
2857 4990 2981 5043 lilici
3013 4999 3217 5060 asqnat,
3247 4998 3299 5043 et
3330 4997 3389 5041 nt
3456 4990 3817 5060 undeqnaqne
3864 5003 3969 5041 na-

2390 5071 2633 5116 scentem
2664 5076 2764 5115 suo
2784 5069 3025 5127 tempore
3058 5058 3203 5114 recte
3232 5058 3530 5126 exstirpari
3559 5060 3718 5111 docet
3752 5060 3785 5112 Ι.
3822 5074 3880 5121 ιι,
3906 5077 3963 5111 υ.

2388 5132 2459 5193 2;
2499 5131 2671 5199 quod
2704 5130 2758 5183 in
2793 5131 2945 5183 Acbu
3002 5131 3133 5185 illud
3193 5146 3299 5183 non
3332 5130 3572 5199 ividetur
3618 5140 3960 5196 competere.

2389 5198 2604 5253 Kimchi
2632 5198 2982 5254 Hebraeorum
3017 5202 3182 5261 facile,
3197 5198 3552 5254 doctissimus
3577 5214 3684 5251 non
3703 5200 3968 5253 abhorret

2387 5271 2455 5323 ab
2488 5271 2555 5324 iis
2587 5271 2680 5338 qui
2720 5286 2817 5337 pro
2849 5271 2971 5325 loco
2999 5271 3280 5336 (nimirum
3315 5270 3573 5323 humecto
3608 5278 3662 5323 et
3711 5268 3965 5338 herbido)

2388 5342 2688 5409 aceipiunt.
2720 5339 2832 5395 lloc
2860 5341 3144 5405 annotavi,
3182 5350 3240 5394 ut
3290 5354 3420 5392 mea;
3460 5340 3732 5392 versionis
3787 5340 3965 5391 ratio-

2387 5408 2521 5464 nem
2542 5410 2794 5465 afferrem
2824 5428 2837 5464 :
2872 5425 3052 5477 neque
3085 5410 3229 5464 enim
3271 5410 3437 5462 credo
3466 5424 3652 5461 Vocem
3685 5408 3807 5477 ἄχιν
3837 5424 3965 5461 esse

2389 5480 2455 5533 70
2510 5483 2895 5548 interpretum.
2952 5480 3118 5533 l’aulo
3179 5480 3433 5547 superius
3489 5480 3686 5548 ἄρτους
3747 5479 3961 5547 χονδρί-

2386 5567 2487 5614 τας
2518 5550 2651 5604 verti
2690 5565 2858 5619 panes
2902 5550 3188 5611 deliratos,
3220 5549 3363 5619 quod
3403 5564 3463 5603 ea
3507 5565 3607 5601 Vox
3661 5563 3767 5601 non
3821 5551 3961 5600 satis

2389 5636 2417 5673 a
2456 5636 2541 5673 me
2575 5621 2985 5688 intelligeretur.
3021 5620 3084 5672 Et
3116 5636 3243 5672 vero
3266 5636 3390 5672 cum
3420 5620 3485 5672 de
3516 5619 3781 5673 Hebraica
3827 5624 3959 5676 ’ττι

2392 5689 2629 5751 Ilebrzni,
2666 5698 2778 5743 tum
2800 5689 2866 5740 de
2894 5691 3079 5746 Gi’azca
3099 5689 3269 5743 Graeci
3299 5690 3637 5758 gzammatici
3668 5705 3774 5741 non
3801 5690 3964 5743 valde

2389 5760 2764 5833 ronseutinnt.
2794 5759 2846 5812 Si
2887 5761 3096 5816 fat-reos
3132 5762 3220 5833 sis
3255 5771 3345 5833 aut
3376 5760 3579 5833 aljecos
3634 5768 3727 5813 aut
3757 5762 3960 5827 quovis

2390 5832 2553 5888 modo
2581 5829 2953 5902 interpretari,
2993 5848 3099 5887 non
3129 5831 3383 5901 impedio.
3426 5826 3557 5883 Su.
