4184 6436
199 419 248 482 97
1206 411 1748 475 IIISTORIARUM
1790 412 2318 474 CUMI‘ENDIUM.
3349 424 3419 492 98

196 528 250 588 ὡς
277 525 409 587 ἔθος,
447 526 544 596 [1⁵.
573 523 678 590 58]
711 524 804 576 καὶ
831 522 1027 591 ὀμόσαι
1063 523 1210 592 ain}:
1246 520 1620 576 κατεδυσώπει
1658 518 1732 588 μὴ

1839 520 2134 582 humaret.
2193 522 2289 575 sed
2355 522 2421 576 ad
2495 525 2763 594 majorum
2819 544 3042 586 suorum
3111 537 3421 604 sepulcrum

197 617 326 684 eaea:
346 614 501 666 αὐτδιν
530 617 585 665 ἐν
613 614 897 682 Αἰγύπτῳ,
929 613 1046 666 ἀλλ’
1078 616 1134 665 ἐν
1164 612 1242 681 τῷ
1287 613 1438 681 τάφῳ
1472 612 1583 662 τῶν
1617 627 1695 662 πα
1715 638 1726 648 ·

197 705 336 774 τέρων
365 701 527 755 αὐτοῦ
564 704 885 770 ἀναγαγεῖν.
923 702 1098 755 Λύτοῦ
1135 703 1192 754 δὲ
1224 701 1600 770 καταθεμένου
1636 701 1730 752 καὶ

194 794 503 864 ὀμωμοκότος
537 795 700 856 εὐθὺς
731 795 1106 864 προσκυνῆσαι
1151 796 1241 847 τὸν
1283 795 1504 865 Ἰσραὴλ
1539 795 1634 848 ἐπί
1671 794 1732 847 τὸ

193 889 327 956 ἀκρον
375 888 468 953 τῆς
521 884 718 955 ρἀδου
785 886 1004 956 Ἰωσήφ.
1062 885 1220 940 Μετά
1259 887 1432 938 ταῦτα
1489 885 1731 946 ἀκούσας

193 979 414 1045 όΊωσίςφ
438 978 516 1029 ὄτι
577 977 874 1046 ἐνοχλεῖται
921 979 950 1031 6
1006 977 1192 1047 πατὴρ
1217 1020 1229 1043 ,
1282 979 1407 1041 τούς
1449 979 1542 1030 δύο
1580 979 1730 1042 uicit;

196 1071 461 1138 Μανασσῆν
486 1071 581 1122 καὶ
622 1070 862 1142 Ἐφραῖμ
891 1071 1289 1142 ἀναλαϐόμενος
1317 1069 1450 1144 ἦκεν
1479 1075 1558 1137 είς
1609 1073 1731 1124 ἐπί-

195 1162 370 1230 σκεψιν.
401 1160 622 1231 Ἰσραὴλ
655 1162 712 1214 δὲ
742 1163 1056 1227 ἀνεκάθισε,
1086 1165 1182 1217 καὶ¹
1209 1165 1426 1230 ἀνοίξας
1459 1164 1520 1216 τὸ
1551 1163 1728 1233 στόμα

192 1255 276 1306 τῶν
293 1252 541 1319 εὐλογιῶν
570 1253 665 1306 τοῦ
694 1254 828 1307 Θεοῦ
857 1259 952 1307 καὶ
972 1255 1080 1308 τῶν
1100 1257 1464 1325 ἐπαγγελιῶν,
1480 1251 1555 1309 ὧν
1577 1257 1728 1322 αὐτῷ

193 1348 237 1397 ἐν
267 1349 326 1416 γῇ
358 1347 578 1398 Χαναὰν
609 1347 967 1416 χρηματίζων
997 1347 1368 1416 ἐπήγγελται,
1410 1349 1728 1418 ὑπομιμνή-

193 1455 304 1492 σκει.
343 1439 696 1491 ἰδιοποιείται
740 1439 796 1490 δὲ
847 1442 973 1502 τοὺς
1029 1440 1124 1492 δύο
1179 1440 1328 1500 υἱοὺς
1362 1439 1550 1502 αὐτοῦ,
1605 1443 1730 1501 τοὺς

191 1531 472 1598 γενομένους
497 1531 648 1600 αὐτῷ
681 1533 739 1583 ἐν
755 1533 824 1601 γῇ
859 1531 1158 1598 Αἰγύπτου,
1203 1533 1447 1602 Ἐφραϊμ
1471 1532 1612 1601 λέγω
1637 1533 1732 1585 καὶ

189 1623 472 1692 Μανασσῆν,
515 1623 704 1687 εἰπὼν,
739 1623 813 1686 ὡς
847 1643 864 1674 ι
901 1625 1158 1694 Ῥουϐεὶμ
1182 1627 1276 1679 καὶ
1309 1626 1532 1695 Συμεὼν
1583 1620 1732 1680 οὗτοί

190 1729 260 1780 μοι
290 1712 518 1776 ἔσονται,
547 1715 615 1766 τὰ
654 1715 711 1768 δέ
744 1731 806 1782 γε
837 1715 1035 1782 ἔκγονα
1077 1715 1283 1769 τούτων
1316 1718 1399 1769 σοὶ
1429 1717 1665 1772 ἔσονται.
1705 1736 1724 1769 ο

189 1804 288 1856 Ὀτι
313 1806 414 1875 γὰρ
440 1805 664 1875 ἔμελλεν
705 1807 896 1878 ὠσπερ
927 1803 1099 1860 τᾶλλα
1124 1808 1268 1861 οὕτω
1300 1808 1396 1861 καὶ⁵
1427 1811 1553 1872 τούς
1582 1810 1730 1874 υἱοὺς

1836 620 2154 680 reportaret.
2172 613 2305 666 Cum
2324 612 2593 685 Josephus
2616 618 2684 671 ita
2707 622 2780 672 uti
2807 634 2957 688 pater
2975 624 3236 693 jussetat,
3255 645 3420 684 m-nnu

1833 702 1954 770 ejus
2023 701 2214 756 femori
2258 706 2541 771 supposita
2587 705 2848 774 jurassel,
2884 710 3028 765 illico
3074 712 3420 771 lsraelus--ad

1833 800 2145 845 extremum
2183 793 2349 862 virga:
2390 793 2614 863 Joscphi
2651 796 2920 853 adoravit.
2954 800 3081 858 Post
3122 804 3234 859 ha'c
3263 806 3423 862 Jose-

1832 883 1996 950 phus,
2028 881 2212 936 audito
2244 892 2452 952 patrem
2490 886 2718 942 adversa
2746 890 3060 947 valetudine
3092 895 3421 966 conﬂictari,

1832 989 2018 1030 secum
2069 974 2249 1030 ductis
2295 975 2546 1031 Manassa
2579 988 2633 1032 et
2665 979 2964 1050 Ephrainto
2999 983 3124 1039 ﬁliis
3175 986 3239 1039 ad
3293 1003 3421 1043 eunt

1831 1065 2045 1120 visendi
2076 1067 2246 1134 gratia
2271 1069 2530 1137 perrexit.
2551 1069 2687 1124 Tum
2713 1073 2882 1128 Israel
2913 1075 3141 1137 assedit.
3169 1075 3422 1149 factoque

1831 1156 2046 1212 dicendi
2075 1158 2250 1222 initio,
2278 1159 2480 1229 quibus
2508 1176 2632 1215 eum
2662 1166 3084 1231 prosperitatum
3125 1170 3424 1223 denuntia-

1834 1250 2079 1305 tionibus
2139 1252 2281 1306 Deus
2333 1254 2746 1323 impertivisset,
2795 1271 2858 1309 ac
2909 1274 3030 1328 quae
3071 1261 3119 1315 ei
3172 1262 3226 1316 in
3273 1271 3421 1319 terra

1837 1340 2146 1395 Chamnaea
2186 1343 2516 1410 promiserit,
2589 1344 2776 1400 refert.
2814 1345 2950 1398 Tum
2987 1345 3209 1420 Josephi
3254 1353 3420 1418 ﬁlios,

1833 1434 1880 1487 ei
1915 1435 1967 1486 in
1999 1434 2230 1504 Egypto
2279 1446 2459 1499 natos,
2505 1437 2618 1506 68
2669 1437 3021 1505 Ephraimum
3063 1441 3184 1496 dico
3225 1451 3277 1498 et
3312 1445 3426 1497 Ma-

1835 1539 2073 1590 nassem,
2125 1527 2367 1595 adoptat,
2425 1528 2705 1596 pollicitus
2769 1545 2863 1585 eos
2913 1531 3016 1586 sibi
3076 1534 3266 1590 eodem
3312 1553 3422 1607 quo

1834 1615 2098 1671 Rubenus
2141 1626 2288 1670 esset
2320 1628 2486 1686 atque
2516 1618 2735 1672 Simeon
2785 1620 2906 1673 loco
2959 1622 3193 1687 futuros,
3227 1641 3420 1679 eorum

1835 1721 2010 1764 tamen
2048 1713 2355 1781 progeniem
2396 1711 2615 1782 Josepbi
2653 1713 2910 1768 futuram.
2946 1715 3156 1771 Etenim
3191 1721 3422 1777 lsraelus

1833 1816 1958 1855 cum
1991 1813 2138 1855 esset
2183 1813 2239 1855 ut
2279 1806 2637 1872 reliquorum,
2678 1805 2749 1858 ita
2789 1806 3024 1860 ﬁliorum
3076 1791 3295 1880 quoque
3325 1813 3421 1866 de-

186 1894 247 1962 τῷ
271 1873 782 1965 Θιιῇ-ἀποδεκατοῦν
806 1900 834 1951 6
863 1873 1102 1968 ’Ἰσραὴλ
1129 1899 1246 1968 (καὶ
1287 1899 1395 1969 γὰρ
1428 1901 1457 1952 6
1490 1898 1621 1952 Λευῒ
1654 1873 1733 1962 είς

1837 1893 2034 1946 cimam
2074 1900 2280 1960 partem
2333 1893 2444 1946 Dco
2483 1901 2909 1949 eonsecraturus
2944 1873 3107 1964 (nam-
3133 1873 3423 1967 postmodo

186 1986 356 2054 κλῆροι
384 1988 697 2058 ἀφώρισται
737 1988 877 2058 μετά
919 1991 1092 2043 ταῦτα
1145 1991 1224 2060 τῷ
1259 1991 1424 2061 Θεῷ),
1458 1991 1545 2044 ἵνα
1587 1991 1661 2062 μὴ
1704 1992 1734 2043 6

183 2079 481 2134 τώνδὼδεκα
518 2082 702 2148 φυλῶν
740 2082 973 2152 ἀριθμὸς
1009 2083 1312 2152 ἐλαττωθῇ,
1341 2083 1532 2136 τούτου
1573 2085 1734 2154 χάριν

183 2167 310 2239 οἶμαι
333 2175 360 2225 6
402 2174 618 2244 Ἰσραὴλ
650 2176 744 2228 τον
776 2174 974 2246 Ἰωσὴρ
1000 2177 1118 2229 ἀντὶ
1151 2175 1244 2228 δύο
1280 2176 1412 2228 υἱῶν
1445 2177 1734 2246 ἡγησάμε-

181 2280 252 2324 νος
301 2265 421 2326 τοὺς
486 2266 638 2329 υίούς
676 2265 841 2319 αὐτοῦ
901 2271 982 2330 είς
1031 2267 1206 2334 φυλὰς
1273 2268 1558 2333 διετάξατο
1615 2269 1728 2335 δύο,

192 2354 402 2424 Ἐφραῖμ
433 2357 636 2427 δηλαδὴ
670 2357 768 2416 καὶ
796 2359 1118 2430 Μανασσῆν.
1155 2360 1265 2413 Καὶ
1297 2362 1348 2412 οἱ
1383 2361 1482 2431 μὲν
1527 2361 1729 2427 6:61).-

182 2448 257 2512 μοι
282 2447 366 2499 τοῦ
403 2449 619 2519 Ἰσραὴλ
643 2450 1058 2519 βαρυωποῦντες
1093 2452 1200 2506 ἀπὸ
1230 2452 1324 2505 τοῦ
1357 2455 1538 2521 γήρως
1566 2449 1731 2524 ἦσαν,

180 2537 374 2607 ἀμυδρᾶ
418 2537 476 2590 δὲ
525 2538 763 2608 ὁρῶντες
815 2539 983 2610 ὁρῶσι
1019 2541 1146 2602 τούς
1189 2541 1338 2602 υἱοὺς
1386 2539 1606 2610 Ἰωσὴφ,
1639 2544 1731 2594 καὶ

178 2630 488 2682 ἐπυνθάνετο
511 2632 657 2694 τίνες
693 2633 758 2685 ἂν
789 2630 920 2686 εἷεν.
972 2631 1080 2696 Οὓς
1121 2635 1214 2687 καὶ
1261 2635 1733 2704 προσεγγίσαντας

179 2721 440 2788 περιέλαϐε
484 2725 580 2775 καὶ
616 2725 998 2793 κατεφίλησεν,
1035 2723 1130 2777 καί
1161 2740 1296 2794 φησι
1335 2726 1468 2794 πρὸς
1511 2727 1731 2794 ἰωσήφο

181 2828 195 2860 ι
232 2812 353 2864 Ἰδοὺ
384 2813 482 2866 τοῦ
515 2815 807 2884 προσώπου
847 2831 940 2867 σου
971 2815 1072 2868 οὐκ
1119 2816 1384 2885 ἐστέρησέ
1418 2833 1486 2884 με
1523 2819 1551 2869 6
1578 2818 1732 2880 Θεὸς,

175 2901 273 2954 ἀλλ’
300 2904 468 2969 έδειξέ
526 2923 618 2975 μοι
670 2909 769 2959 καὶ
813 2907 877 2958 τὸ
921 2907 1142 2976 σπέρμα
1194 2924 1309 2960 σου.
1354 2925 1372 2958 ι
1421 2907 1735 2975 Ἐξαγαγὼν

175 2993 220 3044 δὲ
275 2997 472 3066 Ἰωσὴφ
528 2998 730 3059 αὐτοὺς
780 2997 890 3050 ἀπὸ
946 2997 1055 3050 τῶν
1102 2999 1344 3064 γονάτων
1388 2998 1606 3068 Ἰσραὴλ
1639 2998 1734 3050 τοῦ

174 3087 536 3154 πῳσκυνῆσαι
566 3085 737 3156 αὐτῷ,
775 3082 896 3140 εἶτα
940 3087 1030 3140 τὸν
1075 3088 1377 3157 Μανασσῆν
1426 3087 1525 3156 μὲν
1565 3089 1623 3140 ἐν
1666 3089 1733 3158 τῇ

171 3175 318 3244 δεξιᾷ,
335 3179 392 3242 ἐξ
416 3179 728 3248 ἀριστερῶν
760 3178 815 3231 δὲ
845 3179 937 3231 τὸν
965 3179 1226 3249 Ἐφραῒμ,
1249 3181 1408 3244 αὐτὸς
1428 3180 1525 3242 τὰς
1545 3181 1733 3251 χεῖρας

170 3266 391 3333 ἀμείϐων
423 3270 531 3338 τὴν
557 3269 654 3336 μὲν
693 3266 876 3332 δεξιὰν
907 3269 999 3322 ἐπὶ
1031 3269 1127 3322 τοῦ
1159 3269 1456 3340 νεωτέρου,
1478 3273 1578 3341 τὴν
1613 3275 1733 3341 ἀρι-

173 3360 344 3428 οτεράν
372 3359 431 3413 δὲ
459 3361 560 3412 ἐπὶ
585 3359 679 3413 τοῦ
709 3359 1082 3432 πρεσϐυτέρου
1118 3362 1219 3431 τὴν
1245 3364 1492 3432 κεφαλὴν
1539 3363 1730 3428 τιθεὶς,

168 3449 230 3510 ιίς
266 3453 576 3522 μυστήριον
625 3451 920 3522 σταυρικού
955 3452 1169 3516 τύπου,
1217 3454 1393 3516 οὔτως
1439 3455 1736 3524 εὐλόγησεν

167 3542 344 3606 αὐτοὺς
393 3544 547 3596 ὥστε
582 3543 956 3614 πληθυνθῆναι
998 3546 1196 3608 αὐτοὺς
1229 3546 1321 3598 ἐπὶ
1358 3548 1457 3616 τῆς
1505 3547 1608 3616 γῆς
1641 3548 1737 3601 καὶ

165 3638 287 3691 ὥστε
313 3640 521 3700 αὐτοὺς
557 3639 918 3711 ἐπικληθῆναι
953 3640 1012 3692 τὸ
1058 3639 1230 3709 ὄνομα
1277 3639 1442 3692 αὐτοῦ
1492 3641 1586 3693 καὶ
1627 3639 1736 3694 τῶν

167 3730 397 3801 πατέρων
419 3730 620 3784 αὐτοῦ.
649 3731 797 3802 Βαρύ
831 3731 887 3784 δὲ
917 3732 1196 3802 κατεφάνη
1225 3729 1384 3783 τοῦτο
1400 3730 1478 3802 τῷ
1511 3731 1735 3802 Ἰωσὴφ,

164 3821 242 3870 καὶ
275 3821 369 3891 τῆς
416 3820 704 3890 πατρικῆς
733 3819 915 3885 δεξιᾶς
961 3820 1323 3884 ἀντελάϐετο,
1361 3821 1580 3889 ἀφελεῖν
1620 3821 1735 3890 βουι

163 3912 365 3982 λὸμενος
393 3913 510 3969 ἀπὸ
543 3913 648 3981 τῆς
685 3913 928 3984 κεφαλῆς
961 3912 1202 3983 Ἐφρατμ
1238 3915 1330 3966 καὶ
1353 3913 1616 3966 ἐπιθεῖναι
1642 3913 1737 3966 ἐπὶ

162 4003 246 4072 τὴν
271 4005 524 4074 κεφαλὴν
563 4004 856 4073 Μανασσῆ,
894 4021 913 4054 ι
947 3997 1116 4065 Οὗτός
1147 4005 1286 4069 ἐστι,
1307 4003 1506 4073 πάτερ,
1541 4001 1734 4069 εἰπὼν,

157 4098 180 4146 ο
207 4097 604 4166 πρεσϐύτερος,
637 4097 733 4148 καὶ
768 4098 946 4166 τούτῳ
974 4096 1162 4158 ἐπίθες
1183 4135 1198 4159 ,
1230 4096 1306 4159 ὼς
1338 4097 1593 4164 καθήκει,
1635 4098 1736 4167 τὴν

159 4187 343 4253 δεξιάν.
387 4209 407 4242 ι
429 4188 613 4251 Αὐτὸς
647 4187 727 4249 δὲ,
765 4206 784 4239 ι
816 4184 967 4252 Οἶδα,
990 4189 1197 4251 τέκνον,
1216 4186 1388 4252 οἷδα,ι
1418 4189 1692 4260 ἀπεκρίθη
1719 4207 1734 4222 ο

162 4283 336 4345 ιαύτὸς
364 4282 532 4334 ἔσται
558 4282 640 4344 εἰς
666 4279 794 4333 λαὸν
807 4280 904 4334 καὶ
932 4281 1300 4350 ὑψωθήσεται,
1333 4280 1447 4334 ἀλλ’
1465 4283 1494 4332 6
1511 4280 1736 4350 ἀδελφὸς

161 4373 306 4426 αᾷτού
337 4377 366 4426 6
413 4373 697 4442 νεώτερος
730 4372 933 4441 μείζων
961 4372 1128 4426 αὐτοῦ
1157 4373 1330 4436 ἐσται,
1367 4391 1386 4423 ›
1424 4375 1677 4444 καθάπερ
1708 4375 1738 4427 6

153 4466 254 4526 νέος
283 4468 378 4520 καὶ
405 4467 469 4518 ἐν
495 4467 779 4534 πνεύματι
831 4463 1050 4536 Ἰσραὴλ
1093 4463 1188 4518 τοῦ
1220 4464 1597 4536 πρεσϐυτέρου
1641 4467 1734 4520 καὶ

1838 1981 1964 2036 Levi
2024 1993 2172 2038 sorte
2219 1982 2329 2038 Deo
2397 1992 2479 2037 est
2521 1984 2818 2049 addictus).
2859 2001 2926 2040 ne
2977 1986 3263 2042 duodecim
3320 1990 3423 2043 tri-

1837 2074 2005 2130 buum
2042 2090 2305 2131 numerus
2330 2077 2747 2143 diminneretur,
2777 2077 2896 2144 ejus
2923 2081 3119 2148 opinor
3142 2081 3217 2136 rei
3250 2096 3421 2139 causa

1833 2165 2130 2239 Josepbum
2183 2170 2417 2223 duorum
2487 2171 2720 2226 ﬁliorum
2787 2171 2906 2225 loco
2949 2172 3125 2239 duxit,
3186 2173 3423 2246 ﬁliisque

1835 2261 1955 2328 ejus
2009 2259 2147 2315 duas
2197 2261 2376 2316 tribus
2429 2262 2748 2332 assignavit,
2809 2263 3105 2332 Ephraimo
3159 2267 3422 2321 nimirum

1839 2367 2030 2412 unam,
2092 2352 2323 2404 alteram
2384 2352 2682 2407 Manassm.
2731 2351 2850 2406 Jam
2904 2365 3161 2409 senectus
3231 2359 3423 2415 oculos

1837 2444 2020 2498 lsraeli
2052 2443 2404 2497 hebetaverat
2449 2462 2460 2497 :
2499 2445 2680 2513 itaque
2713 2459 2836 2498 cum
2883 2446 3119 2500 obscure
3163 2447 3304 2502 ﬁlios
3332 2445 3425 2501 Jo-

1837 2536 1992 2604 sephi
2045 2544 2320 2599 cerncrct,
2354 2536 2576 2604 quinam
2625 2547 2808 2590 essent
2842 2548 3214 2606 percontatur,
3268 2555 3427 2595 acce-

1839 2627 2142 2703 dentesquc
2175 2628 2459 2696 amplexus
2507 2636 2564 2680 et
2601 2627 2957 2684 deosculatus
3001 2639 3107 2694 est,
3143 2631 3214 2683 ita
3266 2628 3423 2684 Josc-

1838 2719 2003 2788 phttm
2041 2718 2377 2784 alloquens,t
2407 2717 2546 2772 Ecce
2577 2730 2875 2788 conspectu
2909 2731 3003 2775 tuo
3039 2721 3182 2776 Dens
3207 2737 3292 2776 me
3316 2737 3422 2777 non

1839 2811 2071 2880 privarit
2109 2827 2121 2862 :
2161 2811 2292 2878 quin
2325 2819 2379 2864 ct
2423 2811 2666 2864 sobolem
2702 2818 2850 2864 tuam
2878 2812 3164 2865 videndam
3198 2813 3361 2866 dedit.
3401 2833 3417 2863 ι

1831 2902 2106 2971 Josephns
2157 2904 2294 2956 lilios
2344 2919 2372 2956 a
2426 2904 2658 2972 genibus
2709 2905 2877 2971 patris
2928 2903 3138 2966 eduxit,
3168 2907 3244 2958 uti
3295 2922 3422 2977 pro-

1836 2999 2161 3050 cumherent
2201 2997 2253 3049 in
2311 3011 2484 3065 genua
2542 3011 2727 3049 coram
2771 3012 2837 3050 eo
2879 3017 2892 3051 '.
2941 2997 3066 3051 inde
3113 2998 3420 3053 Manassvm

1837 3087 2028 3142 lsraeii
2066 3089 2131 3141 ad
2172 3088 2472 3152 dexteram,
2513 3087 2865 3156 ῐζριιτιιίηιιιιιι
2900 3089 2963 3142 ad
2997 3091 3274 3145 sinistram
3311 3102 3426 3146 sta-

1839 3176 1962 3230 tuit.
2028 3177 2097 3229 At
2145 3177 2387 3231 lsraelus
2449 3179 2699 3233 manibus
2785 3180 2836 3231 in
2918 3179 3164 3235 diversas
3243 3193 3424 3250 partes

1840 3268 2101 3334 diductis,
2138 3269 2212 3322 ita
2256 3271 2330 3322 uti
2362 3272 2612 3324 dextram
2666 3271 2924 3339 jnnioris,
2978 3273 3162 3327 lteram
3203 3277 3424 3345 majoris

1841 3358 2004 3427 capiti
2037 3359 2339 3427 imponeret
2375 3363 2505 3428 (quo
2543 3361 2684 3414 facto
2710 3363 2896 3418 crucis
2928 3365 3248 3434 mysterium
3281 3368 3427 3423 desi-

1839 3452 2072 3521 gnavit),
2110 3452 2180 3506 ita
2218 3451 2325 3504 illis
2360 3467 2620 3520 prospera
2661 3463 2743 3506 est
2792 3463 3051 3523 precatus
3109 3459 3185 3510 uti
3224 3468 3423 3512 terram

1839 3545 2126 3614 implerent
2172 3545 2426 3613 progenie
2481 3559 2544 3597 ac
2602 3561 2770 3614 super
2829 3547 2896 3600 iis
2929 3545 3139 3612 lsraeli,
3169 3550 3340 3605 lsaaci
3371 3561 3425 3605 et

1837 3635 2132 3690 Abrahami
2167 3638 2388 3689 nomina
2415 3636 2842 3692 celcln'arentur.
2878 3637 3118 3710 Josepho
3145 3649 3325 3696 autem
3359 3658 3424 3696 ea

1838 3741 1926 3782 res
1957 3727 2179 3798 indigna
2231 3729 2383 3790 visa;
2419 3729 2779 3799 dextramque
2821 3731 2991 3799 patris
3023 3734 3421 3802 apprehensam

1837 3820 1906 3874 ab
1953 3819 2235 3890 prraimi
2287 3821 2462 3890 capite
2515 3821 2567 3874 in
2603 3831 2768 3891 caput
2818 3821 3082 3878 Manassse
3123 3829 3426 3883 transferre

1837 3920 2067 3968 conatus
2105 3920 2210 3978 est,
2243 3913 2386 3967 hunc
2418 3913 2682 3982 majorem
2736 3923 2867 3967 natu
2912 3929 3035 3970 esse
3066 3927 3271 3984 patrem
3305 3935 3424 3972 mo-

1838 4019 1994 4065 nens,
2019 4003 2130 4075 69
2158 4006 2316 4074 eique
2346 4006 2413 4060 de
2459 4021 2611 4060 more
2634 4007 2880 4059 dextram
2911 4006 3316 4077 imponendam.
3342 4011 3423 4065 Ad

1841 4094 1952 4148 hac
1982 4094 2268 4158 lsraelus,t
2302 4093 2460 4158 Novi,
2496 4113 2514 4146 ι
2541 4095 2767 4164 inquit,«
2801 4095 2926 4160 ista,
2965 4098 3113 4162 novi,
3138 4106 3283 4151 nate.
3307 4098 3422 4154 Ma-

1839 4198 2032 4240 nasses
2064 4186 2323 4254 pepulum
2353 4185 2663 4253 procreabit
2696 4193 2748 4238 et
2783 4184 3132 4252 exaltabitur,
3164 4197 3422 4242 caeterum

1839 4276 2018 4329 minor
2085 4284 2216 4329 natu
2267 4276 2411 4331 lilius
2469 4293 2594 4330 cum
2638 4277 3014 4344 magnitudine
3063 4279 3364 4347 prmstabit,
3395 4297 3417 4332 ι

1837 4367 2298 4439 quemadmodum
2326 4377 2380 4423 et
2424 4369 2695 4438 posterior
2735 4383 2799 4421 ac
2848 4369 3153 4437 spiritualis
3181 4371 3422 4427 Israelus

1839 4460 2148 4531 antiquiore
2177 4469 2234 4515 et
2271 4460 2478 4513 carnali
2503 4458 2705 4514 Israelo
2738 4461 2880 4512 haud
2915 4459 3080 4512 dubie
3115 4460 3288 4526 major
3313 4471 3418 4517 est.

157 4556 279 4610 κατά
308 4560 498 4628 σάρκα
560 4556 784 4626 Ἰσραὴλ
825 4555 1278 4626 ὁμολογουμένως
1336 4555 1536 4627 μείζων
1593 4559 1729 4612 ἐστί.

1843 4553 2152 4608 Secundum
2185 4553 2300 4606 lucc
2330 4551 2565 4605 lsraelus
2590 4550 2715 4605 ﬁliis
2746 4550 3002 4604 omnibus
3027 4551 3093 4606 ad
3122 4566 3180 4606 se
3216 4567 3423 4606 conro-

156 4650 292 4703 Μετὰ
322 4650 505 4703 ταῦτα
540 4649 675 4710 τοὺς
701 4648 911 4711 πάντας
945 4649 1093 4712 υίούς
1117 4651 1145 4702 6
1187 4649 1404 4720 Ἰσραὴλ
1435 4651 1736 4718 συγκαλού-

159 4759 300 4809 μενος
330 4741 619 4796 διετίθετο
677 4740 862 4803 αὐτοῐς
913 4739 1022 4792 ἀπὸ
1063 4740 1158 4792 τοῦ
1210 4739 1429 4812 πρώτου
1488 4743 1594 4804 ἓως
1639 4744 1734 4796 τοῦ

157 4833 388 4903 ἐσχάτου,
448 4830 536 4896 οἷς
599 4831 702 4902 μὲν
757 4832 849 4884 ἐπὶ
877 4833 990 4894 τοῖς
1023 4833 1433 4902 πεπραγμένοις
1473 4835 1736 4903 διέλεγξιν

157 4931 236 4979 καὶ
252 4930 490 4999 μέμψιν,
509 4922 600 4988 οἷς
626 4925 685 4978 δὲ
709 4926 1049 4996 προφητείαν
1070 4925 1164 4978 τοῦ
1199 4924 1484 4992 μέλλοντος
1518 4927 1737 4980 καὶτῶν

156 5021 409 5089 ἐσομένων
439 5020 719 5089 δήλωσιν,
747 5011 827 5080 οἷς
859 5017 915 5070 δὲ
940 5017 1194 5085 εὐλογίαν
1222 5018 1316 5070 καὶ
1343 5017 1566 5070 ἔπαινον
1591 5034 1604 5047 °
1641 5018 1736 5071 mi.

156 5113 313 5178 καθὼς
340 5113 527 5166 ἐδίδου
572 5110 637 5162 τδ
660 5107 909 5177 Πνεῦμγ,
938 5107 1153 5177 ἑκάστῳ
1169 5107 1228 5160 τ’)
1258 5107 1375 5159 δέον
1405 5107 1735 5176 ἐπιφθεγξά-

159 5221 296 5273 μενος
314 5207 341 5258 ὁ
367 5205 664 5277 μακάριος
687 5201 792 5272 [Ρ.
818 5198 918 5270 '59]
948 5199 1119 5262 οὕτως
1151 5199 1426 5253 ἐτελεύτα.
1456 5202 1566 5252 Καὶ
1584 5200 1736 5271 πρώ-

155 5314 238 5364 την
277 5301 375 5367 μὲν
428 5296 634 5369 ῥῆσιν,
671 5293 774 5345 οὐκ
825 5291 1098 5358 εὐλογίας,
1131 5291 1269 5346 ἀλλά
1327 5291 1586 5360 μέμψεως
1645 5293 1737 5344 καὶ

155 5388 419 5458 egng
463 5386 548 5456 τῷ
587 5383 926 5454 πρωτοτόκῳ
977 5381 1234 5450 Ῥουϐεὶμ
1265 5382 1546 5449 ἐπιφωνεί,
1583 5382 1736 5452 ίσχύν

159 5485 238 5551 μὲν
253 5486 414 5538 αὐτὸν
432 5482 540 5535 καὶ
563 5478 686 5532 τῶν
718 5477 924 5530 τέκνων
953 5476 1128 5546 ἀρχὴν
1144 5474 1454 5538 ἀποκαλῶν,
1487 5475 1738 5544 σκληρῶς

153 5573 198 5625 δὲ
230 5575 315 5627 καὶ
355 5569 633 5630 αὐθαδῶς
688 5565 988 5636 φερόμενον
1033 5564 1280 5634 ὑϐρίζειν
1339 5563 1395 5615 ἐν
1447 5581 1508 5616 τε
1557 5564 1738 5627 ἄλλοις

157 5667 408 5729 πλείστοις
447 5664 551 5716 καὶ
588 5663 656 5712 ἐν
684 5658 763 5728 τῷ
803 5659 894 5710 ἐπὶ
932 5657 1031 5728 τὴν
1064 5661 1252 5728 κοίτην
1293 5655 1602 5710 ἀναϐαίνειν
1642 5657 1738 5709 καὶ⁹

158 5761 366 5828 μιαίνειν
397 5759 498 5812 τοῦ
538 5753 760 5824 πατρὸς
787 5751 884 5822 τὴν
925 5751 1216 5822 στρωμνὴν
1259 5750 1396 5820 μετὰ
1437 5750 1614 5814 Βάλας
1637 5749 1738 5819 τῆς

157 5852 297 5905 αὑτοῦ
358 5847 689 5915 παλλακῆς.
748 5843 1122 5914 Παραγγέλλει
1183 5844 1360 5898 τοίνυν
1414 5843 1610 5914 μηκέτι
1660 5843 1737 5910 ὡς

1839 4649 1998 4712 eatis,
2030 4660 2060 4699 a
2095 4646 2272 4716 primo
2310 4643 2378 4697 ad
2422 4645 2672 4698 ultimum
2701 4659 2892 4700 omnes
2922 4654 3226 4699 extremum
3278 4646 3419 4700 allo-

1838 4749 2019 4802 cutus,
2069 4740 2302 4792 aliorum
2354 4737 2498 4790 facta
2543 4737 2892 4805 reprehendit
2945 4747 3108 4807 atque
3155 4740 3416 4804 culpavit.

1840 4834 1961 4888 aliis
1986 4832 2168 4886 futura
2199 4829 2467 4900 praedixit,
2502 4829 2624 4882 aliis
2651 4830 2979 4885 collaudatis
3003 4830 3178 4884 fausta
3209 4831 3421 4885 denun-

1838 4924 2014 4979 tiavit.
2048 4921 2296 4990 Cumque
2336 4935 2436 4990 pro
2485 4933 2551 4973 eo
2597 4927 2760 4988 atque
2794 4920 3030 4989 Spiritus
3063 4921 3411 4990 suggerebat,

1839 5015 2135 5085 unicuique
2171 5027 2231 5067 ea
2267 5026 2388 5080 qua:
2423 5011 2478 5064 in
2507 5026 2618 5065 rem
2649 5010 3076 5073 crantdixissct,
3113 5011 3184 5064 ita
3218 5026 3281 5064 ex
3315 5011 3418 5064 hac

1837 5109 1947 5162 vita
1989 5105 2244 5160 decessit.
2293 5101 2371 5155 Ac
2407 5103 2641 5173 primum
2676 5100 2896 5169 quidem
2948 5100 3154 5156 dictum
3204 5100 3415 5154 Rubeni

1839 5197 1944 5252 fuit
2004 5211 2114 5250 non
2184 5194 2362 5247 fausta
2433 5191 2823 5261 comprecatio,
2882 5190 2977 5244 sed
3062 5191 3418 5259 reprehensio

1840 5299 2004 5359 atque
2034 5284 2360 5354 objurgatio.
2411 5282 2543 5336 Nam
2581 5284 2746 5336 rohnr
2785 5281 3000 5350 quidem
3050 5297 3173 5336 eum
3200 5291 3252 5336 et
3281 5281 3418 5334 [ilio-

1839 5399 1958 5438 rum
1990 5377 2314 5450 principium
2352 5375 2618 5436 nominat,
2651 5373 2744 5428 sed
2783 5373 3018 5428 ferocem
3057 5373 3212 5442 juxta
3255 5385 3418 5444 atque

1841 5477 2186 5534 insolentem,
2225 5479 2276 5524 et
2317 5469 2410 5538 qui
2451 5483 2574 5522 cum
2615 5469 2721 5520 alia
2758 5483 2854 5536 per
2895 5467 3172 5522 libidinem
3223 5483 3286 5522 ac
3317 5483 3416 5522 su-

1839 5567 2079 5639 perbiam
2115 5561 2280 5615 multa
2313 5559 2651 5629 deliquisset,
2681 5567 2792 5611 tum
2821 5558 2992 5629 patris
3017 5560 3180 5613 etiam
3214 5559 3416 5612 lectum

1841 5655 2255 5715 conscendisset
2297 5661 2458 5720 atque
2503 5651 2788 5720 polluisset
2834 5653 3045 5705 incesto
3103 5666 3226 5704 cum
3289 5649 3418 5703 Bala

1841 5754 1957 5824 ejus
1997 5747 2189 5818 pellice
2213 5741 2529 5796 concubitu.
2566 5741 2833 5794 llortatur
2851 5756 2978 5810 ergo
3010 5757 3132 5796 eum
3164 5755 3230 5794 ne
3252 5753 3420 5809 porro

1843 5859 1995 5918 aqua:
2039 5843 2212 5896 instar
2237 5835 2475 5893 obsrena
2524 5834 2747 5891 libidine
2797 5833 3115 5891 ell‘ervescat
3147 5831 3420 5906 llagitiove
