4184 6436
195 422 279 486 Itil
1262 402 1809 469 IlIS'l‘ORIARUM
1842 400 2383 463 COMPENDIUM.

3354 398 3456 469 102

193 533 414 604 στελέχει
465 529 638 600 φυτοῦ
690 524 966 596 ἀνειμένῳ
1010 519 1548 595 παρεικασθήσεται,
1583 517 1755 570 ἐπιδι-

1870 515 2036 570 ramis
2100 512 2398 567 admodum
2495 510 2792 584 h'ugil‘eris.
2868 515 2993 571 llaec
3038 577 3043 581 ,
3086 512 3309 585 quidem
3389 516 3458 572 iis

188 627 299 689 δοὺς
326 626 403 688 είς
451 622 658 691 πλῆθος
682 622 776 673 καὶ
802 618 999 679 κάλλος
1022 613 1308 683 δυνάμεως
1340 611 1416 673 ὼς
1442 609 1760 677 γεννήματα

191 718 378 787 πληθύῖ
420 713 672 785 καρπῶν.
710 713 836 774 Τοῖς
893 709 994 780 μὲν
1030 706 1123 761 οὖν
1170 707 1239 760 τὰ
1284 701 1511 756 τοιαῦτα
1544 717 1761 772 προφη-

192 811 347 866 τεύων
384 808 643 875 ἐπέλεγεν
692 808 721 859 ὁ
783 801 1024 872 Ἰσραήλ.
1066 800 1280 869 Σφόδρα
1326 794 1384 849 δὲ
1431 792 1761 860 τὸν-Ἰωσὴφ

193 905 259 966 ὡς
282 903 400 955 λίαν
418 899 777 971 ἠγαπημένον
804 895 1067 963 εὐλογῶν,
1101 912 1120 945 ι
1165 892 1292 955 Υἱὸς
1322 889 1636 961 ηὐξημένος
1664 886 1761 939 καὶ

190 993 582 1063 δεδοξασμένος,
614 991 688 1052 ὡς
726 987 967 1060 ζηλωτὸς
1001 988 1035 1057 ἢ
1069 982 1333 1054 ¹ἐπίζηλος
1363 982 1459 1036 καὶ
1493 978 1763 1050 μακάριός

194 1102 285 1155 μου
312 1089 339 1138 ὁ
374 1083 487 1146 υίὸς
512 1084 540 1135 ὁ
567 1080 855 1151 νεώτερος.
880 1077 1108 1146 Ἰωσὴφ,
1134 1075 1266 1146 πρός
1292 1092 1360 1145 με
1399 1070 1760 1140 ἀνάστρεψον,

191 1179 312 1248 apri;
339 1193 407 1245 με
444 1174 538 1227 τὸν
572 1174 786 1243 πατέρα
818 1170 911 1224 τὸν
950 1169 1064 1222 σόν.
1101 1168 1245 1238 Ὅρα
1288 1164 1475 1219 λοιπὸν
1517 1164 1592 1234 μὴ
1624 1162 1762 1232 πρὸς

189 1268 394 1338 Φαραὼ,
435 1267 510 1337 μὴ
556 1266 692 1337 πρὸς
750 1262 1092 1331 Αἰγυπτίους
1130 1261 1373 1327 ἀσεϐεῖς,
1427 1256 1565 1311 ἀλλὰ
1625 1255 1764 1326 πρὸς

190 1362 298 1432 ἐμὲ,
324 1361 478 1431 φησὶ,
512 1364 607 1414 καὶ
639 1360 740 1427 τὴν
770 1356 1054 1410 εὐσέϐειαν
1083 1355 1192 1408 τῶν
1210 1351 1469 1421 πατέρων
1506 1347 1764 1417 ἐπιστρέ-

190 1471 279 1523 φου
303 1454 412 1505 τῶν
447 1453 578 1504 σῶν.
628 1451 734 1503 Καὶ
783 1449 894 1521 γὰρ
941 1447 1084 1503 κατὰ
1130 1443 1226 1498 σοῦ
1280 1441 1756 1508 διαϐουλευόμενοι

191 1543 547 1613 ἑλοιδοροῦντο
570 1543 664 1595 καὶ
714 1543 924 1611 ὲνείχον
968 1537 1207 1604 τοξόται,
1246 1535 1458 1606 τρῶσαι
1517 1533 1766 1594 θέλοντες

187 1637 274 1687 καὶ
301 1636 617 1687 ἀποκτεῖναι
648 1650 662 1663 ·
697 1634 730 1703 ἢ
765 1631 956 1701 ὥσπερ
987 1631 1036 1683 οί
1059 1629 1281 1699 ἀδελφοὶ
1303 1623 1763 1697 διαφθονούμενοι

187 1726 462 1797 πρότερον,
500 1725 596 1777 καὶ
638 1723 790 1776 ἄλλοι
843 1722 1004 1775 τοῦτο
1039 1721 1303 1792 δράσουσι
1356 1719 1651 1790 μετέπειτα
1685 1716 1765 1780 εἰς

185 1818 430 1883 ἐκγόνους
460 1814 589 1877 τούς
620 1814 767 1877 σούς.
813 1813 979 1868 Ἀλλὰ
1025 1814 1113 1868 διὰ
1158 1811 1343 1883 χειρὸς
1371 1812 1636 1865 δυνάστου
1666 1807 1762 1862 τοῦ

183 1905 305 1975 ἐμοῦ
335 1906 471 1959 Θεοῦ
496 1905 591 1959 τοῦ
623 1906 1060 1977 κατισχύσαντος
1095 1903 1315 1975 Ἰσραὴλ
1367 1900 1659 1973 συνετρίϐη
1691 1901 1761 1954 τε

180 1998 301 2062 τόξα
343 1997 550 2061 αὐτῶν,
594 1999 691 2050 καὶ
746 1998 817 2049 τὰ
865 1997 1036 2067 νεῦρα
1069 1995 1178 2050 τῶν
1240 1996 1543 2065 βραχιόνων
1576 1992 1759 2046 αὐτῶν

180 2087 425 2157 ἐξελύθη.
461 2088 572 2140 Καὶ
600 2086 866 2159 εὐλόγησέ
923 2104 984 2141 σε
1026 2091 1053 2141 ὁ
1103 2086 1234 2150 Θεὸς
1265 2088 1294 2139 ὁ
1334 2085 1465 2154 ἐμὸς
1503 2083 1759 2152 εὐλογίαν

180 2178 411 2248 οὐρανοῦ
470 2180 564 2233 καὶ
625 2181 750 2246 γῆς,
817 2177 1096 2248 οὐρανίοις
1155 2175 1496 2248 χαρίσμασιν
1542 2173 1763 2242 ἀγαθῶν

180 2269 385 2338 ἀρετῶν
428 2270 523 2320 καὶ
555 2269 818 2335 ἐπιγείοις
853 2266 1297 2329 καταπλουτίσας
1332 2264 1559 2333 ἀγαθοῖς
1602 2264 1759 2317 πᾶσι.

180 2361 286 2414 Καὶ
331 2362 420 2414 διὰ
462 2361 561 2425 τὰς
595 2360 705 2413 ἀπὸ
750 2361 975 2430 μαστῶν
1007 2363 1104 2413 καὶ
1152 2360 1369 2431 μήτρας
1414 2357 1512 2427 τῆς
1556 2357 1762 2427 μητρός

181 2471 269 2505 σου
310 2455 562 2521 εὐλογίας
594 2455 690 2507 καὶ
719 2453 807 2506 διὰ
833 2453 932 2516 τὰς
958 2451 1057 2504 τοῦ
1099 2454 1309 2522 πατρός
1346 2466 1441 2503 σου
1468 2450 1531 2501 ὲκ
1562 2449 1762 2519 νηπίου

179 2546 476 2615 ἐπιθυμίας
521 2546 618 2599 καὶ
656 2547 970 2615 ἀγαπήσεις
1008 2544 1389 2613 ὐπερίσχυσας
1430 2542 1526 2595 καὶ
1578 2538 1768 2593 ἐδυνάο

180 2638 309 2708 σθης
342 2640 485 2708 ὑπὲρ
524 2638 778 2707 εὐλογίας
814 2631 987 2709 ὀρέων
1031 2634 1296 2706 μονίμων,
1336 2634 1455 2701 ἢτοι
1500 2630 1765 2700 βασιλέων

180 2731 568 2799 πολυχρονίων,
609 2732 704 2782 καὶ
758 2728 1058 2798 ἐπιθυμίας
1109 2725 1273 2779 θινῶν
1330 2724 1588 2789 αἰωνίων,
1640 2725 1763 2791 ἦτοι

182 2821 381 2890 sou-,5»
413 2821 509 2873 καὶ
531 2821 811 2892 ἀρχόντων
851 2817 1252 2888 μακροϐιότητι
1287 2812 1766 2883 διευθηνουμένων

179 2908 395 2961 πάντων
429 2908 754 2977 ὕπερέσχες.
786 2924 806 2958 ι
839 2907 1010 2961 Αυται
1044 2905 1197 2974 γοῦν,
1224 2904 1410 2973 φησὶν,
1440 2903 1496 2955 αἱ
1525 2903 1766 2971 εὐλογίαι

180 3001 366 3069 εἴησαν
393 3000 489 3051 ἐπὶ
522 2999 765 3068 κεφαλὴν
798 2999 1001 3067 Ἰωσὴφ
1035 3000 1130 3050 καὶ
1162 2999 1256 3050 ἐπὶ
1286 2996 1531 3066 κορυφὴν
1560 2989 1635 3049 ὧν
1666 2997 1765 3049 αὐ-

180 3091 264 3153 τὸς
297 3093 518 3159 ἡγεῖται
570 3089 841 3158 ἀδελφῶν.
871 3089 1132 3158 Βενιαμὶν
1161 3087 1218 3141 δὲ
1251 3087 1413 3150 λύκος
1444 3087 1628 3157 ἅρπαξ
1651 3103 1665 3117 ⁸
1703 3086 1767 3138 τὸ

181 3183 423 3253 πρωῖκον
463 3182 630 3246 αὐτὸς
654 3182 856 3247 ἔδεται,
888 3180 986 3235 καὶ
1018 3181 1099 3242 είς
1140 3180 1201 3231 τὸ
1228 3179 1468 3248 ἑσπέρας
1515 3176 1768 3231 διαδώσει

178 3276 404 3344 τροφήν.
437 3274 695 3327 Τοιοῦτον
725 3273 859 3341 γοῦν
898 3290 952 3325 τι
982 3269 1252 3325 πέπονθεν
1296 3273 1330 3341 ή
1362 3271 1558 3324 τούτου
1598 3270 1763 3341 φυλή.

252 3452 467 3503 Bitian:
497 3450 553 3502 δὲ
591 3450 674 3502 δεῖ
702 3451 785 3503 ὅτι
829 3450 924 3501 ἐάν
965 3463 1051 3509 τις
1086 3447 1150 3499 ὲκ
1180 3446 1546 3516 παρατάσεως
1576 3446 1768 3515 ἁμαρ-

178 3541 325 3594 τὰνςι
358 3540 638 3604 πειράζων
665 3540 757 3591 τὸν
780 3539 914 3592 Θεὸν
944 3539 1021 3600 ὠς
1042 3539 1117 3607 μὴ
1148 3538 1432 3602 ἐπεξιόντα
1461 3539 1574 3599 τοῖς
1601 3553 1770 3606 πονη-

182 3636 311 3699 ροῖς,
363 3634 393 3685 ὁ
421 3633 665 3694 τοιοῦτος
697 3630 822 3684 οὔτε
873 3629 1165 3699 μετανοίας
1206 3625 1452 3693 ἀξιοῦται
1494 3626 1619 3680 οὔτε
1669 3628 1770 3694 ἀφ-

178 3723 366 3786 ἐτεως,
387 3725 581 3791 ῶσπερ
610 3740 674 3790 γε
699 3726 796 3777 καὶ
821 3722 973 3776 ἄλλοι
1004 3721 1222 3785 πλείους
1251 3724 1345 3775 καὶ
1371 3721 1454 3793 μ’.
1484 3720 1577 3792 Η]
1619 3715 1772 3783 οὗτος

176 3816 376 3885 Φαραώ
394 3831 408 3845 ·
440 3814 542 3868 κᾶν
563 3816 697 3886 λέγῃ
724 3832 808 3878 τις
833 3814 964 3884 παρ’
997 3815 1197 3882 ὲαυτῴ,
1226 3814 1393 3867 ’Ὀσιὰ
1425 3830 1516 3882 μοι
1537 3814 1770 3879 γένοιτο,

174 3906 257 3959 ὅτι
290 3905 639 3973 πορεύσομαι
673 3906 731 3957 ὲν
775 3907 842 3974 τῇ
902 3906 1220 3974 ἀναστροφῇ
1257 3904 1358 3974 τῆς
1407 3903 1632 3973 καρδίας
1668 3919 1772 3973 μου

175 3997 282 4064 τῆς
345 3999 619 4068 πονηρᾶς,
676 3998 771 4050 καὶ
820 3997 921 4066 ὀψέ
989 4014 1123 4050 ποτε
1183 3997 1529 4067 μετανοήσω,
1582 3995 1774 4066 ὥσπερ

187 4090 373 4159 ’Δμὼς
422 4091 450 4142 ὁ
511 4090 606 4142 τοῦ
644 4089 941 4159 Μανασσῆ.
981 4087 1071 4141 Διδ
1104 4091 1199 4141 καὶ
1246 4087 1309 4141 τὸ
1358 4086 1524 4158 τάχος
1571 4086 1775 4151 ἐξωλό-

173 4180 413 4250 θρευσεν
448 4179 611 4234 αὐτὸν
639 4182 668 4233 ὁ
693 4179 848 4242 Θεὸς.

241 4360 374 4416 Ὅτι
409 4359 756 4431 γεωμετρίαν
794 4360 892 4430 μὲν
934 4357 1226 4427 Αἰγύπτιοι
1262 4357 1470 4428 πρῶτοι
1526 4355 1772 4428 ἐξεῦρον,

172 4456 543 4525 ἀστρολογίαν
574 4455 631 4508 δὲ
675 4456 767 4506 καὶ
802 4451 1245 4522 γενεθλιαλογίαν
1289 4450 1570 4514 Χαλδαῖοι,
1606 4450 1777 4520 Ἀρα-

1862 605 2177 661 vaticinans
2271 604 2535 675 praedixit
2621 606 2874 662 lsraelus.
2954 605 3259 678 Josephum
3328 621 3459 661 vero

1863 696 2167 765 impensius
2262 696 2522 752 dilectum
2608 698 3095 755 excellentioribus
3176 697 3459 753 felicitatis

1844 784 2374 841 denuntiationibus
2421 796 2506 843 est
2559 793 2913 856 prosecutus,
2952 804 2971 838 ι
3000 786 3293 858 Iosephus.
3357 788 3459 852 ait,

1866 875 2015 930 ﬁlius
2066 874 2403 930 incrementa
2475 875 2602 932 fecit
2660 877 2945 948 gloriaque
3008 886 3095 933 est
3148 878 3458 946 praeditus:

1863 983 2029 1039 quam
2094 967 2481 1037 suscipiendus
2547 976 2631 1023 est
2679 968 2826 1024 ﬁlius
2872 983 3029 1023 meus
3083 969 3296 1038 junior;
3355 967 3454 1024 Jo-

1865 1060 2054 1131 sephe,
2105 1058 2173 1114 ad
2222 1074 2309 1113 me
2340 1067 2633 1122 revertere,
2681 1061 2748 1113 ad
2798 1074 2884 1113 me
2916 1068 3126 1129 patrem
3168 1068 3346 1112 tuum.
3382 1059 3459 1113 De

1864 1161 2062 1206 caetero
2119 1166 2252 1206 cave
2312 1149 2381 1204 ad
2436 1148 2775 1204 Pharaonem
2828 1160 2925 1205 aut
2983 1154 3048 1206 ad
3095 1152 3292 1222 impios
3352 1152 3459 1222 72

1866 1243 2154 1312 Egyptios
2181 1243 2496 1303 revertaris.
2519 1241 2615 1296 sed
2643 1241 2711 1296 ad
2742 1257 2829 1295 me
2849 1256 2912 1295 ac
2939 1244 3207 1313 majorum
3236 1252 3459 1299 tuorum

1866 1338 2125 1405 pietatem
2160 1344 2214 1388 te
2258 1333 2425 1388 refer.
2460 1333 2595 1386 Nam
2653 1334 2922 1402 sagittarii
2958 1346 3149 1388 contra
3189 1344 3242 1389 te
3283 1336 3464 1391 con-si-

1868 1431 2001 1485 lium
2062 1429 2358 1492 iniverunt,
2434 1427 2732 1497 opprobria
2789 1424 3043 1495 jecerunt
3097 1441 3162 1481 ac
3234 1426 3463 1483 insidias

1868 1519 2243 1583 tetenderunt,
2306 1521 2603 1575 vulnerare
2656 1530 2971 1590 quaerentes
3021 1528 3075 1575 et
3127 1520 3462 1585 interlicere,

1866 1612 2151 1679 velsicuti
2194 1609 2394 1665 fratres
2445 1612 2722 1681 quondam
2780 1612 2985 1667 invidia
3055 1614 3315 1681 permoti,
3374 1611 3463 1667 vel

1868 1705 1961 1760 alii
2001 1705 2106 1758 hoc
2137 1704 2400 1773 deinceps
2431 1704 2693 1760 adversus
2716 1714 2969 1775 pOSlt'TOS
2998 1712 3122 1759 tuos
3154 1703 3457 1759 audebunt.

1871 1797 1977 1853 Sed
2016 1812 2180 1851 manu
2213 1797 2458 1868 potentis
2491 1798 2595 1852 mei
2636 1796 2753 1863 Dei,
2783 1798 2875 1868 qui
2908 1796 3171 1852 lsraelum
3214 1797 3462 1862 roborat,

1870 1906 2033 1944 arcus
2064 1905 2251 1945 eorum
2283 1890 2555 1946 confracti
2610 1900 2741 1946 sunt
2784 1891 3052 1961 nervique
3107 1889 3460 1945 brachiorum

1869 1997 2059 2037 eorum
2090 1983 2283 2038 luxati.
2318 1982 2394 2037 Te
2436 1991 2618 2038 autem
2663 1980 2808 2038 Deus
2850 1998 3005 2038 meus
3040 1982 3366 2038 coelestibus
3395 1997 3462 2037 ac

1870 2074 2230 2129 terrestribus
2267 2074 2427 2131 bonis
2456 2073 2659 2139 beavit,
2696 2075 3014 2130 ctelestibus
3062 2075 3329 2129 virtuuun
3371 2076 3463 2129 bo-

1871 2178 2069 2219 narum
2100 2165 2283 2231 donis,
2335 2164 2698 2221 terrestribus
2747 2164 3059 2235 omnigenis
3100 2165 3344 2234 opibus;
3397 2179 3462 2220 ac

1872 2268 1927 2313 tu
1976 2263 2201 2327 propter
2253 2258 2463 2312 faustas
2491 2256 2603 2325 jam
2635 2256 2762 2311 inde
2792 2257 2862 2310 ab
2904 2264 3059 2311 utero
3098 2266 3152 2311 et
3199 2255 3462 2311 uberibus

1872 2352 2068 2406 matris
2100 2361 2208 2405 tute
2258 2349 2760 2419 comprecationes,
2811 2358 3147 2420 propterque
3177 2348 3352 2419 patris
3382 2350 3463 2403 tui

1872 2444 1941 2497 ah
1972 2445 2195 2497 ineunte
2238 2452 2330 2497 tua
2370 2451 2533 2497 aetate
2567 2441 2841 2496 desideria
2889 2454 3055 2511 atque
3083 2442 3462 2505 dilectionem.

1873 2534 2207 2605 praevaluisti
2258 2533 2553 2605 factusque
2582 2548 2642 2589 es
2684 2540 2877 2603 potens
2922 2549 3090 2604 supra
3130 2535 3464 2604 prosperita-

1872 2636 1979 2683 tem
2035 2628 2303 2682 montium
2331 2627 2768 2697 pet-manentium
2810 2625 3026 2697 (nempe
3057 2640 3246 2696 regum
3302 2625 3467 2695 longe

1873 2721 2121 2790 tempore
2152 2719 2592 2788 imperantium),
2653 2726 2708 2771 et
2751 2732 2918 2787 supra
2976 2717 3306 2787 cupiditates
3345 2718 3465 2771 col-

1874 2806 2007 2862 lium
2072 2817 2403 2862 teternorum
2478 2806 2609 2877 (hoc
2659 2816 2744 2862 est
2826 2806 3135 2877 principum
3204 2820 3469 2876 prospere

1871 2900 2089 2969 longam
2179 2907 2398 2954 aetatem
2477 2898 2777 2971 agentium)
2856 2914 3051 2954 omnes
3137 2898 3467 2954 excelluisti.

1871 2989 2053 3056 Atque
2112 2989 2249 3053 hate,
2326 2988 2526 3056 inquit,
2581 2986 2763 3041 fausta
2833 2989 3147 3042 redundent
3198 2990 3249 3041 in
3302 2994 3472 3054 caput

1873 3076 2099 3146 Josephi
2128 3084 2183 3131 et
2211 3078 2265 3131 in
2295 3078 2553 3131 verticem
2587 3075 2820 3131 fratrum
2856 3094 3089 3148 quorum
3130 3078 3246 3147 ipse
3274 3078 3471 3133 ductor

1874 3177 1977 3223 est.
2010 3169 2371 3239 Benjaminus
2401 3180 2581 3225 autem
2635 3171 2800 3240 lupus
2836 3182 2921 3227 est
2971 3179 3161 3242 raptor
3190 3187 3205 3224 :
3240 3155 3471 3223 matuti-

1871 3277 2003 3315 num
2037 3262 2154 3332 ipse
2175 3262 2393 3316 vorabit
2421 3274 2474 3316 et
2505 3265 2836 3332 vespertina:
2877 3260 3117 3333 pra'dam
3144 3261 3464 3317 distribuet.

1869 3350 1947 3406 Ac
1976 3353 2088 3405 tale
2115 3350 2405 3421 quidpiam
2440 3351 2610 3406 tribui
2653 3350 3021 3422 Benjamineie
3050 3352 3253 3407 evenit.

1944 3441 2242 3497 Sciendum
2291 3450 2474 3496 autem
2522 3452 2631 3509 est,
2682 3444 2727 3499 si
2782 3444 2909 3513 quis
2959 3446 3242 3498 obstinato
3280 3444 3470 3499 animo

1875 3543 2103 3603 peccat,
2137 3535 2305 3590 Deum
2344 3544 2565 3590 tentans
2609 3537 2774 3590 veluti
2833 3538 3009 3592 malos
3042 3537 3327 3607 suppliciis
3358 3551 3468 3591 non

1874 3626 2202 3681 aﬁ‘ecturum
2238 3670 2253 3694 ,
2324 3642 2451 3683 eum
2514 3643 2694 3698 neque
2772 3627 3215 3699 resipiscentiam
3291 3645 3471 3700 neque

1876 3720 2097 3773 veniam
2131 3721 2424 3789 consequi,
2459 3719 2605 3790 quod
2637 3732 2696 3775 ut
2729 3720 2782 3774 in
2814 3720 2939 3775 aliis
2970 3721 3156 3776 multis
3187 3728 3243 3775 et
3272 3720 3327 3773 in
3365 3720 3469 3775 hoc

1874 3810 2127 3880 apparuit
2158 3810 2474 3879 Pharaone;
2521 3813 2763 3881 itemque
2793 3813 2839 3867 si
2875 3813 3011 3882 quis
3042 3812 3186 3882 apud
3222 3813 3467 3867 animum

1874 3915 2034 3956 suum
2075 3900 2223 3954 dicat
2247 3918 2292 3952 ει
2328 3899 2642 3957 Clementer
2669 3919 2883 3958 mecum
2916 3903 3131 3975 agatur,
3160 3904 3264 3975 73
3290 3905 3467 3959 vivam

1875 3990 2176 4047 secundum
2221 3993 2392 4047 animi
2438 3995 2543 4049 mei
2590 3998 2743 4064 pravi
2774 3996 3001 4057 dictata,
3058 4006 3111 4050 et
3139 3996 3310 4052 multo
3345 4007 3468 4066 post

1877 4092 2122 4154 tempore
2179 4086 2397 4140 tandem
2462 4088 2806 4157 resipiscam,
2844 4107 2864 4139 ι
2927 4088 3107 4158 qualis
3156 4086 3259 4142 fuit
3301 4090 3468 4143 Amos

1876 4173 2146 4231 Manassae
2177 4176 2344 4245 ﬁlius,
2388 4193 2552 4249 quem
2597 4187 2884 4248 propterea
2939 4182 3105 4234 etiam
3142 4178 3291 4235 Deus
3322 4180 3469 4235 cele-

1876 4268 2014 4322 riter
2045 4268 2300 4337 perdidit.

1948 4358 2317 4414 Geometriam
2356 4360 2520 4430 primi
2565 4359 2810 4432 Aigyptii
2847 4364 3198 4431 invenerunt,
3232 4366 3468 4420 astrolo-

1878 4450 2021 4521 giam
2064 4458 2120 4505 et
2172 4452 2549 4506 natalitiorum
2593 4454 2927 4522 indiciorum
2975 4465 3149 4509 artem
3200 4457 3463 4522 Chaldaii,

174 4547 268 4611 ϐες
304 4549 403 4601 καὶ
447 4546 660 4616 Φρύγες
689 4544 1117 4607 οἱωνοσκοπίαν,
1153 4542 1297 4605 θεοῖς
1343 4543 1401 4596 δὲ
1441 4541 1591 4596 θύειν
1623 4542 1766 4596 Χαλ-

1881 4542 2256 4613 auSpiciorum
2315 4546 2522 4600 Arabes
2584 4552 2638 4599 et
2687 4545 2950 4618 Phryges.
2990 4547 3101 4602 Diis
3151 4550 3466 4606 sacriﬁcare

174 4639 316 4692 ὄαῖοι
363 4638 465 4691 εἰτ’
498 4633 620 4690 Δοὖν
682 4636 921 4704 Κύπριοι
986 4633 1357 4705 (διφοροῦνται
1405 4634 1516 4703 γὰρ
1544 4673 1559 4698 ,
1618 4632 1770 4697 ἔθνος

178 4730 450 4799 Περσικον
497 4727 697 4794 ὄντες),
745 4718 1117 4796 ἀστρονομίαν
1172 4724 1231 4777 δὲ
1290 4723 1622 4777 Βαϐυλώνιοι
1682 4723 1770 4777 διὰ

176 4819 562 4889 Ζωροάστρου,
593 4817 654 4882 ἐξ
690 4810 766 4871 ῶν
820 4816 1135 4887 παρέλαϐον
1176 4815 1491 4883 Αἰγύπτιοι,
1531 4816 1771 4883 μαγείαν

176 4904 233 4957 δὲ
258 4908 355 4957 καὶ
387 4906 645 4974 γοητείαν
671 4907 763 4959 καί⁵
795 4904 1150 4976 φαρμακείαν
1180 4903 1355 4974 Μῆδοι
1407 4905 1502 4956 καὶ
1532 4904 1767 4973 Πέρσαι.

182 4997 341 5050 Ἐστι
389 4997 448 5050 δὲ
486 4996 689 5068 μαγεία
741 4998 841 5066 μὲν
888 4994 1183 5066 ἐπίκλησις
1235 4996 1509 5066 δαιμόνων
1565 4995 1770 5064 ἁγαθο-

182 5090 352 5141 ποιῶν
402 5090 562 5159 δῆθεν
616 5089 754 5159 πρὸς
784 5087 990 5156 ἀγαθοῦ
1041 5104 1188 5153 τινος
1239 5087 1524 5154 σύστασιν,
1572 5086 1764 5160 ῶσπερ

180 5180 251 5232 τε
305 5182 399 5234 τοῦ
450 5181 707 5245 Τυανέως
742 5180 1101 5235 Ἀπολλωνίου
1122 5198 1135 5212 ⁸
1171 5181 1397 5251 γοητεία
1424 5181 1482 5234 δὲ
1529 5182 1773 5235 καλεῖται

181 5272 294 5323 ἀπο
322 5272 432 5325 τῶν
458 5272 602 5340 γόων
628 5273 726 5328 καὶ,
748 5272 962 5342 θρήνων
977 5271 1086 5326 τῶν
1112 5274 1242 5344 περὶ
1268 5272 1397 5336 τοὺς
1422 5273 1627 5341 τάφους
1660 5276 1773 5336 τοῖς

181 5364 252 5415 τὰ
288 5364 518 5418 τοιαῦτα
544 5363 923 5433 ἐπιτηδεύουσι
972 5363 1276 5435 γινομένων
1298 5380 1314 5396 δ
1339 5366 1658 5434 φαρμακεία
1695 5365 1771 5432 δὲ,

182 5453 317 5506 ὅταν
367 5454 707 5508 συσκευασία
786 5453 1163 5526 θανατηφόρος
1337 5454 1474 5524 πρὸς
1551 5456 1771 5526 φίλτρον

182 5541 401 5596 δοθεῖσα
430 5561 543 5596 τινι
570 5544 660 5600 δια
688 5543 783 5597 τοῦ
813 5544 1107 5614 στόματος.

268 5634 467 5687 ’ἰστέον
509 5635 592 5687 ὅτι
629 5633 692 5687 τὸ
721 5635 920 5707 Φαραὼ
955 5635 1132 5690 κοινὸν
1163 5636 1336 5709 ὄνομα
1391 5638 1609 5692 πάντων
1658 5638 1772 5693 τῶν

186 5724 467 5794 Δίγλὲπτου
502 5728 769 5800 βασιλέων
790 5730 962 5796 ἐστὶν,
1003 5731 1112 5785 ἀπὸ
1138 5729 1234 5784 τοῦ
1277 5731 1493 5804 πρώτου
1550 5730 1772 5803 Φαραὼ,

185 5811 378 5889 ὥςπερ
418 5820 515 5872 καὶ
572 5818 904 5892 Πτολεμαῖοι
961 5820 1332 5893 ὔστερον,καὶ
1375 5821 1669 5892 Δῦγουστοι
1724 5823 1773 5875 oi

1874 4632 2116 4689 Chaldaai
2177 4634 2555 4699 instituerunt,
2600 4637 2716 4691 sive
2768 4636 2976 4707 Cyprii,
3019 4654 3154 4709 gens
3202 4639 3461 4707 Persica;

1872 4726 2268 4781 astronomiam
2306 4724 2590 4797 Babylonii
2646 4736 2876 4783 auctore
2919 4727 3212 4785 Zoroastre
3240 4731 3347 4787 :ah
3374 4733 3462 4789 his

1873 4816 2493 4888 Egyptiiacceperunt.
2557 4817 2813 4889 Magiam,
2863 4824 3104 4890 goetiam
3156 4831 3213 4877 et
3255 4825 3460 4877 veneti-

1872 4908 2021 4962 cium
2071 4905 2212 4963 Medi
2244 4917 2300 4962 et
2328 4908 2530 4963 Persae.
2562 4909 2660 4963 Est
2702 4919 2884 4963 autem
2942 4912 3119 4981 magia
3180 4913 3462 4968 invocatio

1872 4998 2182 5054 dannonum
2239 5000 2631 5066 beneﬁcorum,
2678 5001 2808 5056 boni
2858 5003 3092 5071 alicujus
3128 5004 3461 5059 conciliandi

1872 5093 2066 5162 gratia,
2096 5091 2272 5163 qualis
2294 5092 2568 5162 Apollonii
2594 5092 2795 5164 Tyanei
2824 5109 2840 5161 ;
2870 5093 3046 5164 goetia
3078 5095 3148 5150 ab
3162 5095 3461 5164 eiulatibus

1874 5192 1943 5239 et'
1998 5182 2234 5237 luctibus
2293 5197 2494 5238 nomen
2568 5185 2800 5247 habens,
2860 5201 3000 5255 quos
3069 5184 3136 5238 ad
3206 5187 3462 5254 sepulira

1875 5283 2146 5330 exercent
2172 5274 2262 5343 qui
2332 5274 2433 5329 ista
2473 5282 2730 5329 tractant.
2785 5274 3113 5330 Vcneﬁcium
3168 5284 3277 5342 est,
3336 5293 3461 5332 cum

1877 5383 1975 5438 per
2012 5383 2075 5424 os
2109 5368 2274 5421 alicui
2324 5366 2591 5437 ingeritur
2625 5378 2922 5436 temperata
2952 5369 3131 5424 letalis
3178 5377 3276 5424 aut
3310 5386 3461 5426 ama.-

1880 5460 2018 5515 toria
2047 5459 2215 5529 potio.

1947 5639 2251 5696 Pharaonis
2279 5655 2475 5695 nomen
2514 5639 2760 5694 omnium
2802 5639 3020 5712 ngypti
3075 5657 3261 5713 regum
3309 5658 3459 5699 com-

1878 5747 2040 5786 mune
2070 5741 2175 5798 est,
2209 5747 2238 5785 a
2275 5733 2453 5802 primo
2477 5730 2780 5796 Pharaone,
2814 5733 2957 5789 sicut
2985 5733 3150 5789 eziam
3182 5732 3460 5789 Ptolemaei

1879 5840 1942 5881 ac
1979 5823 2212 5896 Augusti
2260 5826 2632 5881 Romanorum
2691 5839 2847 5894 reges
2894 5824 2963 5883 ab
3015 5826 3262 5897 Augusto
3292 5821 3460 5881 deno-
