4184 6436
720 361 820 423 107

2027 363 2351 424 GEORGII
2393 365 2723 432 CEDREN]

3907 387 4006 451 108

715 486 793 536 cit
818 480 903 534 his
929 477 1110 533 verbis
1141 493 1154 530 :
1184 474 1532 530 Abrahamus
1555 475 1806 531 Isaacum
1842 478 2053 548 genuit,
2083 479 2299 536 lsaacus

2429 485 2606 541 Ἡσαῦ
2641 489 2890 555 ,ικαθὼς
2937 492 2968 562 ἡ
3019 491 3211 566 Γραφὴ
3249 485 3499 567 πέμπτον
3561 501 3726 558 αὐτὸν
3769 505 3878 558 άπὸ
3906 508 4002 561 τοῦ

715 574 939 641 lssautu,
974 572 1149 627 Esaus
1198 568 1409 640 Rugum
1455 579 1511 626 et
1560 568 1780 638 Zaram,
1828 571 1968 627 Zara
2004 571 2223 628 Jobum.
2261 573 2308 630 Is

710 666 882 722 Jobus
911 666 994 718 vir
1020 663 1120 717 fuit
1151 662 1419 719 honestus
1447 677 1511 719 ac
1538 663 1742 734 gravis,
1771 663 1845 718 ita
1881 665 1948 720 de
1991 682 2049 721 se
2081 665 2304 723 dicens:

717 775 735 807 ι
761 753 914 820 Quod
944 755 989 809 si
1019 753 1216 807 oculus
1248 768 1405 808 meus
1431 753 1665 809 alienam
1703 753 1986 809 mulierem
2021 765 2311 813 consecta-

711 857 800 902 tus
842 852 950 912 est,
983 853 1204 915 pactum
1255 860 1381 900 cum
1428 845 1606 899 oculis
1648 846 1786 901 meis
1821 846 1920 902 feci
1947 849 1985 902 ’.
2021 868 2042 902 ι
2077 848 2219 917 Quin
2255 859 2309 906 et

712 955 810 1008 pro
841 939 1034 994 liberis
1066 939 1184 994 suis
1223 937 1331 993 Deo
1361 937 1613 1007 quotidie
1648 940 2010 1004 sacriticavit,
2047 942 2194 1012 quod
2223 943 2305 996 di-

711 1043 864 1088 ceret
920 1041 1167 1088 metuere
1230 1046 1290 1086 se
1345 1047 1414 1086 ne
1472 1031 1508 1085 ii
1569 1032 1776 1103 aliquid
1827 1035 2096 1092 adversus
2134 1037 2304 1092 Deum

711 1124 898 1178 animo
956 1125 1282 1194 agitassent.
1321 1120 1492 1178 Recte
1538 1123 1725 1194 itaque
1783 1122 2066 1196 Scriptum
2111 1129 2189 1181 ait
2227 1128 2299 1184 δε

717 1237 735 1268 ε
799 1215 864 1270 Ει
911 1225 1028 1272 erat
1077 1215 1244 1269 homo
1304 1215 1398 1270 ille
1464 1216 1694 1288 integer,
1743 1216 1940 1287 iustus,
1995 1221 2118 1289 pius
2175 1235 2304 1290 erga

712 1308 904 1372 Deum,
942 1327 960 1360 ι
997 1319 1104 1362 etc.
1137 1307 1275 1361 Nam
1309 1308 1524 1378 profani
1553 1309 1862 1378 philosophi
1898 1312 2176 1366 hominem
2209 1313 2308 1369 de-

709 1403 931 1464 finiunt,
965 1401 1172 1454 animal
1228 1402 1440 1454 ratione
1485 1401 1776 1469 praeditum
1833 1405 2091 1458 mortale.
2121 1404 2304 1460 Sacra:

706 1492 818 1562 78
836 1503 1014 1547 autem
1045 1491 1264 1545 Littera:
1289 1506 1397 1544 non
1424 1491 1518 1552 ita,
1541 1506 1729 1545 verum
1759 1492 1860 1548 hoc
1895 1494 2056 1548 modo
2085 1513 2098 1548 :
2128 1495 2303 1550 Horiio

708 1594 792 1638 est
824 1587 916 1654 qui
954 1583 1121 1639 Deum
1159 1585 1247 1654 pie
1275 1585 1428 1650 colit,
1453 1584 1639 1654 justus
1668 1594 1772 1649 est,
1803 1595 1857 1640 et
1883 1587 1953 1642 ab
1979 1589 2126 1641 omnii
2158 1588 2301 1642 malo

709 1676 950 1730 facinore
981 1677 1250 1731 abstinet.
1288 1677 1426 1730 Nam
1470 1677 1564 1745 qui
1603 1676 1798 1730 harum
1835 1681 2096 1733 virtutum
2143 1683 2302 1736 testi-

706 1769 896 1824 monio
929 1768 1272 1833 destituitur,
1308 1785 1416 1824 non
1446 1770 1610 1824 homo
1637 1770 1744 1836 ille,
1774 1771 1870 1827 sed
1899 1773 2076 1828 bellua
2105 1784 2210 1828 est.
2240 1774 2297 1829 Si

704 1863 849 1917 enim
903 1869 1114 1916 natura:
1163 1863 1418 1917 humana:
1475 1872 1659 1918 notam
1709 1865 1916 1920 habens
1947 1868 2296 1936 impressam,

704 1973 824 2012 eam
873 1956 1176 2011 voluntatis
1227 1957 1501 2026 pravitate
1549 1959 1912 2024 contaminat,
1945 1961 2130 2015 audiet
2169 1977 2299 2029 pro-

702 2051 882 2118 phetae
959 2049 1285 2104 sententiam
1337 2049 1360 2081 ⁸
1412 2063 1427 2102 :
1485 2065 1504 2100 ‹
1576 2049 1751 2104 Homo
1808 2067 1932 2106 cum
2003 2053 2057 2106 in
2119 2053 2296 2122 pretio

704 2151 876 2208 esset,
912 2158 1020 2196 non
1084 2142 1497 2208 animadvertit,
1527 2143 1622 2199 sed
1676 2157 2031 2215 comparatus
2086 2159 2166 2201 est
2206 2163 2302 2218 pe-

703 2235 940 2291 cudibus
988 2235 1188 2299 brutis,
1249 2235 1556 2304 similisque
1605 2251 1794 2290 eorum
1843 2234 2043 2293 factus.
2109 2256 2128 2289 ι
2179 2237 2299 2304 Quo

706 2328 889 2395 itaque
939 2325 1101 2379 modo
1136 2341 1260 2392 nos,
1299 2341 1422 2380 cum
1471 2327 1536 2378 ad
1575 2326 1818 2396 aliquam
1869 2343 1982 2382 rem
2027 2329 2296 2399 agendam

704 2417 870 2470 tilium
905 2424 1000 2470 aut
1039 2415 1302 2469 famulum
1340 2415 1631 2482 mittimus,
1665 2432 1789 2471 eum
1827 2427 1880 2471 ut
1921 2419 2202 2474 hominem
2239 2435 2298 2475 se

704 2513 758 2562 in
809 2523 868 2562 re
915 2523 978 2562 ea
1028 2523 1216 2576 gerere
1247 2506 1524 2576 jubenms.
1564 2521 1726 2578 atque
1759 2510 1831 2563 ita
1870 2524 2164 2566 commune
2195 2525 2296 2565 no-

707 2618 830 2654 men
871 2599 1138 2670 peculiari
1170 2601 1384 2654 ratione
1424 2616 1794 2670 usurpamus;
1832 2603 1904 2656 ita
1929 2603 2146 2657 etiamsi
2175 2618 2296 2657 om-

705 2709 801 2748 nes
845 2693 1102 2747 homines
1153 2708 1353 2747 nomen
1387 2691 1628 2748 hominis
1659 2701 1879 2763 gerunt,
1915 2695 1964 2749 is
1991 2702 2174 2748 tamen
2207 2709 2298 2750 so-

704 2788 790 2840 lus
823 2787 989 2840 homo
1033 2801 1158 2840 vere
1191 2792 1296 2849 est,
1339 2783 1431 2853 qui
1467 2783 1761 2856 imaginem
1800 2795 1988 2840 servat
2022 2787 2298 2857 primique

702 2878 1035 2948 exemplaris
1083 2877 1552 2948 pulchritudinem
1603 2893 1710 2932 non
1768 2878 2063 2933 deformat.
2099 2877 2295 2934 Jobum

701 2987 832 3042 ergo
857 2980 912 3026 et
949 2971 1224 3025 hominem
1255 2969 1550 3040 appellavit
1577 2979 1630 3024 et
1658 2970 1778 3025 solo
1806 2971 2054 3026 Ausitide
2080 2981 2293 3037 natum,

703 3074 763 3119 ut
800 3078 829 3117 a
874 3072 1020 3118 terra
1069 3061 1409 3132 impietatem
1464 3060 1807 3130 germinante
1857 3061 2097 3115 fructum
2133 3063 2294 3116 talem

2416 577 2674 669 ᾍϐραὰμ
2721 583 2892 651 λέγει.
2950 584 3208 657 ’Δϐραὰμ
3269 587 3418 659 γὰρ,
3475 593 3678 663 φησῖν,
3743 597 4003 669 ἑγέννησε

2413 668 2502 722 τὸν
2528 668 2737 737 Ἰσαὰκ,
2767 671 2956 727 Ἰσαὰκ
2981 672 3036 726 δὲ
3063 677 3156 729 τὸν
3194 674 3385 744 Ἠσαῦ,
3429 677 3602 735 Ἠσαῦ
3649 683 3706 737 δὲ
3751 687 3842 740 τὸν
3876 668 4003 744 Ῥασ-

2412 761 2581 832 γουὴλ
2645 764 2859 818 καὶτὸν
2893 765 3064 837 Ζάρα,
3097 767 3248 838 Ζάρα
3279 770 3336 824 δὲ
3377 771 3469 826 τὸν
3501 773 3644 842 Ἰὼϐ,
3678 777 3738 843 ὃς
3780 779 4002 847 ἐγένετο

2411 852 2697 922 ἄνθρωπος
2717 853 2950 926 σώφρων
2986 859 3080 911 καὶ⁵
3109 863 3328 931 σεμνὸς,
3360 862 3534 932 λέγων
3555 867 3750 932 οὓτως·
3785 889 3802 921 t
3843 871 3905 923 ΕΞ
3939 873 3999 924 δὲ

2410 943 2504 994 καὶ
2530 941 2974 1014 ἐπηκολούθησεν
3019 950 3046 1001 ὁ
3091 949 3376 1020 ὀφθαλμός
3412 972 3514 1023 μου
3571 959 3795 1021 γυναικὶ
3841 959 4000 1014 ἀλλο-

2407 1034 2560 1106 τρία,
2595 1037 2695 1103 καὶ,
2715 1036 2979 1109 διαθήκην
3003 1039 3261 1113 διεθέμην
3315 1046 3426 1106 τοῖς
3474 1046 3776 1118 ὀφθαλμοῖς
3813 1069 3937 1121 μου.
3973 1072 3993 1106 ι

2408 1124 2482 1178 Οὐ
2540 1127 2647 1198 μὴν
2697 1129 2753 1182 δὲ
2806 1129 2943 1183 ἀλλᾶ
2995 1133 3090 1184 καὶ
3136 1135 3277 1204 ὑπὲρ
3335 1135 3443 1188 τῶν
3509 1139 3731 1193 οἰκείων
3787 1143 3997 1200 τέκνων

2408 1216 2598 1282 θυσίας
2636 1222 2881 1293 προσῆγε
2937 1223 3059 1277 καθ’
3114 1218 3348 1297 ἡμέραν,
3405 1229 3635 1298 φάσκων
3661 1252 3676 1266 ο
3713 1254 3731 1286 ι
3766 1236 3997 1306 Μήποτε

2408 1310 2554 1364 κακὰ
2576 1313 2873 1384 ἐνενόησαν
2909 1317 3045 1387 πρὸς
3097 1317 3188 1371 τὸν
3221 1319 3375 1375 Θεόν.
3418 1341 3435 1374 ι
3472 1324 3715 1389 Εἰκότως
3741 1328 3834 1381 οὖν
3860 1329 3993 1400 ἔφη’

2414 1421 2432 1453 ι
2477 1404 2586 1455 Καὶ
2639 1400 2706 1474 ἦν
2741 1407 2768 1457 ὁ
2814 1407 3104 1476 ἄνθρωπος
3165 1410 3372 1474 ἐκεῖνος
3405 1415 3715 1484 ἄμεμπτος,
3766 1419 3997 1488 δίκαιος,

2407 1492 2688 1564 θεοσεϐὴς,
2735 1516 2752 1549 ι
2795 1501 2893 1553 καὶ
2927 1501 2995 1554 τὰ
3036 1501 3188 1572 ἑξῆς.
3228 1504 3291 1555 Ol
3331 1505 3559 1578 μὲνγὰρ
3589 1509 3691 1576 ἔξω
3716 1511 3999 1581 φιλόσοφοι

2403 1586 2495 1638 τὸν
2517 1588 2641 1656 ὅρον
2672 1591 2958 1658 δηλοῦντες
2989 1593 3082 1645 τοῦ
3112 1594 3404 1666 ἀνθρώπου
3435 1599 3604 1666 φασίν
3623 1619 3637 1633 ο
3668 1604 3998 1675 ’Ἄνθρωπός

2404 1679 2520 1730 ἐστι
2541 1678 2679 1742 ζῶον
2705 1681 2926 1749 λογικὸν
2952 1685 3170 1754 θνητόνο
3222 1691 3253 1758 ἡ
3283 1689 3337 1740 δὲ
3375 1689 3493 1743 θεία
3533 1692 3726 1763 Γραφὴ
3756 1697 3852 1766 οὐχ
3906 1699 3996 1751 οὔ⁹

2403 1788 2532 1834 τως,
2578 1773 2692 1826 ἀλλ’
2729 1791 2743 1806 ο
2786 1775 3110 1845 ’Ἄνθρωπός
3151 1782 3266 1832 ἐστι
3332 1782 3609 1855 θεοσεϐὴς,
3680 1787 3992 1857 ἄμεμπτος,

2405 1863 2637 1930 δίκαιος,
2673 1867 3011 1938 ἀπεχόμενος
3062 1871 3169 1924 ἀπὸ
3203 1875 3405 1936 παντὸς
3455 1879 3694 1949 πονηροῦ
3734 1883 3996 1952 πράγμα-

2403 1971 2516 2020 τος,
2536 1955 2610 2018 ὡς
2655 1957 2749 2024 ὅγε
2781 1958 2994 2023 τούτοις
3045 1961 3118 2030 μὴ
3163 1969 3666 2035 μεμαρτυρημένος
3701 1970 3825 2022 οὐδὲ
3895 1973 3995 2026 ἄν-

2403 2045 2642 2124 θρωπος,
2665 2049 2800 2102 ἀλλὰ
2839 2051 3035 2120 κτῆνός
3075 2055 3241 2106 ἐστιν.
3302 2056 3428 2109 Ἐὰν
3455 2058 3560 2129 γὰρ
3581 2059 3678 2131 ἔχῃ
3704 2060 3792 2114 τὸν
3821 2080 3995 2134 χαρα-

2403 2140 2582 2211 κτῆρα
2639 2142 2736 2213 τῆς
2777 2144 2993 2214 φύσεως
3039 2146 3238 2218 ὑϐρίζῃ
3277 2148 3332 2202 δὲ
3377 2151 3539 2204 αὐτὸν
3575 2157 3640 2223 τῇ
3681 2159 3849 2226 κακίᾳ
3895 2160 3994 2228 τῆς

2402 2233 2798 2302 προαιρέσεως,
2833 2236 3135 2290 ἀκούσεται
3189 2241 3340 2308 παρὰ
3400 2241 3496 2296 τοῦ
3555 2247 3838 2317 προφήτου
3909 2248 3997 2302 λέ-

2400 2341 2611 2394 γοντος·
2656 2345 2674 2378 t
2727 2327 3050 2399 Ἀνθρωπος
3082 2330 3141 2382 ὲν
3173 2335 3309 2404 τιμῇ
3338 2333 3415 2385 ὢν
3455 2335 3515 2387 οὐ
3563 2339 3782 2407 συνῆκε,
3811 2357 3994 2410 παρα·

2403 2418 2707 2490 συνεϐλήθη
2739 2424 2853 2484 τοῖς
2883 2424 3110 2494 κτήνεσι
3143 2419 3254 2488 τόῖς
3287 2427 3565 2497 ἀνοήτοις,
3590 2431 3686 2483 καὶ
3727 2433 3991 2503 ὡμοιώθη

2400 2509 2605 2572 αὐτοῖς.
2647 2530 2664 2562 ι
2712 2512 2926 2584 Ὥσπερ
2975 2517 3155 2569 τοίνυν
3203 2517 3298 2569 καὶ
3347 2521 3511 2588 ἡμεῖς
3569 2521 3996 2588 ἀποστέλλοντες

2401 2598 2514 2651 υἱὸν
2555 2599 2588 2669 ἢ
2639 2602 2859 2672 οἰκέτην
2906 2603 2989 2673 [Ρ.
3050 2606 3146 2678 44]
3194 2609 3287 2660 ἐπί
3331 2626 3455 2662 τινα
3499 2611 3695 2680 πρᾶξιν
3729 2613 3989 2681 λέγομεν,

2413 2686 2500 2740 Ὠς
2535 2690 2818 2760 ἄνθρωπος
2897 2693 3034 2762 ἅψαι
3080 2697 3181 2765 τῆς
3238 2699 3516 2768 πράξεως,
3578 2705 3672 2754 καὶ
3717 2704 3777 2756 τὸ
3813 2705 3995 2758 κοινὸν

2403 2780 2705 2850 ποιούμεθα
2758 2784 2915 2836 ἱδιον’
2988 2787 3163 2850 οὕτως
3211 2790 3260 2841 εἱ
3323 2793 3416 2844 καὶ
3456 2793 3659 2856 πάντες
3712 2794 3994 2864 ἂνθρωποι

2401 2874 2673 2942 λέγονται,
2719 2877 2878 2946 μόνος
2909 2879 3117 2942 ἐκεῖνος
3161 2881 3381 2952 ἀληθῶς
3417 2885 3567 2938 ἐστιν
3603 2887 3630 2937 ὁ
3678 2886 3776 2956 τὴν
3807 2887 3993 2939 εἰκόνα

2401 2967 2590 3032 σώζων
2617 2971 2712 3022 καὶ
2742 2971 2802 3022 τὸ
2845 2973 3206 3041 πρωτόευπον
3241 2977 3318 3045 μὴ
3342 2979 3640 3042 ἀφανίζων.
3671 2977 3841 3032 Εἶπεν
3898 2975 3995 3032 οὖν

2402 3060 2495 3113 τὸν
2533 3061 2654 3114 Ἰὼϐ
2708 3063 2996 3134 ἄνθρωπον
3037 3066 3133 3118 καὶ
3172 3068 3280 3120 ἀπὸ
3309 3069 3408 3135 τῆς
3440 3071 3723 3134 Δὺσίτιδος
3783 3071 3993 3142 χώρας,

703 3157 910 3211 editum
973 3156 1238 3209 celebres.
1286 3152 1459 3220 Quem
1512 3153 1766 3222 princeps
1817 3154 1996 3208 omnis
2041 3155 2170 3208 mali
2220 3154 2299 3209 vi—

2406 3153 2551 3217 ὅπως
2578 3156 2639 3207 ὲκ
2675 3157 2775 3226 τῆς
2799 3158 3060 3225 κομώσης
3090 3163 3192 3229 γῆς
3218 3160 3316 3230 τὴν
3346 3161 3604 3213 ἀσέϐειαν
3642 3163 3732 3215 τον
3775 3164 3995 3229 καρπον

701 3255 858 3315 (lens,
914 3252 1117 3305 invidia
1170 3258 1376 3314 motus,
1419 3263 1447 3300 a
1502 3247 1612 3302 Deo
1666 3250 1822 3319 petiit
1864 3258 1923 3305 ut
1954 3250 2057 3304 sibi
2097 3265 2294 3305 vetare

698 3348 908 3416 justum
969 3344 1353 3415 permitteret,
1417 3351 1477 3395 ut
1543 3352 1600 3396 tu
1653 3358 1874 3412 quoque
1927 3343 2057 3396 hinc
2113 3345 2294 3399 animo

706 3437 882 3492 ﬁdens
926 3435 1048 3496 tias,
1092 3433 1341 3489 sentiens
1397 3432 1618 3487 diabolo
1669 3432 1805 3486 nihil
1859 3447 1982 3487 esse
2030 3432 2295 3488 adversus

703 3533 853 3600 pium
889 3542 1126 3596 vereque
1153 3524 1532 3579 Christianum
1565 3533 1617 3578 et
1649 3523 1739 3578 Dei
1773 3527 1970 3578 timore
2002 3525 2292 3593 praeditum

704 3621 1018 3691 potestatis,
1057 3619 1163 3673 nisi
1207 3617 1256 3672 ei
1309 3615 1576 3671 divinitus
1622 3616 1695 3672 sit
1749 3617 2104 3686 permissum,
2133 3619 2296 3688 idque

703 3713 788 3767 vel
833 3709 1143 3781 castigandi
1190 3723 1357 3764 causa
1405 3709 1490 3763 vel
1539 3708 1924 3762 concessione.
1961 3707 2096 3762 Cum
2149 3709 2294 3763 enim

705 3804 1130 3875 castigationem
1178 3800 1335 3855 ail'ert
1369 3798 1533 3864 Deus,
1569 3809 1664 3852 aut
1705 3809 2054 3869 peccatorum
2094 3815 2156 3852 ea
2204 3815 2295 3852 ra-

705 3899 856 3951 tione
896 3910 1088 3964 pmnas
1128 3893 1318 3956 sumit,
1351 3901 1445 3944 aut
1480 3889 1722 3944 divinam
1770 3891 2028 3945 virtutem
2073 3901 2294 3946 exercet

707 3985 773 4038 ad
823 3984 1110 4038 victoriam
1152 3997 1211 4036 re
1253 3980 1389 4034 bene
1437 3989 1587 4050 gesta
1624 3980 1943 4049 parandam.
1982 3979 2101 4035 Non
2146 3983 2293 4036 enim

709 4077 922 4145 iujussu
968 4073 1226 4128 diabolus
1275 4071 1545 4142 potuisset
1587 4069 1784 4126 Jobnm
1832 4074 2072 4142 aggredi.
2106 4072 2294 4142 Neque

707 4170 758 4221 id
795 4168 892 4222 tibi
930 4167 1130 4221 mirum
1169 4166 1242 4220 sit
1279 4183 1292 4218 :
1325 4179 1450 4218 nam
1494 4164 1546 4217 in
1580 4163 1892 4234 Evangeliis
1930 4166 2175 4219 auditum
2213 4173 2296 4220 est

708 4277 778 4314 ne
815 4261 868 4313 in
901 4273 1099 4327 porcos
1145 4256 1366 4328 quidem
1410 4255 1514 4310 nisi
1560 4255 1668 4324 79
1704 4258 1974 4325 permissu
2012 4255 2098 4310 Dei
2139 4258 2296 4326 quid-

708 4367 872 4420 quam
907 4352 955 4406 ci
995 4350 1178 4404 licere.
1215 4349 1512 4402 Enimvero
1543 4347 1714 4402 divini
1754 4349 1931 4416 angeli
1961 4349 2174 4418 piorum
2207 4365 2296 4403 sa-

705 4438 807 4498 luti
841 4443 1176 4498 inserviunt.
1209 4440 1415 4497 Omnes
1453 4441 1622 4506 enim,
1661 4443 1736 4494 ait
1781 4440 2086 4510 Scriptura,
2128 4442 2296 4510 spiri-

2403 3249 2759 3318 ὰνυμνήσεις.
2798 3252 2893 3302 Ὃν
2932 3253 2960 3304 ὁ
2987 3253 3295 3322 άρχέκακος
3318 3254 3481 3322 ὁρῶν,
3510 3253 3604 3306 καὶ
3648 3254 3830 3323 φθόνῳ
3859 3253 3997 3323 βαλο

2403 3339 2648 3409 λόμενος,
2695 3343 2931 3395 αἰτεῖται
2977 3344 3128 3412 παρὰ
3169 3344 3306 3397 Θεοῦ
3350 3345 3442 3397 τὸν
3473 3346 3616 3398 κατὰ
3656 3345 3750 3398 τοῦ
3779 3346 3994 3400 δικαίου

2404 3434 2734 3502 πειρασμὸν,
2763 3433 2849 3486 ἵνα
2893 3437 2958 3487 σὺ
3002 3433 3205 3505 θάρσος
3235 3435 3429 3505 λάϐῃς,
3460 3438 3556 3490 καὶ
3603 3438 3782 3509 μάθῃς
3841 3439 3997 3502 ὅπως

2403 3524 2503 3577 οὐκ
2531 3524 2648 3594 ἔχει
2678 3526 2930 3590 ἐξουσίαν
2959 3527 3169 3596 δαίμων
3197 3527 3338 3580 κατὰ
3376 3527 3661 3591 θεοσεϐοῦς
3695 3533 3786 3582 καὶ
3825 3530 4000 3594 ὅντως

2402 3618 2734 3686 Χριστιανοῦ
2759 3621 2854 3672 καὶ
2880 3620 3218 3689 φοϐουμένου
3269 3621 3362 3673 τὴν
3407 3620 3563 3684 Osiri,
3625 3621 3720 3674 ἐὰν
3747 3619 3820 3690 μὴ
3873 3624 4002 3674 ἐπι-

2403 3708 2583 3779 τροπὴ
2606 3709 2812 3763 ἄνωθεν
2853 3713 3080 3778 γένηται
3113 3711 3147 3780 ἢ
3194 3708 3282 3763 διὰ
3313 3709 3617 3778 παιδείανῆ
3653 3711 3740 3762 διὰ
3773 3709 4000 3780 συγχώ-

2406 3818 2584 3873 ρησιν.
2609 3802 2775 3854 Ὅταν
2803 3802 2914 3873 γὰρ
2943 3803 3125 3874 ἐπάγῃ
3156 3803 3332 3865 όΘεὸς
3364 3803 3750 3872 παιδευτήρια,
3779 3804 3812 3875 ἦ
3837 3803 4002 3868 δίκας

2403 3894 2626 3946 ἀπαιτεί
2664 3891 2771 3945 τῶν
2801 3893 3221 3964 ἁμαρτημάτων
3255 3896 3287 3966 ἢ
3335 3895 3433 3964 τὴν
3476 3895 3678 3964 ἀρετὴν
3723 3896 4002 3964 γυμνάζει

2403 3985 2510 4039 τῶν
2539 3985 2700 4039 θείων
2735 3985 3206 4055 κατορθωμάτων.
3247 3989 3321 4039 Οὐ
3379 3988 3488 4055 γάρ
3536 3987 3782 4056 ἠδυνήθη
3822 3987 3992 4039 πολε-

2407 4077 2575 4146 μῆσαι
2598 4075 2677 4145 τῷ
2715 4075 2857 4139 Ἰὼϐ,
2895 4077 3000 4138 ἕως
3033 4076 3317 4144 ἐπετράπη
3343 4077 3388 4129 ³.
3416 4078 3528 4130 Καὶ
3556 4077 3630 4146 μὴ
3676 4077 3999 4146 θαυμάσῃς.

2405 4166 2525 4218 οὐδὲ
2567 4167 2676 4235 γάρ
2716 4167 2858 4218 κατὰ
2882 4166 3079 4236 χοίρων
3110 4167 3360 4230 ἐξουσίαν
3419 4166 3551 4234 ἔχει,
3590 4166 3771 4228 καθὼς
3796 4169 3854 4218 ἐν
3881 4171 4003 4230 τοῖς

2407 4256 2760 4324 Εὑαγξέλίοις
2789 4259 3053 4327 ἤκουσας.
3095 4259 3158 4310 ΟΞ
3199 4277 3294 4326 μ;ν
3335 4254 3429 4310 οὖν
3455 4258 3587 4310 θεῖοι
3638 4255 3860 4324 ἄγγελοι
3881 4257 4003 4309 δια-

2406 4351 2626 4402 κονοῦσι
2687 4351 2810 4410 ταῖς
2858 4349 2968 4401 τῶν
3020 4349 3241 4416 ἀγαθῶν
3291 4348 3599 4419 ἀνθρώπων
3654 4347 3952 4418 σωτηρίαις
3983 4362 4000 4378 ⁸

2409 4441 2615 4502 Πάντες
2650 4440 2783 4509 γὰρ,
2821 4442 2981 4509 φησὶ,
3019 4441 3368 4510 λειτουργικὰ
3402 4442 3691 4510 πνεύματά
3720 4444 3877 4506 εἰσιν,
3917 4444 4006 4504 εἰς

703 4549 799 4592 tus
847 4544 978 4591 sunt
1029 4535 1095 4588 ad
1145 4534 1515 4589 ministerium
1551 4535 1751 4604 parati,
1791 4533 2199 4602 tnittunturque
2232 4533 2299 4586 ad

2406 4531 2683 4586 διακονίαν
2712 4531 3156 4600 ἀποστελλόμενα
3182 4531 3270 4584 διὰ
3301 4533 3426 4593 τοὺς
3457 4531 3752 4601 μέλλοντας
3799 4533 4008 4602 κληρο-

708 4627 1124 4685 inserviendum
1173 4633 1399 4696 pr0pter
1431 4641 1526 4680 eos
1559 4625 1653 4692 qui
1689 4626 1921 4678 salutem
1966 4634 2096 4679 sunt
2140 4626 2298 4678 here-

709 4720 913 4774 ditario
960 4718 1266 4787 accepturi.
1314 4715 1441 4770 Mali
1485 4727 1670 4771 autem
1724 4717 1869 4786 genii
1915 4716 1981 4770 ad
2033 4717 2301 4785 supplicia

715 4812 1101 4880 peccatoribus
1132 4811 1314 4865 debita
1343 4817 1709 4878 usurpantur.
1740 4809 1818 4862 Ita
1853 4809 1999 4862 enim
2032 4810 2300 4878 scriptum

713 4913 822 4971 est,
861 4923 879 4956 ι
904 4903 1104 4958 Emisit
1131 4903 1184 4955 in
1222 4901 1374 4970 ipsos
1402 4901 1538 4954 iratn
1561 4900 1729 4954 animi
1757 4900 1864 4964 sui,
1905 4918 1924 4951 ι
1955 4900 2116 4966 iram,
2151 4901 2302 4953 furo-

717 5011 832 5050 rem
865 5004 919 5049 et
951 4994 1322 5048 calamitatem
1369 5005 1576 5044 vocans
1619 4991 1824 5043 emissa
1871 5004 1967 5058 per
1997 4990 2170 5043 malos
2209 5005 2304 5058 ge-

717 5089 860 5143 nios.
894 5087 960 5143 Hi
993 5088 1137 5141 enim
1174 5100 1490 5156 quanquam
1527 5084 1711 5139 dedita
1744 5099 1910 5153 opera
1947 5083 2187 5137 habenas
2217 5083 2303 5136 di-

718 5181 860 5236 vinae
889 5178 1194 5236 voluntatis
1219 5187 1607 5241 excusserunt,
1647 5185 1828 5229 tamen
1860 5176 1992 5246 jugo
2024 5175 2306 5230 servitutis

721 5281 847 5326 sunt
880 5272 1108 5335 subditi,
1139 5279 1526 5340 cogunturque
1558 5268 1721 5321 veluti
1758 5269 2053 5321 carniﬁces
2083 5267 2305 5337 quidam

721 5378 749 5414 a
792 5363 899 5418 Deo
927 5373 980 5418 et
1015 5363 1224 5418 sanctis
1255 5365 1522 5431 imperata
1551 5374 1863 5431 capessere.
1895 5360 1948 5412 Id
1981 5357 2187 5415 Paulus
2213 5362 2304 5415 des

801 5464 821 5494 ⁸
854 5463 957 5518 Job
1000 5478 1147 5527 χχιι,
1184 5462 1235 5514 1.
1314 5462 1334 5493 ³
1364 5459 1465 5514 Job
1501 5476 1540 5524 ι,
1576 5460 1626 5514 l.
1703 5459 1724 5488 ⁸
1763 5455 1908 5512 Psal.
1937 5473 2124 5516 xum.
2162 5461 2246 5514 15.

2406 4627 2593 4693 νομεῖν
2627 4623 2936 4693 σωτηρίαν·
2969 4624 3018 4676 οἱ
3053 4624 3109 4675 δὲ
3161 4623 3392 4692 πονηροὶ
3422 4623 3676 4692 δαίμονες
3703 4625 3824 4684 ταῖς
3859 4627 4009 4676 κατὰ

2405 4718 2514 4771 τῶν
2533 4715 2876 4788 ἁμαρτωλῶν
2895 4716 3209 4786 τιμωρίαις.
3224 4737 3240 4767 ι
3265 4714 3646 4779 Ἐξαπέστειλε
3665 4715 3796 4782 γὰρ,
3811 4716 4009 4783 φησὶν.

2406 4813 2486 4874 εἰς
2523 4810 2720 4872 αὐτοὺς
2737 4809 2909 4879 ὀργὴν
2927 4808 3100 4878 θυμοῦ
3119 4806 3310 4869 αὑτοῦ,
3349 4825 3367 4857 ›
3400 4805 3570 4874 θυμὸν
3597 4807 3691 4859 καὶ
3714 4806 3883 4875 ὀργὴν
3908 4809 4011 4856 καὶ

2409 4903 2610 4972 anew,
2648 4902 2954 4973 ἀποστολὴν
2991 4901 3059 4955 δι’
3099 4901 3350 4969 ἀγγέλων
3394 4898 3669 4969 πονηρῶν.
3715 4899 3780 4951 Ol
3823 4899 4012 4950 τοίνυν

2408 4998 2684 5067 δαίμονες,
2717 4998 2764 5048 εί
2815 4997 2911 5048 καὶ
2959 4995 3273 5064 άφηνίασαν
3302 4997 3366 5063 τῇ
3407 4993 3684 5063 προθέσει,
3735 4990 3847 5043 ἀλλ’
3896 4990 4015 5042 ὑπὸ

2408 5089 2572 5157 ζυγὸν
2611 5091 2816 5140 κεῖνται
2853 5089 2952 5156 τῆς
2995 5088 3257 5150 δουλείας,
3290 5085 3387 5138 καὶ
3438 5085 3754 5137 κελεύονται
3795 5080 4015 5151 πρᾶξαι

2409 5179 2486 5241 ὡς
2535 5179 2719 5248 δημιοί
2769 5194 2915 5240 τινες
2947 5178 3016 5230 τὰ
3067 5176 3520 5246 προσταττόμενα
3560 5174 3711 5244 παρὰ
3736 5174 3830 5225 τοῦ
3860 5171 4010 5224 Θεοῦ

2414 5272 2507 5323 καὶ
2540 5270 2649 5322 τῶν
2673 5271 2867 5337 ἁγίων.
2902 5269 3012 5324 Καὶ
3038 5269 3188 5338 δηλοί
3222 5267 3436 5330 Παῦλος
3487 5268 3620 5336 περὶ
3657 5266 3766 5318 τῶν
3801 5265 4004 5332 Κορινο

2412 5363 2544 5416 θίων
2581 5363 2691 5433 (30)
2727 5362 2925 5431 λέγων’
2964 5380 2982 5412 ι
3021 5361 3128 5424 Oi);
3176 5360 3470 5431 παρέδωκα
3491 5359 3570 5429 τῷ
3625 5357 3860 5425 Σατανᾷ,
3918 5356 4015 5407 ἕνα

1809 5553 2164 5607 ΧὶίΑΝυὲὶΙ
2222 5554 2310 5608 ΕΤ
2342 5555 2555 5610 COAill
2627 5555 2864 5609 NOTAE.

797 5651 906 5716 (50)
942 5648 1154 5716 Lapsus
1177 5654 1260 5701 est
1295 5646 1603 5699 memoriae:
1639 5662 1744 5698 non
1785 5647 1931 5698 enim
1991 5649 2057 5698 de
2105 5647 2307 5697 (toriu-

725 5723 878 5782 tliits,
913 5721 1002 5772 sed
1031 5720 1098 5770 dc
1137 5719 1429 5788 Hymenazo
1462 5718 1856 5788 et_Ale\andro
1890 5716 2156 5781 aposmtis
2192 5718 2305 5788 lucc

730 5794 1006 5845 dicuntur,
1045 5789 1068 5840 1
1109 5785 1350 5840 Timoth.
1398 5787 1446 5836 1.
1493 5785 1840 5838 Corinthium
1875 5788 2095 5853 quidem
2131 5787 2298 5838 etiam

722 5862 897 5918 illum.
962 5861 1049 5926 qui
1124 5860 1393 5912 incestum
1471 5870 1595 5910 Cum
1673 5872 1904 5911 noverca
1985 5857 2303 5925 Coujugium

2421 5648 2646 5711 fret-rat,
2693 5648 2907 5699 Saturne
2942 5646 3265 5698 tradendum
3292 5641 3558 5710 judicavit
3594 5639 3732 5693 idem
3769 5639 4008 5701 Paulus,

2418 5717 2462 5770 ll
2503 5719 2752 5770 (Iurintli.
2814 5734 2884 5777 vi,
2946 5733 3084 5784 quos
3131 5718 3278 5767 locos
3299 5712 3584 5784 _a_-onfudit
3639 5712 4019 5780 ἁμαρτήματι

2421 5788 2744 5862 μνημονικῷ
2776 5779 3010 5858 εωίριυι·
3046 5794 3248 5840 noster.
3295 5779 3426 5836 ΧΠ..
