4184 6436
183 344 260 411 109
1207 329 1747 394 HISTORIARUM
1779 328 2303 390 COMPENDIUM.

182 455 484 513 παιδευθῶσι
515 452 592 524 μὴ
620 451 984 523 βλασφημεῖν.
1025 467 1046 500 ι
1085 449 1202 502 ἰνα
1223 449 1330 518 γὰρ
1358 446 1434 518 μὴ
1458 445 1720 515 νομισθῶ-

1848 443 2024 507 :larat,
2080 442 2143 496 de
2184 439 2489 497 Corinthiis
2544 437 2794 497 scribens
2820 439 2842 472 '
2881 457 2894 494 :

183 570 242 605 σιν
263 551 308 604 ot
334 547 590 617 δαίμονες
621 545 704 598 ὅτι
760 544 939 596 πάντα
961 541 1079 594 κατ’
1103 540 1391 598 αὑθεντίαν
1413 538 1730 608 πράττουσι,

185 641 470 696 κελεύονται
530 636 626 690 καὶ
680 636 906 697 ἄκοντες
933 634 1108 684 ποιεῖν
1153 634 1221 683 τὰ
1265 628 1734 701 προσταττόμενα.

184 733 268 788 Καὶ
324 733 438 792 τοῖς
473 728 573 800 μὲν
625 727 803 795 ἁγίοις
842 723 1161 778 ἀποστέλλει
1196 724 1224 776 6
1275 721 1410 784 Θεὸς
1454 721 1736 782 διακόνους

3313 327 3414 396 110

2953 459 2971 493 ι
3013 438 3164 508 Quos
3218 443 3415 502 tradidi

1839 535 2076 600 Satanae,
2131 545 2189 590 ut
2233 534 2412 605 panis
2446 531 2777 589 erudiantur
2827 534 2991 604 impie
3021 549 3126 590 non
3175 549 3298 591 esse
3339 536 3420 592 lo-

1837 624 2137 696 qttendum.
2184 644 2203 676 ι
2236 623 2450 678 Etenim
2487 637 2556 678 ne
2591 623 2716 691 quis
2755 632 2973 693 putaret
3016 625 3192 680 malos
3231 627 3420 697 genios

1840 719 2026 774 omnia
2080 733 2181 772 suo
2229 717 2462 772 arbitrio
2512 731 2694 788 agere,
2725 714 2992 788 jubentur
3040 719 3207 775 etiam
3263 719 3420 775 inviti

186 823 346 891 ἁγίους
388 820 657 888 ἀγγέλους
702 819 781 880 είς
815 816 1112 887 σωτηρίαν,
1149 816 1261 877 τοῖς
1294 813 1353 867 δὲ
1392 811 1738 882 ἁμαρτωλοῖς

1848 811 2095 866 mandata
2147 811 2392 880 exsequi.
2437 810 2674 866 Proinde
2719 811 2929 868 sanctis
2966 811 3106 868 Deus
3131 811 3419 868 ministros

188 914 453 986 ἐπιτρέπει
487 911 750 982 δαίμονας
780 910 858 974 είς
888 907 1178 979 τιμωρίαν.
1209 906 1317 959 Καὶ
1343 904 1450 974 γάρ
1482 905 1571 956 ὅτε
1600 902 1738 956 κατὰ

183 1007 253 1061 τοῦ
294 1004 502 1076 Ἀχαάϐ
534 1006 562 1058 6
599 1002 730 1065 Θεὸς
763 1001 1083 1072 ἀπεφήνατο
1116 998 1320 1067 λέγων’
1350 1016 1368 1048 ι
1404 997 1500 1059 Τίς
1540 994 1738 1063 πορεύ-

185 1117 307 1153 σεται
362 1099 458 1152 καὶ
505 1096 778 1166 ἀπατήσει
809 1095 900 1148 τὸν
967 1090 1195 1161 Ἀχαάϐ,
1243 1091 1338 1144 καὶ
1393 1091 1679 1152 meum;
1714 1105 1731 1136 ι

183 1189 431 1261 ἀπεκρίθη
478 1186 696 1258 πνεῦμα
748 1185 1004 1256 πονηρὸν,
1040 1202 1060 1236 ι
1101 1182 1233 1236 Ἰδοὺ
1284 1182 1414 1250 ἐγὼ.
1468 1199 1486 1232 ι
1522 1180 1739 1242 παντως

183 1282 424 1349 γινῶσκον
454 1280 543 1343 ὡς
581 1279 662 1341 είς
691 1277 850 1331 τοῦτο
877 1275 1154 1330 τέτακται.
1178 1273 1288 1328 Καὶ
1321 1270 1740 1326 ἀποστέλλονται

187 1373 263 1443 μὲν
302 1370 524 1434 εἰδικῶς
567 1365 966 1438 εἰσπράξασθαι
1006 1366 1277 1436 τιμωρίαν
1323 1361 1476 1432 παρά
1505 1362 1613 1414 τῶν
1647 1379 1740 1414 πο-

183 1459 360 1531 νηρῶν,
392 1457 818 1512 ἀποστέλλονται
852 1455 907 1509 δὲ
949 1455 1042 1508 καὶ
1071 1455 1208 1526 πρὸς
1236 1454 1500 1515 δικαίους,
1533 1453 1629 1521 ούχ
1653 1454 1742 1505 ἵνα

192 1551 617 1620 τιμωρήσωνται,
641 1545 756 1600 ἀλλ’
790 1547 873 1599 ἴνα
904 1545 1240 1614 πειράσωσιν
1261 1560 1274 1574 ·
1301 1543 1488 1613 επειδὴ
1516 1545 1622 1614 γὰρ
1639 1542 1739 1610 ἄγ-

184 1640 314 1706 γελος
373 1641 532 1709 ἆγιος
583 1639 934 1710 ὑπουργῆσαι
979 1640 1050 1708 τῇ
1107 1638 1274 1708 πείρᾳ
1329 1638 1411 1689 οὺ·
1458 1637 1742 1690 κελεύεται

183 1732 435 1802 (οὐδὲγὰρ
462 1735 488 1784 6
510 1731 638 1794 Θεὸς
675 1730 887 1783 κελεύει
927 1729 989 1782 τὸ
1032 1727 1281 1799 ἀπρεπὲς
1321 1727 1536 1798 ἀγγέλῳ
1563 1727 1739 1796 Win):

183 1823 253 1876 διὰ
278 1824 434 1876 τοῦτο
459 1824 712 1894 δαίμονες
737 1821 944 1892 ταύτην
983 1820 1370 1890 έπιτρέπονται
1395 1819 1495 1890 τὴν
1526 1821 1739 1887 πεῖραν.

185 1913 277 1965 Καὶ
307 1915 379 1983 μὴ
406 1911 694 1984 θαυμάσῃς
720 1914 765 1963 εί
788 1911 922 1982 πρὸς
937 1909 1180 1972 δικαίους
1207 1909 1459 1978 δαίμονες
1480 1907 1744 1961 ἀποστέλ-

184 2002 359 2055 λονται·
384 2002 597 2072 ἀνήχθη
625 2002 734 2070 γὰρ
753 2004 782 2055 6
804 2001 1020 2054 πάντων
1040 2001 1320 2069 Δεσπότης
1347 2000 1456 2053 ἀπὸ
1487 1999 1580 2052 τοῦ
1619 2000 1747 2069 ἰορ-

179 2095 318 2148 δάνου
349 2096 433 2158 εἰς
459 2095 559 2165 τὴν
598 2094 803 2165 ἔρημον
832 2093 1191 2166 πειρασθῆναι
1223 2095 1328 2146 ὑπὸ
1352 2092 1446 2144 τοῦ
1473 2091 1739 2145 διαϐόλου.

181 2187 233 2240 Εί
267 2187 443 2240 τοίνυν
471 2186 561 2238 τδν
595 2185 690 2238 τοῦ
723 2185 920 2248 παντὸς
970 2185 1172 2257 Κύριον
1202 2187 1230 2238 6
1255 2183 1501 2246 διάϐολος
1535 2181 1621 2254 [Ρ.
1647 2182 1745 2256 451

182 2279 448 2348 ἐπείρασε,
472 2276 523 2330 τί
547 2275 846 2346 θαυμάζεις
864 2278 912 2329 εί
934 2277 1029 2329 καὶ
1045 2277 1158 2339 τοῖς
1179 2275 1405 2339 δικαίοις
1428 2277 1506 2338 είς
1531 2275 1742 2345 γυμνά-

182 2388 278 2423 σιον
307 2370 592 2440 ὑπομονῆς
604 2369 813 2437 δαίμων
830 2368 1248 2434 ἀποστέλλεται;
1278 2366 1664 2420 ἀποστέλλεται
1687 2366 1744 2420 δὲ

177 2465 230 2514 οὗ
246 2461 374 2515 Θεοῦ
408 2461 728 2522 κελεύοντος
756 2459 927 2529 αὐτῷ,
945 2459 1082 2513 ἀλλὰ
1103 2458 1579 2528 ἰταραχωροῦντος⁹
1610 2473 1742 2527 σχη-

182 2552 382 2621 ματίζει
410 2553 522 2622 γὰρ
545 2552 638 2603 τὸν
661 2551 819 2616 λόγον
841 2553 875 2621 ή
904 2549 1098 2621 Γραφὴ
1125 2549 1202 2612 ὡς
1225 2551 1282 2602 ἐν
1303 2551 1741 2622 προσωποποιτᾳ,

179 2645 242 2707 ὡς
271 2645 396 2697 ὅταν
437 2645 607 2712 λέγει’
654 2662 672 2693 ι
708 2643 799 2711 Τῷ
836 2641 891 2695 δὲ
925 2641 1238 2712 ἀμαρτωλῷ
1271 2637 1424 2696 εἶπεν
1454 2645 1483 2696 6
1522 2642 1673 2705 Θεὸς.
1717 2662 1737 2694 ›

179 2740 273 2790 Καὶ
297 2738 325 2789 6
352 2738 532 2807 μέγας
557 2737 614 2789 δὲ
642 2734 911 2806 Κύριλλος
946 2735 1072 2804 ἔφη’
1117 2753 1134 2787 t
1170 2732 1520 2807 Μετροῦνται
1545 2734 1601 2788 δὲ
1634 2733 1744 2787 τῶν

179 2829 266 2879 ὰ·ιὰ
299 2830 489 2881 πᾶσαν
541 2825 642 2895 τὴν
693 2825 799 2894 γῆν
853 2825 1159 2896 ἀνθρώπων
1201 2824 1270 2877 τὰ
1324 2826 1466 2878 κατά
1519 2825 1745 2894 καιροὺς

179 2919 646 2990 πλημμελήματα,
672 2917 709 2972 ἃ
739 2918 832 2971 καὶ
882 2918 1044 2990 μέχρι
1075 2916 1374 2985 ποσότητος
1412 2932 1557 2978 τινος
1590 2915 1742 2985 έκδή·

175 3009 256 3061 λου
297 3010 398 3080 τῆς
432 3009 718 3079 ἁμαρτίας
756 3007 916 3078 ἡμῶν
957 3006 1221 3078 ἡκούσης,
1251 3008 1450 3075 ἐπάγει
1483 3006 1548 3076 δὴ
1588 3022 1743 3077 τηνι-

1769 1791 1816 1849 Β

1842 905 2006 958 mittit
2050 903 2117 958 ad
2155 903 2387 958 salutem
2429 902 2654 972 angelos
2680 910 2926 968 sanctos,
2971 912 3283 973 peccatores
3313 920 3418 959 au-

1842 1010 1948 1055 tem
2003 999 2239 1054 diabolis
2294 998 2604 1068 puniendos
2664 999 2941 1054 concedit.
2991 997 3126 1052 Nam
3181 1015 3306 1055 cum
3352 1002 3421 1056 de

1840 1093 2063 1146 Aclmbo
2094 1091 2235 1147 Deus
2253 1093 2323 1144 ita
2345 1090 2703 1160 pronuntiat‘
2733 1107 2744 1143 :
2778 1089 2949 1156 «Quis
2973 1091 3132 1146 vadet
3151 1102 3207 1146 ut
3240 1091 3420 1146 Acha-

1841 1184 1968 1238 bum
2021 1183 2277 1252 decipiat,
2320 1182 2474 1251 isque
2525 1181 2749 1250 pereat?
2808 1198 2826 1231 ι
2905 1182 3198 1253 respondet
3245 1181 3421 1237 malus

1841 1270 2108 1342 spiritus:
2146 1290 2164 1323 ι
2190 1271 2301 1342 Ego
2326 1270 2538 1335 vadum,
2578 1290 2597 1323 ι
2634 1271 2822 1340 utique
2853 1270 3160 1340 intelligens
3191 1273 3293 1328 hoc
3334 1274 3420 1329 sui

1842 1380 1965 1419 esse
2019 1365 2285 1418 muneris.
2320 1361 2607 1416 Mittuntur
2641 1377 2770 1433 ergo
2814 1363 3166 1432 peculiariter
3199 1364 3263 1418 ad
3300 1380 3418 1435 pm-

1843 1470 1942 1510 nas
1991 1454 2058 1508 de
2103 1455 2354 1509 sontibus
2406 1453 2735 1528 exigendum
2771 1473 2786 1507 :
2823 1456 3121 1509 mittuntur
3148 1456 3314 1510 etiam
3355 1455 3422 1511 ad

1843 1548 1984 1616 pios,
2017 1563 2121 1600 non
2175 1555 2232 1600 ut
2277 1562 2374 1603 eos
2407 1547 2664 1618 partliant,
2718 1545 2815 1600 sed
2845 1542 2904 1599 ut
2929 1555 3157 1603 tentent.
3188 1548 3421 1614 Quando

1842 1639 1988 1692 enim
2027 1638 2203 1692 sancti
2239 1638 2413 1709 angeli
2463 1638 2797 1694 tentationes
2833 1639 2990 1695 obire
3020 1656 3126 1693 non
3161 1640 3424 1707 iubentur

1845 1730 2044 1797 (neque
2074 1729 2220 1782 enim
2267 1728 2408 1784 Deus
2455 1729 2602 1784 bono
2632 1731 2826 1800 angelo
2865 1731 3181 1785 indecorum
3217 1731 3422 1797 a'iquid

1847 1821 2178 1890 mandaret),
2228 1823 2286 1875 iit
2341 1829 2400 1874 ut
2441 1822 2599 1877 malis
2643 1823 2823 1893 geniis
2867 1839 2945 1878 ea:
2985 1824 3420 1877 committantur.

1843 1911 2029 1983 Neque
2071 1924 2154 1969 est
2195 1913 2339 1983 quod
2386 1913 2626 1979 mireris,
2664 1915 2829 1983 justis
2878 1915 2989 1984 30
3036 1914 3252 1968 immitti
3304 1930 3421 1976 eos,

1845 2018 1968 2056 cum
2014 2019 2194 2058 rerum
2249 2007 2636 2057 universarum
2690 2002 2955 2058 Dominus
2987 2019 3015 2056 a
3053 2002 3289 2058 Iordane
3325 2004 3423 2057 ali-

1845 2096 2045 2150 ductus
2087 2099 2158 2150 sit
2194 2098 2248 2150 in
2288 2097 2666 2163 solitudinem,
2704 2105 2761 2151 ut
2793 2113 2821 2152 a
2854 2097 3070 2152 diabolo
3101 2104 3424 2152 tentaretur.

1845 2187 2000 2253 Quod
2036 2190 2081 2242 si
2115 2203 2244 2257 ergo
2274 2189 2321 2244 is
2341 2188 2628 2242 Dominum
2650 2190 2839 2244 mundi
2876 2190 3122 2254 tentavit,
3145 2189 3278 2259 quid
3304 2188 3419 2255 jam

1848 2278 2072 2333 miraris
2103 2279 2307 2332 malum
2342 2278 2561 2349 genium
2587 2279 2653 2334 ad
2674 2279 2886 2350 justum
2914 2281 3149 2350 aliquem
3178 2279 3338 2343 mitti,
3365 2287 3428 2334 ut

1847 2368 1914 2424 de
1949 2368 2068 2438 ejus
2095 2369 2381 2422 tolerantia
2412 2370 2717 2438 periculum
2748 2369 2951 2424 faciat?
2981 2371 3216 2424 mittitur
3241 2377 3423 2424 autem

1846 2473 1951 2512 non
1998 2458 2246 2527 jubente,
2280 2457 2372 2512 sed
2410 2459 2756 2526 permittente
2801 2459 2930 2514 Deo.
2966 2456 3101 2512 Nam
3141 2459 3426 2529 Scriptura

1849 2551 2156 2605 orationem
2209 2547 2402 2601 format
2463 2558 2722 2619 tanquam
2770 2552 3022 2620 personis
3069 2552 3337 2618 conﬁctis,
3369 2562 3428 2607 ut

1845 2658 1966 2697 cum
2011 2641 2229 2695 dicitV:
2281 2660 2298 2692 ι
2349 2640 2622 2697 Ριιοειιιοιθί
2686 2652 2867 2698 autem
2916 2644 3131 2699 dicebat
3203 2644 3362 2702 Deus.
3399 2666 3422 2698 ο

1845 2734 1978 2800 Quae
2037 2742 2360 2803 sequuntur,
2396 2735 2574 2804 magni
2645 2736 2790 2790 illius
2839 2733 3028 2805 Cyrilli
3075 2744 3204 2790 sunt
3240 2753 3253 2790 τ
3289 2756 3307 2787 ι
3345 2737 3428 2792 Ad

1845 2841 2157 2882 mensuram
2230 2827 2524 2894 exiguntur
2563 2827 2842 2882 hominum
2918 2845 3014 2898 per
3075 2831 3261 2883 orbem
3319 2836 3434 2884 ter-

1845 2935 2030 2974 rarum
2071 2920 2266 2988 quovis
2297 2928 2541 2988 tempore
2570 2921 2865 2974 conmissa
2902 2931 3161 2990 peccata;
3194 2936 3431 2992 cumque

1847 3011 1916 3066 ad
1946 3010 2293 3065 manifestam
2329 3021 2377 3064 et
2405 3011 2611 3079 justam
2650 3015 3009 3080 quantitatem
3035 3023 3427 3081 pervenerunt,

173 3102 335 3155 κτῦτα
383 3102 580 3154 λοιπὸν
611 3100 708 3164 τὰς
757 3100 912 3164 δίκας
956 3098 1330 3171 λελυπημένος
1380 3101 1408 3152 6
1448 3097 1745 3168 νομοθέτης

1856 3111 1968 3155 ιιιιιι
1997 3101 2216 3156 demum
2267 3101 2343 3168 (id
2395 3101 2541 3170 quod
2587 3102 3116 3171 restabat)oﬂensus
3151 3102 3430 3173 Iegislator

172 3195 254 3246 καὶ
284 3194 521 3264 Κύριος,
557 3195 905 3262 διακαρτερεῖ
954 3191 1010 3245 δὲ
1051 3191 1111 3256 ἐξ
1162 3191 1405 3259 ἐμφύτου
1437 3191 1744 3261 φιλανθρω-

171 3288 291 3350 πίας
346 3288 472 3342 ἐσθ’
519 3289 631 3348 ὅτε,
690 3286 786 3339 καὶ
839 3285 1302 3357 πλημμελούντων
1336 3286 1606 3355 ἀνέχεται,
1647 3284 1746 3337 οὑκ

170 3377 399 3432 είσάπαν
435 3377 790 3446 ἀγανακτῶνο
824 3377 918 3429 καὶ
945 3375 1051 3442 γὰρ
1069 3375 1174 3443 ἔφη
1198 3373 1333 3444 πρὸς
1352 3375 1443 3426 τὸν
1471 3374 1741 3443 Ἀϐρααμ·

169 3469 329 3522 Ούπω
357 3469 872 3536 ἀναπεπλήριυνται
908 3467 960 3520 αί
980 3466 1244 3537 ἁμαρτίαι
1281 3465 1391 3518 τῶν
1439 3465 1744 3533 ’Δμοραξων

166 3556 258 3620 ἕως
286 3559 384 3613 τοῦ
419 3559 546 3619 νῦν,
581 3559 718 3627 προς
744 3559 800 3611 δέ
830 3575 892 3626 γε
922 3560 1046 3620 τοὺς
1074 3557 1396 3627 Φαρισαίους
1428 3557 1746 3618 ἀκοθὲκτως

167 3648 552 3720 λελυπηκότας
606 3652 740 3718 φησὶ
761 3665 772 3677 ”
811 3653 919 3704 Καὶ
938 3652 1095 3720 ὑμεῖς
1118 3649 1539 3720 ἀνεπληρώσατε
1567 3647 1624 3700 τὸ
1655 3648 1749 3716 μὲ-

161 3757 280 3811 τρον
309 3744 427 3796 τῶν
460 3743 723 3812 πατέρων
753 3744 927 3813 ὑμῶν.
967 3761 986 3794 ι
1039 3742 1248 3797 Οὐκοῦν
1298 3745 1346 3795 εί
1393 3740 1635 3811 βούλοιτό
1663 3759 1748 3804 τις

161 3833 443 3887 διαϐιῶναι
489 3834 592 3903 μὲν
625 3834 822 3902 ὀρθῶς,
861 3835 1254 3895 εὐϐουλοτάτας
1283 3833 1338 3886 δὲ
1380 3835 1473 3885 καὶ
1509 3834 1746 3884 ἐπιεικε-

161 3926 354 3989 nam;
387 3931 454 3980 ὲν
485 3926 625 3996 τῷδε
654 3925 732 3992 τῷ
767 3925 865 3995 βίῳ
898 3927 1166 3978 ποιεῖσθαι
1199 3927 1298 3988 τὰς
1324 3924 1626 3994 διατριϐὰς,
1653 3924 1744 3991 ὀρ-

159 4017 448 4071 θοποδίσαι
477 4037 541 4070 τε
572 4019 666 4071 καὶ
695 4018 1052 4087 διανήξασθαι
1093 4017 1162 4070 τὰ
1191 4017 1341 4070 δεινὰ
1377 4015 1600 4086 γνώμης
1623 4014 1749 4085 ὲχό-

159 4127 314 4176 μενος
368 4113 558 4181 ὀρθῆς
611 4113 702 4162 καὶ
755 4110 1158 4180 ἀδιαστρόφου,
1207 4108 1516 4181 καρποῦται
1559 4107 1621 4160 τὸ
1674 4109 1748 4177 μὴ

155 4201 422 4256 ὲναλῶναι
495 4205 718 4263 κακοῖς.
766 4201 879 4255 Καὶ
921 4201 1158 4270 ἀτρεκὴς
1199 4203 1226 4253 6
1255 4202 1430 4268 λόγος.
1473 4199 1588 4268 Ἐφ’
1621 4201 1750 4268 ἡμῖν

154 4293 254 4360 γὰρ
284 4296 408 4347 ἐστι
459 4296 531 4347 τὸ
583 4294 670 4346 ἐπ’
717 4295 886 4362 ἄμφω
940 4295 1178 4364 βλέπειν,
1215 4296 1353 4364 πρός
1397 4311 1454 4347 τε
1489 4293 1748 4359 τάγαθὸν,

153 4388 310 4454 φημὶ,
349 4392 456 4441 καὶ
496 4387 834 4439 τούναντίον.
871 4387 980 4438 Καὶ
1022 4389 1072 4438 οἱ
1111 4386 1209 4456 μὲν
1245 4389 1303 4439 ἐν
1334 4383 1476 4453 λόγῳ
1518 4402 1751 4454 πεποιη-

1854 3199 2018 3262 atque
2043 3193 2304 3247 Dominus
2332 3194 2600 3264 supplicia
2647 3193 2861 3264 inﬂigit.
2891 3193 3300 3266 Nonnunquam
3330 3209 3427 3249 na-

1849 3295 1983 3341 tura:
1998 3300 2109 3340 suae
2129 3285 2448 3355 benignitati
2466 3287 2774 3356 obsequens
2795 3288 3009 3354 tolerat,
3030 3299 3431 3360 peccantesque

1850 3379 2129 3442 sustinet,
2188 3393 2297 3431 non
2356 3394 2751 3450 usquequaque
2797 3380 3134 3450 indignatus.
3178 3380 3315 3436 Nam
3374 3388 3432 3436 et

1847 3467 2161 3520 Abralmmo
2209 3467 2352 3520 dixit
2416 3471 2716 3522 cti.:mnutn
2761 3481 2980 3540 peccata
3026 3471 3429 3524 Amorraaorum

1849 3576 1956 3616 non
1996 3577 2118 3618 esse
2159 3563 2401 3632 impleta.
2438 3565 2732 3619 Pharisazis
2769 3574 2971 3628 autem,
3009 3581 3240 3635 quorum
3271 3565 3432 3634 inju-

1849 3659 1943 3709 rize
2018 3659 2254 3725 majores
2336 3667 2493 3714 erant
2558 3677 2721 3728 quam
2807 3671 2864 3713 ut
2923 3662 3140 3716 tolerari
3210 3666 3432 3728 possent

1852 3748 1976 3800 ait'
2019 3766 2032 3801 :
2089 3765 2107 3797 ι
2159 3750 2238 3803 Ac
2290 3763 2387 3804 vos
2426 3752 2690 3816 majorum
2748 3761 3057 3807 vestrorum
3115 3765 3428 3806 mensuram

1851 3837 2191 3906 implevistis.
2237 3859 2254 3891 ι
2289 3839 2634 3909 Quapropter
2666 3845 2709 3895 si
2748 3843 2870 3912 quis
2903 3843 3046 3897 volet
3081 3842 3246 3895 vitam
3281 3849 3430 3894 recte

1851 3929 2178 3999 transigere,
2209 3945 2442 4000 eamque
2479 3932 2746 3988 rationem
2786 3934 2998 3987 vivendi
3042 3933 3222 3987 colere
3270 3947 3429 3998 quam

1853 4019 2009 4086 sequi
2051 4021 2528 4074 consultissimum
2573 4030 2656 4076 est
2693 4030 2860 4091 atque
2902 4022 3428 4085 commodissimum,

1853 4110 2145 4180 animoque
2185 4119 2336 4165 recto
2383 4121 2435 4166 et
2460 4115 2776 4182 neutiquam
2807 4128 3062 4181 perverso
3097 4113 3293 4176 fretus,
3339 4129 3434 4164 ve—

1789 4246 1803 4262 ,
1852 4217 1972 4255 rum
2038 4205 2144 4257 iter
2209 4212 2398 4260 tenere
2469 4206 2926 4274 periculososque
2999 4205 3165 4274 hujus
3240 4206 3429 4259 saeculi

1853 4293 2049 4348 ﬂuctus
2113 4306 2375 4358 enatare,
2445 4297 2492 4351 is
2539 4312 2663 4351 eum
2715 4296 2952 4350 fructum
3013 4296 3150 4351 feret
3208 4306 3266 4350 ut
3312 4295 3432 4349 ιιιιι⁴

1857 4385 1924 4440 lis
1968 4385 2126 4439 malis
2159 4387 2434 4455 capiatur.
2466 4388 2642 4456 Atque
2691 4403 2854 4442 verus
2893 4397 2977 4443 est
3022 4390 3110 4443 hic
3137 4403 3338 4444 sermo.
3375 4389 3432 4444 In

156 4481 298 4542 μενοι
343 4479 412 4530 τὸ
469 4476 862 4545 θαυμάζεσθαι
898 4478 1138 4544 πεφυκὸς
1165 4481 1221 4530 ὲν
1259 4477 1408 4545 καλῴ
1431 4477 1749 4546 γενήσονται

1858 4475 2016 4530 nobis
2063 4477 2209 4530 enim
2255 4486 2339 4532 est
2371 4481 2609 4548 positum
2649 4487 2704 4532 ut
2732 4487 3023 4548 utrumque
3051 4479 3432 4547 dispiciamus,

148 4573 237 4638 τῆς
282 4570 512 4642 ἀρετῆς
539 4585 554 4598 ο
594 4570 644 4619 oi
684 4569 725 4620 δ’
771 4567 1161 4630 ἁποκλίναντες
1198 4571 1276 4630 εἰς
1318 4569 1624 4621 τούναντίον
1659 4569 1758 4621 καὶ

150 4660 251 4711 τῶν
301 4659 643 4730 ἀμεινόνων
691 4658 986 4728 προθέντες
1023 4660 1084 4712 τὸ
1132 4659 1356 4712 ἀδικοῦν
1393 4659 1493 4729 τὴν
1540 4659 1747 4711 οίκείαν

149 4751 646 4820 καταφθείραντες
692 4748 838 4819 ζωὴν
879 4749 1057 4802 ἁλοῖεν
1091 4749 1181 4812 ἂν,
1217 4751 1473 4804 αὐθένται
1507 4750 1602 4802 καὶ⁵
1631 4751 1751 4802 ὀλε-

150 4841 309 4914 τῆρες
353 4842 550 4896 δεινοὶ
579 4839 723 4894 κατά
752 4841 852 4910 τῆς
901 4839 1050 4907 σφῶν
1082 4841 1260 4893 αὐτῶν
1290 4840 1534 4909 κεφαλῆς
1567 4840 1750 4909 ἐξελη-

146 4936 427 5006 λεγμένοι.
461 4933 672 5005 Ταύτῃ
688 4949 771 4987 τοι
796 4935 892 4987 καὶ
912 4933 940 4984 ὁ
970 4933 1113 5004 ἱερὸς
1145 4933 1409 5005 Ἰσίδωρος
1445 4951 1640 5004 φησιν⁸
1686 4935 1749 4987 Ἠ

147 5028 246 5082 τῶν
277 5023 738 5100 ἁμαρτημάτων
792 5025 1042 5088 ἐπίτασις
1086 5009 1390 5093 ἕναγκάζει
1437 5025 1622 5096 ὥσπερ
1652 5027 1753 5096 τὴν

149 5120 293 5172 θείαν
321 5121 426 5173 καὶ
453 5116 670 5186 ἀπαθῆ
701 5116 866 5186 φύσιν
904 5119 966 5170 ὲκ
993 5119 1089 5187 τῆς
1119 5117 1262 5170 κατά
1291 5117 1453 5187 φύσιν
1476 5117 1749 5187 ἀγαθότη-

146 5225 230 5273 τος
280 5211 373 5274 είς
439 5209 558 5280 τὴν
621 5206 774 5277 παρά
808 5206 971 5274 φύσιν
1007 5207 1177 5277 ὀργὴν
1212 5209 1427 5276 χωρεῖν.
1459 5206 1622 5261 Ὅθεν
1663 5209 1756 5259 καὶ

159 5301 446 5365 Ἰουδαίοις
473 5301 602 5369 ἔφη
631 5299 868 5369 Χριστός
887 5315 900 5328 °
938 5317 956 5349 ι
995 5301 1234 5361 Ποσὰκις
1260 5297 1502 5367 ἠθέλησα
1531 5301 1755 5351 ἐπισυν-

147 5397 376 5459 αγαγείν
430 5392 628 5462 ὑμᾶς,
661 5391 757 5443 καὶ
792 5390 892 5442 οὐκ
940 5391 1275 5460 ⁴ιλ,θελήιιατε;
1309 5408 1326 5440 ι
1379 5390 1599 5459 Ἐπειδὴ
1627 5393 1757 5460 γὰρ,

148 5486 329 5552 φησιν,
372 5485 441 5538 οὐ
476 5481 721 5552 δέχεσθε
758 5484 856 5551 τὴν
903 5482 1334 5552 φιλανθρωπίαν.
1390 5483 1755 5548 ἐπιγνώσῖοθε

147 5578 237 5647 τὴν
288 5577 571 5642 ἐξουσίαν
618 5571 718 5642 τῆς
761 5574 1050 5645 τιμωρίας.
1083 5577 1251 5628 Ὅταν
1284 5573 1390 5645 γὰρ
1426 5573 1509 5644 ἴδῃ
1555 5575 1583 5626 6
1625 5573 1757 5636 Θεὸς

1859 4565 2084 4633 bonum,
2109 4566 2353 4636 inquam,
2373 4577 2535 4638 atque
2550 4570 2773 4622 malum.
2807 4568 2950 4638 Ergo
2979 4567 3178 4638 quibus
3208 4567 3258 4620 id
3288 4582 3435 4621 cura:

1859 4657 1961 4709 erit
1985 4657 2135 4727 quod
2174 4669 2367 4727 suapte
2413 4668 2606 4712 natura
2638 4659 3056 4712 admirationem
3104 4668 3366 4722 meretur,
3396 4655 3436 4711 ιι

1860 4747 2116 4800 virtutem
2164 4757 2548 4816 assequentur.
2599 4748 2706 4817 81
2737 4747 2842 4813 Qui
2888 4762 3022 4804 vero
3065 4747 3120 4802 in
3162 4746 3434 4803 diversam

1860 4843 2068 4904 partem
2087 4836 2299 4891 declina
2310 4839 2805 4909 buntmelioribusq
2816 4854 2880 4894 ue
2900 4839 3220 4908 injustitiam
3237 4838 3435 4908 praefe-

1861 4937 2001 4992 rent,
2028 4929 2063 4981 ii
2092 4943 2246 4983 suam
2268 4929 2512 4999 ipsorum
2552 4940 2720 4985 vitam
2745 4931 3202 5001 pessumdabunt,
3218 4932 3436 5000 sibique

1860 5021 1994 5088 ipsis
2020 5019 2195 5076 fuisse
2228 5023 2647 5078 exitiiauctores
2669 5037 2732 5075 ac
2762 5024 3063 5092 perniciem
3097 5024 3434 5078 CODSCi\'lSSe

1861 5113 2024 5182 capiti
2073 5128 2175 5168 suo
2197 5115 2616 5170 convinceotur.
2657 5116 2712 5169 In
2745 5117 2885 5172 hanc
2913 5118 3237 5172 sententiam
3267 5118 3432 5171 etiam

1856 5219 2082 5262 sanctus
2156 5206 2402 5263 Isidorus
2463 5208 2536 5261 ait
2587 5225 2598 5260 :
2641 5209 2970 5264 Delictorum
3033 5209 3432 5264 incrementum

1861 5301 2100 5353 divinam
2133 5311 2186 5355 et
2216 5302 2284 5355 ab
2306 5301 2451 5355 omni
2480 5305 2893 5371 perturbatione
2917 5302 3149 5357 alienam
3177 5310 3432 5356 naturam

1862 5394 2022 5447 veluti
2075 5403 2219 5463 Cogit
2292 5410 2320 5447 a
2382 5411 2483 5450 sua
2558 5400 2794 5450 naturali
2863 5399 3104 5452 bonitate
3158 5395 3224 5450 ad
3293 5395 3430 5447 iram

1863 5501 1976 5538 sua:
2029 5495 2269 5539 maturae
2333 5502 2445 5540 non
2519 5489 2791 5556 prapriam
2886 5487 3170 5544 decedere.
3246 5485 3433 5555 Itaque

1865 5574 2080 5631 Judmos
2097 5575 2349 5632 Christus
2375 5579 2456 5633 sic
2487 5578 2790 5633 aﬂabatut"
2815 5599 2827 5633 :
2866 5598 2884 5630 ι
2911 5579 3133 5646 Quoties
3163 5579 3306 5636 volui
3332 5591 3435 5636 νοῦ

215 5756 238 5788 ⁸
275 5755 465 5814 ίϐοτ.
503 5769 570 5820 v,
619 5749 674 5805 5.
753 5748 1024 5824 'Iilﬂeg.
1067 5769 1202 5819 nu,
1235 5752 1326 5808 20.
1404 5751 1424 5783 ’¹
1462 5752 1608 5809 Psal.
1651 5769 1749 5808 xu;

1848 5750 1914 5807 .6.
1996 5753 2016 5781 “
2055 5751 2242 5809 Matth.
2271 5771 2426 5823 χχιιι,
2452 5755 2542 5812 3‘3.
2619 5756 2903 5812 'ibid.57.
