4184 6436
699 403 806 469 -111

2006 387 2283 449 ΟΕΟιῖὓί
2304 386 2323 445 ι
2366 385 2699 445 CEDRENl

3868 376 3973 441 112

708 528 778 577 ad
803 532 891 574 me
915 515 1191 585 colligere,
1211 519 1265 567 et
1287 508 1574 566 noluistis?
1595 529 1612 559 ι
1636 503 1867 573 Quando
1889 502 2285 575 igitur,iuquit,

2426 503 2470 561 ίς
2510 501 2678 568 ἀκρον
2707 500 2905 560 κακίας
2932 494 3258 549 ἐκκλίναντα
3284 495 3375 547 τὸν
3402 491 3709 559 ἄνθρωπον,
3748 490 3971 560 ἐπαίρει

711 608 1110 663 humanitatem
1156 614 1333 655 meam
1378 612 1484 651 non
1529 593 1943 665 amplectimini,
1980 606 2156 646 meam
2190 604 2290 659 pu-

713 699 895 755 niendi
947 701 1278 767 potestatem
1322 686 1703 760 experiemini.
1762 684 1898 739 Cum
1957 682 2101 737 enim
2146 679 2292 734 videt

715 791 858 845 Deus
902 786 1175 841 hominem
1222 781 1288 836 ad
1325 789 1626 835 extremam
1680 775 1941 830 malitiam
1994 772 2288 834 declinare,

712 900 866 941 suam
894 882 966 938 ab
995 896 1059 937 eo
1088 874 1510 950 gratiamaufert
1554 892 1568 927 :
1604 887 1666 927 ea
1693 878 1892 927 exutus
1922 870 2084 921 homo
2123 868 2291 937 magis

720 977 1003 1046 magisque
1058 988 1089 1027 a
1149 970 1371 1026 diabolo
1419 974 1803 1038 exasperatur,
1828 979 2064 1033 eumque
2090 963 2169 1016 ira
2194 960 2291 1014 Dei

710 1082 871 1136 quem
914 1067 969 1119 in
1003 1079 1061 1119 se
1096 1078 1203 1117 non
1239 1059 1422 1125 habet,
1456 1062 1701 1126 occupat.

792 1154 863 1210 lis
887 1152 1225 1224 temporibus
1279 1164 1401 1219 quas
1430 1147 1687 1217 superius
1734 1155 1865 1200 sunt
1904 1153 2176 1205 enarrata,
2225 1156 2288 1195 ex

713 1248 885 1317 stirpe
907 1243 1082 1315 Japeti
1114 1242 1396 1298 Serucbus
1417 1238 1634 1309 quidam
1649 1237 1882 1303 exstitit,
1908 1243 2099 1290 auctor
2116 1232 2291 1287 Gl'mt'i

714 1340 908 1403 moris,
932 1345 990 1391 et
1023 1332 1447 1388 simulacrorum
1484 1331 1693 1385 cultum
1726 1328 1989 1392 instituit,
2020 1336 2084 1380 ut
2118 1324 2289 1378 Eusc-

713 1430 839 1485 bius
886 1426 1156 1497 Pamphili
1213 1424 1478 1494 scriptum
1534 1420 1778 1490 reliquit.
1851 1416 1901 1473 ls
1967 1416 2112 1471 cnim
2194 1412 2293 1467 Se-

717 1520 948 1585 ruchus,
980 1532 1044 1571 ac
1074 1516 1166 1582 qui
1199 1528 1321 1568 cum
1368 1512 1490 1581 ipso
1538 1519 1716 1575 erant,
1752 1506 1986 1576 majores
2036 1518 2170 1560 suos
2199 1501 2292 1573 qui

716 1611 800 1667 vel
830 1611 1127 1666 bellatores
1153 1607 1239 1661 vel
1269 1606 1631 1675 imperatores
1664 1601 1879 1656 facinus
1907 1597 2127 1669 aliquod
2154 1596 2295 1650 forte

718 1718 782 1758 ac
806 1700 1163 1757 memorabile
1193 1698 1455 1754 fecissent
1486 1694 1687 1751 statuis
1713 1693 2127 1747 honoraverunt
2154 1686 2292 1741 divi-

720 1794 916 1862 nisque
964 1791 1273 1845 honoribus
1334 1796 1387 1843 et
1416 1785 1705 1840 sacrificiis
1744 1784 2056 1838 coluerunt.
2093 1778 2160 1831 At
2198 1791 2295 1845 po-

2393 594 2494 661 τὴν
2523 589 2719 644 ἑαυτοῦ
2759 589 2919 659 χάριν
2946 587 3004 655 ἐξ
3036 585 3201 642 αὐτοῦ
3225 602 3237 616 ⁸
3273 581 3341 658 ἦς
3372 584 3401 638 6
3428 582 3715 655 ἄνθρωπος
3745 582 3977 653 στερού-

2399 700 2561 754 μενος
2595 683 2690 736 ὲπὶ
2736 681 2923 735 πλεῖον
2955 679 3283 752 τραχύνεται
3334 679 3398 731 ἐκ
3445 675 3540 730 τοῦ
3573 675 3845 741 διαϐόλου,
3876 674 3977 727 καὶ

2399 777 2479 858 μὴ
2504 776 2642 846 ἔχων
2685 773 2777 827 τὸν
2814 773 2948 827 Θεὸν
2968 774 3025 826 ἐν
3057 770 3259 841 ἐαυτῷ,
3298 768 3710 839 καταλαμϐάνει
3743 766 3908 823 αὐτὸν
3934 768 3975 837 ἡ

2395 868 2534 939 ὀργὴ
2567 866 2661 921 τοῦ
2687 864 2845 920 Θεοῦ.

2481 1138 2571 1192 Ἐν
2596 1137 2652 1191 δὲ
2681 1138 2789 1197 τοῖς
2823 1135 3082 1205 ἀνωτέρω
3114 1133 3637 1206 προγεγραμμένοις
3665 1134 3877 1203 χρόνοις
3910 1134 3982 1186 ἐκ

2394 1233 2494 1301 τῆς
2516 1230 2687 1299 φυλῆς
2718 1227 2815 1280 τοῦ
2855 1226 3036 1297 Ίάφεθ
3068 1225 3335 1297 ἐγεννήθη
3383 1226 3612 1297 Σεροὺχ,
3644 1225 3791 1288 ὅστις
3834 1224 3983 1296 πρῶ-

2395 1342 2485 1387 τος
2519 1323 2724 1395 ἤρξατο
2763 1321 2858 1373 τοῦ
2908 1319 3267 1389 Ἑλληνισμοῦ
3302 1320 3396 1371 καὶ
3442 1318 3536 1370 τοῦ
3578 1317 3849 1386 δόγματος
3876 1317 3981 1386 τῆς

2395 1414 2862 1485 είδωλολατρείας,
2911 1411 3093 1475 καθὼς
3135 1410 3395 1474 Εὐσέϐιος
3434 1412 3462 1464 6
3511 1409 3800 1478 Παμφίλου
3851 1426 3983 1461 συν-

2395 1510 2714 1580 εγράψατο·
2751 1508 2911 1572 αὐτὸς
2962 1507 3071 1577 γάρ
3123 1506 3151 1559 6
3188 1504 3395 1574 Σεροὺχ
3447 1502 3545 1557 καὶ
3596 1503 3644 1555 οἱ
3696 1503 3793 1555 σὺν
3827 1500 3983 1571 αύτῷ

2396 1604 2523 1666 τοὺς
2563 1601 2733 1657 πάλαι
2767 1599 3095 1669 γενομένους
3150 1598 3182 1669 ἢ
3238 1594 3572 1664 πολεμιστὰς
3619 1594 3652 1665 ἢ
3700 1592 3985 1663 ἡγεμόνας

2398 1694 2492 1748 καί
2520 1710 2571 1747 τι
2607 1692 2926 1761 πράξαντας
2957 1688 3179 1761 ἀνδρίας
3213 1688 3246 1759 ἢ
3276 1688 3476 1758 ἀρετῆς
3504 1686 3654 1751 ἀξιον
3684 1687 3741 1739 ἐν
3773 1685 3849 1755 τῷ
3879 1684 3985 1755 βίῳ

2396 1787 2491 1841 τοῦ
2545 1783 3007 1856 μνημονεύεσθαι,
3066 1782 3161 1835 καὶ
3209 1782 3283 1843 ὡς
3339 1780 3498 1842 ὖντας
3552 1778 3733 1832 αὐτῶν
3766 1776 3850 1850 IP.
3886 1776 3984 1849 46]

719 1886 872 1950 steri,
892 1899 1017 1938 cum
1048 1883 1366 1953 ignorarent
1398 1878 1642 1949 priorum
1662 1875 1765 1930 hoc
1786 1873 1957 1927 fuisse
1976 1869 2292 1933 consilium,

2417 1870 2791 1947 τροπάτορας,
2843 1872 3095 1943 ἀνδριᾶσι
3150 1870 3363 1942 στηλῶν
3417 1869 3707 1940 ἐτίμησαν,
3759 1870 3853 1921 καὶ⁵
3904 1868 3987 1931 ὼς

721 1986 782 2034 ιιι
815 1992 1008 2033 eorum
1040 1974 1133 2047 qui
1171 1973 1386 2044 generis
1408 1972 1491 2027 sui
1532 1979 1790 2025 auctores
1817 1981 1880 2020 ac
1907 1966 2180 2019 honorum
2207 1965 2297 2016 iit-

720 2081 980 2127 x‘entores
1042 2070 1280 2123 fuissent
1337 2066 1653 2119 memoriam
1699 2062 1968 2115 duntaxat
2031 2058 2296 2119 colerent,

724 2167 859 2217 istos
882 2173 1135 2231 tanquam
1162 2159 1270 2229 32
1299 2158 1697 2212 emit-stesdeos
1719 2153 2023 2207 honoribus
2050 2160 2104 2204 ct
2128 2149 2300 2204 sacris

723 2270 850 2312 sunt
884 2254 1154 2310 venerati.
1194 2251 1392 2306 Forma
1440 2260 1620 2303 autent
1684 2246 1829 2300 inter
1884 2245 2017 2300 deos
2061 2243 2296 2311 aliquem

728 2345 1001 2402 referendi
1034 2343 1159 2398 talis
1194 2350 1275 2396 cst
1305 2359 1317 2393 :
1353 2341 1405 2393 lu
1433 2335 1864 2392 commentarios
1895 2346 2178 2386 sacrorum
2205 2344 2303 2381 no~

722 2456 849 2493 men
882 2434 1125 2493 defuncti
1156 2431 1581 2489 insm-ibebatur,
1608 2438 1859 2496 statoque
1888 2435 2129 2494 tempore
2156 2422 2299 2476 diem

720 2534 777 2588 ei
828 2531 1025 2587 festum
1091 2525 1460 2587 celebrabant,
1498 2522 1744 2576 dicentes
1797 2519 2035 2573 animam
2088 2516 2210 2585 ejus
2250 2515 2303 2568 in

730 2624 1013 2677 beatorum
1046 2616 1242 2671 insulis
1266 2629 1409 2676 esse,
1438 2611 1645 2681 judicio
1675 2621 1724 2665 et
1748 2608 1983 2663 ﬂammis
2011 2622 2173 2677 porro
2198 2622 2304 2659 non

727 2713 1042 2772 obnoxiam.
1083 2710 1262 2777 Atque
1299 2709 1413 2761 inec
1441 2707 1795 2761 obtinuerunt
1823 2717 1993 2771 usque
2016 2701 2085 2754 atl
2114 2699 2307 2755 Thara:

715 2818 967 2867 atatem,
992 2805 1083 2873 qui
1115 2800 1409 2855 Abrahami
1444 2808 1596 2868 pater
1614 2798 1731 2853 fuit.
1758 2796 1900 2864 Quin
1935 2807 1985 2850 ct
2012 2795 2143 2864 sapi-
2166 2794 2305 2848 niis-

731 2908 907 2957 sitnus
938 2896 1240 2966 δουῑωυὶιιε
1273 2894 1324 2945 in
1360 2893 1477 2947 suis
1519 2890 1743 2960 scriptis
1775 2891 1887 2944 haec
1909 2889 2091 2959 posuit
2127 2905 2139 2940 :

804 3170 945 3223 Deus
973 3182 1107 3220 unus
1136 3174 1211 3219 est
1245 3177 1447 3222 revera,
1468 3168 1544 3213 est
1570 3157 1755 3210 unicus
1787 3153 1945 3213 Deus,

806 3220 1012 3295 Eretum
1050 3248 1098 3290 et
1132 3237 1234 3288 soli
1273 3220 1455 3298 longos
1477 3228 1567 3298 qui
1612 3236 1811 3279 tractus
1838 3220 2096 3298 condidit,

806 3293 1015 3378 )Equor
1049 3307 1315 3368 marisque
1334 3293 1538 3355 vastum
1567 3306 1942 3375 ventorumque
1967 3293 2091 3345 vim.

811 3366 1009 3433 Errare
1026 3380 1184 3430 ducta
1219 3366 1341 3444 gens
1370 3381 1542 3444 tamen
1578 3366 1884 3420 mortalium

808 3449 1112 3505 Simulacra
1145 3435 1343 3505 ditium,
1368 3442 1459 3510 qui
1483 3449 1733 3492 tueantur
1759 3453 1792 3487 a
1829 3435 2009 3499 malis,

812 3523 1045 3574 Posuere
1078 3532 1263 3577 δρα-σα,
1290 3512 1481 3583 lignea,
1501 3510 1625 3578 quin
1654 3518 1705 3583 et
1726 3521 1890 3583 aurea

803 3590 877 3643 Et
895 3605 964 3642 ex
992 3576 1392 3655 elephantorum
1413 3576 1647 3655 formata
1674 3576 1919 3655 dentibus
1943 3593 1959 3655 ξ

810 3660 971 3725 Quoia
996 3647 1101 3712 rem
1130 3670 1339 3709 sacram
1362 3652 1614 3725 facientes
1646 3659 1693 3701 et
1725 3647 1886 3716 festos
1919 3650 2030 3699 dies

812 3720 1031 3801 ngntes
1059 3744 1113 3781 se
1148 3727 1342 3797 pietate
1366 3720 1582 3790 defungi
1606 3726 1820 3787 putant.

726 3822 862 3893 ipse
891 3821 1039 3877 enim
1082 3815 1382 3886 Sophocles
1430 3812 1651 3866 videtur
1708 3808 1954 3865 sensisse
1989 3821 2158 3861 unum
2195 3820 2317 3860 esse

743 3914 983 3969 universi
1026 3912 1432 3981 Imperatorem.

817 4009 969 4060 Iones
1024 4010 1227 4061 autem,
1276 4012 1510 4069 quorum
1543 3994 1764 4066 generis
1794 3994 2052 4062 princeps
2084 3990 2142 4045 10
2192 3989 2313 4053 fuit,

740 4099 1057 4153 Grteeorum
1120 4094 1309 4154 duces,
1376 4089 1669 4143 simulacra
1733 4084 2123 4146 adoraverunt,
2180 4095 2319 4152 quos

746 4185 1146 4244 tllterrouesius
1173 4183 1502 4237 Plutarchus
1557 4177 1913 4249 reprehendit
1966 4184 2023 4228 ut
2075 4188 2316 4228 errorem

747 4284 1169 4338 simulacrorum
1218 4274 1568 4332 invehentes.
1622 4267 1945 4323 caelestibus
2018 4264 2319 4317 luminibus

747 4375 847 4429 soli
874 4388 939 4426 ac
966 4371 1108 4424 lunae
1128 4364 1343 4435 Dei83
1367 4377 1567 4419 nomen
1597 4360 1928 4420 tribuentes,
1954 4365 2013 4409 ut
2038 4353 2319 4425 Egyptio-

741 4483 866 4521 rum
906 4462 1198 4532 theogonia
1251 4457 1437 4511 habet.
1495 4452 1638 4508 Dicit
1696 4452 1841 4506 enim
1896 4449 1967 4503 ab
2020 4448 2104 4502 his
2148 4455 2320 4501 totum

2403 1970 2558 2029 θεοὺς
2611 1966 2986 2037 προσεκύνουν
3036 1965 3233 2028 αὐτοὺς
3280 1963 3375 2017 καὶ
3433 1960 3744 2027 ὲθυσίαζον.
3811 1961 3873 2014 Oi
3923 1960 3989 2014 δὲ

2406 2064 2545 2134 μετὰ
2575 2060 2746 2116 ταῦτα
2772 2058 3053 2127 ἄνθρωποι
3085 2055 3408 2125 ἀγνοοῦντες
3440 2054 3539 2127 τὴν
3569 2057 3678 2110 τῶν
3701 2056 3991 2124 προγόνων

2402 2154 2649 2225 γνώμην,
2700 2154 2784 2206 ὅτι
2821 2152 2897 2215 ὡς
2953 2151 3313 2220 προπάτορας
3362 2149 3456 2203 καὶ
3499 2148 3723 2217 ἀγαθῶν
3756 2150 3993 2219 εὑρετὰς

2404 2248 2675 2316 ἐτίμησαν
2730 2247 2974 2315 μνήμαις
3024 2242 3234 2312 μόναις,
3287 2242 3365 2305 ὡς
3422 2241 3578 2305 θεοὺς
3626 2242 3991 2311 ἐπουρανίους

2406 2340 2610 2409 ἐτίμων
2660 2338 2756 2390 καὶ⁹
2807 2335 3094 2399 ἐθυσίαζον
3128 2334 3335 2398 αὐτοῖς.
3387 2329 3496 2386 Ἦν
3528 2333 3586 2387 δέ
3616 2333 3677 2387 τὸ
3712 2335 3808 2403 τῆς
3852 2335 3995 2386 ἀπ’)-

2407 2428 2656 2492 θεώσεως
2686 2427 2873 2499 σχῆμα
2904 2426 3172 2479 τοιοῦτον·
3219 2427 3308 2479 Ἐν
3334 2429 3453 2487 ταῖς
3482 2426 3787 2494 ἱερατικαῖς
3807 2424 3994 2477 αὐτῶν

2409 2522 2613 2594 βίϐλοις
2639 2520 2932 2575 ἐτάσσοντο
2969 2519 3037 2572 τά
3067 2518 3310 2588 ὀνόματα
3338 2516 3518 2571 αὐτῶν
3544 2517 3681 2587 μετά
3704 2517 3991 2586 τελευτὴν,

2410 2617 2505 2669 καὶ
2535 2615 2655 2668 κατ’
2684 2614 2889 2667 ἐκεῖνον
2923 2611 3015 2665 τὸν
3048 2610 3241 2682 καιρὸν
3271 2610 3463 2681 ἑορτὴν
3492 2609 3642 2679 αὐτῷ
3676 2610 3991 2674 ἐπετέλουν,

2409 2709 2658 2777 λέγοντες
2706 2706 2806 2767 τὰς
2839 2704 3019 2758 αὐτῶν
3062 2703 3243 2774 ψυχὰς
3298 2703 3377 2765 είς
3424 2701 3523 2763 τὰς
3570 2700 3679 2754 τῶν
3728 2703 3996 2770 μακάρων

2411 2799 2606 2869 νήσους
2635 2791 2777 2848 εἶναι
2818 2794 2912 2847 καὶ
2944 2790 3139 2863 μηκέτι
3168 2789 3450 2861 κρίνεσθαι
3486 2788 3519 2859 ἢ
3559 2786 3810 2841 καίεσθαι
3836 2788 3994 2855 πυρί.

2413 2888 2523 2944 Καὶ
2577 2887 2853 2953 διέμειναν
2903 2885 3009 2947 ἕως
3038 2883 3147 2936 τῶν
3183 2882 3392 2953 χρόνων
3428 2880 3623 2952 Θάρρα
3660 2880 3755 2933 τοῦ
3786 2879 3998 2948 πατρὸς

2424 2980 2679 3052 ’Λϐραάμ
2707 2980 2904 3033 ταῦτα.
2945 2975 3113 3031 Ἀλλὰ
3146 2976 3241 3029 καὶ
3288 2974 3316 3026 6
3366 2972 3677 3042 σοφώτατος
3716 2970 3997 3039 Σοφοκλῆς

2413 3072 2472 3123 ἐν
2510 3075 2622 3133 τοῖς
2656 3067 2821 3123 αὑτοῦ
2854 3067 3286 3136 συγγράμμασιν
3319 3064 3534 3129 ἐξέθετο
3560 3061 3728 3115 ταῦτα
3761 3077 3775 3092 ο

2490 3157 2590 3229 Εἷς
2618 3162 2747 3228 ταῖς
2771 3160 3156 3228 ἀληθείαισιν
3191 3156 3322 3229 (Si),
3361 3150 3448 3229 εἷς
3481 3155 3653 3208 ἐστιν
3677 3153 3848 3229 ΔΘεὸς.

2492 3223 2598 3296 ’οὲ
2622 3223 2887 3299 οὺρανὸνέ
2912 3230 3156 3295 τέτευχε
3183 3227 3282 3299 καὶ
3307 3223 3762 3299 γαῖᾳνῼμακρᾲν,

2487 3295 2721 3358 (Mirm)
2747 3318 2811 3356 τε
2836 3301 3105 3368 χαροπόν
3143 3297 3317 3361 οἶδμα
3353 3295 3627 3368 κάνέμων
3650 3296 3814 3360 βίας.

2489 3373 2706 3439 Θνητοὶ
2744 3371 2812 3424 δὲ
2838 3365 3055 3423 πολλοὶ
3096 3367 3309 3434 καρδίᾳ
3338 3365 3711 3439 πλανώμενοι

2497 3434 2935 3511 Ἰδρυσὰμεσθα
2974 3439 3259 3511 πημάτων
3294 3434 3665 3511 arrpuit-vltis:

2488 3507 2650 3569 Θεῶν
2682 3507 2975 3580 ἁγάλματ’
3002 3510 3071 3563 ἐκ
3099 3509 3285 3580 λίθων
3316 3523 3381 3559 τε
3404 3507 3503 3580 καὶ
3548 3507 3772 3580 εὐτλων,

2489 3587 2554 3637 Ἢ
2582 3577 3041 3650 χρυσέοτεῦκτων
3066 3580 3103 3645 ἣ
3134 3578 3545 3650 ὲᾼεφακτίνων
3574 3577 3825 3642 τύπους,

2489 3645 2715 3717 Θυοῗίας
2740 3668 2804 3704 τε
2834 3652 3066 3714 τούτοις
3094 3646 3191 3701 καί
3223 3645 3415 3717 καλὰς
3455 3646 3818 3717 πανηγύρεις

2494 3713 2819 3792 Tangat-rrec
2850 3719 3020 3787 ἡμεῖς
3046 3713 3326 3772 εὐσεϐεῖν
3355 3713 3685 3784 νομίζομεν.

2418 3814 2733 3886 Μοναρχίαν
2763 3814 2872 3881 γὰρ
2913 3811 3057 3877 ἔδοξε
3088 3806 3334 3874 δοξάζειν
3366 3810 3394 3860 6
3428 3808 3585 3869 αὐτὸς
3622 3806 3920 3875 Σοφοκλῆς.

2495 3999 2681 4059 Ἴωνες
2720 3994 2775 4048 δὲ
2805 3996 2850 4047 οἱ
2883 3996 2948 4047 ἐκ
2972 3992 3070 4063 τῆς
3117 3989 3271 4053 Ἰοῦς,
3310 3987 3418 4040 τῶν
3459 3986 3726 4057 Ἐλλήνων
3765 3986 4010 4056 ἀρχηγοὶ

2421 4089 2729 4160 γεγονότες,
2757 4089 2870 4149 τοῖς
2911 4084 3120 4151 ξοάνοις
3171 4080 3566 4152 προσεκύνουν,
3607 4075 3803 4131 οἷστισι
3854 4077 4008 4147 μέμ-

2423 4197 2583 4251 φεται
2609 4181 2637 4232 6
2666 4177 3034 4249 Χερῤονήσιος
3074 4172 3419 4243 Πλούταρχος
3466 4171 3541 4232 ὡς
3587 4169 3797 4239 πλάνην
3832 4169 4011 4235 ἀγαλ-

2428 4274 2613 4344 μάτων
2646 4270 2809 4323 τινῶν
2836 4268 3141 4335 εἰσάγουσι,
3176 4266 3303 4327 τοὺς
3342 4263 3466 4318 κατ’
3501 4261 3730 4333 οὐρανὸν
3777 4261 4007 4329 φωστῆ-

2429 4375 2528 4429 ρας
2560 4356 2969 4424 θεοποιούμεντι
3008 4354 3097 4407 τὸν
3126 4353 3278 4423 ἥλιον
3313 4352 3407 4405 καὶ
3446 4352 3543 4420 τὴν
3572 4349 3821 4418 σελήνην,
3861 4349 3939 4411 ὡς
3972 4352 4011 4419 ἡ

2426 4449 2536 4501 τῶν
2567 4447 2881 4515 Αἰγυπτίων
2905 4445 3153 4512 θεογονία
3190 4444 3457 4513 περιέχει.
3487 4442 3691 4503 Αὐτοὺς
3725 4440 3831 4509 γὰρ
3855 4440 4016 4506 λέγει

750 4556 1013 4612 mundum
1044 4548 1341 4623 gubernari
1395 4555 1561 4615 atque
1585 4543 1681 4609 ali,
1709 4540 1966 4595 omnibus
2009 4540 2308 4592 incremen-

2431 4538 2521 4592 τὸν
2555 4539 2849 4607 σύμπαντα
2872 4535 3077 4604 κόσμον
3104 4533 3327 4586 διοικεῖν
3356 4530 3449 4584 καὶ
3471 4531 3714 4601 τρέφειν,
3745 4529 4017 4593 αὐξάνον-

751 4662 866 4703 tttm
906 4643 1272 4716 largientibus
1297 4638 1498 4709 triplici
1536 4650 1638 4690 suo
1682 4642 1832 4686 motu
1862 4632 2105 4703 quinque
2140 4629 2328 4697 plane-

746 4751 932 4794 tarum
964 4736 1288 4807 reliquoquc
1315 4732 1556 4785 siderum
1605 4725 1809 4795 positu.
1850 4722 2149 4779 secundum
2176 4720 2331 4790 geni-

747 4843 1005 4887 turarum
1049 4836 1103 4883 et
1139 4825 1283 4880 aeris
1316 4820 1653 4878 aﬂ‘ectiones.

826 4924 995 4978 Mosis
1054 4926 1214 4974 aetate
1278 4914 1629 4985 Assyriorum
1673 4925 1762 4963 rex
1815 4906 1917 4959 fttit
1963 4903 2323 4964 Erechtheus,

748 5015 1133 5087 Egyptiorum
1168 5005 1531 5066 Petissonius,
1548 5003 1641 5071 qui
1674 5006 1729 5054 et
1758 4998 1987 5055 Pharao.
2017 4994 2119 5049 Hic
2142 5008 2323 5048 secum

754 5086 950 5161 habuit
1009 5117 1198 5171 uagos
1252 5101 1472 5154 lannem
1501 5104 1554 5149 ct
1592 5093 1882 5149 lambrem.
1923 5086 2041 5142 l‘loc
2070 5097 2333 5157 regnante

754 5196 1046 5251 admodum
1088 5200 1250 5247 aucta
1284 5200 1367 5245 est
1401 5203 1498 5259 per
1527 5184 1821 5255 Egyptum
1876 5196 2010 5249 gens
2041 5178 2330 5233 Hebraica.

758 5292 938 5344 Moses
1006 5295 1189 5341 autem
1249 5283 1544 5338 institutus
1600 5277 1702 5331 fuit
1748 5273 1897 5328 omni
1955 5270 2334 5340 [Egyptiorum

759 5382 1012 5435 scientia.
1060 5375 1333 5449 Egyptiis
1361 5388 1490 5427 vero
1541 5368 1752 5425 llebrzei
1814 5365 1886 5420 ob
1933 5362 2337 5416 multitudinem

2432 4646 2531 4691 τας
2562 4628 2634 4681 τὰ
2685 4627 2864 4680 πάντα
2895 4628 2960 4696 τῇ
2993 4626 3249 4695 τριμερεϊ
3284 4626 3494 4691 κινήσει
3535 4620 3644 4674 τῶν
3674 4619 3833 4672 πέντε
3869 4619 4020 4671 πλα-

2432 4720 2609 4789 νήτων
2661 4718 2758 4769 καὶ
2805 4715 2907 4786 τῆς
2958 4716 3154 4786 λοιπῆς
3201 4712 3562 4784 ἀστροθεσίας
3597 4710 3737 4765 κατά
3765 4710 4023 4776 γενέσεις

2432 4811 2527 4862 καὶ
2553 4809 2813 4876 ἀστέρας.

2515 4902 2604 4953 Ἐν
2664 4901 2775 4962 τοῖς
2831 4898 3043 4969 χρόνοις
3091 4896 3148 4949 δὲ
3197 4893 3292 4948 τοῦ
3346 4896 3623 4954 Μωῦσέως
3657 4891 4023 4945 ἐϐασίλευσεν

2444 4992 2747 5061 ’Δσσυρίων
2814 4988 3145 5083 Ἐρεχθεὶιξ,
3202 4986 3519 5054 Αἰγυπτίων
3570 4986 3628 5038 δὲ
3690 4983 4025 5037 ἐϐασίλευσε

2440 5084 2767 5145 Πετισώνιος
2800 5083 2828 5134 6
2862 5083 2955 5134 καὶ
2994 5074 3237 5149 Φαραὼ,
3278 5081 3426 5142 ὅστις
3473 5074 3587 5147 εἶχε
3650 5078 3858 5148 μάγους
3917 5078 4025 5131 τὸν

2452 5176 2660 5245 Ἰαννῆν
2690 5175 2786 5228 καὶ
2823 5172 3104 5243 Ἰαμϐρῆν.
3153 5171 3274 5224 Ἐπὶ
3302 5172 3399 5237 τῆς
3432 5170 3713 5239 βασιλείας
3740 5170 3797 5222 δὲ
3818 5169 4026 5223 τούτου

2442 5266 2751 5334 ἐπληθύνθη
2785 5267 2841 5317 ἐν
2871 5263 3132 5333 Αἰγύπτῳ
3157 5264 3219 5315 τδ
3250 5263 3361 5315 τῶν
3393 5262 3662 5333 Ἐϐραίων
3686 5262 3861 5330 γένος.
3878 5262 3944 5316 ’0
3962 5264 4031 5318 δὲ

2446 5357 2686 5426 Μωῦσῆς
2734 5352 2803 5425 ἦν
2852 5353 3282 5423 πεπαιδευμένος
3323 5352 3470 5423 πάσῃ
3496 5352 3659 5424 σοφίᾳ
3679 5353 4031 5419 Δὶγυπτίωνο

1844 5481 2199 5540 XYLANDRI
2255 5479 2341 5533 ET
2382 5475 2595 5533 GOARI
2661 5473 2892 5529 ΝΟΤᾸΞ.

839 5586 952 5656 (5|)
996 5583 1286 5653 Sophoclis
1316 5598 1511 5656 versus
1542 5580 1595 5634 in
1624 5587 1823 5656 nostro
1862 5575 2051 5656 codice
2078 5573 2339 5653 _turpiter

716 5668 719 5671 ‘
765 5646 1047 5711 mutilatos
1076 5646 1333 5724 integros
1366 5654 1546 5724 legent
1592 5651 1686 5724 qui
1740 5649 1923 5724 volent
1974 5646 2121 5713 (quis
2152 5651 2335 5724 autem

1504 5711 1777 5776 Jusiintrm
1849 5711 2138 5784 Marty‘rem
2204 5711 2338 5779 Περὶ

770 5797 1089 5865 μοναρχίας,
1117 5782 1227 5862 quo
1251 5782 1447 5865 Pio-sier
1484 5792 1698 5865 alludit:
1737 5782 2061 5864 itemque—in
2092 5782 2340 5865 Partenc-

1261 5863 1590 5916 (iletwnlem
1655 5853 2066 5929 Προτρεπτικῷ,
2124 5853 2253 5903 uel.
2310 5867 2339 5902 ν

763 5743 930 5780 sanus
1007 5724 1214 5791 nolit?)
1295 5738 1421 5791 aput

767 5867 895 5931 lico,
953 5876 1004 5919 et
1059 5866 1199 5933 apud

2444 5569 2700 5621 Stromat.
2737 5565 2957 5619 Mutilus
2997 5572 3080 5619 est
3109 5572 3161 5619 et
3194 5580 3431 5633 sequens
3462 5564 3637 5633 locus,
3680 5564 3823 5630 quod
3871 5578 4033 5620 aste-

2446 5642 2593 5692 risco
2615 5638 2869 5705 apposito
2925 5636 3132 5705 monui.
3195 5631 3400 5705 Jaitties
3447 5645 3501 5705 et
3556 5631 4035 5705 Jambreshems

2448 5702 2718 5774 interpres
2744 5706 2872 5774 legit
2903 5704 3193 5768 Mamhres,
3224 5704 3266 5758 ΙΙ
3303 5706 3330 5758 Ἰ
3351 5704 3543 5756 imoth.
3594 5702 3677 5770 ιιι)
3708 5708 3848 5774 magi
3881 5707 4040 5757 l’hu-

2445 5778 2635 5831 raouis
2675 5773 2839 5829 etiam
2878 5790 2906 5828 a
2930 5774 2986 5843 Β.
3015 5776 3323 5842 Augustino
3355 5773 3888 5843 dicuntur,epistula
3923 5778 4039 5834 H‘J

2447 5852 2510 5899 ad
2547 5846 2883 5901 Jnttuarium.
2926 5842 3062 5899 Χῑι.
