4184 6436
213 399 287 464 113
1203 398 1745 461 HISTORIARUM
1779 397 1926 458 COM
1939 395 2309 458 PENDIUM.

3333 387 3437 456 114

207 514 240 562 ei
267 511 314 563 δὲ
348 508 639 577 Δίγύπτιοι
672 509 968 581 ἐφοϐοῦντο
991 509 1118 573 τοὺς
1161 509 1448 581 Ἐϐραίους
1482 509 1557 574 ὡς
1597 525 1753 577 γενος

1878 505 2202 560 'ormidolnsi
2243 511 2420 558 erant.
2461 502 2650 572 Itaque
2680 515 2775 557 eos
2828 500 3068 573 Egyptii
3121 499 3437 572 at'ﬂigebant

209 605 378 671 μένους
406 601 655 667 πολλοὺς,
691 603 786 655 καὶ
817 602 1051 656 ἐκάκουν
1081 599 1280 664 αὐτοὺς
1302 602 1367 671 τῇ
1397 599 1645 668 πλινθείᾳ
1667 600 1760 651 καὶ

207 694 266 764 τῷ
307 693 482 763 πηλῷ,
533 693 930 765 ἐπιστήσαντες
963 694 1148 756 αὐτοῖς
1197 691 1498 754 ἐπιστάτας
1551 690 1757 760 βαρεῖς,

1863 598 2124 651 lateribus
2152 596 2423 650 faciundis
2452 603 2709 664 urgentes
2756 607 2822 648 ac
2850 593 2963 648 luto
3015 593 3436 664 comportando,

1863 687 2229 758 pratiieientes
2260 701 2451 741 eorum
2513 685 2664 756 operi
2719 693 3010 740 exactores
3070 684 3437 753 impartunos.

207 784 279 836 tul.
326 782 618 846 ἐστέναζον
666 782 991 854 θλιϐόμενοι.
1045 784 1154 836 Καὶ
1205 782 1477 853 προσέσχε
1496 782 1760 849 ’Μωῦσῆς

1878 777 2035 832 imbri
2063 778 2312 848 oppressi
2347 779 2665 846 gemebant;
2697 789 2998 846 eorumque
3032 777 3291 846 gemitum
3320 774 3439 830 Mo-

207 876 281 928 καὶ
335 874 546 946 Ἀαρὼν
592 875 671 946 τῷ
721 875 1013 946 στεναγμῷ
1058 874 1258 935 αὐτῶν,
1289 874 1382 926 καὶ
1407 872 1643 944 ηῠξαντο
1682 870 1761 940 τῷ

207 966 322 1036 Θεῷ,
372 966 432 1030 ὃς
484 967 580 1020 καὶ
630 967 885 1019 ἐκέλευσε
936 965 1014 1036 τῷ
1044 966 1270 1020 Μωῦσετ
1318 964 1579 1018 εἰσελθεῖν
1625 963 1762 1032 πρὸς

207 1059 405 1130 Φαραὼ,
455 1061 551 1112 καὶ
605 1061 781 1112 εἰπεῖν
837 1059 986 1130 αὐτῷ
1038 1057 1308 1112 ἀπολῦσαι
1346 1059 1438 1111 τὸν
1495 1056 1624 1108 λαὸν
1666 1055 1761 1109 τοῦ

217 1151 427 1221 Ἰσραὴλ,
461 1151 758 1221 λατρεῦσαι
799 1151 992 1222 Κυρίῳ
1022 1151 1102 1219 τῷ
1129 1149 1247 1220 Θεῷ
1275 1149 1476 1205 αὐτῶν.
1514 1149 1625 1202 Καὶ
1653 1149 1766 1200 είσ-

209 1242 352 1296 ελθὼν
387 1245 631 1313 Μωῡτῆς
662 1245 756 1297 καλ⁵
800 1243 1014 1311 ’Δαρὼν
1048 1243 1187 1312 πρὸς
1219 1241 1420 1313 Φαραὼ
1441 1241 1764 1311 ἀνήγγειλεν

209 1333 334 1404 αὐτῷ
371 1336 472 1405 τὴν
519 1336 614 1388 τοῦ
666 1334 802 1389 Θεοῦ
851 1335 1124 1388 κέλευσιν.
1185 1333 1244 1386 ὐ
1287 1333 1341 1386 δὲ
1384 1331 1587 1403 Φαραὼ
1618 1331 1765 1398 λέγει

208 1427 388 1491 αὐτοῖς’
438 1447 456 1480 t
495 1429 558 1481 Ei
587 1427 874 1497 άληθεύεις
905 1428 988 1481 ὅτι
1015 1429 1044 1480 ὁ
1064 1427 1197 1490 Θεὸς
1226 1445 1318 1480 σου
1342 1425 1518 1478 ταῦτα
1550 1425 1768 1477 ἐκέλευ-

211 1533 304 1582 σεν,
333 1517 466 1580 ἰδοὺ,
516 1519 654 1570 εἰσὶν
691 1516 981 1584 Αἰγύπτιοι
1017 1517 1114 1569 σῦν
1162 1516 1284 1585 ἐμοὶ
1318 1514 1600 1578 ποιοῦντες
1633 1512 1767 1567 θαύ-

212 1626 366 1680 ματα·
401 1609 499 1663 ἐὰν
525 1611 758 1681 νικήσῃς
779 1611 980 1673 αὐτοὺς
997 1610 1085 1662 διὰ
1111 1608 1205 1661 τοῦ
1233 1607 1368 1660 Θεοῦ
1395 1625 1514 1673 σου,
1545 1606 1768 1676 παρέξω

209 1721 275 1757 σοι
299 1704 438 1774 άπερ
469 1703 744 1757 ἐκέλευσε.
789 1722 808 1756 ι
855 1702 942 1774 [Ρ.
977 1703 1068 1775 47]
1107 1702 1216 1755 Καὶ
1243 1701 1473 1772 ἔστησεν
1524 1700 1768 1754 ἐναντίον

207 1792 428 1862 ἀλλήλων
486 1792 579 1845 τὸν
635 1793 842 1862 Ἰαννῆν
898 1794 992 1845 καὶ
1053 1793 1144 1845 τὸν
1205 1793 1470 1862 Ἰαμϐρῆν
1523 1792 1618 1844 καὶ
1674 1790 1766 1843 τὸν

206 1852 418 1940 Μωῦσέα
450 1886 544 1938 καὶ
590 1852 822 1955 Ἀαρών..
868 1886 976 1938 Καὶ
1031 1852 1302 1954 ἐποίησαν.
1345 1852 1392 1936 οἱ
1428 1852 1618 1952 ’μάγοι
1678 1882 1766 1937 διὰ
1795 1852 1843 1910 Β

206 1979 438 2046 γοητείας
494 1978 598 2040 τὰς
654 1977 887 2046 ῥάϐδους
944 1978 1123 2030 αὐτῶν
1190 1978 1376 2048 ὄφεις·
1437 1978 1531 2029 καὶ
1601 1975 1765 2048 ῥίψας

203 2067 423 2136 Μωῦσῆς
453 2066 551 2137 τὴν
584 2067 780 2138 ῥάϐδον
815 2067 979 2119 αὑτοῦ
1013 2068 1093 2129 είς
1119 2066 1218 2137 τὴν
1243 2068 1366 2136 γῆν,
1398 2067 1615 2134 ἐγένετο
1642 2066 1765 2134 ὅςρις

209 2161 361 2228 μέγας
391 2161 487 2213 καὶ
514 2160 742 2212 κατέπιε
769 2161 898 2223 τοὺς
932 2159 1036 2212 ὑπὸ
1070 2159 1178 2211 τῶν
1210 2161 1403 2227 μάγων
1438 2158 1766 2227 γενομένους

202 2250 349 2316 δέεις.
388 2251 500 2303 Καὶ
526 2248 910 2319 κατίσχυσενή
938 2248 1136 2318 καρδία
1162 2247 1382 2320 Φαραὼ,
1417 2249 1512 2302 καὶ
1532 2249 1630 2302 οὐκ
1654 2248 1766 2300 εισ-

203 2346 414 2411 ἠκουσεν
444 2341 645 2402 αὐτῶν,
682 2340 936 2408 καθάπερ
966 2340 1228 2410 ἐλάλησεν
1276 2340 1458 2404 αὐτοῖς
1495 2342 1698 2412 Κύριος
1735 2340 1765 2393 ὁ

202 2435 336 2497 Θεός.
370 2434 478 2488 Ka't
509 2430 630 2486 εἷπε
650 2430 852 2504 Κύριος
877 2431 1013 2502 πρὸς
1041 2433 1303 2502 Μωῡσῆνο
1335 2451 1352 2484 ι
1383 2432 1606 2486 Βάδισον
1631 2433 1768 2502 πρὸς

203 2525 402 2597 Φαραὼ,
435 2529 533 2579 καὶ
562 2524 905 2590 ἐξελεύσεται
948 2523 1088 2594 μετὰ
1133 2524 1225 2575 σοῦ
1266 2525 1346 2586 είς
1373 2525 1465 2575 τὸν
1498 2522 1765 2592 ποταμὸν,

204 2621 285 2673 καὶ
310 2619 478 2688 τύψον
510 2621 574 2688 τῇ
612 2617 794 2688 ῥάϐδῳ
830 2634 923 2669 σου
954 2617 1023 2670 τὰ
1051 2615 1222 2669 ὕδατα
1250 2616 1342 2667 τοῦ
1375 2615 1644 2684 ποταμοῦ,
1674 2618 1764 2668 καὶ

206 2710 516 2779 μεταϐαλεῖς
555 2708 692 2762 αὐτὰ
725 2709 804 2770 είς
839 2701 1001 2777 αἷμα.
1039 2725 1058 2759 ›
1095 2707 1204 2760 Καὶ
1246 2705 1435 2759 τούτου
1469 2708 1762 2776 γενομένου

207 2800 499 2870 μετ.ϐ).ήθη
544 2801 719 2854 πάντα
751 2799 820 2852 τὰ
853 2798 1024 2852 ὕδατα
1058 2799 1137 2862 εἰς
1176 2795 1338 2867 αἷμα,
1375 2800 1469 2851 καὶ
1495 2799 1766 2852 ἀπέθανον

202 2893 243 2946 al
286 2894 340 2945 ὲν
388 2893 470 2964 τῷ
517 2892 749 2962 ποταμῷ
802 2890 1004 2962 ἰχθύες.
1040 2890 1137 2944 καὶ
1175 2891 1278 2944 οὐκ
1329 2890 1593 2960 ἠδύναντο
1623 2894 1769 2945 πιεῖν

202 2983 334 3053 ὕδωρ
361 2988 408 3037 oi
441 2985 757 3052 Αίγύπτιοι,
796 2985 880 3038 ὅτι
915 2984 1094 3038 πάντα
1121 2985 1191 3036 τὰ
1221 2983 1387 3037 ὕδατα
1418 2985 1767 3056 μετεστράφη

200 3076 271 3138 εἰς
296 3073 455 3146 αἷμα.
525 3074 820 3144 Ἐποίησαν
857 3075 914 3127 δὲ
949 3075 1044 3127 καὶ
1093 3076 1143 3126 oi
1177 3075 1422 3128 ὲπαοιδοὶ
1459 3076 1569 3128 τῶν
1607 3079 1769 3144 Αἱγυ·

201 3167 359 3220 πτίων
409 3169 533 3231 ταῖς
577 3165 952 3236 φαρμακείαις
991 3165 1173 3220 αὐτῶν
1221 3166 1515 3228 ὡσαύτως·
1571 3166 1769 3238 ἐσκλη-

201 3261 355 3330 ρύνθη
388 3260 446 3314 δὲ
493 3263 526 3330 ή
563 3260 760 3329 καρδία
792 3258 1015 3330 Φαραὼ,
1058 3259 1152 3312 καὶ
1187 3260 1288 3312 οὐκ
1322 3260 1643 3329 είσήκουσεν
1675 3262 1774 3312 αὺ-

201 3353 313 3406 τῶν.
349 3355 460 3407 Καὶ
515 3353 654 3421 μετᾶ
691 3352 830 3405 ἑπτά
863 3351 1079 3421 ἡμέρας
1119 3351 1499 3420 παρακληθεὶς
1533 3353 1776 3422 Μωῡσῆς

197 3447 288 3499 ὑπὸ
316 3446 411 3500 τοῦ
447 3445 650 3515 Φαραὼ
683 3443 1051 3517 προσηὺξατο,
1099 3446 1194 3498 καὶ.
1241 3444 1406 3498 πάλιν
1437 3444 1654 3514 ἐγένετο
1705 3448 1776 3501 τὰ

201 3537 359 3593 Beata
419 3537 665 3605 καθαρά.
729 3537 839 3590 Καὶ
905 3535 1053 3604 λέγει
1114 3535 1356 3601 Μωῡσῆς
1417 3535 1494 3604 τῷ
1543 3535 1774 3606 Φαραώ’

203 3650 217 3680 t
266 3632 419 3696 Ἰδοὺ,
453 3625 595 3692 εἶδες
626 3628 725 3698 τὴν
755 3627 849 3681 τοῦ
878 3627 1013 3680 Θεοῦ
1055 3627 1269 3697 Ἰσραήλ
1289 3626 1538 3696 δύναμιν·
1578 3627 1777 3681 ἀπόλυ-

199 3739 280 3775 σον
307 3725 403 3776 τὸν
459 3723 616 3785 λαὸν,
666 3722 752 3779 ἵνα
809 3719 1196 3790 λατρεύσωμεν
1249 3718 1326 3787 τῷ
1369 3717 1507 3790 Θεῷ.
1560 3736 1578 3769 ti
1629 3718 1685 3774 Ὀ
1718 3721 1776 3774 δὲ

194 3817 384 3888 Φαραὼ
422 3816 865 3884 συντασσόμενος
883 3814 1227 3868 ἀνεϐάλλετο.
1255 3813 1367 3866 Καὶ
1385 3812 1588 3883 ηὔξατο
1611 3815 1779 3867 Μωῦ-

194 3911 284 3981 σῆς
314 3911 458 3983 πρὸς
495 3911 598 3963 τὸν
625 3909 758 3962 Θεὸν
797 3907 1009 3976 πέμψαι
1043 3905 1257 3974 πληγὰς
1286 3909 1400 3970 τοῖς
1432 3905 1775 3974 Αἰγυπτίοις,

195 4003 274 4055 ἴνα
301 4003 637 4073 ἀναγκασθῇ
668 3999 871 4072 Φαραὼ
918 3999 1189 4053 ἀπολῦσαι
1237 3999 1330 4053 τὸν
1373 3999 1610 4070 Ἰσραήλ.
1668 4000 1780 4054 Καὶ

191 4094 397 4166 ἔπεμψε
441 4095 657 4165 Κύριος
706 4096 734 4148 ὁ
783 4093 915 4156 Θεὸς
955 4096 1067 4156 τοῖς
1101 4092 1428 4159 Αἰγυπτίοις
1474 4095 1574 4161 τὴν
1621 4090 1780 4146 δεκὰ-

194 4189 390 4260 πληγον
432 4189 635 4261 ὀργὴν,
676 4187 816 4240 ὥστε
869 4184 1247 4253 παρακαλέσαι
1287 4183 1380 4236 τὸν
1410 4185 1650 4238 Μωῦσία
1686 4185 1779 4239 καὶ

192 4287 359 4338 εἰπεῖν
392 4283 580 4352 αὐτῷ*
608 4302 626 4333 ‹
664 4280 829 4345 Εῦξαι
859 4279 937 4350 τῷ
968 4276 1087 4349 εδεῷ
1119 4293 1236 4342 σου,
1268 4277 1355 4330 ἵνα
1379 4275 1599 4347 ρυσθῇή
1627 4277 1780 4348 χώρα

194 4377 320 4447 αῦτη
352 4377 470 4430 τῶν
507 4373 786 4428 τοσούτων
827 4371 1012 4425 κακῶν
1036 4387 1050 4400 ’
1083 4370 1180 4423 καὶ
1227 4367 1293 4439 ζῇ
1340 4368 1546 4438 Κύριος
1586 4369 1613 4421 ὁ
1645 4369 1780 4432 Θεός

193 4486 302 4532 σου,
339 4469 404 4522 οὑ
436 4465 680 4520 κωλύσω
721 4481 780 4517 σε
807 4463 991 4516 λαϐεῖν
1017 4461 1108 4515 τὸν
1141 4461 1272 4514 λαόν
1303 4477 1397 4512 σου
1429 4461 1519 4512 τὸν
1561 4460 1776 4531 Ἰσραὴλ

1863 886 1950 926 ses
1994 886 2059 925 ac
2117 871 2298 923 Aaron
2343 869 2874 932 animadvortebant,
2929 869 3312 938 auxiliumque
3346 867 3442 923 Dei

1864 961 2254 1032 implorabant.
2291 961 2437 1016 Deus
2469 961 2601 1014 Mosi
2630 962 2888 1030 praecepit
2918 969 2976 1016 ut
3003 960 3068 1013 ad
3097 959 3441 1016 Pharaonem

1867 1053 2148 1116 introiret,
2207 1069 2452 1124 emnqne
2488 1069 2590 1108 suo
2643 1055 2864 1108 nomine
2915 1054 3131 1122 juberet
3173 1050 3443 1123 populum

1865 1145 2184 1200 lsraelicum
2233 1147 2512 1201 dimittere
2547 1147 2618 1200 ad
2651 1146 2856 1199 cultum
2888 1145 2997 1201 Deo
3039 1161 3139 1201 suo
3179 1155 3446 1216 praestan-

1866 1238 2019 1293 dum.
2055 1237 2309 1307 Aggressi
2354 1253 2536 1307 regem
2576 1237 2754 1294 Moses
2786 1246 2841 1292 et
2881 1238 3059 1291 Aaron
3090 1237 3185 1293 Dei
3218 1237 3447 1293 manda-

1867 1341 1981 1384 tmn
2014 1339 2406 1399 exposuerunt.
2447 1330 2747 1398 Respondit
2787 1330 3040 1385 Pharao:
3069 1350 3087 1381 ‹
3114 1329 3169 1386 Si
3200 1344 3330 1385 vere
3363 1330 3448 1384 di-

1869 1420 1950 1474 cis
1987 1418 2152 1473 Deum
2185 1428 2337 1474 tuum
2381 1419 2493 1474 haec
2533 1420 2844 1480 mandasse,
2882 1433 3012 1473 ecce
3058 1434 3272 1475 mecum
3321 1427 3451 1476 sunt

1869 1511 2110 1582 Egyptii
2144 1513 2357 1567 miriﬁci
2395 1532 2406 1567 :
2441 1529 2534 1569 eos
2561 1514 2605 1567 si
2636 1523 2689 1567 tu
2721 1529 2824 1584 ope
2847 1515 2924 1566 tui
2964 1513 3053 1566 Dei
3080 1498 3301 1577 viceris,
3358 1511 3446 1567 ta-

1871 1605 2008 1660 ciam
2033 1607 2176 1676 quod
2202 1608 2246 1661 is
2264 1607 2730 1676 jussit”;iSimnl
2757 1609 3016 1661 ailvrrsos
3038 1606 3455 1661 constituerunt

1871 1700 1938 1753 ab
1973 1715 2077 1752 una
2128 1711 2280 1769 parte
2327 1699 2544 1755 lannem
2587 1708 2640 1752 et
2699 1699 2990 1762 l'amhretn,
3025 1699 3092 1754 ab
3132 1701 3300 1755 altera
3335 1698 3450 1753 Me-

1871 1805 1986 1846 setn
2017 1799 2180 1858 atque
2226 1794 2522 1847 Aaronem.
2557 1791 2696 1860 Magi
2735 1792 3032 1861 praestigiis
3098 1791 3216 1845 suis
3267 1789 3450 1858 virgas

1873 1897 2002 1938 suas
2046 1883 2100 1935 in
2123 1897 2329 1952 angues
2363 1893 2749 1937 converterunt
2786 1902 2800 1937 :
2835 1885 2985 1950 virga
3009 1897 3139 1936 vero
3161 1880 3345 1943 Musis,
3383 1880 3452 1934 ab

1873 1989 1940 2030 eo
1969 1974 2021 2028 in
2057 1983 2257 2028 terram
2303 1977 2567 2045 ptojerta,
2597 1976 2649 2028 in
2682 1975 2942 2046 grandem
2976 1981 3062 2028 est
3098 1981 3304 2028 mutata
3339 1971 3451 2044 sli,

1875 2081 2130 2137 anguem,
2163 2067 2255 2137 qui
2286 2083 2314 2121 a
2348 2069 2524 2137 magis
2555 2067 2732 2122 factus
2767 2082 2974 2138 angues
3003 2065 3306 2137 dt-glutivit.
3337 2058 3451 2119 Cte-

1877 2169 2054 2216 terum
2093 2161 2400 2216 Pharaonis
2429 2175 2525 2215 eor
2547 2159 2875 2214 obtluratnm
2906 2159 3032 2223 fuit,
3071 2173 3247 2230 neque
3296 2172 3455 2212 man-

1876 2253 2006 2308 dato
2037 2254 2128 2308 Dei
2157 2251 2580 2322 obtemperavit.
2607 2250 2811 2306 Deinde
2845 2250 2911 2304 ad
2943 2235 3148 2306 Mosem
3185 2249 3450 2304 Dominus

1875 2346 2052 2401 dixit:
2088 2346 2338 2402 tAccede
2356 2345 2720 2411 Pharaonem,
2751 2345 3104 2414 isquetecutn
3141 2342 3207 2398 ad
3233 2358 3451 2398 amnem

1876 2439 2205 2508 egredietur,
2241 2448 2298 2493 tu
2326 2455 2495 2510 aquas
2528 2438 2771 2493 ﬂuminis
2798 2437 2992 2492 baculo
3034 2445 3128 2490 tuo
3180 2437 3364 2502 feries,
3399 2445 3454 2490 et

1877 2530 2060 2586 statim
2086 2531 2140 2586 in
2179 2531 2502 2601 sanguinem
2548 2537 2850 2586 vertentur.
2890 2547 2906 2578 ι
2949 2527 3073 2600 Egit
3109 2528 3212 2582 hoc
3251 2527 3450 2588 Moses,

1875 2626 2244 2693 universaque
2277 2639 2417 2693 aqua
2466 2623 2518 2676 in
2568 2623 2894 2692 sanguinem
2950 2622 3192 2685 redacta,
3250 2618 3451 2672 mortui

1876 2728 2004 2773 sunt
2037 2717 2092 2771 in
2121 2715 2290 2770 ﬂuvio
2323 2716 2499 2785 pisces
2525 2731 2539 2778 ;
2569 2723 2733 2784 atque
2755 2715 2825 2769 ob
2861 2719 3126 2767 mutatam
3155 2712 3206 2763 in
3235 2703 3456 2781 sangui-

1877 2820 1999 2861 nem
2032 2821 2230 2875 aquam
2265 2805 2449 2860 bibere
2495 2819 2614 2860 eam
2657 2803 2900 2876 Egyptii
2953 2804 3338 2872 nequiverunt.
3372 2801 3455 2854 Ad

1877 2898 2130 2953 eumdem
2187 2898 2409 2952 modum
2442 2912 2663 2968 quoque
2717 2898 3091 2951 incantatores
3157 2892 3456 2949 Pharaonis

1878 3005 1979 3046 suo
2009 2989 2276 3046 veneﬁcio
2301 2998 2554 3060 egerunt.
2588 2989 2698 3044 (lor
2731 2998 2909 3043 autem
2963 2983 3266 3040 Pharaonis
3294 2981 3454 3039 indu—

1878 3080 2009 3145 ruit,
2043 3096 2222 3150 neque
2267 3081 2504 3136 audiens
2556 3079 2704 3136 dicto
2753 3077 2922 3133 Musis
2954 3087 3006 3131 ct
3045 3075 3280 3131 Aaronis
3329 3073 3455 3129 fuit.

1881 3172 2096 3242 Elapsis
2127 3181 2336 3243 septem
2384 3172 2597 3237 diebus,
2644 3170 2823 3226 Moses
2855 3169 3158 3225 Pharaonis
3202 3173 3392 3239 rogatu
3425 3181 3457 3222 a

1880 3263 1991 3319 Deo
2019 3265 2272 3334 precibus
2301 3263 2536 3319 obtinuit
2564 3273 2623 3318 ιιι
2653 3279 2806 3334 aqua:
2831 3271 3280 3331 repurgarentur.
3315 3257 3454 3313 Tum

1880 3356 2058 3412 Moses
2083 3357 2424 3412 Pharaonem
2444 3371 2682 3420 monere,
2707 3355 2929 3425 quando
2957 3355 3051 3409 Dei
3085 3355 3153 3409 ab
3185 3351 3458 3408 lsraelicis

1881 3450 2009 3504 culti
2049 3447 2348 3518 potentiam
2397 3449 2644 3514 vidisset,
2683 3448 2760 3502 uti
2798 3447 3058 3518 populum
3088 3461 3210 3499 eum
3249 3444 3316 3500 ad
3348 3442 3458 3498 Deo

1880 3554 1980 3594 suo
2015 3538 2384 3593 exhibendum
2453 3538 2659 3592 cultum
2710 3536 3029 3591 dimitteret.
3100 3533 3313 3589 Pharao
3362 3549 3463 3605 pa-

1879 3632 2062 3685 ctione
2101 3630 2425 3700 interposita
2471 3645 2586 3684 rem
2626 3629 2891 3684 extraxit.
2951 3627 3188 3682 Proinde
3220 3627 3397 3684 Muses
3426 3645 3458 3685 a

1881 3720 1991 3777 Deo
2027 3721 2282 3792 precibus
2344 3722 2629 3776 contendit
2679 3731 2736 3776 ut
2792 3719 3134 3774 calamitates
3186 3718 3462 3791 Aigyptiis

1881 3815 2164 3878 immittat,
2202 3815 2396 3889 hisque
2426 3813 2769 3868 Pharaonem
2805 3811 2872 3866 ad
2915 3811 3300 3866 dimittendum
3358 3813 3459 3868 Ju-

1881 3904 2030 3960 da'os
2073 3904 2386 3974 compellat.
2428 3902 2661 3957 Immisit
2687 3901 2827 3956 Deus
2870 3899 3134 3972 Egyptiis
3166 3902 3462 3974 decempli-

1881 4013 1999 4055 cem
2033 3997 2336 4058 miseriam.
2395 4009 2504 4065 qua
2556 4009 2710 4050 suam
2747 3993 2880 4048 iram
2921 4003 3249 4060 testaretur;
3289 4009 3462 4066 eaque

1883 4102 1976 4142 rex
2011 4097 2289 4156 permotus
2324 4100 2353 4137 a
2388 4084 2537 4139 Mose
2599 4083 2756 4153 petiit
2783 4091 2839 4136 ut
2869 4081 3145 4152 [Egyptiis
3174 4097 3202 4136 a
3237 4091 3316 4136 tot
3347 4093 3464 4138 tan-

1884 4181 2061 4248 tisque
2104 4177 2265 4232 malis
2302 4175 2678 4232 liberationem
2721 4190 2747 4228 a
2777 4172 2887 4228 Deo
2918 4185 3233 4244 impetraret
3267 4192 3281 4230 :
3321 4193 3340 4227 ι
3378 4175 3457 4230 Ita

1882 4272 2038 4335 vivit,
2064 4271 2336 4340 inquiens,
2354 4269 2500 4324 Deus
2517 4277 2662 4332 tuus,
2687 4269 2761 4320 uti
2779 4282 2879 4336 ego
2904 4275 3018 4321 tum
3043 4282 3150 4320 non
3173 4267 3462 4337 impediam

1882 4361 2013 4433 quin
2043 4371 2271 4430 accepto
2295 4370 2478 4413 tecum
2509 4355 2816 4412 Israelitico
2851 4357 3056 4428 popqu
3093 4356 3202 4412 Deo
3253 4359 3461 4412 cultum

1882 4465 2126 4528 pra'stes.
2161 4475 2180 4508 ι
2216 4454 2386 4510 Porro
2440 4461 2622 4509 autem
2676 4451 2892 4506 Pharao
2939 4449 3230 4520 Memphim
3280 4451 3467 4521 prore-

190 4564 262 4624 είς
285 4562 344 4614 τὸ
378 4557 694 4630 λατρεῦσαι
736 4555 879 4625 ὑμᾶς
913 4554 1080 4622 αὐτῷ.
1113 4570 1131 4603 ›
1179 4552 1238 4604 'U
1268 4551 1322 4604 δὲ
1367 4549 1567 4619 Φαραὼ
1613 4550 1779 4604 ἀπελ-

1885 4558 2030 4613 ctus,
2055 4547 2311 4603 consulto
2345 4545 2417 4599 ibi
2455 4544 2817 4600 celeberrimo
2860 4543 2971 4598 isto
3030 4543 3258 4597 oraculo
3301 4559 3465 4597 acue-

191 4653 290 4705 θὼν
319 4655 378 4704 ὲν
407 4652 653 4720 Μέμφει
683 4647 766 4708 εἰς
796 4645 856 4698 τὸ
885 4644 1214 4714 περιϐόητον
1251 4643 1526 4712 μαντεῖον,
1565 4642 1660 4695 καὶ
1684 4642 1780 4695 λα-

188 4740 290 4795 ϐὼν
318 4743 413 4794 τὸν
446 4735 846 4810 προρρηθέντα
874 4734 1120 4804 χρησμὸν
1173 4733 1270 4785 καὶ
1310 4731 1660 4802 ὑποστρέψας
1691 4731 1782 4784 εὑ-

190 4833 318 4896 θέως
348 4833 606 4886 ἀπέλυσε
641 4828 731 4880 τὸν
776 4825 992 4896 Ἰσραὴλ
1020 4824 1159 4895 μετὰ
1197 4825 1477 4888 Μωῦσέως
1505 4825 1602 4876 καὶ
1655 4825 1780 4877 Ἀα-

193 4926 309 4994 ρών.
339 4922 561 4978 Ἐλαϐε
593 4919 653 4974 δὲ
679 4920 708 4972 ὁ
736 4917 862 4980 λαὸς
890 4920 947 4970 ὲν
971 4916 1167 4988 χρήσει
1190 4916 1298 4968 άπὸ
1326 4915 1435 4968 τῶν
1465 4914 1779 4982 Αἰγυπτίων

192 5016 352 5084 σκεύη
387 5015 586 5085 χρυσᾶ
626 5010 722 5063 καὶ
746 5010 967 5079 ἀργυρᾶ
1000 5006 1094 5060 καὶ
1123 5005 1418 5076 ἱματισμὸν
1447 5005 1638 5059 πολύν.
1668 5006 1780 5059 Καὶ

191 5112 318 5179 μετὰ
375 5109 442 5160 τὸ
493 5101 742 5169 ἐξελθεῖν
790 5102 988 5162 αὐτοὺς
1026 5097 1370 5169 μετεμελήθη
1427 5095 1648 5167 Φαραὼ,
1685 5099 1781 5150 καὶ

188 5200 517 5266 κατεδίωξεν
551 5195 733 5250 ὀπίσω
759 5193 940 5247 αὐτῶν
973 5191 1113 5262 μετὰ
1149 5189 1257 5244 τῶν
1287 5190 1552 5262 ἁρμάτων
1587 5188 1777 5256 αὑτοῦ,

187 5297 270 5348 καὶ
291 5291 617 5348 κατέλαϐεν
644 5287 843 5348 αὐτοὺς
866 5285 1020 5356 πσρὰ
1044 5285 1143 5352 τὴν
1174 5283 1442 5354 Ἐρυθρὰν
1479 5281 1776 5338 θάλασσαν.

188 5383 284 5448 Οὓς
318 5382 672 5449 θεασάμενοι
701 5379 748 5430 οἱ
789 5375 1120 5447 Ἰσραηλῖται
1162 5374 1466 5443 ἀνεϐόησαν
1514 5374 1650 5442 πρὸς
1682 5374 1776 5426 τὸν

188 5475 329 5528 Θεὸν.
361 5475 482 5528 Καὶ
508 5469 770 5532 ἐκτείνας
798 5469 897 5538 τὴν
920 5469 1076 5539 χεῖρα
1105 5464 1271 5521 αὑτοῦ
1302 5466 1543 5535 Μωῦσῆς
1575 5464 1775 5537 ἔπληξε

185 5569 276 5637 τὴν
326 5567 629 5622 θάλασσαν
664 5561 863 5632 ῥάϐδῳ,
917 5563 1014 5615 καὶ
1055 5560 1278 5632 διῃρέθη
1323 5562 1397 5612 τὰ
1436 5559 1622 5623 ὕδατα,
1681 5559 1778 5612 καὶ

186 5661 327 5729 διέϐη
355 5661 469 5721 πᾶς
507 5662 534 5710 ὁ
579 5655 709 5716 λαὸς
739 5655 813 5716 ὡς
850 5653 936 5707 διὰ
972 5654 1161 5724 ξηρᾶς.
1206 5652 1468 5707 Ὀπισθεν
1497 5651 1554 5705 δὲ
1582 5650 1773 5704 τούτου

187 5754 428 5824 εξήλθον
467 5750 577 5805 καὶ
625 5749 675 5801 οἱ
725 5746 1010 5817 Anim-.0:
1054 5746 1251 5809 πάντες
1301 5744 1417 5814 ἅμα
1466 5742 1543 5812 τῷ
1573 5742 1772 5813 Φαραὼ

259 5873 297 5902 ¹⁹
329 5871 483 5927 Exod
545 5883 650 5922 τυ.

1887 4650 2090 4712 ptoque
2115 4639 2262 4711 quod
2311 4637 2599 4692 retulimus
2660 4648 2950 4704 responso,
3019 4647 3275 4689 reversus
3321 4634 3467 4692 illico

1887 4731 2092 4787 Mosem
2150 4739 2317 4800 atque
2361 4727 2638 4782 Aaronem
2693 4740 2818 4780 cum
2853 4725 3057 4797 populo
3085 4723 3196 4797 85
3235 4723 3467 4780 Judaieo

1886 4825 2116 4882 dimisit.
2148 4823 2428 4879 Mutuatus
2450 4827 2634 4874 autem
2667 4826 2752 4873 est
2784 4817 3021 4887 populus
3070 4817 3140 4871 ab
3191 4815 3466 4892 Egyptjis

1888 4933 2017 4974 vasa
2043 4929 2210 4970 aurea
2236 4922 2294 4968 et
2330 4922 2588 4981 argentea
2626 4917 2948 4980 vestemque
2975 4907 3226 4960 multam.
3265 4908 3338 4958 I'In
3394 4908 3468 4960 ili;

1889 5021 2080 5080 grcsso
2107 5006 2312 5060 factum
2358 5001 2572 5056 Pharao
2620 4998 2878 5063 mutavit,
2942 4997 3338 5071 insecutosque
3371 5013 3472 5052 eos

1890 5111 1975 5157 est
2013 5113 2135 5155 cum
2178 5095 2434 5150 curribus
2471 5093 2613 5156 suis,
2651 5103 2816 5161 atque
2856 5097 3146 5144 assecutus
3185 5088 3327 5159 apud
3357 5088 3469 5143 Ru-

1891 5195 2045 5249 brum
2065 5203 2231 5244 mare.
2255 5181 2812 5252 lsraelici,visisIEgy
2823 5181 2972 5252 ptiis,
2993 5179 3210 5235 sublato
3223 5180 3468 5234 clamore

1889 5281 1980 5335 Dei
2012 5278 2274 5334 auxilium
2296 5276 2678 5346 implorarunt.
2707 5271 2784 5327 lbi
2810 5281 2921 5325 tum
2955 5268 3132 5325 Moses
3157 5283 3319 5323 manu
3341 5282 3467 5339 por-

1889 5382 2034 5429 recta
2060 5386 2209 5425 mare
2237 5370 2432 5424 baculo
2451 5363 2718 5437 percussit
2739 5379 2753 5417 :
2773 5364 3128 5431 statitnaquai
3146 5360 3218 5414 ita
3236 5369 3361 5416 sunt
3375 5357 3466 5416 ἀίσ

1886 5466 2038 5525 visze,
2056 5470 2111 5516 ut
2126 5462 2415 5514 universus
2434 5455 2667 5527 populus
2695 5463 2956 5524 tanquam
2973 5468 3069 5523 per
3089 5451 3296 5507 siccum
3313 5458 3468 5505 tran-

1889 5554 2098 5610 siverit.
2133 5552 2270 5606 Eum
2311 5549 2598 5607 subsecuti
2633 5554 2763 5603 sunt
2800 5544 3041 5616 [Egyptii
3103 5558 3294 5598 omnes
3342 5558 3467 5598 cum

1890 5645 2169 5700 Pharaone
2183 5655 2230 5697 et
2250 5642 2506 5698 curribus
2519 5640 2656 5696 suis.
2671 5640 2818 5706 Quos
2835 5653 2955 5692 eum
2971 5637 3214 5692 viderent
3231 5633 3473 5692 lsraeliei

1887 5740 2238 5809 peitransire,
2266 5736 2464 5807 ingens
2499 5733 2642 5804 apud
2678 5732 2776 5786 hos
2808 5737 3096 5786 terrorest
3128 5730 3374 5786 obortus.
3397 5729 3464 5782 At
