4184 6436
694 410 796 476 III)

1961 423 2286 487 GEORGII
2316 427 2616 489 GEDREN
2627 429 2651 488 ῐ

3847 433 3956 498 116

688 521 888 585 Moses,
921 521 1068 594 virga
1103 538 1201 578 sua
1229 531 1530 580 retrorsum
1561 535 1839 596 porrecta,
1867 543 2066 599 aquam
2103 529 2260 584 alveo

2375 536 2503 602 μετά
2537 537 2646 589 τῶν
2696 537 2958 608 ἁρμάτων
3011 539 3212 594 αὐτῶν.
3281 541 3501 604 ’ἰδόντες
3543 543 3599 597 δὲ
3651 543 3849 608 αὐτοὺς
3892 548 3947 601 oi

688 613 950 677 restituit,
986 627 1158 682 eaque
1189 628 1384 668 omnes
1415 612 1658 685 Egyptii
1688 625 1817 670 sunt
1849 617 2058 682 obruti,
2107 618 2262 672 nullo

687 705 1000 772 superstite.
1041 705 1154 760 lloc
1183 708 1321 771 viso,
1360 708 1602 761 lsraelici
1631 708 1724 763 Dei
1748 711 1841 778 qui
1862 712 2008 781 ipsos
2035 710 2262 768 servas;

689 804 767 847 set
792 794 981 848 laudes
1008 795 1468 864 prmdicaverunt,
1498 801 1867 866 praeeuntibus
1886 801 1939 854 in
1965 801 2078 856 haec
2097 802 2262 857 verba

688 884 838 940 Mose
861 895 1028 955 atque
1050 889 1294 942 Aarone:
1327 905 1345 939 ι
1363 887 1642 944 Canamus
1667 889 1976 956 Dominum,
2001 909 2126 948 nam
2151 895 2266 964 glo-

687 977 1066 1049 riosegloriam
1083 995 1236 1033 suam
1255 980 1650 1051 testatamtfecit
1665 983 1728 1048 “,
1741 991 1874 1037 tetc.
1890 985 2270 1054 subsequenti-

688 1065 792 1121 bus
808 1067 973 1120 Maria
997 1079 1048 1121 et
1067 1068 1406 1134 mulieribus,
1435 1085 1500 1125 ac
1529 1079 1843 1141 tympanum
1877 1073 2260 1140 pulsantibus.

2381 625 3110 699 Ἰσραηλῖταιδιερχομένους
3123 630 3272 702 φόϐῳ
3289 633 3692 705 συνεσχέθησαν
3717 637 3845 689 ἁπεί
3851 655 3950 708 ρῳ.

2386 714 2443 764 '0
2471 716 2527 768 δέ
2569 718 2814 788 Μωῦσῆς
2842 720 3090 782 ἐκτείνας
3118 723 3220 792 τὴν
3255 723 3452 793 ῥάϐδον
3481 725 3649 779 αὑτοῦ
3693 728 3941 799 ἐπιστρεο

2373 805 2583 869 πτικῶς
2610 805 2697 878 [Ρ.
2730 807 2822 880 48]
2853 810 3270 881 ἀποκατέστησε
3292 813 3354 868 τὸ
3384 812 3530 885 ὕδωρ
3560 817 3640 880 είς
3667 817 3758 870 τὸν
3780 819 3950 871 τόπον

2372 897 2560 953 αὑτοῦ.
2584 899 2697 953 Καὶ
2728 899 2928 970 ἐφυγον
2948 905 3150 968 πάντες
3175 907 3223 958 οἱ
3246 905 3533 975 Αἰγύπτιοι
3556 907 3661 960 ὑπὸ
3692 909 3751 961 τὸ
3781 909 3954 979 ὕδωρ,

2383 988 2610 1059 μηδενὸς
2643 991 3081 1064 ὑπολειφθέντος.
3103 995 3284 1068 Ὅπερ
3301 999 3628 1070 θεασάμενοι
3654 1001 3705 1052 οἰ
3736 1001 3954 1070 Ἰσραη-

2381 1079 2526 1132 λῖται
2554 1079 2645 1135 τὸν
2671 1083 2977 1154 ῥυσάμενον
3007 1086 3206 1146 αὐτοὺς
3230 1087 3363 1142 Θεὸν
3393 1088 3756 1158 ἐδοξολόγουν,
3818 1107 3958 1160 προ.

686 1159 1006 1228 ηγουμένων
1025 1157 1120 1210 τοῦ
1156 1158 1432 1236 Μωῦσέως
1453 1159 1546 1212 καὶ
1576 1160 1668 1212 τοῦ
1709 1161 1937 1231 Ἀαρὼν,
1973 1165 2068 1217 καὶ
2104 1164 2391 1232 λεγόντων·
2434 1189 2453 1220 ι
2487 1171 2744 1244 ¹’ᾼσωμεν
2771 1174 2853 1246 τῷ
2889 1175 3111 1248 Κυρίῳο
3140 1177 3364 1243 ἐνδόξως
3394 1180 3502 1251 γὰρ
3529 1157 3875 1252 δεδόξασται,
3926 1203 3951 1237 s

686 1253 1033 1326 ἐφεπομένης
1080 1255 1179 1324 τῆς
1227 1255 1462 1323 ἀδελφῆς
1508 1255 1688 1309 αὐτῶν
1731 1257 1948 1327 Μαρίας
1993 1262 2131 1330 μετά
2161 1262 2270 1315 τῶν
2308 1269 2608 1336 γυναικῶν,
2645 1271 2738 1325 xui.
2771 1272 3215 1343 ἀνακρουομένης
3240 1275 3301 1327 τὸ
3326 1273 3631 1344 τύμπανον.

757 1349 816 1402 In
839 1349 1012 1404 Parva
1037 1347 1235 1403 Genesi
1282 1348 1550 1418 scriptum
1583 1358 1669 1403 est
1698 1351 1846 1406 solos
1877 1351 2064 1406 decem
2117 1368 2270 1408 men-

688 1458 780 1498 ses
809 1444 1057 1512 abjectos
1090 1441 1265 1497 fuisse
1294 1443 1349 1497 in
1380 1458 1595 1497 amnem
1634 1458 1832 1512 pueros
1861 1443 2266 1510 lsraelicornm,

689 1535 868 1590 donec
903 1549 932 1588 a
973 1533 1164 1603 regina
1213 1536 1400 1589 Moses
1437 1535 1564 1588 inde
1612 1545 1901 1605 exemptus
1956 1536 2080 1593 fuit.
2140 1537 2269 1592 Ideo

688 1627 853 1682 etiam
888 1627 1078 1682 decem
1113 1640 1315 1696 genera
1347 1627 1725 1680 calamitatum
1754 1643 1852 1697 per
1873 1628 2060 1684 decem
2110 1645 2268 1684 men~

2445 1361 2564 1416 Ὅτι
2594 1363 2652 1416 ἐν
2680 1365 2746 1434 τῇ
2778 1364 2969 1435 Λεπτῇ
3003 1365 3220 1418 Γενέσει
3251 1367 3427 1419 κεῖται
3465 1367 3660 1437 μόνους
3690 1367 3822 1423 δέκα
3845 1371 3957 1441 μῆ-

2368 1471 2463 1516 νας
2512 1456 2732 1524 ῥιφῆναι
2759 1456 2828 1509 τὰ
2856 1457 3031 1526 βρέφη
3073 1457 3184 1510 τῶν
3244 1457 3595 1528 Ἰσραηλιτῶν
3635 1460 3692 1513 ἐν
3735 1461 3814 1530 τῷ
3852 1481 3956 1516 ποσ

2367 1547 2548 1616 ταμῴ,
2587 1548 2692 1611 ἕως
2728 1543 2788 1603 οὗ
2838 1549 3117 1620 ἀνελήφθη
3150 1551 3392 1621 Μωῦσης
3426 1553 3532 1606 ὑπὸ
3567 1553 3669 1622 τῆς
3704 1554 3949 1623 βασιλίσ-

2373 1656 2503 1708 σης·
2534 1640 2624 1693 διὰ
2655 1640 2814 1695 τοῦτο
2846 1641 2978 1695 δέκα
3005 1642 3216 1711 πληγαὶ
3246 1643 3508 1714 ἐδόθησαν
3546 1647 3604 1699 ἐν
3647 1647 3782 1701 δέκα
3814 1647 3951 1718 μησὶ

689 1734 776 1774 ses
809 1717 1082 1789 [Egyptiis
1121 1716 1351 1783 inﬂicta,
1394 1733 1607 1788 eosque
1656 1719 1880 1774 demum
1915 1722 1971 1774 in
2008 1722 2146 1775 mari
2172 1737 2267 1792 pe-

2375 1733 2484 1796 τοῖς
2516 1733 2856 1800 Αἰγυπτίοις,
2884 1735 2977 1786 καὶ
3006 1734 3162 1798 τέλος
3191 1737 3252 1788 ἐν
3278 1738 3345 1806 τῇ
3376 1735 3622 1809 Θαλάσσῃ
3648 1716 3954 1809 κατεστράο

691 1810 870 1873 riisse,
897 1808 1173 1878 quomodo
1202 1808 1557 1864 Hebraeorum
1583 1825 1789 1880 pueros
1817 1812 1870 1864 in
1899 1810 2064 1867 ﬂuvio
2103 1813 2271 1868 sutl‘o-

686 1910 968 1967 eaverant,
995 1901 1069 1955 ita
1097 1901 1340 1971 quidem,
1362 1910 1420 1955 ut
1447 1901 1569 1956 loco
1587 1903 1754 1957 unius
1778 1903 2006 1958 infantis
2020 1903 2266 1961 lsraelici

689 1994 842 2048 mille
865 1994 978 2064 86
1003 1994 1172 2047 validi
1219 1994 1322 2048 viri
1350 1993 1591 2064 IEgyptii
1629 1995 1964 2050 interierint.
1999 1995 2268 2052 Caeterum

689 2085 895 2141 Mosem
932 2085 1239 2141 Pharaonis
1281 2085 1390 2139 lilia
1426 2086 1479 2139 in
1512 2086 1720 2155 regium
1757 2101 1934 2153 genus
1965 2087 2266 2158 adoptavit,

690 2194 870 2248 neque
911 2185 1095 2232 tamen
1158 2178 1435 2234 lsraelicis
1479 2179 1550 2234 de
1585 2178 1856 2250 imperato
1896 2195 2066 2252 opere
2107 2183 2268 2252 quid-

687 2282 851 2338 quam
895 2268 1132 2324 remisit.
1162 2267 1300 2323 Cum
1330 2270 1516 2324 Moses
1551 2269 1764 2325 virilem
1807 2279 2022 2326 aetatem
2049 2273 2266 2344 attigis-

689 2369 792 2422 set,
823 2361 1113 2428 Aﬂtbiopes
1159 2359 1295 2413 ludo
1328 2359 1496 2413 ﬂuvio
1531 2361 1763 2428 trajecto
1802 2362 2060 2432 gravibus
2092 2363 2269 2418 incur-

689 2449 941 2504 sionibus
988 2448 1287 2518 Egyptum
1332 2448 1577 2519 pepulati
1616 2455 1768 2513 sunt,
1802 2449 1878 2503 ita
1931 2451 2152 2520 quidem
2209 2463 2269 2508 ut

690 2541 856 2596 nrbes
875 2555 1044 2610 prope
1065 2555 1258 2595 omnes
1277 2541 1597 2604 everterint,
1617 2541 1916 2596 exercitum
1949 2540 2265 2613 Egyptium

690 2634 1013 2696 deleverint,
1067 2633 1325 2689 ductores
1358 2634 1477 2700 ejus
1509 2635 1929 2690 trucidaverint.
1959 2636 2186 2690 Duravit
2210 2635 2262 2690 id

690 2725 893 2780 bellum
926 2739 1100 2779 annos
1121 2725 1389 2795 quinque.
1429 2723 1676 2796 Egyptii
1710 2735 1893 2781 autem
1930 2726 1985 2780 in
2020 2741 2267 2783 summas

690 2816 898 2872 redacti
934 2818 1219 2888 angustias
1247 2817 1474 2872 oraculo
1514 2819 1780 2889 jubentur
1806 2819 2097 2890 imperium
2131 2818 2265 2875 Mosi

692 2905 930 2970 deferre,
981 2907 1169 2976 itaque
1205 2917 1260 2962 et
1299 2924 1327 2962 a
1366 2908 1696 2964 Thermutbi
1736 2911 1843 2965 hoc
1899 2911 2261 2976 contendunt,

692 2993 768 3049 Ea
818 2997 1027 3051 acriter
1057 2997 1112 3052 in
1146 2999 1298 3068 ipsos
1332 2999 1548 3057 invecta
1586 3002 1732 3072 quod
1782 3017 1878 3058 eos
1933 3018 2030 3073 per
2079 2993 2264 3059 dolum

2377 1841 2558 1893 φησαν
2611 1824 2672 1878 δν
2723 1826 2925 1896 τρόπον
2974 1826 3044 1880 τὰ
3080 1826 3257 1897 βρέφη
3307 1827 3418 1880 τῶν
3455 1827 3723 1899 Ἐϐραίων
3771 1831 3829 1882 ἐν
3871 1828 3957 1898 τῷ

2373 1915 2606 1986 ποταμῷ
2659 1915 2988 1986 ἀπέπνιγον,
3039 1917 3228 1988 χιλίων
3281 1918 3491 1989 ἀνδρῶν
3538 1920 3956 1988 ἀποπνιγέντων

2375 2005 2614 2077 ἰσχυρῶν
2642 2008 2958 2076 Αἰγυπτίων
2997 2009 3116 2062 ἀνθ’
3162 2009 3281 2072 ἐνὸς
3333 2010 3568 2080 βρέφους
3627 2010 3954 2080 Ἰσραηλιτι-

2371 2099 2491 2154 κοῦ.
2529 2099 2703 2154 Αὐτὸν
2741 2099 2800 2153 δὲ
2828 2100 2920 2154 τὸν
2964 2100 3207 2170 Μωῦσῆν
3256 2102 3336 2165 είς
3371 2101 3433 2154 τὸ
3477 2102 3763 2173 βασιλικὸν
3794 2102 3959 2170 γένος

2370 2193 2754 2264 εἰσεποιήσατο
2797 2196 2832 2264 ἡ
2869 2192 3117 2265 Θυγάτηρ
3155 2192 3376 2264 Φαραὼ,
3427 2193 3486 2246 οὐ
3545 2193 3740 2263 μέντοι
3775 2195 3957 2265 ἀνῆκε

2368 2283 2468 2352 τῆς
2490 2283 2847 2355 ἐπιταγείσης
2867 2283 3132 2354 ἐργασίας
3151 2285 3275 2348 τοὺς
3316 2284 3677 2356 Ἰσραηλίτας.
3717 2284 3958 2356 Ἀνδρω-

2369 2372 2554 2436 θέντος
2593 2374 2651 2428 δέ
2701 2373 2797 2428 τοῦ
2829 2376 3112 2438 Μωῦσέως
3160 2375 3501 2446 ὑπερϐάντες
3555 2376 3813 2447 Αἰθίοπες
3857 2375 3958 2428 τὸν

2379 2465 2542 2520 Ἰνδὸν
2575 2467 2820 2538 ποταμὸν
2869 2467 3056 2531 δεινῶς
3084 2466 3182 2538 τὴν
3230 2467 3511 2536 Αἴγυπτον
3541 2467 3844 2538 ἐληΐζοντο,
3874 2466 3958 2529 ὡς

2367 2558 2468 2623 τὰς
2505 2560 2687 2623 πόλεις
2712 2559 2899 2631 σχεδὸν
2930 2560 3111 2626 πάσας
3144 2561 3447 2632 ἀνατρέψαι
3475 2561 3570 2615 καὶ
3596 2560 3689 2614 τὸν
3719 2559 3957 2631 στρατὸν

2367 2652 2538 2722 αὐτῆς
2592 2651 2852 2721 ἀφανίσαι
2899 2652 2995 2705 καὶ
3041 2655 3170 2716 τοὺς
3231 2654 3570 2724 στρατηγοὺς
3617 2652 3952 2720 ἀποσφάξαι.

2371 2745 2638 2815 Ἔμειναν
2660 2744 2754 2798 οὖν
2778 2745 3102 2813 Αἰγυπτίοις
3125 2745 3494 2817 πολεμοῦντες
3521 2746 3614 2799 ἐπὶ
3638 2746 3732 2817 ἐτη
3764 2745 3956 2800 πέντε.

2381 2839 2468 2892 Ἐν
2501 2837 2707 2910 ἀπορίᾳ
2730 2837 2861 2906 γοῦν
2882 2837 3052 2909 πολλῇ
3085 2838 3459 2902 καταστάντες
3487 2838 3780 2908 Αἰγύπτιοι
3808 2855 3957 2909 χρη-

2372 2931 2664 3001 σμεύονται
2692 2931 2768 2994 ὡς
2792 2932 2872 3002 τῷ
2899 2933 3110 3003 Μωῡσῇ
3130 2931 3229 3002 τὴν
3249 2931 3588 3003 στρατηγίαν
3618 2931 3956 3002 ἐγχειρίσαι,

2371 3025 2463 3075 καὶ
2490 3023 2864 3094 παρακαλοῦσι
2892 3023 2992 3094 τὴν
3014 3023 3325 3094 Θέρμουθιν
3359 3024 3654 3094 ἐπιτρέψαι
3677 3024 3826 3093 αὑτῷ
3852 3023 3961 3095 τὴν

690 3085 897 3140 diceret
925 3101 984 3142 re
1006 3101 1133 3142 eum
1163 3091 1362 3146 scribis
1391 3108 1576 3148 rerum
1625 3109 1904 3149 sacrarum
1961 3096 2264 3166 composita

2375 3085 2739 3184 στρατηγίαν·
2801 3116 2835 3184 ἠ
2895 3085 2960 3166 δ’·
2995 3085 3270 3180 ὠνείδιζεν
3338 3085 3536 3179 αὐτούς
3568 3085 3693 3169 ’καὶ
3749 3085 3964 3178 κακοῦς

691 3177 748 3232 id
777 3178 1073 3235 consilium
1110 3181 1208 3235 ﬁlii
1253 3183 1339 3236 sui
1369 3184 1737 3241 interﬁciendi
1778 3200 1948 3241 causa
1972 3195 2264 3253 tractasse,

690 3275 877 3322 tamen
907 3267 1094 3325 Mosen
1135 3270 1343 3326 dimisit
1382 3280 1573 3343 utpote
1611 3290 1717 3344 pro
1743 3277 1919 3346 patria
1956 3291 2268 3348 propugna—

694 3365 903 3414 turum.
935 3360 1004 3415 Et
1025 3361 1246 3430 quidem
1281 3363 1462 3421 Moses
1485 3366 1539 3421 id
1564 3367 1880 3422 mandatum
1910 3369 2271 3424 libentissime

692 3451 749 3504 in
775 3466 836 3505 se
865 3455 1106 3525 recepit,
1142 3470 1326 3526 neque
1349 3459 1579 3513 omnino
1607 3460 1904 3530 quidquam
1947 3458 2270 3516 reformida-

696 3544 791 3598 vit.
819 3542 1030 3615 Quippe
1062 3548 1212 3602 omni
1244 3549 1450 3623 virtute
1483 3559 1681 3606 auctus
1725 3551 2056 3617 adoleverat,
2091 3553 2268 3607 omni-

696 3635 916 3705 busque
941 3636 1326 3709 [Egyptiorum
1357 3642 1568 3698 artibus
1600 3643 1766 3698 veluti
1808 3644 1952 3713 regis
1985 3643 2132 3699 ﬁlius
2185 3645 2270 3699 in-

697 3726 931 3783 stitutus
967 3728 1148 3784 fuerat
1184 3749 1198 3788 :
1231 3730 1296 3783 ad
1334 3731 1449 3786 haec
1500 3732 1724 3803 ingenio
1777 3743 1896 3788 erat
1935 3746 2189 3805 prompto
2218 3741 2270 3789 et

697 3819 764 3872 ad
805 3834 920 3874 rem
961 3820 1215 3876 bellicam
1251 3821 1402 3876 forti.
1437 3821 1489 3879 ls
1524 3839 1656 3893 ergo
1684 3839 1888 3880 annum
1940 3841 2112 3895 agens
2166 3828 2270 3881 tri-

697 3911 962 3966 cesimum
997 3913 1118 3983 ejus
1153 3915 1276 3970 belli
1304 3917 1526 3986 gerendi
1558 3933 1759 3972 munus
1780 3919 1967 3973 subiit.
1997 3919 2118 3985 Quo
2144 3933 2269 3974 cum

700 4017 798 4072 per
821 4004 1148 4060 decennium
1181 4015 1334 4074 gesto
1360 4007 1651 4077 Ethiopas
1667 4009 1723 4064 in
1747 4017 2052 4065 extremum
2073 4009 2273 4066 discri-

699 4109 824 4148 men
842 4096 1219 4165 compulisset,
1246 4105 1528 4168 totamque
1548 4102 1885 4155 devastasset
1910 4099 2269 4171 Etliinpiam,

700 4184 1012 4258 Saliamque
1042 4190 1370 4260 praecipuam
1390 4193 1579 4247 urbem
1603 4207 1667 4247 ac
1701 4205 1868 4262 caput
1890 4193 2011 4262 ejus
2035 4195 2188 4263 regni
2217 4193 2272 4247 in

699 4291 854 4331 suam
875 4286 1195 4346 potestatem
1223 4281 1545 4351 redegisset,
1575 4283 1646 4337 ab
1663 4284 1812 4337 omni
1844 4283 2083 4338 hostium
2125 4291 2274 4338 metu

700 4367 998 4438 Aigyptum
1039 4369 1313 4427 liberavit.
1343 4372 1474 4427 Inde
1513 4373 1640 4427 odia
1665 4373 2051 4445 Egyptiorum
2085 4373 2276 4428 adver-

701 4474 799 4514 sus
829 4474 955 4513 eum
991 4470 1297 4530 coeperunt,
1355 4463 1631 4531 praecipue
1683 4472 1866 4519 autem
1906 4464 2270 4534 Cbenephris.
2307 4447 2350 4501 θ

707 4549 842 4606 Nam
883 4552 1093 4607 interea
1118 4553 1378 4624 temporis
1411 4555 1797 4612 Palmenothes
1824 4572 1888 4612 ac
1918 4556 2272 4613 Thermuthis

711 4645 767 4697 in
794 4643 900 4698 fata
925 4654 1328 4700 concesserant.
1363 4644 1548 4716 Itaque
1577 4663 1708 4720 ergo
1732 4647 2083 4718 Chenephres
2111 4650 2277 4704 variis

709 4734 821 4804 87
849 4734 1033 4791 Mosen
1053 4738 1268 4792 insidiis
1292 4740 1499 4808 petivit,
1520 4740 1722 4794 invidia
1744 4742 2027 4807 concitus;
2048 4742 2274 4813 aciCha-

712 4827 996 4883 nathothaz
1027 4827 1193 4886 Mosis
1227 4845 1411 4885 necem
1433 4832 1921 4889 mandavitﬂoses
1937 4835 2169 4902 cognitis
2195 4834 2279 4888 in-

700 4916 879 4983 sidiis,
901 4934 967 4973 eo
987 4919 1292 4986 interfecto,
1317 4923 1438 4994 fuga
1459 4940 1556 4994 per
1570 4925 1917 4981 solitudinem
1943 4927 1998 4982 in
2018 4927 2277 4982 Arabiam

705 5011 950 5078 pervenit
982 5011 1050 5066 ad
1103 5010 1406 5078 Jothorem,
1436 5016 1535 5085 qui
1567 5015 1710 5070 idem
1740 5015 2020 5086 Raguelus
2047 5017 2274 5082 dicitur,

703 5101 865 5170 cujus
896 5102 1005 5156 tilia
1037 5103 1203 5159 ducta
1230 5106 1556 5162 Gcrsamum
1587 5117 1642 5162 et
1671 5107 1992 5162 Eleazarum
2021 5124 2276 5178 procrea-

708 5193 804 5247 vit.
837 5192 973 5248 Dum
1005 5195 1058 5249 iu
1083 5196 1324 5268 Egypto
1351 5207 1520 5264 esset,
1557 5200 1695 5256 duas
1732 5201 1895 5257 urbes
1920 5201 2130 5272 reginae
2158 5217 2273 5257 ma-

705 5285 777 5338 tri
811 5300 926 5341 suae
955 5291 1311 5358 cognomines
1339 5293 1608 5348 condidit.

779 5401 1114 5472 Eupolemus
1147 5407 1344 5459 asserit
1406 5406 1616 5462 Mosem
1667 5408 1902 5479 primum
1970 5408 2273 5480 sapientem

707 5493 901 5560 fuisse,
933 5496 1276 5567 primumque
1319 5499 1528 5554 litteras
1581 5503 1874 5556 tradidisse
1935 5501 2170 5567 Judaeis;
2209 5501 2277 5556 ab

709 5585 797 5639 his
837 5586 1147 5654 Phoenices,
1203 5606 1535 5661 rursumque
1579 5608 1606 5646 a
1660 5591 2013 5648 Phoenicibus
2057 5591 2277 5646 Graecos

707 5690 804 5730 eas
847 5681 1146 5748 accepisse.
1184 5681 1400 5737 Primus
1432 5683 1610 5740 Moses
1638 5683 1842 5739 ludatis
1879 5685 2025 5753 leges
2071 5683 2274 5753 posuit.

710 5768 854 5824 Idem
880 5770 1160 5827 hominum
1189 5776 1238 5827 iu
1268 5775 1504 5848 )Egypto
1536 5776 1936 5833 consuetudine
1987 5777 2176 5830 relicta
2222 5775 2273 5828 in

779 5889 824 5922 “
859 5887 1026 5946 Exod.
1062 5909 1152 5958 xv,
1193 5892 1243 5946 1.

2368 3205 2637 3273 ἀπέφαινε
2674 3205 2771 3259 σὺν
2820 3207 2934 3268 τοῖς
2995 3205 3536 3276 ἰερογραμματεῦσιν
3594 3210 3674 3270 είς
3723 3207 3964 3260 θάνατον

2371 3296 2745 3350 ἐπιϐουλεῦσαι
2783 3297 2861 3368 τῷ
2894 3297 3046 3350 παιδὶ
3075 3298 3440 3367 βουληθέντας
3460 3316 3474 3329 ο
3521 3299 3670 3368 ὅμως
3704 3300 3780 3362 ὡς
3813 3298 3964 3369 ὑπὲρ

2371 3389 2629 3458 πατρίδος
2681 3389 3068 3458 πολεμήσαντα
3117 3389 3520 3454 ἐξαπέστειλεν,
3569 3390 3965 3461 ἀσμενέστατα

2369 3480 2463 3532 τοῦ
2496 3479 2687 3544 παιδὸς
2717 3480 3016 3552 δεξαμένου
3049 3481 3146 3552 τὴν
3179 3481 3445 3554 ἐπιταγὴν
3478 3483 3573 3537 καὶ
3606 3483 3770 3554 μηδὲν
3802 3485 3963 3551 ἀγω-

2372 3572 2676 3634 νιάσαντος.
2717 3569 2940 3641 Ηύξήθη
2977 3571 3083 3638 γὰρ
3115 3572 3266 3643 πάσῃ
3295 3573 3467 3642 ἀρετῇ
3511 3572 3814 3642 κοσμηθεὶς
3857 3574 3964 3626 καὶ

2374 3662 2682 3726 παιδευθεὶς
2733 3663 2914 3715 πᾶσαν
2965 3662 3158 3729 σοφίαν
3196 3662 3531 3730 Αἰγυπτίων,
3562 3662 3638 3726 ὡς
3688 3662 3967 3732 βασιλέως

2373 3757 2485 3817 υἱὸς
2515 3756 2610 3808 καὶ
2655 3753 2818 3822 φύσιν
2845 3753 2984 3824 ἔχων
3014 3753 3222 3820 δεξιὰν,
3255 3753 3502 3826 ἀνδρεῖός
3533 3773 3592 3808 τε
3623 3759 3680 3810 ἐν
3709 3758 3824 3819 τοῖς
3853 3773 3963 3810 που

2374 3850 2578 3918 λέμοις.
2621 3849 2719 3910 Ὃς
2749 3847 3175 3917 τριακοντούτης
3205 3847 3489 3916 τυγχάνων
3521 3849 3761 3903 τοιοῦτον
3791 3850 3967 3903 πόλει

2377 3955 2476 4010 μον
2508 3935 2827 4002 ἀνεδέξατο·
2870 3937 2964 3990 καί
2993 3937 3084 3990 ἐπὶ
3113 3938 3245 3991 δέκα
3279 3937 3377 4008 ἐτη
3419 3938 3663 4008 ἐσχάτως
3701 3940 3827 4003 τοὺς
3861 3943 3969 3994 Αἱ-

2376 4032 2568 4096 θίοπας
2603 4031 2924 4103 πολεμήσας
2975 4033 3070 4085 καὶ
3108 4032 3400 4088 Αἰθιοπίαν
3440 4035 3622 4088 πᾶσαν
3660 4035 3968 4103 ἀφανίσας,

2375 4127 2475 4194 τήν
2521 4141 2582 4177 τε
2639 4125 2789 4178 Σαϐὰ
2852 4124 3186 4194 μητρόπολιν
3243 4124 3637 4194 βασιλεύουσαν
3683 4125 3969 4178 Αἰθιόπων

2379 4217 2734 4289 παραλαϐὼν,
2767 4217 2865 4288 τὴν
2899 4217 3176 4285 Αἴγυπτον
3215 4218 3492 4290 ἐλευθεροῖ
3521 4219 3703 4289 πάσης
3733 4218 3970 4288 πολεμι-

2376 4311 2478 4381 κῆς
2512 4309 2828 4380 ἐπιϐουλῆς.
2883 4309 3163 4362 Ἐντεῦθεν
3219 4309 3449 4381 ἄρχεται
3506 4311 3656 4381 αὐτῷ
3698 4313 3724 4363 ὁ
3766 4310 3968 4378 φθόνος

2378 4402 2511 4473 παρ’
2569 4399 2910 4468 Αἰγυπτίοις,
2976 4399 3272 4472 ἐξαιρέτως
3337 4401 3394 4456 δὲ
3461 4401 3612 4470 αὐτῷ
3668 4402 3818 4471 παρὰ
3881 4400 3970 4471 τῷ

2382 4495 2636 4562 Χενεφρῇ
2658 4507 2672 4521 ·
2708 4493 2766 4544 ἐν
2795 4490 3006 4554 τούτοις
3034 4491 3143 4560 γὰρ
3173 4492 3553 4562 τετελευτήκει
3585 4494 3613 4544 ὁ
3655 4491 3970 4560 Παλμανώο

2385 4586 2484 4655 θης
2507 4585 2601 4638 καὶ
2622 4587 2654 4654 ἠ
2678 4582 3006 4654 Θέρμουθις.
3034 4583 3148 4636 Καὶ
3170 4583 3351 4637 τοίνυν
3378 4583 3790 4638 ἐπιϐουλεύεται
3811 4582 3970 4653 αὐτῷ

2385 4679 2647 4741 ποικίλως
2700 4677 3032 4747 βασκαίνων,
3067 4675 3377 4748 Χαναθὼθῃ
3423 4676 3480 4731 δέ
3528 4675 3816 4747 ἐπιτρέπει
3861 4675 3972 4746 τὴν

2383 4768 2476 4822 τοῦ
2524 4767 2802 4829 Μωῠσέως
2838 4767 3088 4836 σφαγήν·
3138 4766 3206 4835 ἣν
3260 4767 3423 4835 γνοὺς
3461 4767 3704 4836 Μωῦσῆς
3750 4767 3978 4834 ἀναιρεῖ

2384 4862 2568 4921 αὐτὸν,
2626 4860 2719 4912 καὶ
2763 4858 2906 4912 οὓτω
2959 4859 3151 4926 φεύγει
3201 4858 3288 4911 διὰ
3333 4858 3433 4928 τῆς
3481 4859 3690 4929 ἐρήμου
3738 4859 3818 4919 εἰς
3861 4857 3975 4928 τὴν

2392 4951 2690 5022 Ἀρῤαόίαν
2721 4950 2858 5019 πρὸς
2907 4949 3099 5019 Ἰοθὸρι
3126 4948 3218 5003 τὸν
3250 4948 3344 5002 καὶ
3385 4948 3674 5017 Ῥαγουὴλ,
3707 4947 3802 5002 καὶ
3831 4947 3974 5001 ἕλα-

2379 5043 2473 5096 6εν
2504 5041 2666 5096 αὐτοῦ
2691 5041 2790 5112 τὴν
2839 5041 3114 5110 θυγατέρα
3145 5040 3282 5111 πρὸς
3313 5041 3512 5109 γάμον,
3558 5041 3619 5106 ἐξ
3650 5035 3717 5110 ἧς
3743 5039 3978 5094 ἐπαιδο-

2378 5134 2572 5202 ποίησε
2592 5132 2684 5185 τὸν
2700 5130 2932 5202 Ἰηρσάμ
2957 5131 3054 5184 καὶ
3081 5133 3170 5184 τὸν
3185 5131 3470 5202 Ἐλεάζαρ.
3494 5129 3581 5203 [Ρ.
3601 5130 3980 5203 49]’Μωῦσῆς

2378 5227 2434 5280 δὲ
2458 5224 2534 5278 ὢν
2557 5226 2615 5276 ἐν
2649 5223 2912 5292 Αἰγύπτῳ
2949 5223 3122 5287 κτίζει
3151 5223 3337 5284 πόλεις
3366 5222 3458 5275 δύο
3491 5223 3579 5274 ἐπ’
3601 5223 3826 5292 ὀνόματι
3863 5221 3979 5292 τῆς

2385 5318 2590 5388 μητρὸς
2616 5315 2778 5369 αὑτοῦ
2809 5315 2908 5383 τῆς
2940 5315 3285 5386 βασιλίσσης.

2455 5409 2576 5461 Ὅτι
2627 5407 2940 5476 Εὐπόλεμός
2985 5423 3118 5476 φησι
3160 5406 3251 5459 τὸν
3280 5406 3519 5460 Μωῦσέα
3548 5406 3767 5476 πρῶτον
3799 5407 3982 5476 σοφίιν

2381 5499 2655 5566 γενέσθαι,
2685 5497 2780 5550 καὶ
2805 5498 3107 5565 γράμματα
3137 5497 3471 5566 παραδοῦναι
3505 5497 3784 5559 Ἰουδαίοις
3813 5500 3984 5567 πρῶ-

2379 5609 2494 5652 τον,
2523 5589 2674 5659 παρά
2697 5590 2754 5642 δὲ
2795 5589 3065 5642 Ἰουδαίων
3089 5589 3342 5653 Φοίνικας
3368 5589 3729 5660 παραλαϐεῖν,
3763 5589 3978 5661 Ἕλλη-

2381 5699 2478 5744 νας
2511 5681 2567 5733 δὲ
2597 5680 2744 5750 παρὰ
2787 5681 3084 5735 Φοινίκων·
3129 5681 3328 5751 νόμους
3359 5682 3416 5735 δέ
3462 5682 3683 5751 πρῶτον
3720 5683 3980 5752 Μωῦσῆς

2381 5775 2580 5844 γράφει
2609 5773 2721 5833 τοῖς
2768 5771 3063 5835 Ἰουδαίοις.
3122 5773 3456 5827 Καταλιπὼν
3492 5774 3544 5825 δὲ
3588 5772 3835 5842 Μωῦσῆς
3863 5773 3977 5838 τὰς
