  <div class='ocr_page' id='page_1' title='image "/cluster/home/n/w/nwhite01/storage/ocr_20150623/121/nnc1.0046980032/066.png"; bbox 0 0 4184 6436; ppageno 0'>
   <div class='ocr_carea' id='block_1_1' title="bbox 194 383 2297 449">
    <p class='ocr_par' dir='ltr' id='par_1_1' title="bbox 194 383 2297 449">
     <span class='ocr_line' id='line_1_1' title="bbox 194 383 2297 449; baseline 0.001 -4"><span class='ocrx_word' id='word_1_1' title='bbox 194 383 266 445; x_wconf 82' lang='lat' dir='ltr'><strong>li&#39;l</strong></span> <span class='ocrx_word' id='word_1_2' title='bbox 1187 387 1730 449; x_wconf 75' lang='lat' dir='ltr'><strong>HISTORIARUM</strong></span> <span class='ocrx_word' id='word_1_3' title='bbox 1770 386 2297 448; x_wconf 69' lang='lat' dir='ltr'><strong>COMPENDIUM.</strong></span> 
     </span>
    </p>
   </div>
   <div class='ocr_carea' id='block_1_2' title="bbox 3319 381 3424 448">
    <p class='ocr_par' dir='ltr' id='par_1_2' title="bbox 3319 381 3424 448">
     <span class='ocr_line' id='line_1_2' title="bbox 3319 381 3424 448; baseline 0.019 -2"><span class='ocrx_word' id='word_1_4' title='bbox 3319 381 3424 448; x_wconf 77' lang='lat'><strong>118</strong></span> 
     </span>
    </p>
   </div>
   <div class='ocr_carea' id='block_1_3' title="bbox 194 490 1761 567">
    <p class='ocr_par' dir='ltr' id='par_1_3' title="bbox 194 490 1738 567">
     <span class='ocr_line' id='line_1_3' title="bbox 194 490 1738 567; baseline 0.002 -20"><span class='ocrx_word' id='word_1_5' title='bbox 194 493 285 547; x_wconf 72' lang='grc' dir='ltr'>κατ’</span> <span class='ocrx_word' id='word_1_6' title='bbox 308 490 586 561; x_wconf 74' lang='grc' dir='ltr'>Αἴγυπτον</span> <span class='ocrx_word' id='word_1_7' title='bbox 611 494 897 566; x_wconf 75' lang='grc' dir='ltr'>διατριϐὰς</span> <span class='ocrx_word' id='word_1_8' title='bbox 930 498 1008 561; x_wconf 82' lang='grc' dir='ltr'><strong>είς</strong></span> <span class='ocrx_word' id='word_1_9' title='bbox 1038 496 1137 565; x_wconf 83' lang='grc' dir='ltr'>τὴν</span> <span class='ocrx_word' id='word_1_10' title='bbox 1168 496 1373 566; x_wconf 76' lang='grc' dir='ltr'>ἔρημον</span> <span class='ocrx_word' id='word_1_11' title='bbox 1406 497 1738 567; x_wconf 72' lang='grc' dir='ltr'>ἐφιλοσόφει,</span> 
     </span>
    </p>
   </div>
   <div class='ocr_carea' id='block_1_4' title="bbox 1855 490 3421 567">
    <p class='ocr_par' dir='ltr' id='par_1_4' title="bbox 1855 495 3421 566">
     <span class='ocr_line' id='line_1_4' title="bbox 1855 495 3421 566; baseline -0.002 -15"><span class='ocrx_word' id='word_1_12' title='bbox 1855 497 2217 558; x_wconf 73' lang='lat' dir='ltr'><strong>solitudinem,</strong></span> <span class='ocrx_word' id='word_1_13' title='bbox 2255 502 2312 549; x_wconf 91' lang='lat' dir='ltr'><strong>ut</strong></span> <span class='ocrx_word' id='word_1_14' title='bbox 2358 495 2650 566; x_wconf 68' lang='lat' dir='ltr'><strong>sapicntim</strong></span> <span class='ocrx_word' id='word_1_15' title='bbox 2688 495 2874 553; x_wconf 81' lang='lat' dir='ltr'><strong>studio</strong></span> <span class='ocrx_word' id='word_1_16' title='bbox 2903 503 3146 559; x_wconf 71' lang='lat' dir='ltr'><strong>vacaret,</strong></span> <span class='ocrx_word' id='word_1_17' title='bbox 3181 508 3244 550; x_wconf 84' lang='lat' dir='ltr'><strong>se</strong></span> <span class='ocrx_word' id='word_1_18' title='bbox 3271 508 3421 549; x_wconf 84' lang='lat' dir='ltr'><strong>con-</strong></span> 
     </span>
    </p>
   </div>
   <div class='ocr_carea' id='block_1_5' title="bbox 194 583 1740 660">
    <p class='ocr_par' dir='ltr' id='par_1_5' title="bbox 194 583 1740 660">
     <span class='ocr_line' id='line_1_5' title="bbox 194 583 1740 660; baseline 0.002 -25"><span class='ocrx_word' id='word_1_19' title='bbox 194 583 543 660; x_wconf 75' lang='grc' dir='ltr'>διδασκόμενος</span> <span class='ocrx_word' id='word_1_20' title='bbox 576 587 727 653; x_wconf 74' lang='grc' dir='ltr'>παρὰ</span> <span class='ocrx_word' id='word_1_21' title='bbox 750 590 842 639; x_wconf 88' lang='grc' dir='ltr'><strong>τοῦ</strong></span> <span class='ocrx_word' id='word_1_22' title='bbox 871 587 1213 656; x_wconf 71' lang='grc' dir='ltr'>ἀρχαγγέλου</span> <span class='ocrx_word' id='word_1_23' title='bbox 1246 587 1285 639; x_wconf 91' lang='grc' dir='ltr'><strong>Γ</strong></span> <span class='ocrx_word' id='word_1_24' title='bbox 1288 587 1485 657; x_wconf 81' lang='grc' dir='ltr'>αϐριὴλ</span> <span class='ocrx_word' id='word_1_25' title='bbox 1515 588 1580 639; x_wconf 59' lang='lat' dir='ltr'><strong>ei</strong></span> <span class='ocrx_word' id='word_1_26' title='bbox 1614 588 1740 656; x_wconf 70' lang='grc' dir='ltr'>περὶ</span> 
     </span>
    </p>
   </div>
   <div class='ocr_carea' id='block_1_6' title="bbox 193 675 1741 748">
    <p class='ocr_par' dir='ltr' id='par_1_6' title="bbox 193 675 1741 748">
     <span class='ocr_line' id='line_1_6' title="bbox 193 675 1741 748; baseline 0.005 -24"><span class='ocrx_word' id='word_1_27' title='bbox 193 676 267 742; x_wconf 77' lang='grc' dir='ltr'>τῆς</span> <span class='ocrx_word' id='word_1_28' title='bbox 295 675 562 740; x_wconf 80' lang='grc' dir='ltr'>γενέσεως</span> <span class='ocrx_word' id='word_1_29' title='bbox 586 676 681 728; x_wconf 85' lang='grc' dir='ltr'><strong>τοῦ</strong></span> <span class='ocrx_word' id='word_1_30' title='bbox 712 679 917 747; x_wconf 84' lang='grc' dir='ltr'>κόσμου</span> <span class='ocrx_word' id='word_1_31' title='bbox 956 679 1047 731; x_wconf 73' lang='grc' dir='ltr'><strong>καὶ</strong></span> <span class='ocrx_word' id='word_1_32' title='bbox 1076 678 1169 731; x_wconf 84' lang='grc' dir='ltr'><strong>τοῦ</strong></span> <span class='ocrx_word' id='word_1_33' title='bbox 1208 679 1425 748; x_wconf 81' lang='grc' dir='ltr'>πρώτου</span> <span class='ocrx_word' id='word_1_34' title='bbox 1451 679 1741 748; x_wconf 75' lang='grc' dir='ltr'>ἀνθρώπου</span> 
     </span>
    </p>
   </div>
   <div class='ocr_carea' id='block_1_7' title="bbox 194 765 1743 839">
    <p class='ocr_par' dir='ltr' id='par_1_7' title="bbox 194 765 1743 839">
     <span class='ocr_line' id='line_1_7' title="bbox 194 765 1743 839; baseline 0.003 -22"><span class='ocrx_word' id='word_1_35' title='bbox 194 765 267 817; x_wconf 76' lang='grc' dir='ltr'><strong>καὶ</strong></span> <span class='ocrx_word' id='word_1_36' title='bbox 296 766 402 817; x_wconf 87' lang='grc' dir='ltr'><strong>τῶν</strong></span> <span class='ocrx_word' id='word_1_37' title='bbox 437 768 557 836; x_wconf 84' lang='grc' dir='ltr'>μετ’</span> <span class='ocrx_word' id='word_1_38' title='bbox 590 769 815 830; x_wconf 80' lang='grc' dir='ltr'>ἐκεῖνον,</span> <span class='ocrx_word' id='word_1_39' title='bbox 844 770 1052 823; x_wconf 73' lang='grc' dir='ltr'>καὶτοῦ</span> <span class='ocrx_word' id='word_1_40' title='bbox 1088 770 1504 839; x_wconf 73' lang='grc' dir='ltr'>κατακλυσμοῦτ</span> <span class='ocrx_word' id='word_1_41' title='bbox 1523 770 1617 823; x_wconf 66' lang='grc' dir='ltr'><strong>καὶ</strong></span> <span class='ocrx_word' id='word_1_42' title='bbox 1640 770 1743 838; x_wconf 80' lang='grc' dir='ltr'>τῆς</span> 
     </span>
    </p>
   </div>
   <div class='ocr_carea' id='block_1_8' title="bbox 195 857 1743 930">
    <p class='ocr_par' dir='ltr' id='par_1_8' title="bbox 195 857 1743 930">
     <span class='ocr_line' id='line_1_8' title="bbox 195 857 1743 930; baseline 0.003 -21"><span class='ocrx_word' id='word_1_43' title='bbox 195 857 480 924; x_wconf 77' lang='grc' dir='ltr'>συγχύσεως</span> <span class='ocrx_word' id='word_1_44' title='bbox 531 861 627 912; x_wconf 76' lang='grc' dir='ltr'><strong>καὶ</strong></span> <span class='ocrx_word' id='word_1_45' title='bbox 680 860 955 923; x_wconf 76' lang='grc' dir='ltr'><strong>ποικιλίας</strong></span> <span class='ocrx_word' id='word_1_46' title='bbox 1000 862 1111 914; x_wconf 86' lang='grc' dir='ltr'><strong>τῶν</strong></span> <span class='ocrx_word' id='word_1_47' title='bbox 1161 862 1443 930; x_wconf 82' lang='grc' dir='ltr'>γλωσσῶν,</span> <span class='ocrx_word' id='word_1_48' title='bbox 1496 863 1592 915; x_wconf 77' lang='grc' dir='ltr'>καὶ</span> <span class='ocrx_word' id='word_1_49' title='bbox 1633 862 1743 913; x_wconf 88' lang='grc' dir='ltr'><strong>τῶν</strong></span> 
     </span>
    </p>
   </div>
   <div class='ocr_carea' id='block_1_9' title="bbox 197 949 1741 1022">
    <p class='ocr_par' dir='ltr' id='par_1_9' title="bbox 197 949 1741 1022">
     <span class='ocr_line' id='line_1_9' title="bbox 197 949 1741 1022; baseline 0.003 -23"><span class='ocrx_word' id='word_1_50' title='bbox 197 950 300 1017; x_wconf 80' lang='grc' dir='ltr'>περὶ</span> <span class='ocrx_word' id='word_1_51' title='bbox 325 950 415 1001; x_wconf 78' lang='grc' dir='ltr'><strong>τὸν</strong></span> <span class='ocrx_word' id='word_1_52' title='bbox 458 950 679 1021; x_wconf 83' lang='grc' dir='ltr'>πρῶτον</span> <span class='ocrx_word' id='word_1_53' title='bbox 713 952 1020 1022; x_wconf 72' lang='grc' dir='ltr'>ἄνθρωπον,</span> <span class='ocrx_word' id='word_1_54' title='bbox 1065 955 1159 1006; x_wconf 76' lang='grc' dir='ltr'>καὶ</span> <span class='ocrx_word' id='word_1_55' title='bbox 1192 952 1301 1006; x_wconf 84' lang='grc' dir='ltr'><strong>τῶν</strong></span> <span class='ocrx_word' id='word_1_56' title='bbox 1349 952 1541 1022; x_wconf 75' lang='grc' dir='ltr'>μέχρις</span> <span class='ocrx_word' id='word_1_57' title='bbox 1577 949 1741 1003; x_wconf 79' lang='grc' dir='ltr'>αὐτοῦ</span> 
     </span>
    </p>
   </div>
   <div class='ocr_carea' id='block_1_10' title="bbox 194 1041 1744 1114">
    <p class='ocr_par' dir='ltr' id='par_1_10' title="bbox 194 1041 1744 1114">
     <span class='ocr_line' id='line_1_10' title="bbox 194 1041 1744 1114; baseline 0.008 -22"><span class='ocrx_word' id='word_1_58' title='bbox 194 1041 391 1109; x_wconf 74' lang='grc' dir='ltr'>χρόνων,</span> <span class='ocrx_word' id='word_1_59' title='bbox 445 1043 539 1093; x_wconf 61' lang='grc' dir='ltr'><strong>καὶ⁵</strong></span> <span class='ocrx_word' id='word_1_60' title='bbox 592 1045 854 1114; x_wconf 73' lang='grc' dir='ltr'>περὶτῆς</span> <span class='ocrx_word' id='word_1_61' title='bbox 911 1044 1234 1114; x_wconf 78' lang='grc' dir='ltr'>νομοθεσίας</span> <span class='ocrx_word' id='word_1_62' title='bbox 1277 1046 1377 1114; x_wconf 81' lang='grc' dir='ltr'>τῆς</span> <span class='ocrx_word' id='word_1_63' title='bbox 1439 1043 1744 1113; x_wconf 77' lang='grc' dir='ltr'><strong>μελλούσης</strong></span> 
     </span>
    </p>
   </div>
   <div class='ocr_carea' id='block_1_11' title="bbox 195 1132 1743 1205">
    <p class='ocr_par' dir='ltr' id='par_1_11' title="bbox 195 1132 1743 1205">
     <span class='ocr_line' id='line_1_11' title="bbox 195 1132 1743 1205; baseline 0.002 -22"><span class='ocrx_word' id='word_1_64' title='bbox 195 1133 299 1200; x_wconf 74' lang='grc' dir='ltr'>παρ’</span> <span class='ocrx_word' id='word_1_65' title='bbox 328 1132 493 1186; x_wconf 79' lang='grc' dir='ltr'>αὐτοῦ</span> <span class='ocrx_word' id='word_1_66' title='bbox 519 1133 759 1187; x_wconf 80' lang='grc' dir='ltr'><strong>δίδοσθαι</strong></span> <span class='ocrx_word' id='word_1_67' title='bbox 779 1136 858 1205; x_wconf 82' lang='grc' dir='ltr'>τῷ</span> <span class='ocrx_word' id='word_1_68' title='bbox 905 1136 1172 1189; x_wconf 82' lang='grc' dir='ltr'><strong>Ἰουδαίων</strong></span> <span class='ocrx_word' id='word_1_69' title='bbox 1201 1135 1365 1197; x_wconf 73' lang='grc' dir='ltr'>ἔθνει,</span> <span class='ocrx_word' id='word_1_70' title='bbox 1398 1136 1489 1189; x_wconf 68' lang='grc' dir='ltr'>καὶ</span> <span class='ocrx_word' id='word_1_71' title='bbox 1513 1135 1611 1197; x_wconf 78' lang='grc' dir='ltr'><strong>τὰς</strong></span> <span class='ocrx_word' id='word_1_72' title='bbox 1636 1135 1743 1187; x_wconf 88' lang='grc' dir='ltr'><strong>τῶν</strong></span> 
     </span>
    </p>
   </div>
   <div class='ocr_carea' id='block_1_12' title="bbox 193 1225 1745 1299">
    <p class='ocr_par' dir='ltr' id='par_1_12' title="bbox 193 1225 1745 1299">
     <span class='ocr_line' id='line_1_12' title="bbox 193 1225 1745 1299; baseline 0.003 -23"><span class='ocrx_word' id='word_1_73' title='bbox 193 1225 379 1295; x_wconf 77' lang='grc' dir='ltr'>ἄστρων</span> <span class='ocrx_word' id='word_1_74' title='bbox 406 1227 585 1290; x_wconf 84' lang='grc' dir='ltr'><strong>θέσεις</strong></span> <span class='ocrx_word' id='word_1_75' title='bbox 616 1228 710 1279; x_wconf 80' lang='grc' dir='ltr'><strong>καὶ</strong></span> <span class='ocrx_word' id='word_1_76' title='bbox 746 1229 819 1282; x_wconf 77' lang='grc' dir='ltr'>τὰ</span> <span class='ocrx_word' id='word_1_77' title='bbox 855 1231 1093 1298; x_wconf 82' lang='grc' dir='ltr'>στοιχεῖα</span> <span class='ocrx_word' id='word_1_78' title='bbox 1119 1229 1212 1281; x_wconf 80' lang='grc' dir='ltr'>καὶ</span> <span class='ocrx_word' id='word_1_79' title='bbox 1242 1230 1624 1299; x_wconf 79' lang='grc' dir='ltr'>ἀριθμητικὴν</span> <span class='ocrx_word' id='word_1_80' title='bbox 1651 1230 1745 1281; x_wconf 70' lang='grc' dir='ltr'>καὶ</span> 
     </span>
    </p>
   </div>
   <div class='ocr_carea' id='block_1_13' title="bbox 194 1316 1743 1391">
    <p class='ocr_par' dir='ltr' id='par_1_13' title="bbox 194 1316 1743 1391">
     <span class='ocr_line' id='line_1_13' title="bbox 194 1316 1743 1391; baseline 0.004 -24"><span class='ocrx_word' id='word_1_81' title='bbox 194 1316 513 1385; x_wconf 78' lang='grc' dir='ltr'>γεωμετρίαν</span> <span class='ocrx_word' id='word_1_82' title='bbox 566 1319 661 1371; x_wconf 77' lang='grc' dir='ltr'><strong>καὶ</strong></span> <span class='ocrx_word' id='word_1_83' title='bbox 716 1321 899 1372; x_wconf 82' lang='grc' dir='ltr'>πᾶσαν</span> <span class='ocrx_word' id='word_1_84' title='bbox 958 1321 1173 1390; x_wconf 87' lang='grc' dir='ltr'>σοφίαν,</span> <span class='ocrx_word' id='word_1_85' title='bbox 1224 1321 1301 1385; x_wconf 84' lang='grc' dir='ltr'>ὡς</span> <span class='ocrx_word' id='word_1_86' title='bbox 1357 1323 1413 1374; x_wconf 79' lang='grc' dir='ltr'>ὲν</span> <span class='ocrx_word' id='word_1_87' title='bbox 1460 1322 1525 1390; x_wconf 77' lang='grc' dir='ltr'>τῇ</span> <span class='ocrx_word' id='word_1_88' title='bbox 1573 1320 1743 1391; x_wconf 82' lang='grc' dir='ltr'>λεπτῇ</span> 
     </span>
    </p>
   </div>
   <div class='ocr_carea' id='block_1_14' title="bbox 193 1405 1745 1483">
    <p class='ocr_par' dir='ltr' id='par_1_14' title="bbox 193 1405 1745 1483">
     <span class='ocr_line' id='line_1_14' title="bbox 193 1405 1745 1483; baseline 0.006 -27"><span class='ocrx_word' id='word_1_89' title='bbox 193 1405 380 1459; x_wconf 81' lang='grc' dir='ltr'>Γενέσει</span> <span class='ocrx_word' id='word_1_90' title='bbox 418 1411 614 1463; x_wconf 89' lang='grc' dir='ltr'>κεῖται.</span> <span class='ocrx_word' id='word_1_91' title='bbox 650 1411 759 1461; x_wconf 78' lang='grc' dir='ltr'><strong>Καὶ</strong></span> <span class='ocrx_word' id='word_1_92' title='bbox 787 1410 869 1463; x_wconf 83' lang='grc' dir='ltr'><strong>ὅτι</strong></span> <span class='ocrx_word' id='word_1_93' title='bbox 898 1411 955 1463; x_wconf 84' lang='grc' dir='ltr'>ὲν</span> <span class='ocrx_word' id='word_1_94' title='bbox 991 1409 1109 1481; x_wconf 80' lang='grc' dir='ltr'>ρμδ¹</span> <span class='ocrx_word' id='word_1_95' title='bbox 1136 1411 1247 1465; x_wconf 74' lang='grc' dir='ltr'>ἔτει</span> <span class='ocrx_word' id='word_1_96' title='bbox 1273 1413 1371 1483; x_wconf 86' lang='grc' dir='ltr'>τῆς</span> <span class='ocrx_word' id='word_1_97' title='bbox 1395 1413 1453 1465; x_wconf 78' lang='grc' dir='ltr'>ὲν</span> <span class='ocrx_word' id='word_1_98' title='bbox 1485 1411 1745 1482; x_wconf 79' lang='grc' dir='ltr'>Αἰγύπτῳ</span> 
     </span>
    </p>
   </div>
   <div class='ocr_carea' id='block_1_15' title="bbox 194 1497 1745 1574">
    <p class='ocr_par' dir='ltr' id='par_1_15' title="bbox 194 1497 1745 1574">
     <span class='ocr_line' id='line_1_15' title="bbox 194 1497 1745 1574; baseline 0.003 -25"><span class='ocrx_word' id='word_1_99' title='bbox 194 1497 409 1560; x_wconf 75' lang='grc' dir='ltr'>δουλείας</span> <span class='ocrx_word' id='word_1_100' title='bbox 441 1500 679 1569; x_wconf 72' lang='grc' dir='ltr'>ἤρξαντο</span> <span class='ocrx_word' id='word_1_101' title='bbox 713 1502 1001 1569; x_wconf 78' lang='grc' dir='ltr'>Αἰγύπτιοι</span> <span class='ocrx_word' id='word_1_102' title='bbox 1032 1502 1285 1574; x_wconf 81' lang='grc' dir='ltr'>δέχεσθαι</span> <span class='ocrx_word' id='word_1_103' title='bbox 1326 1503 1427 1573; x_wconf 79' lang='grc' dir='ltr'><strong>τὴν</strong></span> <span class='ocrx_word' id='word_1_104' title='bbox 1467 1502 1745 1573; x_wconf 79' lang='grc' dir='ltr'>δεκὰπλη-</span> 
     </span>
    </p>
   </div>
   <div class='ocr_carea' id='block_1_16' title="bbox 192 1587 1743 1663">
    <p class='ocr_par' dir='ltr' id='par_1_16' title="bbox 192 1587 1743 1663">
     <span class='ocr_line' id='line_1_16' title="bbox 192 1587 1743 1663; baseline 0.004 -23"><span class='ocrx_word' id='word_1_105' title='bbox 192 1605 288 1655; x_wconf 80' lang='grc' dir='ltr'>γον.</span> <span class='ocrx_word' id='word_1_106' title='bbox 323 1590 412 1641; x_wconf 83' lang='grc' dir='ltr'><strong>Ἐν</strong></span> <span class='ocrx_word' id='word_1_107' title='bbox 450 1592 581 1657; x_wconf 80' lang='grc' dir='ltr'>μηνὶ</span> <span class='ocrx_word' id='word_1_108' title='bbox 621 1592 827 1663; x_wconf 84' lang='grc' dir='ltr'>Ἰουνίῳ</span> <span class='ocrx_word' id='word_1_109' title='bbox 848 1594 913 1646; x_wconf 77' lang='grc' dir='ltr'>τὰ</span> <span class='ocrx_word' id='word_1_110' title='bbox 946 1593 1115 1648; x_wconf 76' lang='grc' dir='ltr'>ὕδατα</span> <span class='ocrx_word' id='word_1_111' title='bbox 1137 1596 1219 1657; x_wconf 90' lang='grc' dir='ltr'><strong>είς</strong></span> <span class='ocrx_word' id='word_1_112' title='bbox 1241 1587 1381 1661; x_wconf 80' lang='grc' dir='ltr'>αἷμα</span> <span class='ocrx_word' id='word_1_113' title='bbox 1414 1593 1743 1663; x_wconf 78' lang='grc' dir='ltr'>μετεϐλήθη.</span> 
     </span>
    </p>
   </div>
   <div class='ocr_carea' id='block_1_17' title="bbox 202 1681 1747 1755">
    <p class='ocr_par' dir='ltr' id='par_1_17' title="bbox 202 1681 1747 1755">
     <span class='ocr_line' id='line_1_17' title="bbox 202 1681 1747 1755; baseline 0.002 -23"><span class='ocrx_word' id='word_1_114' title='bbox 202 1681 380 1750; x_wconf 84' lang='grc' dir='ltr'>Ἰουλίῳ</span> <span class='ocrx_word' id='word_1_115' title='bbox 438 1682 721 1754; x_wconf 76' lang='grc' dir='ltr'>βάτραχοι,</span> <span class='ocrx_word' id='word_1_116' title='bbox 746 1684 1041 1753; x_wconf 82' lang='grc' dir='ltr'>Αὐγούστῳ</span> <span class='ocrx_word' id='word_1_117' title='bbox 1095 1687 1342 1747; x_wconf 80' lang='grc' dir='ltr'>σκνῖπες,</span> <span class='ocrx_word' id='word_1_118' title='bbox 1388 1684 1747 1755; x_wconf 84' lang='grc' dir='ltr'>Σεπτεμϐρίῳ</span> 
     </span>
    </p>
   </div>
   <div class='ocr_carea' id='block_1_18' title="bbox 192 1773 1746 1845">
    <p class='ocr_par' dir='ltr' id='par_1_18' title="bbox 192 1773 1746 1845">
     <span class='ocr_line' id='line_1_18' title="bbox 192 1773 1746 1845; baseline 0.001 -22"><span class='ocrx_word' id='word_1_119' title='bbox 192 1778 477 1841; x_wconf 79' lang='grc' dir='ltr'>κυνόμυια,</span> <span class='ocrx_word' id='word_1_120' title='bbox 536 1774 853 1845; x_wconf 85' lang='grc' dir='ltr'>Ὀκτωϐρίῳ</span> <span class='ocrx_word' id='word_1_121' title='bbox 906 1776 1120 1843; x_wconf 80' lang='grc' dir='ltr'>κτηνῶν</span> <span class='ocrx_word' id='word_1_122' title='bbox 1170 1776 1398 1840; x_wconf 69' lang='grc' dir='ltr'>πτῶσις,</span> <span class='ocrx_word' id='word_1_123' title='bbox 1452 1773 1746 1844; x_wconf 67' lang='grc' dir='ltr'>Νοεμϐρίῳ</span> 
     </span>
    </p>
   </div>
   <div class='ocr_carea' id='block_1_19' title="bbox 193 1839 1819 1938">
    <p class='ocr_par' dir='ltr' id='par_1_19' title="bbox 193 1839 1819 1938">
     <span class='ocr_line' id='line_1_19' title="bbox 193 1839 1819 1938; baseline 0.002 -25"><span class='ocrx_word' id='word_1_124' title='bbox 193 1839 457 1929; x_wconf 73' lang='grc' dir='ltr'>φλυκτίδες</span> <span class='ocrx_word' id='word_1_125' title='bbox 485 1865 579 1917; x_wconf 72' lang='grc' dir='ltr'>καὶ</span> <span class='ocrx_word' id='word_1_126' title='bbox 606 1839 766 1934; x_wconf 67' lang='grc' dir='ltr'>ἕλκη,</span> <span class='ocrx_word' id='word_1_127' title='bbox 795 1839 1115 1938; x_wconf 66' lang='grc' dir='ltr'>Ᾰεκεμϐρίῳ</span> <span class='ocrx_word' id='word_1_128' title='bbox 1148 1866 1382 1937; x_wconf 74' lang='grc' dir='ltr'>χάλαζα,</span> <span class='ocrx_word' id='word_1_129' title='bbox 1432 1839 1745 1937; x_wconf 75' lang='grc' dir='ltr'>Ἰανουαρίῳ</span> <span class='ocrx_word' id='word_1_130' title='bbox 1778 1839 1819 1895; x_wconf 72' lang='grc' dir='ltr'>Β</span> 
     </span>
    </p>
   </div>
   <div class='ocr_carea' id='block_1_20' title="bbox 192 1954 1747 2028">
    <p class='ocr_par' dir='ltr' id='par_1_20' title="bbox 192 1954 1747 2028">
     <span class='ocr_line' id='line_1_20' title="bbox 192 1954 1747 2028; baseline 0.003 -24"><span class='ocrx_word' id='word_1_131' title='bbox 192 1954 351 2026; x_wconf 65' lang='grc' dir='ltr'>ἀκρίς,</span> <span class='ocrx_word' id='word_1_132' title='bbox 384 1956 741 2027; x_wconf 79' lang='grc' dir='ltr'>Φεϐρουαρίῳ</span> <span class='ocrx_word' id='word_1_133' title='bbox 796 1958 986 2021; x_wconf 79' lang='grc' dir='ltr'>σκότος</span> <span class='ocrx_word' id='word_1_134' title='bbox 1027 1959 1241 2028; x_wconf 80' lang='grc' dir='ltr'>ἡμέρας</span> <span class='ocrx_word' id='word_1_135' title='bbox 1294 1960 1461 2027; x_wconf 82' lang='grc' dir='ltr'>τρεῖς,</span> <span class='ocrx_word' id='word_1_136' title='bbox 1514 1956 1747 2028; x_wconf 83' lang='grc' dir='ltr'>Μαρτίῳ</span> 
     </span>
    </p>
   </div>
   <div class='ocr_carea' id='block_1_21' title="bbox 190 2045 1748 2120">
    <p class='ocr_par' dir='ltr' id='par_1_21' title="bbox 190 2045 1748 2120">
     <span class='ocr_line' id='line_1_21' title="bbox 190 2045 1748 2120; baseline 0.004 -24"><span class='ocrx_word' id='word_1_137' title='bbox 190 2045 245 2097; x_wconf 68' lang='grc' dir='ltr'>τὰ</span> <span class='ocrx_word' id='word_1_138' title='bbox 264 2048 600 2116; x_wconf 78' lang='grc' dir='ltr'>πρωτότοκα.</span> <span class='ocrx_word' id='word_1_139' title='bbox 640 2049 719 2119; x_wconf 83' lang='grc' dir='ltr'><strong>Τῇ</strong></span> <span class='ocrx_word' id='word_1_140' title='bbox 753 2047 813 2101; x_wconf 91' lang='grc' dir='ltr'>ιδ’</span> <span class='ocrx_word' id='word_1_141' title='bbox 839 2048 1029 2102; x_wconf 85' lang='grc' dir='ltr'>τούτου</span> <span class='ocrx_word' id='word_1_142' title='bbox 1063 2048 1158 2102; x_wconf 87' lang='grc' dir='ltr'><strong>τοῦ</strong></span> <span class='ocrx_word' id='word_1_143' title='bbox 1192 2050 1359 2120; x_wconf 74' lang='grc' dir='ltr'>μηνὸς</span> <span class='ocrx_word' id='word_1_144' title='bbox 1408 2047 1748 2102; x_wconf 86' lang='grc' dir='ltr'>σκυλεύσαν-</span> 
     </span>
    </p>
   </div>
   <div class='ocr_carea' id='block_1_22' title="bbox 190 2137 1749 2210">
    <p class='ocr_par' dir='ltr' id='par_1_22' title="bbox 190 2137 1749 2210">
     <span class='ocr_line' id='line_1_22' title="bbox 190 2137 1749 2210; baseline 0.001 -23"><span class='ocrx_word' id='word_1_145' title='bbox 190 2152 264 2198; x_wconf 83' lang='grc' dir='ltr'><strong>τες</strong></span> <span class='ocrx_word' id='word_1_146' title='bbox 293 2137 412 2198; x_wconf 76' lang='grc' dir='ltr'>τοὺς</span> <span class='ocrx_word' id='word_1_147' title='bbox 448 2138 785 2206; x_wconf 79' lang='grc' dir='ltr'>Αἰγυπτίους</span> <span class='ocrx_word' id='word_1_148' title='bbox 815 2139 1061 2208; x_wconf 79' lang='grc' dir='ltr'>ἐξῆλθον,</span> <span class='ocrx_word' id='word_1_149' title='bbox 1096 2140 1391 2210; x_wconf 80' lang='grc' dir='ltr'>προστάξει</span> <span class='ocrx_word' id='word_1_150' title='bbox 1426 2138 1559 2191; x_wconf 76' lang='grc' dir='ltr'>Θεοῦ</span> <span class='ocrx_word' id='word_1_151' title='bbox 1590 2138 1749 2190; x_wconf 86' lang='grc' dir='ltr'>τοῦτο</span> 
     </span>
    </p>
   </div>
   <div class='ocr_carea' id='block_1_23' title="bbox 191 2229 1749 2300">
    <p class='ocr_par' dir='ltr' id='par_1_23' title="bbox 191 2229 1749 2300">
     <span class='ocr_line' id='line_1_23' title="bbox 191 2229 1749 2300; baseline 0.001 -21"><span class='ocrx_word' id='word_1_152' title='bbox 191 2229 557 2298; x_wconf 77' lang='grc' dir='ltr'>πεποιηκότες.</span> <span class='ocrx_word' id='word_1_153' title='bbox 599 2229 755 2283; x_wconf 80' lang='grc' dir='ltr'>Μετὰ</span> <span class='ocrx_word' id='word_1_154' title='bbox 782 2229 839 2283; x_wconf 69' lang='grc' dir='ltr'>δὲ</span> <span class='ocrx_word' id='word_1_155' title='bbox 874 2229 973 2300; x_wconf 83' lang='grc' dir='ltr'>τὴν</span> <span class='ocrx_word' id='word_1_156' title='bbox 1006 2230 1184 2294; x_wconf 74' lang='grc' dir='ltr'>ἔξοδον</span> <span class='ocrx_word' id='word_1_157' title='bbox 1232 2230 1399 2299; x_wconf 86' lang='grc' dir='ltr'>Ἰοθὸρ</span> <span class='ocrx_word' id='word_1_158' title='bbox 1430 2232 1458 2282; x_wconf 87' lang='grc' dir='ltr'>ὁ</span> <span class='ocrx_word' id='word_1_159' title='bbox 1487 2230 1749 2299; x_wconf 80' lang='grc' dir='ltr'>πενθερὸς</span> 
     </span>
    </p>
   </div>
   <div class='ocr_carea' id='block_1_24' title="bbox 190 2318 1751 2391">
    <p class='ocr_par' dir='ltr' id='par_1_24' title="bbox 190 2318 1751 2391">
     <span class='ocr_line' id='line_1_24' title="bbox 190 2318 1751 2391; baseline 0.001 -20"><span class='ocrx_word' id='word_1_160' title='bbox 190 2318 474 2383; x_wconf 76' lang='grc' dir='ltr'>Μωῦσέως,</span> <span class='ocrx_word' id='word_1_161' title='bbox 502 2320 688 2374; x_wconf 87' lang='grc' dir='ltr'>λαϐὼν</span> <span class='ocrx_word' id='word_1_162' title='bbox 728 2321 1012 2391; x_wconf 82' lang='grc' dir='ltr'>Σεπφόραν</span> <span class='ocrx_word' id='word_1_163' title='bbox 1043 2322 1143 2391; x_wconf 82' lang='grc' dir='ltr'>τὴν</span> <span class='ocrx_word' id='word_1_164' title='bbox 1186 2324 1420 2389; x_wconf 86' lang='grc' dir='ltr'>γυναῖκα</span> <span class='ocrx_word' id='word_1_165' title='bbox 1468 2320 1751 2383; x_wconf 84' lang='grc' dir='ltr'>Μωῦσέως</span> 
     </span>
    </p>
   </div>
   <div class='ocr_carea' id='block_1_25' title="bbox 190 2411 1751 2484">
    <p class='ocr_par' dir='ltr' id='par_1_25' title="bbox 190 2411 1751 2484">
     <span class='ocr_line' id='line_1_25' title="bbox 190 2411 1751 2484; baseline 0.001 -22"><span class='ocrx_word' id='word_1_166' title='bbox 190 2411 269 2462; x_wconf 72' lang='grc' dir='ltr'><strong>καὶ</strong></span> <span class='ocrx_word' id='word_1_167' title='bbox 301 2414 426 2473; x_wconf 77' lang='grc' dir='ltr'>τοὺς</span> <span class='ocrx_word' id='word_1_168' title='bbox 458 2412 554 2466; x_wconf 75' lang='grc' dir='ltr'>δύο</span> <span class='ocrx_word' id='word_1_169' title='bbox 603 2413 755 2476; x_wconf 81' lang='grc' dir='ltr'>υἱοὺς</span> <span class='ocrx_word' id='word_1_170' title='bbox 808 2413 998 2476; x_wconf 82' lang='grc' dir='ltr'>αὐτοῦ,</span> <span class='ocrx_word' id='word_1_171' title='bbox 1027 2414 1296 2467; x_wconf 81' lang='grc' dir='ltr'>κατέλαϐε</span> <span class='ocrx_word' id='word_1_172' title='bbox 1328 2413 1465 2484; x_wconf 80' lang='grc' dir='ltr'>πρὸς</span> <span class='ocrx_word' id='word_1_173' title='bbox 1506 2415 1751 2483; x_wconf 82' lang='grc' dir='ltr'>Μωῦσῆν</span> 
     </span>
    </p>
   </div>
   <div class='ocr_carea' id='block_1_26' title="bbox 190 2504 1750 2576">
    <p class='ocr_par' dir='ltr' id='par_1_26' title="bbox 190 2504 1750 2576">
     <span class='ocr_line' id='line_1_26' title="bbox 190 2504 1750 2576; baseline 0.002 -23"><span class='ocrx_word' id='word_1_174' title='bbox 190 2504 237 2553; x_wconf 80' lang='grc' dir='ltr'>ὲν</span> <span class='ocrx_word' id='word_1_175' title='bbox 262 2505 321 2573; x_wconf 76' lang='grc' dir='ltr'>τῇ</span> <span class='ocrx_word' id='word_1_176' title='bbox 360 2507 558 2575; x_wconf 74' lang='grc' dir='ltr'>ἐρήμῳ</span> <span class='ocrx_word' id='word_1_177' title='bbox 608 2505 688 2558; x_wconf 76' lang='grc' dir='ltr'><strong>ἔτι</strong></span> <span class='ocrx_word' id='word_1_178' title='bbox 724 2505 1066 2576; x_wconf 79' lang='grc' dir='ltr'>πολεμοῦντα</span> <span class='ocrx_word' id='word_1_179' title='bbox 1104 2506 1196 2559; x_wconf 85' lang='grc' dir='ltr'><strong>τὸν</strong></span> <span class='ocrx_word' id='word_1_180' title='bbox 1240 2505 1510 2574; x_wconf 78' lang='grc' dir='ltr'>Ἀμαλήκ.</span> <span class='ocrx_word' id='word_1_181' title='bbox 1548 2507 1658 2557; x_wconf 75' lang='grc' dir='ltr'><strong>Καὶ</strong></span> <span class='ocrx_word' id='word_1_182' title='bbox 1692 2506 1750 2556; x_wconf 75' lang='grc' dir='ltr'>ὲν</span> 
     </span>
    </p>
   </div>
   <div class='ocr_carea' id='block_1_27' title="bbox 188 2595 1750 2671">
    <p class='ocr_par' dir='ltr' id='par_1_27' title="bbox 188 2595 1750 2671">
     <span class='ocr_line' id='line_1_27' title="bbox 188 2595 1750 2671; baseline 0.005 -26"><span class='ocrx_word' id='word_1_183' title='bbox 188 2595 251 2663; x_wconf 80' lang='grc' dir='ltr'>τῷ</span> <span class='ocrx_word' id='word_1_184' title='bbox 278 2599 444 2668; x_wconf 76' lang='grc' dir='ltr'>τρίτῳ</span> <span class='ocrx_word' id='word_1_185' title='bbox 474 2602 605 2669; x_wconf 71' lang='grc' dir='ltr'>μηνὶ</span> <span class='ocrx_word' id='word_1_186' title='bbox 627 2601 725 2670; x_wconf 79' lang='grc' dir='ltr'>τῆς</span> <span class='ocrx_word' id='word_1_187' title='bbox 749 2600 928 2663; x_wconf 78' lang='grc' dir='ltr'>ἐξόδου</span> <span class='ocrx_word' id='word_1_188' title='bbox 952 2600 1060 2653; x_wconf 91' lang='grc' dir='ltr'><strong>τῶν</strong></span> <span class='ocrx_word' id='word_1_189' title='bbox 1086 2601 1219 2653; x_wconf 82' lang='grc' dir='ltr'>υἱῶν</span> <span class='ocrx_word' id='word_1_190' title='bbox 1259 2601 1476 2671; x_wconf 73' lang='grc' dir='ltr'>Ἰσραὴλ</span> <span class='ocrx_word' id='word_1_191' title='bbox 1499 2601 1566 2655; x_wconf 85' lang='grc' dir='ltr'>τὰ</span> <span class='ocrx_word' id='word_1_192' title='bbox 1598 2604 1655 2652; x_wconf 81' lang='grc' dir='ltr'>ἐν</span> <span class='ocrx_word' id='word_1_193' title='bbox 1676 2599 1750 2670; x_wconf 82' lang='grc' dir='ltr'>τῷ</span> 
     </span>
    </p>
   </div>
   <div class='ocr_carea' id='block_1_28' title="bbox 189 2687 1749 2764">
    <p class='ocr_par' dir='ltr' id='par_1_28' title="bbox 189 2687 1749 2764">
     <span class='ocr_line' id='line_1_28' title="bbox 189 2687 1749 2764; baseline 0.003 -24"><span class='ocrx_word' id='word_1_194' title='bbox 189 2687 368 2759; x_wconf 70' lang='grc' dir='ltr'>Σιναίῳ</span> <span class='ocrx_word' id='word_1_195' title='bbox 414 2691 538 2760; x_wconf 79' lang='grc' dir='ltr'>ϐρει</span> <span class='ocrx_word' id='word_1_196' title='bbox 572 2692 967 2760; x_wconf 78' lang='grc' dir='ltr'>νομοθετεῖται,</span> <span class='ocrx_word' id='word_1_197' title='bbox 1000 2693 1095 2745; x_wconf 74' lang='grc' dir='ltr'>καὶ</span> <span class='ocrx_word' id='word_1_198' title='bbox 1135 2694 1168 2764; x_wconf 77' lang='grc' dir='ltr'>ἡ</span> <span class='ocrx_word' id='word_1_199' title='bbox 1203 2693 1507 2759; x_wconf 72' lang='grc' dir='ltr'>Δεκάἰοογος</span> <span class='ocrx_word' id='word_1_200' title='bbox 1547 2693 1749 2745; x_wconf 80' lang='grc' dir='ltr'>δίδοται</span> 
     </span>
    </p>
   </div>
   <div class='ocr_carea' id='block_1_29' title="bbox 187 2766 1751 2855">
    <p class='ocr_par' dir='ltr' id='par_1_29' title="bbox 187 2766 1751 2855">
     <span class='ocr_line' id='line_1_29' title="bbox 187 2766 1751 2855; baseline 0.003 -24"><span class='ocrx_word' id='word_1_201' title='bbox 187 2779 373 2851; x_wconf 77' lang='grc' dir='ltr'>Μωῦσῇ</span> <span class='ocrx_word' id='word_1_202' title='bbox 421 2783 520 2835; x_wconf 79' lang='grc' dir='ltr'><strong>καὶ</strong></span> <span class='ocrx_word' id='word_1_203' title='bbox 572 2782 786 2853; x_wconf 86' lang='grc' dir='ltr'>Ἀαρὼν</span> <span class='ocrx_word' id='word_1_204' title='bbox 816 2784 910 2838; x_wconf 76' lang='grc' dir='ltr'>καὶ</span> <span class='ocrx_word' id='word_1_205' title='bbox 958 2785 1122 2838; x_wconf 80' lang='grc' dir='ltr'>παντὶ</span> <span class='ocrx_word' id='word_1_206' title='bbox 1170 2784 1248 2855; x_wconf 83' lang='grc' dir='ltr'>τῷ</span> <span class='ocrx_word' id='word_1_207' title='bbox 1281 2766 1415 2853; x_wconf 66' lang='grc' dir='ltr'><strong>λαῷ.</strong></span> <span class='ocrx_word' id='word_1_208' title='bbox 1464 2785 1573 2837; x_wconf 77' lang='grc' dir='ltr'><strong>Καὶ</strong></span> <span class='ocrx_word' id='word_1_209' title='bbox 1612 2784 1751 2854; x_wconf 83' lang='grc' dir='ltr'>μετὰ</span> 
     </span>
    </p>
   </div>
   <div class='ocr_carea' id='block_1_30' title="bbox 187 2870 1753 2943">
    <p class='ocr_par' dir='ltr' id='par_1_30' title="bbox 187 2870 1753 2943">
     <span class='ocr_line' id='line_1_30' title="bbox 187 2870 1753 2943; baseline 0.004 -22"><span class='ocrx_word' id='word_1_210' title='bbox 187 2870 325 2924; x_wconf 82' lang='grc' dir='ltr'>τοῦτο</span> <span class='ocrx_word' id='word_1_211' title='bbox 357 2872 524 2926; x_wconf 80' lang='grc' dir='ltr'>πάλιν</span> <span class='ocrx_word' id='word_1_212' title='bbox 574 2873 861 2927; x_wconf 81' lang='grc' dir='ltr'>κελεύεται</span> <span class='ocrx_word' id='word_1_213' title='bbox 901 2874 1005 2927; x_wconf 77' lang='grc' dir='ltr'><strong>ὑπὸ</strong></span> <span class='ocrx_word' id='word_1_214' title='bbox 1028 2875 1123 2928; x_wconf 87' lang='grc' dir='ltr'><strong>τοῦ</strong></span> <span class='ocrx_word' id='word_1_215' title='bbox 1150 2874 1288 2928; x_wconf 83' lang='grc' dir='ltr'>Θεοῦ</span> <span class='ocrx_word' id='word_1_216' title='bbox 1336 2876 1576 2943; x_wconf 83' lang='grc' dir='ltr'>Μωῦσῆς</span> <span class='ocrx_word' id='word_1_217' title='bbox 1613 2874 1753 2941; x_wconf 74' lang='grc' dir='ltr'>μετὰ</span> 
     </span>
    </p>
   </div>
   <div class='ocr_carea' id='block_1_31' title="bbox 196 2960 1752 3036">
    <p class='ocr_par' dir='ltr' id='par_1_31' title="bbox 196 2960 1752 3036">
     <span class='ocr_line' id='line_1_31' title="bbox 196 2960 1752 3036; baseline 0.001 -23"><span class='ocrx_word' id='word_1_218' title='bbox 196 2960 354 3031; x_wconf 85' lang='grc' dir='ltr'>Ἰησοῦ</span> <span class='ocrx_word' id='word_1_219' title='bbox 388 2964 641 3018; x_wconf 83' lang='grc' dir='ltr'>ἀνελθεῖν</span> <span class='ocrx_word' id='word_1_220' title='bbox 688 2966 747 3017; x_wconf 80' lang='grc' dir='ltr'>ὲν</span> <span class='ocrx_word' id='word_1_221' title='bbox 796 2964 876 3035; x_wconf 85' lang='grc' dir='ltr'>τῷ</span> <span class='ocrx_word' id='word_1_222' title='bbox 928 2967 1045 3036; x_wconf 78' lang='grc' dir='ltr'>ὄρει</span> <span class='ocrx_word' id='word_1_223' title='bbox 1096 2967 1192 3019; x_wconf 76' lang='grc' dir='ltr'>καὶ</span> <span class='ocrx_word' id='word_1_224' title='bbox 1241 2966 1430 3018; x_wconf 87' lang='grc' dir='ltr'>λαϐεῖν</span> <span class='ocrx_word' id='word_1_225' title='bbox 1484 2965 1552 3017; x_wconf 73' lang='grc' dir='ltr'>τὰ</span> <span class='ocrx_word' id='word_1_226' title='bbox 1588 2963 1752 3031; x_wconf 76' lang='grc' dir='ltr'>πυξία</span> 
     </span>
    </p>
   </div>
   <div class='ocr_carea' id='block_1_32' title="bbox 184 3055 1751 3128">
    <p class='ocr_par' dir='ltr' id='par_1_32' title="bbox 184 3055 1751 3128">
     <span class='ocr_line' id='line_1_32' title="bbox 184 3055 1751 3128; baseline 0.002 -23"><span class='ocrx_word' id='word_1_227' title='bbox 184 3057 555 3125; x_wconf 73' lang='grc' dir='ltr'>γεγραμμένα,</span> <span class='ocrx_word' id='word_1_228' title='bbox 604 3055 639 3109; x_wconf 80' lang='grc' dir='ltr'>ἃ</span> <span class='ocrx_word' id='word_1_229' title='bbox 676 3059 1175 3128; x_wconf 67' lang='grc' dir='ltr'>προενομςθὲτησεν</span> <span class='ocrx_word' id='word_1_230' title='bbox 1214 3059 1241 3110; x_wconf 86' lang='grc' dir='ltr'>ὁ</span> <span class='ocrx_word' id='word_1_231' title='bbox 1290 3057 1445 3119; x_wconf 83' lang='grc' dir='ltr'>Θεός.</span> <span class='ocrx_word' id='word_1_232' title='bbox 1493 3056 1626 3108; x_wconf 83' lang='grc' dir='ltr'>Τότε</span> <span class='ocrx_word' id='word_1_233' title='bbox 1657 3055 1751 3108; x_wconf 78' lang='grc' dir='ltr'>καὶ</span> 
     </span>
    </p>
   </div>
   <div class='ocr_carea' id='block_1_33' title="bbox 1849 580 3425 658">
    <p class='ocr_par' dir='ltr' id='par_1_33' title="bbox 1849 580 3425 658">
     <span class='ocr_line' id='line_1_33' title="bbox 1849 580 3425 658; baseline 0.001 -20"><span class='ocrx_word' id='word_1_234' title='bbox 1849 589 1993 640; x_wconf 87' lang='lat' dir='ltr'><strong>tulit.</strong></span> <span class='ocrx_word' id='word_1_235' title='bbox 2023 587 2100 641; x_wconf 88' lang='lat' dir='ltr'><strong>lbi</strong></span> <span class='ocrx_word' id='word_1_236' title='bbox 2134 586 2229 658; x_wconf 90' lang='lat' dir='ltr'><strong>(ita</strong></span> <span class='ocrx_word' id='word_1_237' title='bbox 2274 586 2494 656; x_wconf 86' lang='lat' dir='ltr'><strong>quidem</strong></span> <span class='ocrx_word' id='word_1_238' title='bbox 2528 587 2699 641; x_wconf 79' lang='lat' dir='ltr'><strong>Parva</strong></span> <span class='ocrx_word' id='word_1_239' title='bbox 2752 586 2984 642; x_wconf 83' lang='lat' dir='ltr'><strong>Genesis</strong></span> <span class='ocrx_word' id='word_1_240' title='bbox 3018 584 3210 656; x_wconf 87' lang='lat' dir='ltr'><strong>refert)</strong></span> <span class='ocrx_word' id='word_1_241' title='bbox 3244 600 3274 639; x_wconf 85' lang='lat' dir='ltr'><strong>a</strong></span> <span class='ocrx_word' id='word_1_242' title='bbox 3299 580 3425 640; x_wconf 80' lang='lat' dir='ltr'><strong>Ga-</strong></span> 
     </span>
    </p>
   </div>
   <div class='ocr_carea' id='block_1_34' title="bbox 1848 675 3425 747">
    <p class='ocr_par' dir='ltr' id='par_1_34' title="bbox 1848 675 3425 747">
     <span class='ocr_line' id='line_1_34' title="bbox 1848 675 3425 747; baseline 0 -16"><span class='ocrx_word' id='word_1_243' title='bbox 1848 677 2020 732; x_wconf 89' lang='lat' dir='ltr'><strong>briclo</strong></span> <span class='ocrx_word' id='word_1_244' title='bbox 2064 677 2384 745; x_wconf 80' lang='lat' dir='ltr'><strong>angelorum</strong></span> <span class='ocrx_word' id='word_1_245' title='bbox 2419 679 2666 747; x_wconf 86' lang='lat' dir='ltr'><strong>principe</strong></span> <span class='ocrx_word' id='word_1_246' title='bbox 2692 676 2921 731; x_wconf 88' lang='lat' dir='ltr'><strong>edoctus</strong></span> <span class='ocrx_word' id='word_1_247' title='bbox 2969 676 3073 730; x_wconf 90' lang='lat' dir='ltr'><strong>fuit</strong></span> <span class='ocrx_word' id='word_1_248' title='bbox 3110 675 3177 730; x_wconf 92' lang='lat' dir='ltr'><strong>de</strong></span> <span class='ocrx_word' id='word_1_249' title='bbox 3207 678 3425 747; x_wconf 77' lang='lat' dir='ltr'><strong>origine</strong></span> 
     </span>
    </p>
   </div>
   <div class='ocr_carea' id='block_1_35' title="bbox 1848 768 3424 836">
    <p class='ocr_par' dir='ltr' id='par_1_35' title="bbox 1848 768 3424 836">
     <span class='ocr_line' id='line_1_35' title="bbox 1848 768 3424 836; baseline 0.002 -17"><span class='ocrx_word' id='word_1_250' title='bbox 1848 769 2057 829; x_wconf 89' lang='lat' dir='ltr'><strong>mundi.</strong></span> <span class='ocrx_word' id='word_1_251' title='bbox 2107 769 2176 822; x_wconf 83' lang='lat' dir='ltr'><strong>de</strong></span> <span class='ocrx_word' id='word_1_252' title='bbox 2234 768 2410 836; x_wconf 88' lang='lat' dir='ltr'><strong>primo</strong></span> <span class='ocrx_word' id='word_1_253' title='bbox 2443 770 2667 824; x_wconf 86' lang='lat' dir='ltr'><strong>homine</strong></span> <span class='ocrx_word' id='word_1_254' title='bbox 2706 776 2761 823; x_wconf 89' lang='lat' dir='ltr'><strong>et</strong></span> <span class='ocrx_word' id='word_1_255' title='bbox 2788 783 2914 822; x_wconf 87' lang='lat' dir='ltr'><strong>eum</strong></span> <span class='ocrx_word' id='word_1_256' title='bbox 2977 769 3314 832; x_wconf 67' lang='lat' dir='ltr'><strong>sulesecutis,</strong></span> <span class='ocrx_word' id='word_1_257' title='bbox 3355 768 3424 822; x_wconf 90' lang='lat' dir='ltr'><strong>de</strong></span> 
     </span>
    </p>
   </div>
   <div class='ocr_carea' id='block_1_36' title="bbox 1846 855 3425 927">
    <p class='ocr_par' dir='ltr' id='par_1_36' title="bbox 1846 855 3425 927">
     <span class='ocr_line' id='line_1_36' title="bbox 1846 855 3425 927; baseline -0.002 -14"><span class='ocrx_word' id='word_1_258' title='bbox 1846 859 2072 923; x_wconf 88' lang='lat' dir='ltr'><strong>diluvio,</strong></span> <span class='ocrx_word' id='word_1_259' title='bbox 2099 860 2166 913; x_wconf 90' lang='lat' dir='ltr'><strong>de</strong></span> <span class='ocrx_word' id='word_1_260' title='bbox 2193 858 2514 914; x_wconf 84' lang='lat' dir='ltr'><strong>confusione</strong></span> <span class='ocrx_word' id='word_1_261' title='bbox 2546 868 2601 913; x_wconf 90' lang='lat' dir='ltr'><strong>et</strong></span> <span class='ocrx_word' id='word_1_262' title='bbox 2639 859 2956 913; x_wconf 73' lang='lat' dir='ltr'><strong>diversitate</strong></span> <span class='ocrx_word' id='word_1_263' title='bbox 2985 857 3323 927; x_wconf 83' lang='lat' dir='ltr'><strong>linguarum,</strong></span> <span class='ocrx_word' id='word_1_264' title='bbox 3354 855 3425 911; x_wconf 87' lang='lat' dir='ltr'><strong>de</strong></span> 
     </span>
    </p>
   </div>
   <div class='ocr_carea' id='block_1_37' title="bbox 1847 949 3425 1021">
    <p class='ocr_par' dir='ltr' id='par_1_37' title="bbox 1847 949 3425 1021">
     <span class='ocr_line' id='line_1_37' title="bbox 1847 949 3425 1021; baseline -0.001 -16"><span class='ocrx_word' id='word_1_265' title='bbox 1847 958 1992 1005; x_wconf 82' lang='lat' dir='ltr'><strong>statu</strong></span> <span class='ocrx_word' id='word_1_266' title='bbox 2055 951 2223 1021; x_wconf 85' lang='lat' dir='ltr'><strong>primi</strong></span> <span class='ocrx_word' id='word_1_267' title='bbox 2287 951 2552 1010; x_wconf 84' lang='lat' dir='ltr'><strong>hominis.</strong></span> <span class='ocrx_word' id='word_1_268' title='bbox 2603 951 2670 1006; x_wconf 90' lang='lat' dir='ltr'><strong>de</strong></span> <span class='ocrx_word' id='word_1_269' title='bbox 2736 951 3080 1021; x_wconf 89' lang='lat' dir='ltr'><strong>temporibus</strong></span> <span class='ocrx_word' id='word_1_270' title='bbox 3119 965 3294 1020; x_wconf 89' lang='lat' dir='ltr'><strong>usque</strong></span> <span class='ocrx_word' id='word_1_271' title='bbox 3355 949 3425 1004; x_wconf 84' lang='lat' dir='ltr'><strong>ad</strong></span> 
     </span>
    </p>
   </div>
   <div class='ocr_carea' id='block_1_38' title="bbox 1848 1041 3421 1113">
    <p class='ocr_par' dir='ltr' id='par_1_38' title="bbox 1848 1041 3421 1113">
     <span class='ocr_line' id='line_1_38' title="bbox 1848 1041 3421 1113; baseline -0.001 -17"><span class='ocrx_word' id='word_1_272' title='bbox 1848 1041 2025 1110; x_wconf 89' lang='lat' dir='ltr'><strong>ipsum</strong></span> <span class='ocrx_word' id='word_1_273' title='bbox 2044 1044 2265 1113; x_wconf 81' lang='lat' dir='ltr'><strong>elapsis,</strong></span> <span class='ocrx_word' id='word_1_274' title='bbox 2294 1042 2363 1098; x_wconf 91' lang='lat' dir='ltr'><strong>de</strong></span> <span class='ocrx_word' id='word_1_275' title='bbox 2387 1042 2501 1113; x_wconf 77' lang='lat' dir='ltr'><strong>lege</strong></span> <span class='ocrx_word' id='word_1_276' title='bbox 2526 1058 2687 1113; x_wconf 83' lang='lat' dir='ltr'><strong>quam</strong></span> <span class='ocrx_word' id='word_1_277' title='bbox 2720 1043 2923 1098; x_wconf 68' lang='lat' dir='ltr'><strong>Judaeis</strong></span> <span class='ocrx_word' id='word_1_278' title='bbox 2952 1053 3071 1099; x_wconf 85' lang='lat' dir='ltr'><strong>erat</strong></span> <span class='ocrx_word' id='word_1_279' title='bbox 3094 1042 3421 1104; x_wconf 81' lang='lat' dir='ltr'><strong>traditurus,</strong></span> 
     </span>
    </p>
   </div>
   <div class='ocr_carea' id='block_1_39' title="bbox 1847 1131 3427 1206">
    <p class='ocr_par' dir='ltr' id='par_1_39' title="bbox 1847 1131 3427 1206">
     <span class='ocr_line' id='line_1_39' title="bbox 1847 1131 3427 1206; baseline 0.001 -20"><span class='ocrx_word' id='word_1_280' title='bbox 1847 1131 1914 1187; x_wconf 89' lang='lat' dir='ltr'><strong>de</strong></span> <span class='ocrx_word' id='word_1_281' title='bbox 1950 1133 2191 1188; x_wconf 80' lang='lat' dir='ltr'><strong>siderum</strong></span> <span class='ocrx_word' id='word_1_282' title='bbox 2222 1135 2425 1203; x_wconf 87' lang='lat' dir='ltr'><strong>positu,</strong></span> <span class='ocrx_word' id='word_1_283' title='bbox 2456 1134 2763 1192; x_wconf 78' lang='lat' dir='ltr'><strong>elementis.</strong></span> <span class='ocrx_word' id='word_1_284' title='bbox 2803 1135 3171 1200; x_wconf 89' lang='lat' dir='ltr'><strong>arithmetica,</strong></span> <span class='ocrx_word' id='word_1_285' title='bbox 3207 1149 3427 1206; x_wconf 76' lang='lat' dir='ltr'><strong>geome-</strong></span> 
     </span>
    </p>
   </div>
   <div class='ocr_carea' id='block_1_40' title="bbox 1847 1223 3426 1295">
    <p class='ocr_par' dir='ltr' id='par_1_40' title="bbox 1847 1223 3426 1295">
     <span class='ocr_line' id='line_1_40' title="bbox 1847 1223 3426 1295; baseline 0.001 -17"><span class='ocrx_word' id='word_1_286' title='bbox 1847 1225 1975 1286; x_wconf 86' lang='lat' dir='ltr'><strong>tria,</strong></span> <span class='ocrx_word' id='word_1_287' title='bbox 2004 1230 2056 1278; x_wconf 90' lang='lat' dir='ltr'><strong>et</strong></span> <span class='ocrx_word' id='word_1_288' title='bbox 2094 1226 2351 1280; x_wconf 89' lang='lat' dir='ltr'><strong>omnibus</strong></span> <span class='ocrx_word' id='word_1_289' title='bbox 2409 1226 2678 1291; x_wconf 84' lang='lat' dir='ltr'><strong>scientiis,</strong></span> <span class='ocrx_word' id='word_1_290' title='bbox 2711 1236 2771 1280; x_wconf 90' lang='lat' dir='ltr'><strong>ut</strong></span> <span class='ocrx_word' id='word_1_291' title='bbox 2802 1223 3005 1279; x_wconf 87' lang='lat' dir='ltr'><strong>ibidem</strong></span> <span class='ocrx_word' id='word_1_292' title='bbox 3051 1224 3426 1295; x_wconf 79' lang='lat' dir='ltr'><strong>perscriptum</strong></span> 
     </span>
    </p>
   </div>
   <div class='ocr_carea' id='block_1_41' title="bbox 1847 1316 3428 1389">
    <p class='ocr_par' dir='ltr' id='par_1_41' title="bbox 1847 1316 3428 1389">
     <span class='ocr_line' id='line_1_41' title="bbox 1847 1316 3428 1389; baseline -0.002 -18"><span class='ocrx_word' id='word_1_293' title='bbox 1847 1325 1951 1372; x_wconf 86' lang='lat' dir='ltr'><strong>est.</strong></span> <span class='ocrx_word' id='word_1_294' title='bbox 1982 1316 2141 1371; x_wconf 82' lang='lat' dir='ltr'><strong>Auno</strong></span> <span class='ocrx_word' id='word_1_295' title='bbox 2166 1317 2451 1371; x_wconf 83' lang='lat' dir='ltr'><strong>servitutis</strong></span> <span class='ocrx_word' id='word_1_296' title='bbox 2479 1319 2532 1371; x_wconf 89' lang='lat' dir='ltr'><strong>in</strong></span> <span class='ocrx_word' id='word_1_297' title='bbox 2566 1318 2803 1389; x_wconf 63' lang='lat' dir='ltr'><strong>Egypto</strong></span> <span class='ocrx_word' id='word_1_298' title='bbox 2834 1316 3077 1373; x_wconf 71' lang='lat' dir='ltr'><strong>Iudaica:</strong></span> <span class='ocrx_word' id='word_1_299' title='bbox 3124 1318 3428 1373; x_wconf 85' lang='lat' dir='ltr'><strong>centesimo</strong></span> 
     </span>
    </p>
   </div>
   <div class='ocr_carea' id='block_1_42' title="bbox 1848 1406 3428 1480">
    <p class='ocr_par' dir='ltr' id='par_1_42' title="bbox 1848 1406 3428 1480">
     <span class='ocr_line' id='line_1_42' title="bbox 1848 1406 3428 1480; baseline -0.001 -19"><span class='ocrx_word' id='word_1_300' title='bbox 1848 1408 2270 1477; x_wconf 78' lang='lat' dir='ltr'><strong>quadragesimo</strong></span> <span class='ocrx_word' id='word_1_301' title='bbox 2304 1416 2501 1478; x_wconf 86' lang='lat' dir='ltr'><strong>quarto</strong></span> <span class='ocrx_word' id='word_1_302' title='bbox 2532 1411 2718 1464; x_wconf 80' lang='lat' dir='ltr'><strong>decem</strong></span> <span class='ocrx_word' id='word_1_303' title='bbox 2752 1410 2927 1480; x_wconf 80' lang='lat' dir='ltr'><strong>plagis</strong></span> <span class='ocrx_word' id='word_1_304' title='bbox 2961 1407 3230 1478; x_wconf 70' lang='lat' dir='ltr'><strong>AEgyptus</strong></span> <span class='ocrx_word' id='word_1_305' title='bbox 3267 1406 3428 1477; x_wconf 71' lang='lat' dir='ltr'><strong>aﬂiigi</strong></span> 
     </span>
    </p>
   </div>
   <div class='ocr_carea' id='block_1_43' title="bbox 1851 1498 3427 1568">
    <p class='ocr_par' dir='ltr' id='par_1_43' title="bbox 1851 1498 3427 1568">
     <span class='ocr_line' id='line_1_43' title="bbox 1851 1498 3427 1568; baseline -0.003 -14"><span class='ocrx_word' id='word_1_306' title='bbox 1851 1499 2117 1554; x_wconf 78' lang='lat' dir='ltr'><strong>divinitus</strong></span> <span class='ocrx_word' id='word_1_307' title='bbox 2154 1500 2339 1568; x_wconf 73' lang='lat' dir='ltr'><strong>cmpit.</strong></span> <span class='ocrx_word' id='word_1_308' title='bbox 2384 1498 2570 1552; x_wconf 78' lang='lat' dir='ltr'><strong>Mense</strong></span> <span class='ocrx_word' id='word_1_309' title='bbox 2617 1498 2780 1553; x_wconf 77' lang='lat' dir='ltr'><strong>Juuio</strong></span> <span class='ocrx_word' id='word_1_310' title='bbox 2820 1516 2848 1553; x_wconf 92' lang='lat' dir='ltr'><strong>a</strong></span> <span class='ocrx_word' id='word_1_311' title='bbox 2873 1515 2975 1566; x_wconf 63' lang='lat' dir='ltr'><strong>gum</strong></span> <span class='ocrx_word' id='word_1_312' title='bbox 3013 1499 3067 1553; x_wconf 89' lang='lat' dir='ltr'><strong>in</strong></span> <span class='ocrx_word' id='word_1_313' title='bbox 3101 1499 3427 1567; x_wconf 69' lang='lat' dir='ltr'><strong>sanguinem</strong></span> 
     </span>
    </p>
   </div>
   <div class='ocr_carea' id='block_1_44' title="bbox 1849 1589 3431 1661">
    <p class='ocr_par' dir='ltr' id='par_1_44' title="bbox 1849 1589 3431 1661">
     <span class='ocr_line' id='line_1_44' title="bbox 1849 1589 3431 1661; baseline -0.006 -13"><span class='ocrx_word' id='word_1_314' title='bbox 1849 1600 1974 1648; x_wconf 86' lang='lat' dir='ltr'><strong>sunt</strong></span> <span class='ocrx_word' id='word_1_315' title='bbox 1989 1606 2284 1655; x_wconf 70' lang='lat' dir='ltr'><strong>conversae,</strong></span> <span class='ocrx_word' id='word_1_316' title='bbox 2304 1589 2448 1645; x_wconf 81' lang='lat' dir='ltr'><strong>Julio</strong></span> <span class='ocrx_word' id='word_1_317' title='bbox 2467 1591 3164 1661; x_wconf 48' lang='lat' dir='ltr'><strong>rauagAugustoscniphes,</strong></span> <span class='ocrx_word' id='word_1_318' title='bbox 3185 1590 3431 1659; x_wconf 83' lang='lat' dir='ltr'><strong>Septem-</strong></span> 
     </span>
    </p>
   </div>
   <div class='ocr_carea' id='block_1_45' title="bbox 1849 1678 3431 1751">
    <p class='ocr_par' dir='ltr' id='par_1_45' title="bbox 1849 1678 3431 1751">
     <span class='ocr_line' id='line_1_45' title="bbox 1849 1678 3431 1751; baseline -0.004 -13"><span class='ocrx_word' id='word_1_319' title='bbox 1849 1683 1931 1738; x_wconf 90' lang='lat' dir='ltr'><strong>bri</strong></span> <span class='ocrx_word' id='word_1_320' title='bbox 1964 1698 2149 1737; x_wconf 88' lang='lat' dir='ltr'><strong>musca</strong></span> <span class='ocrx_word' id='word_1_321' title='bbox 2176 1682 2396 1745; x_wconf 87' lang='lat' dir='ltr'><strong>canina,</strong></span> <span class='ocrx_word' id='word_1_322' title='bbox 2441 1682 2662 1737; x_wconf 83' lang='lat' dir='ltr'><strong>Octobri</strong></span> <span class='ocrx_word' id='word_1_323' title='bbox 2716 1684 2888 1751; x_wconf 88' lang='lat' dir='ltr'><strong>pestis</strong></span> <span class='ocrx_word' id='word_1_324' title='bbox 2927 1683 3163 1751; x_wconf 82' lang='lat' dir='ltr'><strong>pecoris,</strong></span> <span class='ocrx_word' id='word_1_325' title='bbox 3196 1678 3431 1746; x_wconf 79' lang='lat' dir='ltr'><strong>Novem-</strong></span> 
     </span>
    </p>
   </div>
   <div class='ocr_carea' id='block_1_46' title="bbox 1850 1771 3430 1849">
    <p class='ocr_par' dir='ltr' id='par_1_46' title="bbox 1850 1771 3430 1849">
     <span class='ocr_line' id='line_1_46' title="bbox 1850 1771 3430 1849; baseline -0.003 -19"><span class='ocrx_word' id='word_1_326' title='bbox 1850 1774 1933 1830; x_wconf 89' lang='lat' dir='ltr'><strong>bri</strong></span> <span class='ocrx_word' id='word_1_327' title='bbox 1956 1776 2191 1845; x_wconf 67' lang='lat' dir='ltr'><strong>pustulaa</strong></span> <span class='ocrx_word' id='word_1_328' title='bbox 2209 1783 2262 1828; x_wconf 91' lang='lat' dir='ltr'><strong>et</strong></span> <span class='ocrx_word' id='word_1_329' title='bbox 2289 1775 2500 1849; x_wconf 70' lang='lat' dir='ltr'><strong>ulcera,</strong></span> <span class='ocrx_word' id='word_1_330' title='bbox 2522 1774 2802 1829; x_wconf 87' lang='lat' dir='ltr'><strong>Decembri</strong></span> <span class='ocrx_word' id='word_1_331' title='bbox 2823 1775 2938 1844; x_wconf 72' lang='lat'><strong>88</strong></span> <span class='ocrx_word' id='word_1_332' title='bbox 2960 1773 3191 1843; x_wconf 76' lang='lat' dir='ltr'><strong>grando,</strong></span> <span class='ocrx_word' id='word_1_333' title='bbox 3223 1771 3430 1827; x_wconf 85' lang='lat' dir='ltr'><strong>Janua-</strong></span> 
     </span>
    </p>
   </div>
   <div class='ocr_carea' id='block_1_47' title="bbox 1849 1865 3431 1935">
    <p class='ocr_par' dir='ltr' id='par_1_47' title="bbox 1849 1865 3431 1935">
     <span class='ocr_line' id='line_1_47' title="bbox 1849 1865 3431 1935; baseline -0.004 -11"><span class='ocrx_word' id='word_1_334' title='bbox 1849 1870 1935 1924; x_wconf 88' lang='lat' dir='ltr'><strong>rio</strong></span> <span class='ocrx_word' id='word_1_335' title='bbox 1969 1871 2219 1935; x_wconf 76' lang='lat' dir='ltr'><strong>locustae,</strong></span> <span class='ocrx_word' id='word_1_336' title='bbox 2263 1870 2563 1926; x_wconf 86' lang='lat' dir='ltr'><strong>Februario</strong></span> <span class='ocrx_word' id='word_1_337' title='bbox 2612 1870 2880 1924; x_wconf 76' lang='lat' dir='ltr'><strong>triduana:</strong></span> <span class='ocrx_word' id='word_1_338' title='bbox 2926 1869 3186 1933; x_wconf 71' lang='lat' dir='ltr'><strong>tenebrae,</strong></span> <span class='ocrx_word' id='word_1_339' title='bbox 3236 1865 3431 1919; x_wconf 79' lang='lat' dir='ltr'><strong>Martio</strong></span> 
     </span>
    </p>
   </div>
   <div class='ocr_carea' id='block_1_48' title="bbox 1850 1956 3432 2035">
    <p class='ocr_par' dir='ltr' id='par_1_48' title="bbox 1850 1956 3432 2035">
     <span class='ocr_line' id='line_1_48' title="bbox 1850 1956 3432 2035; baseline -0.003 -20"><span class='ocrx_word' id='word_1_340' title='bbox 1850 1962 2335 2035; x_wconf 74' lang='lat' dir='ltr'><strong>primogenitorum</strong></span> <span class='ocrx_word' id='word_1_341' title='bbox 2367 1962 2638 2017; x_wconf 88' lang='lat' dir='ltr'><strong>interitus.</strong></span> <span class='ocrx_word' id='word_1_342' title='bbox 2672 1962 2766 2016; x_wconf 92' lang='lat' dir='ltr'><strong>Die</strong></span> <span class='ocrx_word' id='word_1_343' title='bbox 2796 1960 2971 2015; x_wconf 83' lang='lat' dir='ltr'><strong>Martii</strong></span> <span class='ocrx_word' id='word_1_344' title='bbox 2997 1956 3212 2015; x_wconf 78' lang='lat' dir='ltr'><strong>decimo</strong></span> <span class='ocrx_word' id='word_1_345' title='bbox 3234 1964 3432 2027; x_wconf 79' lang='lat' dir='ltr'><strong>quarto</strong></span> 
     </span>
    </p>
   </div>
   <div class='ocr_carea' id='block_1_49' title="bbox 1850 2049 3425 2124">
    <p class='ocr_par' dir='ltr' id='par_1_49' title="bbox 1850 2049 3425 2124">
     <span class='ocr_line' id='line_1_49' title="bbox 1850 2049 3425 2124; baseline -0.003 -16"><span class='ocrx_word' id='word_1_346' title='bbox 1850 2054 2145 2124; x_wconf 69' lang='lat' dir='ltr'><strong>deprzedati</strong></span> <span class='ocrx_word' id='word_1_347' title='bbox 2177 2054 2337 2123; x_wconf 83' lang='lat' dir='ltr'><strong>jussu</strong></span> <span class='ocrx_word' id='word_1_348' title='bbox 2394 2054 2485 2109; x_wconf 92' lang='lat' dir='ltr'><strong>Dei</strong></span> <span class='ocrx_word' id='word_1_349' title='bbox 2548 2052 2836 2123; x_wconf 63' lang='lat' dir='ltr'><strong>Egyptios</strong></span> <span class='ocrx_word' id='word_1_350' title='bbox 2889 2049 3065 2105; x_wconf 64' lang='lat' dir='ltr'><strong>Judaei</strong></span> <span class='ocrx_word' id='word_1_351' title='bbox 3116 2050 3425 2103; x_wconf 73' lang='lat' dir='ltr'><strong>cxiverunt.</strong></span> 
     </span>
    </p>
   </div>
   <div class='ocr_carea' id='block_1_50' title="bbox 1850 2140 3433 2215">
    <p class='ocr_par' dir='ltr' id='par_1_50' title="bbox 1850 2140 3433 2215">
     <span class='ocr_line' id='line_1_50' title="bbox 1850 2140 3433 2215; baseline -0.004 -17"><span class='ocrx_word' id='word_1_352' title='bbox 1850 2143 1979 2199; x_wconf 87' lang='lat' dir='ltr'><strong>Post</strong></span> <span class='ocrx_word' id='word_1_353' title='bbox 2008 2144 2215 2199; x_wconf 80' lang='lat' dir='ltr'><strong>exitum</strong></span> <span class='ocrx_word' id='word_1_354' title='bbox 2248 2160 2312 2199; x_wconf 82' lang='lat' dir='ltr'><strong>cx</strong></span> <span class='ocrx_word' id='word_1_355' title='bbox 2336 2144 2572 2215; x_wconf 67' lang='lat' dir='ltr'><strong>Egypto</strong></span> <span class='ocrx_word' id='word_1_356' title='bbox 2596 2141 2794 2196; x_wconf 85' lang='lat' dir='ltr'><strong>Jothor</strong></span> <span class='ocrx_word' id='word_1_357' title='bbox 2816 2140 2985 2196; x_wconf 81' lang='lat' dir='ltr'><strong>Musis</strong></span> <span class='ocrx_word' id='word_1_358' title='bbox 3013 2154 3191 2203; x_wconf 87' lang='lat' dir='ltr'><strong>socer,</strong></span> <span class='ocrx_word' id='word_1_359' title='bbox 3220 2153 3433 2194; x_wconf 80' lang='lat' dir='ltr'><strong>assum-</strong></span> 
     </span>
    </p>
   </div>
   <div class='ocr_carea' id='block_1_51' title="bbox 1854 2226 3430 2307">
    <p class='ocr_par' dir='ltr' id='par_1_51' title="bbox 1854 2226 3430 2307">
     <span class='ocr_line' id='line_1_51' title="bbox 1854 2226 3430 2307; baseline -0.006 -16"><span class='ocrx_word' id='word_1_360' title='bbox 1854 2246 1940 2307; x_wconf 87' lang='lat' dir='ltr'><strong>pta</strong></span> <span class='ocrx_word' id='word_1_361' title='bbox 1973 2235 2215 2306; x_wconf 90' lang='lat' dir='ltr'><strong>Sephora</strong></span> <span class='ocrx_word' id='word_1_362' title='bbox 2252 2236 2427 2291; x_wconf 76' lang='lat' dir='ltr'><strong>Mosis</strong></span> <span class='ocrx_word' id='word_1_363' title='bbox 2466 2250 2637 2290; x_wconf 83' lang='lat' dir='ltr'><strong>uxore</strong></span> <span class='ocrx_word' id='word_1_364' title='bbox 2664 2235 2896 2303; x_wconf 81' lang='lat' dir='ltr'><strong>ejusque</strong></span> <span class='ocrx_word' id='word_1_365' title='bbox 2928 2230 3146 2287; x_wconf 83' lang='lat' dir='ltr'><strong>duobus</strong></span> <span class='ocrx_word' id='word_1_366' title='bbox 3178 2230 3329 2295; x_wconf 82' lang='lat' dir='ltr'><strong>ﬁliis,</strong></span> <span class='ocrx_word' id='word_1_367' title='bbox 3364 2226 3430 2275; x_wconf 74' lang='lat' dir='ltr'><strong>ad</strong></span> 
     </span>
    </p>
   </div>
   <div class='ocr_carea' id='block_1_52' title="bbox 1852 2320 3433 2396">
    <p class='ocr_par' dir='ltr' id='par_1_52' title="bbox 1852 2320 3433 2396">
     <span class='ocr_line' id='line_1_52' title="bbox 1852 2320 3433 2396; baseline -0.005 -14"><span class='ocrx_word' id='word_1_368' title='bbox 1852 2327 2057 2383; x_wconf 77' lang='lat' dir='ltr'><strong>Moscm</strong></span> <span class='ocrx_word' id='word_1_369' title='bbox 2087 2329 2140 2383; x_wconf 91' lang='lat' dir='ltr'><strong>in</strong></span> <span class='ocrx_word' id='word_1_370' title='bbox 2169 2328 2521 2384; x_wconf 88' lang='lat' dir='ltr'><strong>solitudinem</strong></span> <span class='ocrx_word' id='word_1_371' title='bbox 2568 2326 2841 2396; x_wconf 81' lang='lat' dir='ltr'><strong>pervenit,</strong></span> <span class='ocrx_word' id='word_1_372' title='bbox 2882 2324 3063 2379; x_wconf 84' lang='lat' dir='ltr'><strong>adhuc</strong></span> <span class='ocrx_word' id='word_1_373' title='bbox 3112 2337 3236 2377; x_wconf 89' lang='lat' dir='ltr'><strong>cum</strong></span> <span class='ocrx_word' id='word_1_374' title='bbox 3264 2320 3433 2377; x_wconf 75' lang='lat' dir='ltr'><strong>Ama-</strong></span> 
     </span>
    </p>
   </div>
   <div class='ocr_carea' id='block_1_53' title="bbox 1854 2410 3431 2486">
    <p class='ocr_par' dir='ltr' id='par_1_53' title="bbox 1854 2410 3431 2486">
     <span class='ocr_line' id='line_1_53' title="bbox 1854 2410 3431 2486; baseline -0.005 -16"><span class='ocrx_word' id='word_1_375' title='bbox 1854 2418 1974 2471; x_wconf 90' lang='lat' dir='ltr'><strong>leco</strong></span> <span class='ocrx_word' id='word_1_376' title='bbox 2004 2417 2203 2472; x_wconf 89' lang='lat' dir='ltr'><strong>bellum</strong></span> <span class='ocrx_word' id='word_1_377' title='bbox 2264 2423 2565 2486; x_wconf 74' lang='lat' dir='ltr'><strong>gerentem.</strong></span> <span class='ocrx_word' id='word_1_378' title='bbox 2605 2415 2793 2470; x_wconf 90' lang='lat' dir='ltr'><strong>Tertio</strong></span> <span class='ocrx_word' id='word_1_379' title='bbox 2822 2414 2892 2469; x_wconf 88' lang='lat' dir='ltr'><strong>ab</strong></span> <span class='ocrx_word' id='word_1_380' title='bbox 2919 2412 3070 2469; x_wconf 87' lang='lat' dir='ltr'><strong>exitu</strong></span> <span class='ocrx_word' id='word_1_381' title='bbox 3125 2425 3310 2465; x_wconf 83' lang='lat' dir='ltr'><strong>mense</strong></span> <span class='ocrx_word' id='word_1_382' title='bbox 3345 2410 3431 2464; x_wconf 85' lang='lat' dir='ltr'><strong>lex</strong></span> 
     </span>
    </p>
   </div>
   <div class='ocr_carea' id='block_1_54' title="bbox 1853 2499 3432 2577">
    <p class='ocr_par' dir='ltr' id='par_1_54' title="bbox 1853 2499 3432 2577">
     <span class='ocr_line' id='line_1_54' title="bbox 1853 2499 3432 2577; baseline -0.004 -16"><span class='ocrx_word' id='word_1_383' title='bbox 1853 2508 1909 2562; x_wconf 89' lang='lat' dir='ltr'><strong>in</strong></span> <span class='ocrx_word' id='word_1_384' title='bbox 1940 2516 2127 2564; x_wconf 86' lang='lat' dir='ltr'><strong>monte</strong></span> <span class='ocrx_word' id='word_1_385' title='bbox 2151 2508 2301 2564; x_wconf 89' lang='lat' dir='ltr'><strong>Sinai</strong></span> <span class='ocrx_word' id='word_1_386' title='bbox 2338 2508 2469 2573; x_wconf 89' lang='lat' dir='ltr'><strong>lata,</strong></span> <span class='ocrx_word' id='word_1_387' title='bbox 2498 2506 2797 2577; x_wconf 86' lang='lat' dir='ltr'><strong>decemque</strong></span> <span class='ocrx_word' id='word_1_388' title='bbox 2830 2511 3100 2575; x_wconf 69' lang='lat' dir='ltr'><strong>praecepta</strong></span> <span class='ocrx_word' id='word_1_389' title='bbox 3128 2502 3286 2566; x_wconf 77' lang='lat' dir='ltr'><strong>Mosi,</strong></span> <span class='ocrx_word' id='word_1_390' title='bbox 3327 2499 3432 2555; x_wconf 74' lang='lat' dir='ltr'><strong>Aa-</strong></span> 
     </span>
    </p>
   </div>
   <div class='ocr_carea' id='block_1_55' title="bbox 1857 2591 3431 2667">
    <p class='ocr_par' dir='ltr' id='par_1_55' title="bbox 1857 2591 3431 2667">
     <span class='ocr_line' id='line_1_55' title="bbox 1857 2591 3431 2667; baseline -0.005 -16"><span class='ocrx_word' id='word_1_391' title='bbox 1857 2598 1979 2651; x_wconf 90' lang='lat' dir='ltr'><strong>roni</strong></span> <span class='ocrx_word' id='word_1_392' title='bbox 2026 2605 2190 2667; x_wconf 86' lang='lat' dir='ltr'><strong>atque</strong></span> <span class='ocrx_word' id='word_1_393' title='bbox 2221 2597 2483 2652; x_wconf 81' lang='lat' dir='ltr'><strong>universo</strong></span> <span class='ocrx_word' id='word_1_394' title='bbox 2522 2595 2726 2666; x_wconf 83' lang='lat' dir='ltr'><strong>populo</strong></span> <span class='ocrx_word' id='word_1_395' title='bbox 2760 2594 2886 2649; x_wconf 91' lang='lat' dir='ltr'><strong>data</strong></span> <span class='ocrx_word' id='word_1_396' title='bbox 2911 2601 3060 2649; x_wconf 88' lang='lat' dir='ltr'><strong>sunt.</strong></span> <span class='ocrx_word' id='word_1_397' title='bbox 3118 2591 3431 2647; x_wconf 84' lang='lat' dir='ltr'><strong>Secundum</strong></span> 
     </span>
    </p>
   </div>
   <div class='ocr_carea' id='block_1_56' title="bbox 1854 2683 3431 2757">
    <p class='ocr_par' dir='ltr' id='par_1_56' title="bbox 1854 2683 3431 2757">
     <span class='ocr_line' id='line_1_56' title="bbox 1854 2683 3431 2757; baseline -0.006 -14"><span class='ocrx_word' id='word_1_398' title='bbox 1854 2689 1958 2743; x_wconf 89' lang='lat' dir='ltr'><strong>hoc</strong></span> <span class='ocrx_word' id='word_1_399' title='bbox 1990 2703 2184 2743; x_wconf 89' lang='lat' dir='ltr'><strong>rursus</strong></span> <span class='ocrx_word' id='word_1_400' title='bbox 2203 2687 2382 2743; x_wconf 74' lang='lat' dir='ltr'><strong>Moses</strong></span> <span class='ocrx_word' id='word_1_401' title='bbox 2400 2688 2649 2757; x_wconf 91' lang='lat' dir='ltr'><strong>jubetur,</strong></span> <span class='ocrx_word' id='word_1_402' title='bbox 2671 2693 2954 2755; x_wconf 88' lang='lat' dir='ltr'><strong>assumpto</strong></span> <span class='ocrx_word' id='word_1_403' title='bbox 2969 2683 3160 2748; x_wconf 85' lang='lat' dir='ltr'><strong>Josua,</strong></span> <span class='ocrx_word' id='word_1_404' title='bbox 3194 2691 3431 2737; x_wconf 82' lang='lat' dir='ltr'><strong>mentem</strong></span> 
     </span>
    </p>
   </div>
   <div class='ocr_carea' id='block_1_57' title="bbox 1854 2770 3432 2848">
    <p class='ocr_par' dir='ltr' id='par_1_57' title="bbox 1854 2770 3432 2848">
     <span class='ocr_line' id='line_1_57' title="bbox 1854 2770 3432 2848; baseline -0.006 -14"><span class='ocrx_word' id='word_1_405' title='bbox 1854 2778 2249 2844; x_wconf 90' lang='lat' dir='ltr'><strong>conscendere,</strong></span> <span class='ocrx_word' id='word_1_406' title='bbox 2270 2778 2598 2848; x_wconf 85' lang='lat' dir='ltr'><strong>tabulasque</strong></span> <span class='ocrx_word' id='word_1_407' title='bbox 2634 2778 2884 2846; x_wconf 89' lang='lat' dir='ltr'><strong>accipere</strong></span> <span class='ocrx_word' id='word_1_408' title='bbox 2906 2775 2967 2828; x_wconf 78' lang='lat' dir='ltr'><strong>in</strong></span> <span class='ocrx_word' id='word_1_409' title='bbox 2998 2774 3198 2845; x_wconf 88' lang='lat' dir='ltr'><strong>quibus</strong></span> <span class='ocrx_word' id='word_1_410' title='bbox 3219 2772 3303 2827; x_wconf 86' lang='lat' dir='ltr'><strong>lex</strong></span> <span class='ocrx_word' id='word_1_411' title='bbox 3339 2770 3432 2825; x_wconf 85' lang='lat' dir='ltr'><strong>Dei</strong></span> 
     </span>
    </p>
   </div>
   <div class='ocr_carea' id='block_1_58' title="bbox 1856 2867 3433 2939">
    <p class='ocr_par' dir='ltr' id='par_1_58' title="bbox 1856 2867 3433 2939">
     <span class='ocr_line' id='line_1_58' title="bbox 1856 2867 3433 2939; baseline -0.003 -16"><span class='ocrx_word' id='word_1_412' title='bbox 1856 2871 2159 2939; x_wconf 87' lang='lat' dir='ltr'><strong>perscripta</strong></span> <span class='ocrx_word' id='word_1_413' title='bbox 2192 2878 2331 2923; x_wconf 89' lang='lat' dir='ltr'><strong>erat.</strong></span> <span class='ocrx_word' id='word_1_414' title='bbox 2376 2869 2580 2924; x_wconf 89' lang='lat' dir='ltr'><strong>Eodem</strong></span> <span class='ocrx_word' id='word_1_415' title='bbox 2614 2869 2859 2938; x_wconf 83' lang='lat' dir='ltr'><strong>tempore</strong></span> <span class='ocrx_word' id='word_1_416' title='bbox 2891 2867 3168 2934; x_wconf 80' lang='lat' dir='ltr'><strong>exemplar</strong></span> <span class='ocrx_word' id='word_1_417' title='bbox 3211 2879 3433 2935; x_wconf 88' lang='lat' dir='ltr'><strong>quoque</strong></span> 
     </span>
    </p>
   </div>
   <div class='ocr_carea' id='block_1_59' title="bbox 1857 2955 3430 3030">
    <p class='ocr_par' dir='ltr' id='par_1_59' title="bbox 1857 2955 3430 3030">
     <span class='ocr_line' id='line_1_59' title="bbox 1857 2955 3430 3030; baseline -0.004 -14"><span class='ocrx_word' id='word_1_418' title='bbox 1857 2961 2191 3016; x_wconf 83' lang='lat' dir='ltr'><strong>tabernaculi</strong></span> <span class='ocrx_word' id='word_1_419' title='bbox 2225 2961 2381 3026; x_wconf 83' lang='lat' dir='ltr'><strong>vidit,</strong></span> <span class='ocrx_word' id='word_1_420' title='bbox 2408 2961 2731 3030; x_wconf 86' lang='lat' dir='ltr'><strong>reliquaque</strong></span> <span class='ocrx_word' id='word_1_421' title='bbox 2762 2960 2888 3013; x_wconf 91' lang='lat' dir='ltr'><strong>item</strong></span> <span class='ocrx_word' id='word_1_422' title='bbox 2920 2958 3099 3013; x_wconf 88' lang='lat' dir='ltr'><strong>omnia</strong></span> <span class='ocrx_word' id='word_1_423' title='bbox 3133 2973 3253 3025; x_wconf 68' lang='lat' dir='ltr'><strong>qua:</strong></span> <span class='ocrx_word' id='word_1_424' title='bbox 3276 2956 3340 3009; x_wconf 85' lang='lat' dir='ltr'><strong>ad</strong></span> <span class='ocrx_word' id='word_1_425' title='bbox 3376 2955 3430 3009; x_wconf 91' lang='lat' dir='ltr'><strong>id</strong></span> 
     </span>
    </p>
   </div>
   <div class='ocr_carea' id='block_1_60' title="bbox 1857 3046 3431 3121">
    <p class='ocr_par' dir='ltr' id='par_1_60' title="bbox 1857 3046 3431 3121">
     <span class='ocr_line' id='line_1_60' title="bbox 1857 3046 3431 3121; baseline -0.003 -15"><span class='ocrx_word' id='word_1_426' title='bbox 1857 3052 2225 3121; x_wconf 87' lang='lat' dir='ltr'><strong>pertinebant.</strong></span> <span class='ocrx_word' id='word_1_427' title='bbox 2263 3051 2484 3107; x_wconf 89' lang='lat' dir='ltr'><strong>Interim</strong></span> <span class='ocrx_word' id='word_1_428' title='bbox 2528 3052 2763 3121; x_wconf 86' lang='lat' dir='ltr'><strong>populus</strong></span> <span class='ocrx_word' id='word_1_429' title='bbox 2798 3050 3024 3103; x_wconf 82' lang='lat' dir='ltr'><strong>vitulum</strong></span> <span class='ocrx_word' id='word_1_430' title='bbox 3058 3049 3279 3102; x_wconf 83' lang='lat' dir='ltr'><strong>fecerat.</strong></span> <span class='ocrx_word' id='word_1_431' title='bbox 3311 3046 3431 3101; x_wconf 76' lang='lat' dir='ltr'><strong>Mo-</strong></span> 
     </span>
    </p>
   </div>
   <div class='ocr_carea' id='block_1_61' title="bbox 184 3139 1761 3227">
    <p class='ocr_par' dir='ltr' id='par_1_61' title="bbox 184 3147 1753 3220">
     <span class='ocr_line' id='line_1_61' title="bbox 184 3147 1753 3220; baseline 0.002 -24"><span class='ocrx_word' id='word_1_432' title='bbox 184 3148 260 3198; x_wconf 73' lang='grc' dir='ltr'><strong>τὸν</strong></span> <span class='ocrx_word' id='word_1_433' title='bbox 284 3149 459 3201; x_wconf 76' lang='grc' dir='ltr'>τύπον</span> <span class='ocrx_word' id='word_1_434' title='bbox 491 3150 591 3217; x_wconf 80' lang='grc' dir='ltr'>τῆς</span> <span class='ocrx_word' id='word_1_435' title='bbox 643 3154 850 3218; x_wconf 71' lang='grc' dir='ltr'>σκηνῆς</span> <span class='ocrx_word' id='word_1_436' title='bbox 900 3150 1101 3220; x_wconf 87' lang='grc' dir='ltr'>θεωρεῖ</span> <span class='ocrx_word' id='word_1_437' title='bbox 1146 3151 1238 3203; x_wconf 79' lang='grc' dir='ltr'><strong>καὶ</strong></span> <span class='ocrx_word' id='word_1_438' title='bbox 1290 3150 1359 3203; x_wconf 76' lang='grc' dir='ltr'>τὰ</span> <span class='ocrx_word' id='word_1_439' title='bbox 1412 3149 1539 3219; x_wconf 70' lang='grc' dir='ltr'>περὶ</span> <span class='ocrx_word' id='word_1_440' title='bbox 1583 3147 1753 3218; x_wconf 67' lang='grc' dir='ltr'>αὐτὴν</span> 
     </span>
    </p>
   </div>
   <div class='ocr_carea' id='block_1_62' title="bbox 1855 3139 3433 3227">
    <p class='ocr_par' dir='ltr' id='par_1_62' title="bbox 1859 3139 3433 3211">
     <span class='ocr_line' id='line_1_62' title="bbox 1859 3139 3433 3211; baseline -0.004 -11"><span class='ocrx_word' id='word_1_441' title='bbox 1859 3160 1948 3200; x_wconf 86' lang='lat' dir='ltr'><strong>ses</strong></span> <span class='ocrx_word' id='word_1_442' title='bbox 1974 3160 2001 3197; x_wconf 88' lang='lat' dir='ltr'><strong>a</strong></span> <span class='ocrx_word' id='word_1_443' title='bbox 2038 3142 2147 3198; x_wconf 91' lang='lat' dir='ltr'><strong>Deo</strong></span> <span class='ocrx_word' id='word_1_444' title='bbox 2177 3144 2348 3199; x_wconf 88' lang='lat' dir='ltr'><strong>factas</strong></span> <span class='ocrx_word' id='word_1_445' title='bbox 2379 3143 2599 3197; x_wconf 88' lang='lat' dir='ltr'><strong>tabulas</strong></span> <span class='ocrx_word' id='word_1_446' title='bbox 2632 3141 2951 3211; x_wconf 82' lang='lat' dir='ltr'><strong>confringit,</strong></span> <span class='ocrx_word' id='word_1_447' title='bbox 3004 3140 3267 3209; x_wconf 84' lang='lat' dir='ltr'><strong>jubetque</strong></span> <span class='ocrx_word' id='word_1_448' title='bbox 3297 3139 3433 3193; x_wconf 74' lang='lat' dir='ltr'><strong>alias</strong></span> 
     </span>
    </p>
   </div>
   <div class='ocr_carea' id='block_1_63' title="bbox 184 3237 1755 3308">
    <p class='ocr_par' dir='ltr' id='par_1_63' title="bbox 184 3237 1755 3308">
     <span class='ocr_line' id='line_1_63' title="bbox 184 3237 1755 3308; baseline 0.003 -21"><span class='ocrx_word' id='word_1_449' title='bbox 184 3237 364 3291; x_wconf 71' lang='grc' dir='ltr'>πάντα.</span> <span class='ocrx_word' id='word_1_450' title='bbox 402 3240 747 3308; x_wconf 83' lang='grc' dir='ltr'>Μοσχοποιεῖ</span> <span class='ocrx_word' id='word_1_451' title='bbox 775 3242 832 3294; x_wconf 79' lang='grc' dir='ltr'>δὲ</span> <span class='ocrx_word' id='word_1_452' title='bbox 852 3244 879 3291; x_wconf 85' lang='grc' dir='ltr'><strong>ό</strong></span> <span class='ocrx_word' id='word_1_453' title='bbox 903 3243 1048 3304; x_wconf 75' lang='grc' dir='ltr'>λαὸς,</span> <span class='ocrx_word' id='word_1_454' title='bbox 1082 3242 1179 3293; x_wconf 75' lang='grc' dir='ltr'><strong>καὶ</strong></span> <span class='ocrx_word' id='word_1_455' title='bbox 1208 3239 1484 3308; x_wconf 87' lang='grc' dir='ltr'>συντρίϐει</span> <span class='ocrx_word' id='word_1_456' title='bbox 1512 3240 1755 3306; x_wconf 75' lang='grc' dir='ltr'>Μωῡσῆς</span> 
     </span>
    </p>
   </div>
   <div class='ocr_carea' id='block_1_64' title="bbox 182 3327 1752 3400">
    <p class='ocr_par' dir='ltr' id='par_1_64' title="bbox 182 3327 1752 3400">
     <span class='ocr_line' id='line_1_64' title="bbox 182 3327 1752 3400; baseline 0.003 -22"><span class='ocrx_word' id='word_1_457' title='bbox 182 3330 265 3391; x_wconf 70' lang='grc' dir='ltr'>τὰς</span> <span class='ocrx_word' id='word_1_458' title='bbox 302 3330 737 3400; x_wconf 84' lang='grc' dir='ltr'>θεουργηθείσας</span> <span class='ocrx_word' id='word_1_459' title='bbox 772 3332 1017 3394; x_wconf 78' lang='grc' dir='ltr'>πλάκας.</span> <span class='ocrx_word' id='word_1_460' title='bbox 1075 3327 1209 3385; x_wconf 75' lang='grc' dir='ltr'>Εἶτα</span> <span class='ocrx_word' id='word_1_461' title='bbox 1256 3330 1419 3383; x_wconf 85' lang='grc' dir='ltr'>πάλιν</span> <span class='ocrx_word' id='word_1_462' title='bbox 1471 3329 1752 3382; x_wconf 74' lang='grc' dir='ltr'>κελεύεται</span> 
     </span>
    </p>
   </div>
   <div class='ocr_carea' id='block_1_65' title="bbox 180 3419 1750 3494">
    <p class='ocr_par' dir='ltr' id='par_1_65' title="bbox 180 3419 1750 3494">
     <span class='ocr_line' id='line_1_65' title="bbox 180 3419 1750 3494; baseline 0 -20"><span class='ocrx_word' id='word_1_463' title='bbox 180 3419 420 3487; x_wconf 70' lang='grc' dir='ltr'>ὶαξεῦσαι</span> <span class='ocrx_word' id='word_1_464' title='bbox 462 3423 683 3488; x_wconf 73' lang='grc' dir='ltr'>πλάκας</span> <span class='ocrx_word' id='word_1_465' title='bbox 712 3424 807 3478; x_wconf 76' lang='grc' dir='ltr'><strong>καὶ</strong></span> <span class='ocrx_word' id='word_1_466' title='bbox 834 3423 1079 3478; x_wconf 82' lang='grc' dir='ltr'>ἀνελθεῖν</span> <span class='ocrx_word' id='word_1_467' title='bbox 1116 3426 1174 3476; x_wconf 78' lang='grc' dir='ltr'>ἐν</span> <span class='ocrx_word' id='word_1_468' title='bbox 1211 3423 1289 3494; x_wconf 85' lang='grc' dir='ltr'>τῷ</span> <span class='ocrx_word' id='word_1_469' title='bbox 1321 3421 1459 3494; x_wconf 73' lang='grc' dir='ltr'>ὄρει.</span> <span class='ocrx_word' id='word_1_470' title='bbox 1495 3423 1603 3476; x_wconf 71' lang='grc' dir='ltr'><strong>Καὶ</strong></span> <span class='ocrx_word' id='word_1_471' title='bbox 1642 3423 1750 3475; x_wconf 67' lang='lat' dir='ltr'><strong>[Sub</strong></span> 
     </span>
    </p>
   </div>
   <div class='ocr_carea' id='block_1_66' title="bbox 181 3512 1753 3586">
    <p class='ocr_par' dir='ltr' id='par_1_66' title="bbox 181 3512 1753 3586">
     <span class='ocr_line' id='line_1_66' title="bbox 181 3512 1753 3586; baseline 0.002 -24"><span class='ocrx_word' id='word_1_472' title='bbox 181 3512 525 3581; x_wconf 69' lang='grc' dir='ltr'>ἠδεκὰλογος</span> <span class='ocrx_word' id='word_1_473' title='bbox 566 3515 714 3586; x_wconf 70' lang='grc' dir='ltr'>παρὰ</span> <span class='ocrx_word' id='word_1_474' title='bbox 753 3514 889 3567; x_wconf 88' lang='grc' dir='ltr'>Θεοῦ</span> <span class='ocrx_word' id='word_1_475' title='bbox 944 3515 1127 3585; x_wconf 85' lang='grc' dir='ltr'>τρίτον</span> <span class='ocrx_word' id='word_1_476' title='bbox 1161 3514 1558 3583; x_wconf 75' lang='grc' dir='ltr'>παραδέδοταιο</span> <span class='ocrx_word' id='word_1_477' title='bbox 1600 3515 1753 3583; x_wconf 70' lang='grc' dir='ltr'>στρ-Τ)-</span> 
     </span>
    </p>
   </div>
   <div class='ocr_carea' id='block_1_67' title="bbox 177 3605 1756 3677">
    <p class='ocr_par' dir='ltr' id='par_1_67' title="bbox 177 3605 1756 3677">
     <span class='ocr_line' id='line_1_67' title="bbox 177 3605 1756 3677; baseline 0.003 -23"><span class='ocrx_word' id='word_1_478' title='bbox 177 3619 257 3654; x_wconf 81' lang='grc' dir='ltr'><strong>τον</strong></span> <span class='ocrx_word' id='word_1_479' title='bbox 289 3608 379 3657; x_wconf 69' lang='grc' dir='ltr'>ἐπὶ</span> <span class='ocrx_word' id='word_1_480' title='bbox 414 3606 516 3658; x_wconf 80' lang='grc' dir='ltr'><strong>τοῦ</strong></span> <span class='ocrx_word' id='word_1_481' title='bbox 563 3606 723 3675; x_wconf 75' lang='grc' dir='ltr'>ὅρους</span> <span class='ocrx_word' id='word_1_482' title='bbox 770 3608 924 3669; x_wconf 82' lang='grc' dir='ltr'>Σινᾶ,</span> <span class='ocrx_word' id='word_1_483' title='bbox 974 3607 1139 3677; x_wconf 85' lang='grc' dir='ltr'>ἡνίκα</span> <span class='ocrx_word' id='word_1_484' title='bbox 1160 3608 1217 3658; x_wconf 80' lang='grc' dir='ltr'><strong>αἱ</strong></span> <span class='ocrx_word' id='word_1_485' title='bbox 1266 3605 1565 3673; x_wconf 82' lang='grc' dir='ltr'>σάλπιγγες</span> <span class='ocrx_word' id='word_1_486' title='bbox 1599 3606 1690 3669; x_wconf 67' lang='grc' dir='ltr'>καὶ</span> <span class='ocrx_word' id='word_1_487' title='bbox 1728 3607 1756 3658; x_wconf 86' lang='grc' dir='ltr'>ὁ</span> 
     </span>
    </p>
   </div>
   <div class='ocr_carea' id='block_1_68' title="bbox 182 3696 1755 3768">
    <p class='ocr_par' dir='ltr' id='par_1_68' title="bbox 182 3696 1755 3768">
     <span class='ocr_line' id='line_1_68' title="bbox 182 3696 1755 3768; baseline 0.001 -22"><span class='ocrx_word' id='word_1_488' title='bbox 182 3696 360 3763; x_wconf 58' lang='grc' dir='ltr'>γνόφος</span> <span class='ocrx_word' id='word_1_489' title='bbox 393 3713 407 3727; x_wconf 91' lang='grc'>·</span> <span class='ocrx_word' id='word_1_490' title='bbox 436 3697 698 3766; x_wconf 83' lang='grc' dir='ltr'>δεύτερον</span> <span class='ocrx_word' id='word_1_491' title='bbox 750 3698 913 3767; x_wconf 76' lang='grc' dir='ltr'>ἡνίκα</span> <span class='ocrx_word' id='word_1_492' title='bbox 957 3699 1017 3751; x_wconf 82' lang='grc' dir='ltr'><strong>τὸ</strong></span> <span class='ocrx_word' id='word_1_493' title='bbox 1067 3697 1369 3768; x_wconf 80' lang='grc' dir='ltr'>παράδοξον</span> <span class='ocrx_word' id='word_1_494' title='bbox 1408 3700 1508 3767; x_wconf 78' lang='grc' dir='ltr'>τῆς</span> <span class='ocrx_word' id='word_1_495' title='bbox 1549 3696 1755 3765; x_wconf 74' lang='grc' dir='ltr'>σκηνῆς</span> 
     </span>
    </p>
   </div>
   <div class='ocr_carea' id='block_1_69' title="bbox 179 3786 1753 3859">
    <p class='ocr_par' dir='ltr' id='par_1_69' title="bbox 179 3786 1753 3859">
     <span class='ocr_line' id='line_1_69' title="bbox 179 3786 1753 3859; baseline 0.014 -22"><span class='ocrx_word' id='word_1_496' title='bbox 179 3788 258 3838; x_wconf 75' lang='grc' dir='ltr'><strong>καὶ</strong></span> <span class='ocrx_word' id='word_1_497' title='bbox 300 3788 367 3840; x_wconf 64' lang='grc' dir='ltr'><strong>τὰ</strong></span> <span class='ocrx_word' id='word_1_498' title='bbox 424 3790 565 3858; x_wconf 78' lang='grc' dir='ltr'>περὶ</span> <span class='ocrx_word' id='word_1_499' title='bbox 599 3786 700 3859; x_wconf 83' lang='grc' dir='ltr'>τὴν</span> <span class='ocrx_word' id='word_1_500' title='bbox 736 3789 941 3859; x_wconf 84' lang='grc' dir='ltr'>σκηνήν</span> <span class='ocrx_word' id='word_1_501' title='bbox 968 3806 981 3819; x_wconf 93' lang='grc'><strong>·</strong></span> <span class='ocrx_word' id='word_1_502' title='bbox 1017 3789 1199 3859; x_wconf 83' lang='grc' dir='ltr'>τρίτον</span> <span class='ocrx_word' id='word_1_503' title='bbox 1249 3790 1387 3859; x_wconf 84' lang='grc' dir='ltr'>μετὰ</span> <span class='ocrx_word' id='word_1_504' title='bbox 1421 3788 1519 3858; x_wconf 76' lang='grc' dir='ltr'><strong>τὴν</strong></span> <span class='ocrx_word' id='word_1_505' title='bbox 1554 3804 1753 3857; x_wconf 76' lang='grc' dir='ltr'>μοσχο·</span> 
     </span>
    </p>
   </div>
   <div class='ocr_carea' id='block_1_70' title="bbox 180 3878 1759 3949">
    <p class='ocr_par' dir='ltr' id='par_1_70' title="bbox 180 3878 1759 3949">
     <span class='ocr_line' id='line_1_70' title="bbox 180 3878 1759 3949; baseline -0.001 -18"><span class='ocrx_word' id='word_1_506' title='bbox 180 3878 371 3933; x_wconf 76' lang='grc' dir='ltr'>ποιίαν.</span> <span class='ocrx_word' id='word_1_507' title='bbox 410 3881 533 3933; x_wconf 70' lang='grc' dir='ltr'><strong>Καὶ</strong></span> <span class='ocrx_word' id='word_1_508' title='bbox 564 3879 685 3932; x_wconf 89' lang='grc' dir='ltr'>τότε</span> <span class='ocrx_word' id='word_1_509' title='bbox 730 3880 839 3949; x_wconf 87' lang='grc' dir='ltr'><strong>γὰρ</strong></span> <span class='ocrx_word' id='word_1_510' title='bbox 877 3879 1287 3949; x_wconf 78' lang='grc' dir='ltr'>τεσσαράκοντα</span> <span class='ocrx_word' id='word_1_511' title='bbox 1324 3879 1530 3949; x_wconf 73' lang='grc' dir='ltr'>ἡμέρας</span> <span class='ocrx_word' id='word_1_512' title='bbox 1558 3878 1759 3948; x_wconf 82' lang='grc' dir='ltr'>διέτρι-</span> 
     </span>
    </p>
   </div>
   <div class='ocr_carea' id='block_1_71' title="bbox 176 3969 1752 4043">
    <p class='ocr_par' dir='ltr' id='par_1_71' title="bbox 176 3969 1752 4043">
     <span class='ocr_line' id='line_1_71' title="bbox 176 3969 1752 4043; baseline 0.001 -21"><span class='ocrx_word' id='word_1_513' title='bbox 176 3969 263 4035; x_wconf 64' lang='grc' dir='ltr'><strong>ψεν</strong></span> <span class='ocrx_word' id='word_1_514' title='bbox 288 3974 346 4023; x_wconf 68' lang='grc' dir='ltr'>ἑν</span> <span class='ocrx_word' id='word_1_515' title='bbox 376 3972 461 4041; x_wconf 82' lang='grc' dir='ltr'>τῷ</span> <span class='ocrx_word' id='word_1_516' title='bbox 493 3972 635 4041; x_wconf 81' lang='grc' dir='ltr'>ὄρει,</span> <span class='ocrx_word' id='word_1_517' title='bbox 665 3973 826 4039; x_wconf 70' lang='grc' dir='ltr'>ἄρτον</span> <span class='ocrx_word' id='word_1_518' title='bbox 880 3973 956 4043; x_wconf 83' lang='grc' dir='ltr'>μὴ</span> <span class='ocrx_word' id='word_1_519' title='bbox 990 3974 1181 4041; x_wconf 81' lang='grc' dir='ltr'>φαγὼν</span> <span class='ocrx_word' id='word_1_520' title='bbox 1229 3972 1364 4043; x_wconf 76' lang='grc' dir='ltr'>μηδὲ</span> <span class='ocrx_word' id='word_1_521' title='bbox 1401 3972 1545 4041; x_wconf 77' lang='grc' dir='ltr'>ὕδωρ</span> <span class='ocrx_word' id='word_1_522' title='bbox 1577 3973 1717 4024; x_wconf 85' lang='grc' dir='ltr'>πιών</span> <span class='ocrx_word' id='word_1_523' title='bbox 1740 3989 1752 4001; x_wconf 91' lang='grc'><strong>·</strong></span> 
     </span>
    </p>
   </div>
   <div class='ocr_carea' id='block_1_72' title="bbox 178 4062 1833 4135">
    <p class='ocr_par' dir='ltr' id='par_1_72' title="bbox 178 4062 1833 4135">
     <span class='ocr_line' id='line_1_72' title="bbox 178 4062 1833 4135; baseline 0.002 -24"><span class='ocrx_word' id='word_1_524' title='bbox 178 4062 301 4115; x_wconf 72' lang='grc' dir='ltr'>ἀλλὰ</span> <span class='ocrx_word' id='word_1_525' title='bbox 330 4064 429 4115; x_wconf 77' lang='grc' dir='ltr'>καὶ</span> <span class='ocrx_word' id='word_1_526' title='bbox 466 4066 501 4130; x_wconf 89' lang='grc' dir='ltr'>ἠ</span> <span class='ocrx_word' id='word_1_527' title='bbox 556 4063 684 4128; x_wconf 78' lang='grc' dir='ltr'>δόξα</span> <span class='ocrx_word' id='word_1_528' title='bbox 712 4065 806 4116; x_wconf 81' lang='grc' dir='ltr'><strong>τοῦ</strong></span> <span class='ocrx_word' id='word_1_529' title='bbox 840 4066 1134 4135; x_wconf 80' lang='grc' dir='ltr'>προσώπου</span> <span class='ocrx_word' id='word_1_530' title='bbox 1167 4067 1331 4117; x_wconf 83' lang='grc' dir='ltr'>αὑτοῦ</span> <span class='ocrx_word' id='word_1_531' title='bbox 1359 4068 1479 4117; x_wconf 86' lang='grc' dir='ltr'>τότε</span> <span class='ocrx_word' id='word_1_532' title='bbox 1530 4063 1833 4133; x_wconf 74' lang='grc' dir='ltr'>ἐξέλαμψεν</span> 
     </span>
    </p>
   </div>
   <div class='ocr_carea' id='block_1_73' title="bbox 239 4156 1759 4229">
    <p class='ocr_par' dir='ltr' id='par_1_73' title="bbox 239 4156 1759 4229">
     <span class='ocr_line' id='line_1_73' title="bbox 239 4156 1759 4229; baseline 0.001 -20"><span class='ocrx_word' id='word_1_533' title='bbox 239 4159 343 4210; x_wconf 74' lang='grc' dir='ltr'>Καὶ</span> <span class='ocrx_word' id='word_1_534' title='bbox 397 4161 462 4211; x_wconf 81' lang='grc' dir='ltr'>ἐν</span> <span class='ocrx_word' id='word_1_535' title='bbox 526 4159 608 4227; x_wconf 86' lang='grc' dir='ltr'>τῷ</span> <span class='ocrx_word' id='word_1_536' title='bbox 657 4158 924 4225; x_wconf 80' lang='grc' dir='ltr'>ἑνδεκάτῳ</span> <span class='ocrx_word' id='word_1_537' title='bbox 953 4159 1062 4211; x_wconf 74' lang='grc' dir='ltr'>ἔτει</span> <span class='ocrx_word' id='word_1_538' title='bbox 1113 4159 1215 4229; x_wconf 83' lang='grc' dir='ltr'>τῆς</span> <span class='ocrx_word' id='word_1_539' title='bbox 1264 4158 1445 4223; x_wconf 77' lang='grc' dir='ltr'>ἐξόδου</span> <span class='ocrx_word' id='word_1_540' title='bbox 1485 4156 1595 4211; x_wconf 86' lang='grc' dir='ltr'><strong>τῶν</strong></span> <span class='ocrx_word' id='word_1_541' title='bbox 1626 4158 1759 4211; x_wconf 79' lang='grc' dir='ltr'>υἱῶν</span> 
     </span>
    </p>
   </div>
   <div class='ocr_carea' id='block_1_74' title="bbox 186 4246 1756 4318">
    <p class='ocr_par' dir='ltr' id='par_1_74' title="bbox 186 4246 1756 4318">
     <span class='ocr_line' id='line_1_74' title="bbox 186 4246 1756 4318; baseline 0 -17"><span class='ocrx_word' id='word_1_542' title='bbox 186 4248 389 4318; x_wconf 82' lang='grc' dir='ltr'>Ἰσραὴλ</span> <span class='ocrx_word' id='word_1_543' title='bbox 424 4246 754 4310; x_wconf 77' lang='grc' dir='ltr'>κελευσθεὶς</span> <span class='ocrx_word' id='word_1_544' title='bbox 796 4248 1036 4315; x_wconf 80' lang='grc' dir='ltr'>Μωῦσῆς</span> <span class='ocrx_word' id='word_1_545' title='bbox 1065 4247 1433 4317; x_wconf 78' lang='grc' dir='ltr'>ἐξαριθμῆσαι</span> <span class='ocrx_word' id='word_1_546' title='bbox 1486 4248 1580 4301; x_wconf 71' lang='grc' dir='ltr'><strong>τὸν</strong></span> <span class='ocrx_word' id='word_1_547' title='bbox 1624 4248 1756 4301; x_wconf 72' lang='grc' dir='ltr'>λαὸν</span> 
     </span>
    </p>
   </div>
   <div class='ocr_carea' id='block_1_75' title="bbox 174 4337 1758 4411">
    <p class='ocr_par' dir='ltr' id='par_1_75' title="bbox 174 4337 1758 4411">
     <span class='ocr_line' id='line_1_75' title="bbox 174 4337 1758 4411; baseline 0.001 -22"><span class='ocrx_word' id='word_1_548' title='bbox 174 4340 273 4391; x_wconf 73' lang='grc' dir='ltr'>ἀπὸ</span> <span class='ocrx_word' id='word_1_549' title='bbox 300 4338 667 4401; x_wconf 67' lang='grc' dir='ltr'>είκρσαετοῦς</span> <span class='ocrx_word' id='word_1_550' title='bbox 699 4338 794 4392; x_wconf 81' lang='grc' dir='ltr'><strong>καὶ</strong></span> <span class='ocrx_word' id='word_1_551' title='bbox 825 4339 1010 4392; x_wconf 72' lang='grc' dir='ltr'>ἐπάνω</span> <span class='ocrx_word' id='word_1_552' title='bbox 1036 4340 1123 4411; x_wconf 77' lang='grc' dir='ltr'><strong>[Ρ.</strong></span> <span class='ocrx_word' id='word_1_553' title='bbox 1156 4338 1250 4410; x_wconf 79' lang='lat'><strong>50]</strong></span> <span class='ocrx_word' id='word_1_554' title='bbox 1281 4342 1407 4402; x_wconf 84' lang='grc' dir='ltr'>τοὺς</span> <span class='ocrx_word' id='word_1_555' title='bbox 1439 4337 1758 4402; x_wconf 78' lang='grc' dir='ltr'>ἐξελθόντας</span> 
     </span>
    </p>
   </div>
   <div class='ocr_carea' id='block_1_76' title="bbox 174 4431 1757 4502">
    <p class='ocr_par' dir='ltr' id='par_1_76' title="bbox 174 4431 1757 4502">
     <span class='ocr_line' id='line_1_76' title="bbox 174 4431 1757 4502; baseline 0 -19"><span class='ocrx_word' id='word_1_556' title='bbox 174 4433 223 4495; x_wconf 73' lang='grc' dir='ltr'>ἐξ</span> <span class='ocrx_word' id='word_1_557' title='bbox 244 4435 561 4500; x_wconf 78' lang='grc' dir='ltr'>Αἰγύπτου,</span> <span class='ocrx_word' id='word_1_558' title='bbox 596 4435 765 4502; x_wconf 76' lang='grc' dir='ltr'>χωρὶς</span> <span class='ocrx_word' id='word_1_559' title='bbox 787 4432 1061 4501; x_wconf 79' lang='grc' dir='ltr'>γυναικῶν</span> <span class='ocrx_word' id='word_1_560' title='bbox 1095 4431 1324 4485; x_wconf 84' lang='grc' dir='ltr'>παιδίων</span> <span class='ocrx_word' id='word_1_561' title='bbox 1356 4433 1449 4485; x_wconf 82' lang='grc' dir='ltr'><strong>καὶ</strong></span> <span class='ocrx_word' id='word_1_562' title='bbox 1468 4432 1569 4502; x_wconf 84' lang='grc' dir='ltr'><strong>τῆς</strong></span> <span class='ocrx_word' id='word_1_563' title='bbox 1592 4431 1757 4485; x_wconf 83' lang='grc' dir='ltr'>Λευῖ-</span> 
     </span>
    </p>
   </div>
   <div class='ocr_carea' id='block_1_77' title="bbox 174 4521 1758 4597">
    <p class='ocr_par' dir='ltr' id='par_1_77' title="bbox 174 4521 1758 4597">
     <span class='ocr_line' id='line_1_77' title="bbox 174 4521 1758 4597; baseline 0.001 -21"><span class='ocrx_word' id='word_1_564' title='bbox 174 4531 319 4597; x_wconf 80' lang='grc' dir='ltr'>τικῆς</span> <span class='ocrx_word' id='word_1_565' title='bbox 351 4528 570 4597; x_wconf 83' lang='grc' dir='ltr'>φυλῆς.</span> <span class='ocrx_word' id='word_1_566' title='bbox 622 4521 750 4596; x_wconf 78' lang='grc' dir='ltr'>εὗρε</span> <span class='ocrx_word' id='word_1_567' title='bbox 798 4526 1065 4595; x_wconf 73' lang='grc' dir='ltr'>μυριάδας</span> <span class='ocrx_word' id='word_1_568' title='bbox 1108 4525 1370 4595; x_wconf 78' lang='grc' dir='ltr'>ἐξήκοντα</span> <span class='ocrx_word' id='word_1_569' title='bbox 1405 4525 1502 4577; x_wconf 79' lang='grc' dir='ltr'>καὶ</span> <span class='ocrx_word' id='word_1_570' title='bbox 1548 4542 1758 4597; x_wconf 82' lang='grc' dir='ltr'>τρισχι-</span> 
     </span>
    </p>
   </div>
   <div class='ocr_carea' id='block_1_78' title="bbox 1861 3231 3435 3305">
    <p class='ocr_par' dir='ltr' id='par_1_78' title="bbox 1861 3231 3435 3305">
     <span class='ocr_line' id='line_1_78' title="bbox 1861 3231 3435 3305; baseline -0.004 -14"><span class='ocrx_word' id='word_1_571' title='bbox 1861 3251 1928 3291; x_wconf 80' lang='lat' dir='ltr'><strong>ex</strong></span> <span class='ocrx_word' id='word_1_572' title='bbox 1953 3237 2130 3305; x_wconf 81' lang='lat' dir='ltr'><strong>lapide</strong></span> <span class='ocrx_word' id='word_1_573' title='bbox 2158 3235 2434 3297; x_wconf 77' lang='lat' dir='ltr'><strong>excidere.</strong></span> <span class='ocrx_word' id='word_1_574' title='bbox 2480 3243 2534 3290; x_wconf 92' lang='lat' dir='ltr'><strong>et</strong></span> <span class='ocrx_word' id='word_1_575' title='bbox 2564 3242 2805 3289; x_wconf 87' lang='lat' dir='ltr'><strong>montem</strong></span> <span class='ocrx_word' id='word_1_576' title='bbox 2836 3233 3224 3288; x_wconf 78' lang='lat' dir='ltr'><strong>conscendere.</strong></span> <span class='ocrx_word' id='word_1_577' title='bbox 3258 3231 3435 3299; x_wconf 81' lang='lat' dir='ltr'><strong>Atque</strong></span> 
     </span>
    </p>
   </div>
   <div class='ocr_carea' id='block_1_79' title="bbox 1861 3322 3431 3398">
    <p class='ocr_par' dir='ltr' id='par_1_79' title="bbox 1861 3322 3431 3398">
     <span class='ocr_line' id='line_1_79' title="bbox 1861 3322 3431 3398; baseline -0.006 -13"><span class='ocrx_word' id='word_1_578' title='bbox 1861 3344 2009 3391; x_wconf 84' lang='lat' dir='ltr'><strong>ecce,</strong></span> <span class='ocrx_word' id='word_1_579' title='bbox 2043 3328 2261 3383; x_wconf 80' lang='lat' dir='ltr'><strong>tertium</strong></span> <span class='ocrx_word' id='word_1_580' title='bbox 2288 3326 2587 3398; x_wconf 74' lang='lat' dir='ltr'><strong>Decalogus</strong></span> <span class='ocrx_word' id='word_1_581' title='bbox 2612 3341 2639 3379; x_wconf 87' lang='lat' dir='ltr'><strong>a</strong></span> <span class='ocrx_word' id='word_1_582' title='bbox 2670 3327 2779 3381; x_wconf 91' lang='lat' dir='ltr'><strong>Deo</strong></span> <span class='ocrx_word' id='word_1_583' title='bbox 2810 3324 3072 3386; x_wconf 85' lang='lat' dir='ltr'><strong>traditur,</strong></span> <span class='ocrx_word' id='word_1_584' title='bbox 3108 3325 3346 3393; x_wconf 89' lang='lat' dir='ltr'><strong>primum</strong></span> <span class='ocrx_word' id='word_1_585' title='bbox 3377 3322 3431 3375; x_wconf 89' lang='lat' dir='ltr'><strong>in</strong></span> 
     </span>
    </p>
   </div>
   <div class='ocr_carea' id='block_1_80' title="bbox 1863 3415 3433 3488">
    <p class='ocr_par' dir='ltr' id='par_1_80' title="bbox 1863 3415 3433 3488">
     <span class='ocr_line' id='line_1_80' title="bbox 1863 3415 3433 3488; baseline -0.006 -12"><span class='ocrx_word' id='word_1_586' title='bbox 1863 3432 2044 3476; x_wconf 88' lang='lat' dir='ltr'><strong>monte</strong></span> <span class='ocrx_word' id='word_1_587' title='bbox 2061 3422 2232 3484; x_wconf 81' lang='lat' dir='ltr'><strong>Sinai,</strong></span> <span class='ocrx_word' id='word_1_588' title='bbox 2262 3420 2353 3476; x_wconf 91' lang='lat' dir='ltr'><strong>ubi</strong></span> <span class='ocrx_word' id='word_1_589' title='bbox 2383 3421 2525 3475; x_wconf 78' lang='lat' dir='ltr'><strong>tubae</strong></span> <span class='ocrx_word' id='word_1_590' title='bbox 2552 3429 2606 3475; x_wconf 91' lang='lat' dir='ltr'><strong>et</strong></span> <span class='ocrx_word' id='word_1_591' title='bbox 2638 3418 2855 3488; x_wconf 80' lang='lat' dir='ltr'><strong>caligo;</strong></span> <span class='ocrx_word' id='word_1_592' title='bbox 2888 3416 3153 3477; x_wconf 90' lang='lat' dir='ltr'><strong>secundo,</strong></span> <span class='ocrx_word' id='word_1_593' title='bbox 3187 3430 3309 3468; x_wconf 90' lang='lat' dir='ltr'><strong>cum</strong></span> <span class='ocrx_word' id='word_1_594' title='bbox 3334 3415 3433 3467; x_wconf 88' lang='lat' dir='ltr'><strong>ad-</strong></span> 
     </span>
    </p>
   </div>
   <div class='ocr_carea' id='block_1_81' title="bbox 1864 3502 3435 3578">
    <p class='ocr_par' dir='ltr' id='par_1_81' title="bbox 1864 3502 3435 3578">
     <span class='ocr_line' id='line_1_81' title="bbox 1864 3502 3435 3578; baseline -0.004 -14"><span class='ocrx_word' id='word_1_595' title='bbox 1864 3510 2131 3565; x_wconf 86' lang='lat' dir='ltr'><strong>mirabilis</strong></span> <span class='ocrx_word' id='word_1_596' title='bbox 2159 3524 2339 3565; x_wconf 73' lang='lat' dir='ltr'><strong>scente</strong></span> <span class='ocrx_word' id='word_1_597' title='bbox 2362 3516 2417 3564; x_wconf 91' lang='lat' dir='ltr'><strong>et</strong></span> <span class='ocrx_word' id='word_1_598' title='bbox 2441 3509 2507 3563; x_wconf 89' lang='lat' dir='ltr'><strong>ad</strong></span> <span class='ocrx_word' id='word_1_599' title='bbox 2538 3509 2590 3563; x_wconf 92' lang='lat' dir='ltr'><strong>id</strong></span> <span class='ocrx_word' id='word_1_600' title='bbox 2627 3508 3016 3578; x_wconf 85' lang='lat' dir='ltr'><strong>pertinentium</strong></span> <span class='ocrx_word' id='word_1_601' title='bbox 3056 3507 3235 3561; x_wconf 80' lang='lat' dir='ltr'><strong>visum</strong></span> <span class='ocrx_word' id='word_1_602' title='bbox 3300 3502 3435 3557; x_wconf 73' lang='lat' dir='ltr'><strong>Mosi</strong></span> 
     </span>
    </p>
   </div>
   <div class='ocr_carea' id='block_1_82' title="bbox 1862 3598 3438 3671">
    <p class='ocr_par' dir='ltr' id='par_1_82' title="bbox 1862 3598 3438 3671">
     <span class='ocr_line' id='line_1_82' title="bbox 1862 3598 3438 3671; baseline -0.008 -12"><span class='ocrx_word' id='word_1_603' title='bbox 1862 3612 1948 3660; x_wconf 81' lang='lat' dir='ltr'><strong>est</strong></span> <span class='ocrx_word' id='word_1_604' title='bbox 1982 3604 2223 3656; x_wconf 88' lang='lat' dir='ltr'><strong>ohlatnm</strong></span> <span class='ocrx_word' id='word_1_605' title='bbox 2250 3619 2264 3668; x_wconf 92' lang='lat'><strong>;</strong></span> <span class='ocrx_word' id='word_1_606' title='bbox 2292 3603 2454 3655; x_wconf 89' lang='lat' dir='ltr'><strong>tertio</strong></span> <span class='ocrx_word' id='word_1_607' title='bbox 2488 3610 2609 3671; x_wconf 86' lang='lat' dir='ltr'><strong>post</strong></span> <span class='ocrx_word' id='word_1_608' title='bbox 2639 3600 2874 3655; x_wconf 84' lang='lat' dir='ltr'><strong>efﬁctum</strong></span> <span class='ocrx_word' id='word_1_609' title='bbox 2908 3598 3140 3653; x_wconf 80' lang='lat' dir='ltr'><strong>vitulum</strong></span> <span class='ocrx_word' id='word_1_610' title='bbox 3185 3615 3198 3651; x_wconf 95' lang='lat'>:</span> <span class='ocrx_word' id='word_1_611' title='bbox 3231 3609 3355 3650; x_wconf 87' lang='lat' dir='ltr'><strong>nam</strong></span> <span class='ocrx_word' id='word_1_612' title='bbox 3384 3604 3438 3647; x_wconf 86' lang='lat' dir='ltr'><strong>et</strong></span> 
     </span>
    </p>
   </div>
   <div class='ocr_carea' id='block_1_83' title="bbox 1865 3690 3440 3761">
    <p class='ocr_par' dir='ltr' id='par_1_83' title="bbox 1865 3690 3440 3761">
     <span class='ocr_line' id='line_1_83' title="bbox 1865 3690 3440 3761; baseline -0.006 -14"><span class='ocrx_word' id='word_1_613' title='bbox 1865 3704 1994 3747; x_wconf 90' lang='lat' dir='ltr'><strong>tunc</strong></span> <span class='ocrx_word' id='word_1_614' title='bbox 2019 3692 2196 3747; x_wconf 78' lang='lat' dir='ltr'><strong>Moses</strong></span> <span class='ocrx_word' id='word_1_615' title='bbox 2230 3692 2590 3761; x_wconf 76' lang='lat' dir='ltr'><strong>quadraginta</strong></span> <span class='ocrx_word' id='word_1_616' title='bbox 2623 3691 2739 3744; x_wconf 85' lang='lat' dir='ltr'><strong>dies</strong></span> <span class='ocrx_word' id='word_1_617' title='bbox 2778 3690 2831 3743; x_wconf 88' lang='lat' dir='ltr'><strong>in</strong></span> <span class='ocrx_word' id='word_1_618' title='bbox 2887 3695 3076 3743; x_wconf 90' lang='lat' dir='ltr'><strong>monte</strong></span> <span class='ocrx_word' id='word_1_619' title='bbox 3128 3698 3440 3741; x_wconf 80' lang='lat' dir='ltr'><strong>commora-</strong></span> 
     </span>
    </p>
   </div>
   <div class='ocr_carea' id='block_1_84' title="bbox 1866 3780 3440 3852">
    <p class='ocr_par' dir='ltr' id='par_1_84' title="bbox 1866 3780 3440 3852">
     <span class='ocr_line' id='line_1_84' title="bbox 1866 3780 3440 3852; baseline -0.008 -13"><span class='ocrx_word' id='word_1_620' title='bbox 1866 3796 1953 3840; x_wconf 91' lang='lat' dir='ltr'><strong>tus</strong></span> <span class='ocrx_word' id='word_1_621' title='bbox 1990 3794 2095 3850; x_wconf 91' lang='lat' dir='ltr'><strong>est,</strong></span> <span class='ocrx_word' id='word_1_622' title='bbox 2128 3784 2202 3837; x_wconf 86' lang='lat' dir='ltr'><strong>ita</strong></span> <span class='ocrx_word' id='word_1_623' title='bbox 2242 3791 2298 3836; x_wconf 93' lang='lat' dir='ltr'><strong>ut</strong></span> <span class='ocrx_word' id='word_1_624' title='bbox 2325 3798 2499 3852; x_wconf 89' lang='lat' dir='ltr'><strong>neque</strong></span> <span class='ocrx_word' id='word_1_625' title='bbox 2534 3796 2728 3852; x_wconf 86' lang='lat' dir='ltr'><strong>panem</strong></span> <span class='ocrx_word' id='word_1_626' title='bbox 2762 3780 2950 3836; x_wconf 88' lang='lat' dir='ltr'><strong>ederet</strong></span> <span class='ocrx_word' id='word_1_627' title='bbox 3006 3793 3182 3848; x_wconf 85' lang='lat' dir='ltr'><strong>neque</strong></span> <span class='ocrx_word' id='word_1_628' title='bbox 3236 3787 3440 3847; x_wconf 77' lang='lat' dir='ltr'><strong>sqitam</strong></span> 
     </span>
    </p>
   </div>
   <div class='ocr_carea' id='block_1_85' title="bbox 1865 3870 3441 3946">
    <p class='ocr_par' dir='ltr' id='par_1_85' title="bbox 1865 3870 3441 3946">
     <span class='ocr_line' id='line_1_85' title="bbox 1865 3870 3441 3946; baseline -0.008 -13"><span class='ocrx_word' id='word_1_629' title='bbox 1865 3879 2096 3933; x_wconf 89' lang='lat' dir='ltr'><strong>biberet.</strong></span> <span class='ocrx_word' id='word_1_630' title='bbox 2127 3876 2231 3930; x_wconf 85' lang='lat' dir='ltr'><strong>Sed</strong></span> <span class='ocrx_word' id='word_1_631' title='bbox 2262 3885 2313 3929; x_wconf 92' lang='lat' dir='ltr'><strong>et</strong></span> <span class='ocrx_word' id='word_1_632' title='bbox 2357 3874 2617 3946; x_wconf 89' lang='lat' dir='ltr'><strong>splendor</strong></span> <span class='ocrx_word' id='word_1_633' title='bbox 2644 3873 2803 3929; x_wconf 84' lang='lat' dir='ltr'><strong>faciei</strong></span> <span class='ocrx_word' id='word_1_634' title='bbox 2838 3872 2958 3943; x_wconf 88' lang='lat' dir='ltr'><strong>ejus</strong></span> <span class='ocrx_word' id='word_1_635' title='bbox 2990 3879 3121 3926; x_wconf 88' lang='lat' dir='ltr'><strong>tunc</strong></span> <span class='ocrx_word' id='word_1_636' title='bbox 3174 3870 3240 3924; x_wconf 79' lang='lat' dir='ltr'><strong>ad</strong></span> <span class='ocrx_word' id='word_1_637' title='bbox 3273 3882 3441 3939; x_wconf 84' lang='lat' dir='ltr'><strong>popu-</strong></span> 
     </span>
    </p>
   </div>
   <div class='ocr_carea' id='block_1_86' title="bbox 1864 3966 2238 4024">
    <p class='ocr_par' dir='ltr' id='par_1_86' title="bbox 1864 3966 2238 4024">
     <span class='ocr_line' id='line_1_86' title="bbox 1864 3966 2238 4024; baseline -0.011 0"><span class='ocrx_word' id='word_1_638' title='bbox 1864 3971 1977 4024; x_wconf 84' lang='lat' dir='ltr'><strong>lum</strong></span> <span class='ocrx_word' id='word_1_639' title='bbox 2008 3966 2238 4021; x_wconf 72' lang='lat' dir='ltr'><strong>cﬂulsit.</strong></span> 
     </span>
    </p>
   </div>
   <div class='ocr_carea' id='block_1_87' title="bbox 1866 4059 2249 4123">
    <p class='ocr_par' dir='ltr' id='par_1_87' title="bbox 1866 4059 2249 4123">
     <span class='ocr_line' id='line_1_87' title="bbox 1866 4059 2249 4123; baseline -0.003 -9"><span class='ocrx_word' id='word_1_640' title='bbox 1866 4061 1946 4123; x_wconf 81' lang='grc' dir='ltr'><strong>είς</strong></span> <span class='ocrx_word' id='word_1_641' title='bbox 1976 4059 2069 4113; x_wconf 72' lang='grc' dir='ltr'>τὸν</span> <span class='ocrx_word' id='word_1_642' title='bbox 2096 4059 2249 4113; x_wconf 86' lang='grc' dir='ltr'>λαόν.</span> 
     </span>
    </p>
   </div>
   <div class='ocr_carea' id='block_1_88' title="bbox 1942 4140 3444 4214">
    <p class='ocr_par' dir='ltr' id='par_1_88' title="bbox 1942 4140 3444 4214">
     <span class='ocr_line' id='line_1_88' title="bbox 1942 4140 3444 4214; baseline -0.008 -5"><span class='ocrx_word' id='word_1_643' title='bbox 1942 4152 2242 4209; x_wconf 89' lang='lat' dir='ltr'><strong>Undecimo</strong></span> <span class='ocrx_word' id='word_1_644' title='bbox 2268 4165 2415 4205; x_wconf 86' lang='lat' dir='ltr'><strong>anno</strong></span> <span class='ocrx_word' id='word_1_645' title='bbox 2437 4148 2507 4204; x_wconf 89' lang='lat' dir='ltr'><strong>ab</strong></span> <span class='ocrx_word' id='word_1_646' title='bbox 2528 4148 2677 4203; x_wconf 83' lang='lat' dir='ltr'><strong>exitu</strong></span> <span class='ocrx_word' id='word_1_647' title='bbox 2707 4145 2775 4201; x_wconf 84' lang='lat' dir='ltr'><strong>de</strong></span> <span class='ocrx_word' id='word_1_648' title='bbox 2806 4143 3065 4214; x_wconf 69' lang='lat' dir='ltr'><strong>Egypto,</strong></span> <span class='ocrx_word' id='word_1_649' title='bbox 3091 4140 3271 4198; x_wconf 79' lang='lat' dir='ltr'><strong>Moses</strong></span> <span class='ocrx_word' id='word_1_650' title='bbox 3321 4140 3444 4212; x_wconf 78' lang='lat' dir='ltr'><strong>jus-</strong></span> 
     </span>
    </p>
   </div>
   <div class='ocr_carea' id='block_1_89' title="bbox 1866 4237 3445 4309">
    <p class='ocr_par' dir='ltr' id='par_1_89' title="bbox 1866 4237 3445 4309">
     <span class='ocr_line' id='line_1_89' title="bbox 1866 4237 3445 4309; baseline -0.008 -7"><span class='ocrx_word' id='word_1_651' title='bbox 1866 4263 1962 4302; x_wconf 89' lang='lat' dir='ltr'><strong>sus</strong></span> <span class='ocrx_word' id='word_1_652' title='bbox 1987 4259 2272 4299; x_wconf 90' lang='lat' dir='ltr'><strong>numerum</strong></span> <span class='ocrx_word' id='word_1_653' title='bbox 2307 4242 2489 4309; x_wconf 85' lang='lat' dir='ltr'><strong>populi</strong></span> <span class='ocrx_word' id='word_1_654' title='bbox 2522 4241 2682 4304; x_wconf 91' lang='lat' dir='ltr'><strong>inire,</strong></span> <span class='ocrx_word' id='word_1_655' title='bbox 2715 4254 2745 4293; x_wconf 87' lang='lat' dir='ltr'><strong>a</strong></span> <span class='ocrx_word' id='word_1_656' title='bbox 2790 4237 2982 4306; x_wconf 76' lang='lat' dir='ltr'><strong>viginti</strong></span> <span class='ocrx_word' id='word_1_657' title='bbox 3018 4250 3194 4289; x_wconf 86' lang='lat' dir='ltr'><strong>annos</strong></span> <span class='ocrx_word' id='word_1_658' title='bbox 3229 4246 3354 4290; x_wconf 87' lang='lat' dir='ltr'><strong>nato</strong></span> <span class='ocrx_word' id='word_1_659' title='bbox 3388 4243 3445 4291; x_wconf 86' lang='lat' dir='ltr'><strong>et</strong></span> 
     </span>
    </p>
   </div>
   <div class='ocr_carea' id='block_1_90' title="bbox 1864 4326 3443 4404">
    <p class='ocr_par' dir='ltr' id='par_1_90' title="bbox 1864 4326 3443 4404">
     <span class='ocr_line' id='line_1_90' title="bbox 1864 4326 3443 4404; baseline -0.008 -12"><span class='ocrx_word' id='word_1_660' title='bbox 1864 4336 2101 4404; x_wconf 88' lang='lat' dir='ltr'><strong>amplius</strong></span> <span class='ocrx_word' id='word_1_661' title='bbox 2133 4335 2225 4404; x_wconf 89' lang='lat' dir='ltr'><strong>qui</strong></span> <span class='ocrx_word' id='word_1_662' title='bbox 2259 4333 2467 4403; x_wconf 64' lang='lat' dir='ltr'><strong>egressi</strong></span> <span class='ocrx_word' id='word_1_663' title='bbox 2502 4340 2689 4386; x_wconf 88' lang='lat' dir='ltr'><strong>essent</strong></span> <span class='ocrx_word' id='word_1_664' title='bbox 2718 4344 2785 4385; x_wconf 84' lang='lat' dir='ltr'><strong>ex</strong></span> <span class='ocrx_word' id='word_1_665' title='bbox 2809 4327 3066 4397; x_wconf 68' lang='lat' dir='ltr'><strong>Egypto,</strong></span> <span class='ocrx_word' id='word_1_666' title='bbox 3102 4327 3216 4396; x_wconf 72' lang='lat'><strong>89</strong></span> <span class='ocrx_word' id='word_1_667' title='bbox 3237 4326 3443 4395; x_wconf 79' lang='lat' dir='ltr'><strong>absque</strong></span> 
     </span>
    </p>
   </div>
   <div class='ocr_carea' id='block_1_91' title="bbox 1865 4415 3445 4490">
    <p class='ocr_par' dir='ltr' id='par_1_91' title="bbox 1865 4415 3445 4490">
     <span class='ocr_line' id='line_1_91' title="bbox 1865 4415 3445 4490; baseline -0.007 -7"><span class='ocrx_word' id='word_1_668' title='bbox 1865 4426 2191 4483; x_wconf 88' lang='lat' dir='ltr'><strong>mulieribus</strong></span> <span class='ocrx_word' id='word_1_669' title='bbox 2219 4435 2273 4479; x_wconf 90' lang='lat' dir='ltr'><strong>et</strong></span> <span class='ocrx_word' id='word_1_670' title='bbox 2313 4423 2505 4478; x_wconf 90' lang='lat' dir='ltr'><strong>liberis</strong></span> <span class='ocrx_word' id='word_1_671' title='bbox 2552 4431 2718 4490; x_wconf 86' lang='lat' dir='ltr'><strong>atque</strong></span> <span class='ocrx_word' id='word_1_672' title='bbox 2746 4419 2985 4474; x_wconf 84' lang='lat' dir='ltr'><strong>Levitica</strong></span> <span class='ocrx_word' id='word_1_673' title='bbox 3018 4417 3188 4484; x_wconf 88' lang='lat' dir='ltr'><strong>tribu,</strong></span> <span class='ocrx_word' id='word_1_674' title='bbox 3236 4415 3445 4472; x_wconf 81' lang='lat' dir='ltr'><strong>invenit</strong></span> 
     </span>
    </p>
   </div>
   <div class='ocr_carea' id='block_1_92' title="bbox 1863 4506 3438 4574">
    <p class='ocr_par' dir='ltr' id='par_1_92' title="bbox 1863 4506 3438 4574">
     <span class='ocr_line' id='line_1_92' title="bbox 1863 4506 3438 4574; baseline -0.009 -1"><span class='ocrx_word' id='word_1_675' title='bbox 1863 4533 2131 4574; x_wconf 89' lang='lat' dir='ltr'><strong>summam</strong></span> <span class='ocrx_word' id='word_1_676' title='bbox 2161 4511 2825 4571; x_wconf 79' lang='lat' dir='ltr'><strong>sexcentorummillinm,</strong></span> <span class='ocrx_word' id='word_1_677' title='bbox 2879 4523 2943 4563; x_wconf 88' lang='lat' dir='ltr'><strong>ac</strong></span> <span class='ocrx_word' id='word_1_678' title='bbox 2996 4508 3160 4562; x_wconf 89' lang='lat' dir='ltr'><strong>trium</strong></span> <span class='ocrx_word' id='word_1_679' title='bbox 3209 4506 3438 4561; x_wconf 91' lang='lat' dir='ltr'><strong>millium</strong></span> 
     </span>
    </p>
   </div>
   <div class='ocr_carea' id='block_1_93' title="bbox 172 4600 1761 4687">
    <p class='ocr_par' dir='ltr' id='par_1_93' title="bbox 172 4617 1761 4687">
     <span class='ocr_line' id='line_1_93' title="bbox 172 4617 1761 4687; baseline 0.001 -20"><span class='ocrx_word' id='word_1_680' title='bbox 172 4618 302 4683; x_wconf 68' lang='grc' dir='ltr'>λίςυς</span> <span class='ocrx_word' id='word_1_681' title='bbox 348 4618 761 4679; x_wconf 81' lang='grc' dir='ltr'>πεντακοσίους</span> <span class='ocrx_word' id='word_1_682' title='bbox 812 4618 1171 4687; x_wconf 83' lang='grc' dir='ltr'>πεντήκοντα.</span> <span class='ocrx_word' id='word_1_683' title='bbox 1221 4617 1327 4669; x_wconf 83' lang='grc' dir='ltr'><strong>ἀπὸ</strong></span> <span class='ocrx_word' id='word_1_684' title='bbox 1352 4617 1461 4671; x_wconf 89' lang='grc' dir='ltr'><strong>τῶν</strong></span> <span class='ocrx_word' id='word_1_685' title='bbox 1500 4617 1761 4670; x_wconf 74' lang='grc' dir='ltr'>εἰσελθόν-</span> 
     </span>
    </p>
   </div>
   <div class='ocr_carea' id='block_1_94' title="bbox 1855 4600 3438 4687">
    <p class='ocr_par' dir='ltr' id='par_1_94' title="bbox 1863 4600 3438 4682">
     <span class='ocr_line' id='line_1_94' title="bbox 1863 4600 3438 4682; baseline -0.01 -16"><span class='ocrx_word' id='word_1_686' title='bbox 1863 4613 2287 4682; x_wconf 72' lang='lat' dir='ltr'><strong>quingentorum</strong></span> <span class='ocrx_word' id='word_1_687' title='bbox 2349 4604 2770 4675; x_wconf 72' lang='lat' dir='ltr'><strong>quinquaginta.</strong></span> <span class='ocrx_word' id='word_1_688' title='bbox 2810 4600 2892 4655; x_wconf 80' lang='lat' dir='ltr'><strong>Ad</strong></span> <span class='ocrx_word' id='word_1_689' title='bbox 2949 4601 3096 4653; x_wconf 89' lang='lat' dir='ltr'><strong>hunc</strong></span> <span class='ocrx_word' id='word_1_690' title='bbox 3153 4612 3438 4652; x_wconf 89' lang='lat' dir='ltr'><strong>numerum</strong></span> 
     </span>
    </p>
   </div>
   <div class='ocr_carea' id='block_1_95' title="bbox 172 4706 1758 4779">
    <p class='ocr_par' dir='ltr' id='par_1_95' title="bbox 172 4706 1758 4779">
     <span class='ocr_line' id='line_1_95' title="bbox 172 4706 1758 4779; baseline -0.003 -14"><span class='ocrx_word' id='word_1_691' title='bbox 172 4728 265 4765; x_wconf 79' lang='grc' dir='ltr'><strong>των</strong></span> <span class='ocrx_word' id='word_1_692' title='bbox 296 4715 377 4777; x_wconf 87' lang='grc' dir='ltr'><strong>είς</strong></span> <span class='ocrx_word' id='word_1_693' title='bbox 410 4714 703 4779; x_wconf 79' lang='grc' dir='ltr'>Αῐγυπτον</span> <span class='ocrx_word' id='word_1_694' title='bbox 737 4707 807 4761; x_wconf 83' lang='grc' dir='ltr'>σε’</span> <span class='ocrx_word' id='word_1_695' title='bbox 836 4709 1043 4778; x_wconf 79' lang='grc' dir='ltr'>ψυχῶν,</span> <span class='ocrx_word' id='word_1_696' title='bbox 1070 4711 1151 4773; x_wconf 85' lang='grc' dir='ltr'><strong>είς</strong></span> <span class='ocrx_word' id='word_1_697' title='bbox 1185 4708 1279 4778; x_wconf 82' lang='grc' dir='ltr'>ἐτη</span> <span class='ocrx_word' id='word_1_698' title='bbox 1309 4706 1425 4762; x_wconf 73' lang='grc' dir='ltr'>σιέ.</span> <span class='ocrx_word' id='word_1_699' title='bbox 1464 4710 1674 4771; x_wconf 85' lang='grc' dir='ltr'>Πάντες</span> <span class='ocrx_word' id='word_1_700' title='bbox 1703 4709 1758 4761; x_wconf 82' lang='grc' dir='ltr'>δὲ</span> 
     </span>
    </p>
   </div>
   <div class='ocr_carea' id='block_1_96' title="bbox 1862 4693 3441 4776">
    <p class='ocr_par' dir='ltr' id='par_1_96' title="bbox 1862 4693 3441 4776">
     <span class='ocr_line' id='line_1_96' title="bbox 1862 4693 3441 4776; baseline -0.009 -17"><span class='ocrx_word' id='word_1_701' title='bbox 1862 4706 2100 4776; x_wconf 88' lang='lat' dir='ltr'><strong>populus</strong></span> <span class='ocrx_word' id='word_1_702' title='bbox 2120 4701 2296 4771; x_wconf 88' lang='lat' dir='ltr'><strong>spatio</strong></span> <span class='ocrx_word' id='word_1_703' title='bbox 2323 4698 2431 4753; x_wconf 71' lang='lat'><strong>215</strong></span> <span class='ocrx_word' id='word_1_704' title='bbox 2459 4712 2730 4752; x_wconf 90' lang='lat' dir='ltr'><strong>annorum</strong></span> <span class='ocrx_word' id='word_1_705' title='bbox 2766 4711 2832 4749; x_wconf 85' lang='lat' dir='ltr'><strong>ex</strong></span> <span class='ocrx_word' id='word_1_706' title='bbox 2854 4694 2924 4748; x_wconf 83' lang='lat'><strong>‘75</strong></span> <span class='ocrx_word' id='word_1_707' title='bbox 2954 4693 3226 4763; x_wconf 76' lang='lat' dir='ltr'><strong>capitibus</strong></span> <span class='ocrx_word' id='word_1_708' title='bbox 3249 4708 3441 4749; x_wconf 77' lang='lat' dir='ltr'><strong>excre-</strong></span> 
     </span>
    </p>
   </div>
   <div class='ocr_carea' id='block_1_97' title="bbox 170 4781 1761 4875">
    <p class='ocr_par' dir='ltr' id='par_1_97' title="bbox 170 4798 1760 4875">
     <span class='ocr_line' id='line_1_97' title="bbox 170 4798 1760 4875; baseline -0.001 -20"><span class='ocrx_word' id='word_1_709' title='bbox 170 4798 299 4857; x_wconf 71' lang='grc' dir='ltr'>οῦτοι</span> <span class='ocrx_word' id='word_1_710' title='bbox 328 4807 391 4858; x_wconf 79' lang='grc' dir='ltr'>ὲν</span> <span class='ocrx_word' id='word_1_711' title='bbox 416 4808 491 4875; x_wconf 84' lang='grc' dir='ltr'>τῇ</span> <span class='ocrx_word' id='word_1_712' title='bbox 529 4804 730 4873; x_wconf 78' lang='grc' dir='ltr'>ἐρήμῳ</span> <span class='ocrx_word' id='word_1_713' title='bbox 756 4801 1129 4871; x_wconf 77' lang='grc' dir='ltr'>διεφθάρησαν</span> <span class='ocrx_word' id='word_1_714' title='bbox 1152 4801 1435 4865; x_wconf 83' lang='grc' dir='ltr'>ποικίλως,</span> <span class='ocrx_word' id='word_1_715' title='bbox 1467 4802 1515 4853; x_wconf 87' lang='grc' dir='ltr'>οἱ</span> <span class='ocrx_word' id='word_1_716' title='bbox 1544 4800 1643 4870; x_wconf 82' lang='grc' dir='ltr'><strong>μὲν</strong></span> <span class='ocrx_word' id='word_1_717' title='bbox 1670 4800 1760 4853; x_wconf 82' lang='grc' dir='ltr'><strong>διὰ</strong></span> 
     </span>
    </p>
   </div>
   <div class='ocr_carea' id='block_1_98' title="bbox 1855 4781 3442 4875">
    <p class='ocr_par' dir='ltr' id='par_1_98' title="bbox 1863 4781 3442 4862">
     <span class='ocr_line' id='line_1_98' title="bbox 1863 4781 3442 4862; baseline -0.008 -13"><span class='ocrx_word' id='word_1_718' title='bbox 1863 4802 2035 4860; x_wconf 80' lang='lat' dir='ltr'><strong>verat,</strong></span> <span class='ocrx_word' id='word_1_719' title='bbox 2068 4806 2190 4862; x_wconf 62' lang='lat' dir='ltr'><strong>qua:</strong></span> <span class='ocrx_word' id='word_1_720' title='bbox 2216 4792 2268 4843; x_wconf 89' lang='lat' dir='ltr'><strong>in</strong></span> <span class='ocrx_word' id='word_1_721' title='bbox 2303 4788 2598 4859; x_wconf 64' lang='lat' dir='ltr'><strong>Egyptum</strong></span> <span class='ocrx_word' id='word_1_722' title='bbox 2632 4784 3056 4841; x_wconf 84' lang='lat' dir='ltr'><strong>descenderant.</strong></span> <span class='ocrx_word' id='word_1_723' title='bbox 3099 4781 3298 4837; x_wconf 86' lang='lat' dir='ltr'><strong>Verum</strong></span> <span class='ocrx_word' id='word_1_724' title='bbox 3327 4783 3442 4837; x_wconf 56' lang='lat' dir='ltr'><strong>huic</strong></span> 
     </span>
    </p>
   </div>
   <div class='ocr_carea' id='block_1_99' title="bbox 172 4892 1761 4969">
    <p class='ocr_par' dir='ltr' id='par_1_99' title="bbox 172 4892 1761 4969">
     <span class='ocr_line' id='line_1_99' title="bbox 172 4892 1761 4969; baseline -0.003 -20"><span class='ocrx_word' id='word_1_725' title='bbox 172 4894 551 4969; x_wconf 70' lang='grc' dir='ltr'>βλασφημίαν,</span> <span class='ocrx_word' id='word_1_726' title='bbox 581 4897 631 4948; x_wconf 82' lang='grc' dir='ltr'>οι</span> <span class='ocrx_word' id='word_1_727' title='bbox 670 4896 725 4947; x_wconf 78' lang='grc' dir='ltr'>δὲ</span> <span class='ocrx_word' id='word_1_728' title='bbox 757 4894 823 4947; x_wconf 85' lang='grc' dir='ltr'><strong>δι’</strong></span> <span class='ocrx_word' id='word_1_729' title='bbox 861 4893 1330 4962; x_wconf 84' lang='grc' dir='ltr'>είδωλολατρείαν,</span> <span class='ocrx_word' id='word_1_730' title='bbox 1366 4893 1416 4946; x_wconf 82' lang='grc' dir='ltr'>οι</span> <span class='ocrx_word' id='word_1_731' title='bbox 1450 4893 1506 4945; x_wconf 83' lang='grc' dir='ltr'>δὲ</span> <span class='ocrx_word' id='word_1_732' title='bbox 1538 4892 1608 4944; x_wconf 83' lang='grc' dir='ltr'><strong>δι’</strong></span> <span class='ocrx_word' id='word_1_733' title='bbox 1629 4893 1761 4945; x_wconf 81' lang='grc' dir='ltr'><strong>ἁπι·</strong></span> 
     </span>
    </p>
   </div>
   <div class='ocr_carea' id='block_1_100' title="bbox 171 4981 1758 5055">
    <p class='ocr_par' dir='ltr' id='par_1_100' title="bbox 171 4981 1758 5055">
     <span class='ocr_line' id='line_1_100' title="bbox 171 4981 1758 5055; baseline -0.004 -16"><span class='ocrx_word' id='word_1_734' title='bbox 171 4989 330 5052; x_wconf 80' lang='grc' dir='ltr'>στίαν,</span> <span class='ocrx_word' id='word_1_735' title='bbox 360 4991 537 5050; x_wconf 78' lang='grc' dir='ltr'>ἐκτὸς</span> <span class='ocrx_word' id='word_1_736' title='bbox 578 4985 757 5055; x_wconf 81' lang='grc' dir='ltr'>Ἰησοῦ</span> <span class='ocrx_word' id='word_1_737' title='bbox 806 4985 899 5038; x_wconf 79' lang='grc' dir='ltr'><strong>καὶ</strong></span> <span class='ocrx_word' id='word_1_738' title='bbox 928 4983 1129 5037; x_wconf 81' lang='grc' dir='ltr'>Χάλεϐ.</span> <span class='ocrx_word' id='word_1_739' title='bbox 1156 4983 1357 5052; x_wconf 73' lang='grc' dir='ltr'>Ἕζησε</span> <span class='ocrx_word' id='word_1_740' title='bbox 1392 4983 1447 5035; x_wconf 83' lang='grc' dir='ltr'>δὲ</span> <span class='ocrx_word' id='word_1_741' title='bbox 1483 4981 1691 5052; x_wconf 80' lang='grc' dir='ltr'>Ἰησοῦς</span> <span class='ocrx_word' id='word_1_742' title='bbox 1730 4982 1758 5033; x_wconf 87' lang='grc' dir='ltr'><strong>ό</strong></span> 
     </span>
    </p>
   </div>
   <div class='ocr_carea' id='block_1_101' title="bbox 1864 4874 3442 4939">
    <p class='ocr_par' dir='ltr' id='par_1_101' title="bbox 1864 4874 3442 4939">
     <span class='ocr_line' id='line_1_101' title="bbox 1864 4874 3442 4939; baseline -0.008 1"><span class='ocrx_word' id='word_1_743' title='bbox 1864 4887 2044 4939; x_wconf 88' lang='lat' dir='ltr'><strong>omnis</strong></span> <span class='ocrx_word' id='word_1_744' title='bbox 2075 4882 2367 4938; x_wconf 89' lang='lat' dir='ltr'><strong>multitudo</strong></span> <span class='ocrx_word' id='word_1_745' title='bbox 2396 4881 2448 4935; x_wconf 89' lang='lat' dir='ltr'><strong>in</strong></span> <span class='ocrx_word' id='word_1_746' title='bbox 2469 4878 2765 4934; x_wconf 87' lang='lat' dir='ltr'><strong>solitudine</strong></span> <span class='ocrx_word' id='word_1_747' title='bbox 2785 4876 3020 4931; x_wconf 75' lang='lat' dir='ltr'><strong>diversis</strong></span> <span class='ocrx_word' id='word_1_748' title='bbox 3040 4874 3216 4929; x_wconf 88' lang='lat' dir='ltr'><strong>modis</strong></span> <span class='ocrx_word' id='word_1_749' title='bbox 3248 4888 3442 4929; x_wconf 90' lang='lat' dir='ltr'><strong>omnes</strong></span> 
     </span>
    </p>
   </div>
   <div class='ocr_carea' id='block_1_102' title="bbox 1868 4965 3438 5047">
    <p class='ocr_par' dir='ltr' id='par_1_102' title="bbox 1868 4965 3438 5047">
     <span class='ocr_line' id='line_1_102' title="bbox 1868 4965 3438 5047; baseline -0.008 -14"><span class='ocrx_word' id='word_1_750' title='bbox 1868 4978 2167 5047; x_wconf 86' lang='lat' dir='ltr'><strong>perierunt,</strong></span> <span class='ocrx_word' id='word_1_751' title='bbox 2188 4973 2300 5037; x_wconf 90' lang='lat' dir='ltr'><strong>alii,</strong></span> <span class='ocrx_word' id='word_1_752' title='bbox 2327 4971 2471 5043; x_wconf 89' lang='lat' dir='ltr'><strong>quod</strong></span> <span class='ocrx_word' id='word_1_753' title='bbox 2493 4971 2561 5025; x_wconf 89' lang='lat' dir='ltr'><strong>de</strong></span> <span class='ocrx_word' id='word_1_754' title='bbox 2592 4969 2705 5026; x_wconf 90' lang='lat' dir='ltr'><strong>Deo</strong></span> <span class='ocrx_word' id='word_1_755' title='bbox 2734 4968 2897 5039; x_wconf 82' lang='lat' dir='ltr'><strong>impie</strong></span> <span class='ocrx_word' id='word_1_756' title='bbox 2926 4977 3113 5024; x_wconf 88' lang='lat' dir='ltr'><strong>essent</strong></span> <span class='ocrx_word' id='word_1_757' title='bbox 3135 4965 3322 5026; x_wconf 89' lang='lat' dir='ltr'><strong>locuti,</strong></span> <span class='ocrx_word' id='word_1_758' title='bbox 3342 4965 3438 5020; x_wconf 88' lang='lat' dir='ltr'><strong>alii</strong></span> 
     </span>
    </p>
   </div>
   <div class='ocr_carea' id='block_1_103' title="bbox 167 5059 1761 5151">
    <p class='ocr_par' dir='ltr' id='par_1_103' title="bbox 167 5073 1761 5151">
     <span class='ocr_line' id='line_1_103' title="bbox 167 5073 1761 5151; baseline -0.004 -21"><span class='ocrx_word' id='word_1_759' title='bbox 167 5080 247 5131; x_wconf 73' lang='grc' dir='ltr'><strong>τοῦ</strong></span> <span class='ocrx_word' id='word_1_760' title='bbox 277 5081 439 5151; x_wconf 70' lang='grc' dir='ltr'>Ναυῆ</span> <span class='ocrx_word' id='word_1_761' title='bbox 479 5080 586 5149; x_wconf 84' lang='grc' dir='ltr'><strong>ἕτη</strong></span> <span class='ocrx_word' id='word_1_762' title='bbox 650 5076 845 5131; x_wconf 81' lang='grc' dir='ltr'>ἑκατὸν</span> <span class='ocrx_word' id='word_1_763' title='bbox 875 5076 1026 5141; x_wconf 83' lang='grc' dir='ltr'>δέκα,</span> <span class='ocrx_word' id='word_1_764' title='bbox 1054 5076 1082 5127; x_wconf 83' lang='grc' dir='ltr'>ὁ</span> <span class='ocrx_word' id='word_1_765' title='bbox 1106 5076 1161 5129; x_wconf 76' lang='grc' dir='ltr'>δὲ</span> <span class='ocrx_word' id='word_1_766' title='bbox 1213 5075 1305 5129; x_wconf 88' lang='grc' dir='ltr'><strong>τοῦ</strong></span> <span class='ocrx_word' id='word_1_767' title='bbox 1352 5077 1552 5144; x_wconf 71' lang='grc' dir='ltr'>Ἰειρονῆ</span> <span class='ocrx_word' id='word_1_768' title='bbox 1583 5073 1761 5127; x_wconf 78' lang='grc' dir='ltr'>Χάλεϐ</span> 
     </span>
    </p>
   </div>
   <div class='ocr_carea' id='block_1_104' title="bbox 1855 5059 3434 5151">
    <p class='ocr_par' dir='ltr' id='par_1_104' title="bbox 1866 5059 3434 5125">
     <span class='ocr_line' id='line_1_104' title="bbox 1866 5059 3434 5125; baseline -0.007 0"><span class='ocrx_word' id='word_1_769' title='bbox 1866 5073 1938 5125; x_wconf 90' lang='lat' dir='ltr'><strong>ob</strong></span> <span class='ocrx_word' id='word_1_770' title='bbox 1960 5069 2380 5124; x_wconf 89' lang='lat' dir='ltr'><strong>simulacrorum</strong></span> <span class='ocrx_word' id='word_1_771' title='bbox 2420 5065 2653 5124; x_wconf 87' lang='lat' dir='ltr'><strong>cultum.</strong></span> <span class='ocrx_word' id='word_1_772' title='bbox 2707 5063 2797 5116; x_wconf 84' lang='lat' dir='ltr'><strong>alii</strong></span> <span class='ocrx_word' id='word_1_773' title='bbox 2854 5062 2924 5115; x_wconf 88' lang='lat' dir='ltr'><strong>ob</strong></span> <span class='ocrx_word' id='word_1_774' title='bbox 2973 5059 3434 5115; x_wconf 86' lang='lat' dir='ltr'><strong>incredulitatem.</strong></span> 
     </span>
    </p>
   </div>
   <div class='ocr_carea' id='block_1_105' title="bbox 168 5164 813 5235">
    <p class='ocr_par' dir='ltr' id='par_1_105' title="bbox 168 5164 813 5235">
     <span class='ocr_line' id='line_1_105' title="bbox 168 5164 813 5235; baseline 0 -16"><span class='ocrx_word' id='word_1_775' title='bbox 168 5164 247 5235; x_wconf 70' lang='grc' dir='ltr'>ῐτη</span> <span class='ocrx_word' id='word_1_776' title='bbox 276 5172 479 5224; x_wconf 74' lang='grc' dir='ltr'>ἑκατὸν</span> <span class='ocrx_word' id='word_1_777' title='bbox 513 5169 813 5233; x_wconf 61' lang='grc' dir='ltr'>ἐξίσχοντα.</span> 
     </span>
    </p>
   </div>
   <div class='ocr_carea' id='block_1_106' title="bbox 228 5345 1754 5422">
    <p class='ocr_par' dir='ltr' id='par_1_106' title="bbox 228 5345 1754 5422">
     <span class='ocr_line' id='line_1_106' title="bbox 228 5345 1754 5422; baseline 0.021 -55"><span class='ocrx_word' id='word_1_778' title='bbox 228 5353 428 5407; x_wconf 51' lang='grc' dir='ltr'><strong>,οτιὲν</strong></span> <span class='ocrx_word' id='word_1_779' title='bbox 460 5355 537 5422; x_wconf 68' lang='grc' dir='ltr'><strong>τῇ</strong></span> <span class='ocrx_word' id='word_1_780' title='bbox 579 5352 816 5419; x_wconf 49' lang='grc' dir='ltr'>δευτερᾳ</span> <span class='ocrx_word' id='word_1_781' title='bbox 872 5347 1250 5419; x_wconf 63' lang='grc' dir='ltr'>ἐξαριθμήσει,</span> <span class='ocrx_word' id='word_1_782' title='bbox 1301 5347 1466 5415; x_wconf 78' lang='grc' dir='ltr'>ἡνίκα</span> <span class='ocrx_word' id='word_1_783' title='bbox 1510 5345 1754 5414; x_wconf 56' lang='lat' dir='ltr'><strong>Morini};</strong></span> 
     </span>
    </p>
   </div>
   <div class='ocr_carea' id='block_1_107' title="bbox 167 5438 1756 5513">
    <p class='ocr_par' dir='ltr' id='par_1_107' title="bbox 167 5438 1756 5513">
     <span class='ocr_line' id='line_1_107' title="bbox 167 5438 1756 5513; baseline -0.004 -18"><span class='ocrx_word' id='word_1_784' title='bbox 167 5452 247 5497; x_wconf 69' lang='lat' dir='ltr'><strong>ut</strong></span> <span class='ocrx_word' id='word_1_785' title='bbox 279 5446 564 5513; x_wconf 74' lang='grc' dir='ltr'>Ἐλεάζαρ</span> <span class='ocrx_word' id='word_1_786' title='bbox 597 5441 912 5511; x_wconf 65' lang='grc' dir='ltr'>ἠρίθμησαν</span> <span class='ocrx_word' id='word_1_787' title='bbox 936 5441 1027 5493; x_wconf 83' lang='grc' dir='ltr'><strong>τὸν</strong></span> <span class='ocrx_word' id='word_1_788' title='bbox 1056 5440 1206 5503; x_wconf 82' lang='grc' dir='ltr'>λαὸν,</span> <span class='ocrx_word' id='word_1_789' title='bbox 1255 5440 1353 5509; x_wconf 75' lang='grc' dir='ltr'>οὐχ</span> <span class='ocrx_word' id='word_1_790' title='bbox 1407 5438 1606 5508; x_wconf 76' lang='grc' dir='ltr'>εὑρέθη</span> <span class='ocrx_word' id='word_1_791' title='bbox 1659 5439 1756 5491; x_wconf 81' lang='grc' dir='ltr'><strong>ἄν·</strong></span> 
     </span>
    </p>
   </div>
   <div class='ocr_carea' id='block_1_108' title="bbox 170 5527 1755 5603">
    <p class='ocr_par' dir='ltr' id='par_1_108' title="bbox 170 5527 1755 5603">
     <span class='ocr_line' id='line_1_108' title="bbox 170 5527 1755 5603; baseline -0.006 -16"><span class='ocrx_word' id='word_1_792' title='bbox 170 5541 372 5603; x_wconf 73' lang='grc' dir='ltr'>ιιοωπος</span> <span class='ocrx_word' id='word_1_793' title='bbox 398 5539 468 5590; x_wconf 81' lang='grc' dir='ltr'>ὲκ</span> <span class='ocrx_word' id='word_1_794' title='bbox 500 5535 617 5602; x_wconf 73' lang='grc' dir='ltr'>τῆς</span> <span class='ocrx_word' id='word_1_795' title='bbox 642 5532 868 5602; x_wconf 74' lang='grc' dir='ltr'>πρώτης</span> <span class='ocrx_word' id='word_1_796' title='bbox 918 5531 1291 5603; x_wconf 83' lang='grc' dir='ltr'>ἀριθμήσεως,</span> <span class='ocrx_word' id='word_1_797' title='bbox 1323 5529 1481 5599; x_wconf 71' lang='grc' dir='ltr'>ἡνίκα</span> <span class='ocrx_word' id='word_1_798' title='bbox 1512 5527 1755 5597; x_wconf 79' lang='grc' dir='ltr'>Μωῡσῆς</span> 
     </span>
    </p>
   </div>
   <div class='ocr_carea' id='block_1_109' title="bbox 170 5618 1752 5699">
    <p class='ocr_par' dir='ltr' id='par_1_109' title="bbox 170 5618 1752 5699">
     <span class='ocr_line' id='line_1_109' title="bbox 170 5618 1752 5699; baseline -0.005 -21"><span class='ocrx_word' id='word_1_799' title='bbox 170 5646 251 5679; x_wconf 72' lang='grc' dir='ltr'><strong>και</strong></span> <span class='ocrx_word' id='word_1_800' title='bbox 292 5629 515 5699; x_wconf 75' lang='grc' dir='ltr'>Ἀαρὼν</span> <span class='ocrx_word' id='word_1_801' title='bbox 547 5623 871 5694; x_wconf 72' lang='grc' dir='ltr'>ἡρῖθμησαν</span> <span class='ocrx_word' id='word_1_802' title='bbox 893 5621 981 5674; x_wconf 77' lang='grc' dir='ltr'><strong>τὸν</strong></span> <span class='ocrx_word' id='word_1_803' title='bbox 1011 5621 1159 5675; x_wconf 78' lang='grc' dir='ltr'>λαόν.</span> <span class='ocrx_word' id='word_1_804' title='bbox 1199 5621 1393 5687; x_wconf 77' lang='grc' dir='ltr'>Γέγονε</span> <span class='ocrx_word' id='word_1_805' title='bbox 1411 5619 1468 5672; x_wconf 76' lang='grc' dir='ltr'>δὲ</span> <span class='ocrx_word' id='word_1_806' title='bbox 1506 5621 1537 5686; x_wconf 84' lang='grc' dir='ltr'>ἠ</span> <span class='ocrx_word' id='word_1_807' title='bbox 1562 5618 1752 5688; x_wconf 79' lang='grc' dir='ltr'>πρώτη</span> 
     </span>
    </p>
   </div>
   <div class='ocr_carea' id='block_1_110' title="bbox 171 5710 1756 5788">
    <p class='ocr_par' dir='ltr' id='par_1_110' title="bbox 171 5710 1756 5788">
     <span class='ocr_line' id='line_1_110' title="bbox 171 5710 1756 5788; baseline -0.005 -19"><span class='ocrx_word' id='word_1_808' title='bbox 171 5717 464 5788; x_wconf 79' lang='grc' dir='ltr'>ἁρίθμησις</span> <span class='ocrx_word' id='word_1_809' title='bbox 495 5717 639 5770; x_wconf 69' lang='grc' dir='ltr'>πίοι</span> <span class='ocrx_word' id='word_1_810' title='bbox 669 5714 727 5767; x_wconf 72' lang='grc' dir='ltr'><strong>τὸ</strong></span> <span class='ocrx_word' id='word_1_811' title='bbox 751 5716 980 5779; x_wconf 79' lang='grc' dir='ltr'>Σὶνσιιον,</span> <span class='ocrx_word' id='word_1_812' title='bbox 1009 5715 1042 5782; x_wconf 81' lang='grc' dir='ltr'><strong>ἡ</strong></span> <span class='ocrx_word' id='word_1_813' title='bbox 1097 5712 1151 5765; x_wconf 75' lang='grc' dir='ltr'>δὲ</span> <span class='ocrx_word' id='word_1_814' title='bbox 1183 5711 1415 5780; x_wconf 80' lang='grc' dir='ltr'>δευτέρα</span> <span class='ocrx_word' id='word_1_815' title='bbox 1468 5710 1616 5779; x_wconf 77' lang='grc' dir='ltr'>παρὰ</span> <span class='ocrx_word' id='word_1_816' title='bbox 1665 5710 1756 5763; x_wconf 72' lang='grc' dir='ltr'>τὸν</span> 
     </span>
    </p>
   </div>
   <div class='ocr_carea' id='block_1_111' title="bbox 181 5808 464 5868">
    <p class='ocr_par' dir='ltr' id='par_1_111' title="bbox 181 5808 464 5868">
     <span class='ocr_line' id='line_1_111' title="bbox 181 5808 464 5868; baseline -0.004 -7"><span class='ocrx_word' id='word_1_817' title='bbox 181 5808 464 5868; x_wconf 68' lang='grc' dir='ltr'>Ίςοὺδάντζν,</span> 
     </span>
    </p>
   </div>
   <div class='ocr_carea' id='block_1_112' title="bbox 1854 5151 3440 5222">
    <p class='ocr_par' dir='ltr' id='par_1_112' title="bbox 1854 5151 3440 5222">
     <span class='ocr_line' id='line_1_112' title="bbox 1854 5151 3440 5222; baseline -0.006 -8"><span class='ocrx_word' id='word_1_818' title='bbox 1854 5160 1966 5214; x_wconf 89' lang='lat' dir='ltr'><strong>Soli</strong></span> <span class='ocrx_word' id='word_1_819' title='bbox 1984 5158 2147 5213; x_wconf 83' lang='lat' dir='ltr'><strong>Josua</strong></span> <span class='ocrx_word' id='word_1_820' title='bbox 2163 5157 2330 5212; x_wconf 71' lang='lat' dir='ltr'><strong>Naua:</strong></span> <span class='ocrx_word' id='word_1_821' title='bbox 2346 5156 2491 5212; x_wconf 88' lang='lat' dir='ltr'><strong>filius</strong></span> <span class='ocrx_word' id='word_1_822' title='bbox 2503 5163 2556 5209; x_wconf 90' lang='lat' dir='ltr'><strong>et</strong></span> <span class='ocrx_word' id='word_1_823' title='bbox 2570 5154 2807 5209; x_wconf 82' lang='lat' dir='ltr'><strong>Calebus</strong></span> <span class='ocrx_word' id='word_1_824' title='bbox 2829 5153 3088 5222; x_wconf 69' lang='lat' dir='ltr'><strong>Jephunze</strong></span> <span class='ocrx_word' id='word_1_825' title='bbox 3112 5151 3255 5206; x_wconf 84' lang='lat' dir='ltr'><strong>illius</strong></span> <span class='ocrx_word' id='word_1_826' title='bbox 3274 5166 3440 5220; x_wconf 86' lang='lat' dir='ltr'><strong>super</strong></span> 
     </span>
    </p>
   </div>
   <div class='ocr_carea' id='block_1_113' title="bbox 1861 5240 3434 5318">
    <p class='ocr_par' dir='ltr' id='par_1_113' title="bbox 1861 5240 3434 5318">
     <span class='ocr_line' id='line_1_113' title="bbox 1861 5240 3434 5318; baseline -0.009 -9"><span class='ocrx_word' id='word_1_827' title='bbox 1861 5256 2016 5309; x_wconf 86' lang='lat' dir='ltr'><strong>stites</strong></span> <span class='ocrx_word' id='word_1_828' title='bbox 2043 5251 2296 5304; x_wconf 85' lang='lat' dir='ltr'><strong>fuerunt:</strong></span> <span class='ocrx_word' id='word_1_829' title='bbox 2334 5262 2566 5318; x_wconf 85' lang='lat' dir='ltr'><strong>quorum</strong></span> <span class='ocrx_word' id='word_1_830' title='bbox 2599 5245 2817 5307; x_wconf 80' lang='lat' dir='ltr'><strong>illello,</strong></span> <span class='ocrx_word' id='word_1_831' title='bbox 2855 5245 2941 5298; x_wconf 90' lang='lat' dir='ltr'><strong>hic</strong></span> <span class='ocrx_word' id='word_1_832' title='bbox 2962 5243 3064 5297; x_wconf 71' lang='lat'><strong>160</strong></span> <span class='ocrx_word' id='word_1_833' title='bbox 3083 5258 3253 5298; x_wconf 87' lang='lat' dir='ltr'><strong>annos</strong></span> <span class='ocrx_word' id='word_1_834' title='bbox 3279 5240 3434 5295; x_wconf 75' lang='lat' dir='ltr'><strong>vixit.</strong></span> 
     </span>
    </p>
   </div>
   <div class='ocr_carea' id='block_1_114' title="bbox 1949 5334 3435 5410">
    <p class='ocr_par' dir='ltr' id='par_1_114' title="bbox 1949 5334 3435 5410">
     <span class='ocr_line' id='line_1_114' title="bbox 1949 5334 3435 5410; baseline -0.009 -12"><span class='ocrx_word' id='word_1_835' title='bbox 1949 5346 2005 5398; x_wconf 91' lang='lat' dir='ltr'><strong>In</strong></span> <span class='ocrx_word' id='word_1_836' title='bbox 2033 5342 2269 5397; x_wconf 83' lang='lat' dir='ltr'><strong>secunda</strong></span> <span class='ocrx_word' id='word_1_837' title='bbox 2297 5340 2477 5410; x_wconf 86' lang='lat' dir='ltr'><strong>populi</strong></span> <span class='ocrx_word' id='word_1_838' title='bbox 2508 5339 2826 5395; x_wconf 89' lang='lat' dir='ltr'><strong>recensione</strong></span> <span class='ocrx_word' id='word_1_839' title='bbox 2850 5352 2878 5391; x_wconf 87' lang='lat' dir='ltr'><strong>a</strong></span> <span class='ocrx_word' id='word_1_840' title='bbox 2901 5338 3055 5391; x_wconf 88' lang='lat' dir='ltr'><strong>Mose</strong></span> <span class='ocrx_word' id='word_1_841' title='bbox 3085 5343 3141 5389; x_wconf 90' lang='lat' dir='ltr'><strong>et</strong></span> <span class='ocrx_word' id='word_1_842' title='bbox 3172 5334 3435 5390; x_wconf 77' lang='lat' dir='ltr'><strong>Eleazaro</strong></span> 
     </span>
    </p>
   </div>
   <div class='ocr_carea' id='block_1_115' title="bbox 1863 5427 3437 5500">
    <p class='ocr_par' dir='ltr' id='par_1_115' title="bbox 1863 5427 3437 5500">
     <span class='ocr_line' id='line_1_115' title="bbox 1863 5427 3437 5500; baseline -0.009 -10"><span class='ocrx_word' id='word_1_843' title='bbox 1863 5436 2114 5490; x_wconf 90' lang='lat' dir='ltr'><strong>instituta</strong></span> <span class='ocrx_word' id='word_1_844' title='bbox 2150 5449 2215 5487; x_wconf 89' lang='lat' dir='ltr'><strong>ne</strong></span> <span class='ocrx_word' id='word_1_845' title='bbox 2246 5448 2387 5487; x_wconf 89' lang='lat' dir='ltr'><strong>unus</strong></span> <span class='ocrx_word' id='word_1_846' title='bbox 2425 5431 2643 5500; x_wconf 87' lang='lat' dir='ltr'><strong>quidem</strong></span> <span class='ocrx_word' id='word_1_847' title='bbox 2674 5446 2867 5485; x_wconf 88' lang='lat' dir='ltr'><strong>eorum</strong></span> <span class='ocrx_word' id='word_1_848' title='bbox 2898 5427 3209 5482; x_wconf 82' lang='lat' dir='ltr'><strong>mortalium</strong></span> <span class='ocrx_word' id='word_1_849' title='bbox 3244 5438 3437 5493; x_wconf 65' lang='lat' dir='ltr'><strong>super-</strong></span> 
     </span>
    </p>
   </div>
   <div class='ocr_carea' id='block_1_116' title="bbox 1863 5507 3437 5595">
    <p class='ocr_par' dir='ltr' id='par_1_116' title="bbox 1863 5507 3437 5595">
     <span class='ocr_line' id='line_1_116' title="bbox 1863 5507 3437 5595; baseline -0.008 -14"><span class='ocrx_word' id='word_1_850' title='bbox 1863 5526 2081 5595; x_wconf 88' lang='lat' dir='ltr'><strong>fuitqui</strong></span> <span class='ocrx_word' id='word_1_851' title='bbox 2108 5525 2160 5579; x_wconf 91' lang='lat' dir='ltr'><strong>in</strong></span> <span class='ocrx_word' id='word_1_852' title='bbox 2194 5525 2375 5595; x_wconf 86' lang='lat' dir='ltr'><strong>priore</strong></span> <span class='ocrx_word' id='word_1_853' title='bbox 2402 5522 2617 5578; x_wconf 90' lang='lat' dir='ltr'><strong>fuerant</strong></span> <span class='ocrx_word' id='word_1_854' title='bbox 2670 5507 3011 5581; x_wconf 71' lang='lat' dir='ltr'><strong>recensione,</strong></span> <span class='ocrx_word' id='word_1_855' title='bbox 3061 5531 3224 5587; x_wconf 84' lang='lat' dir='ltr'><strong>quam</strong></span> <span class='ocrx_word' id='word_1_856' title='bbox 3258 5514 3437 5569; x_wconf 74' lang='lat' dir='ltr'><strong>Moses</strong></span> 
     </span>
    </p>
   </div>
   <div class='ocr_carea' id='block_1_117' title="bbox 1863 5600 3438 5681">
    <p class='ocr_par' dir='ltr' id='par_1_117' title="bbox 1863 5600 3438 5681">
     <span class='ocr_line' id='line_1_117' title="bbox 1863 5600 3438 5681; baseline -0.008 -10"><span class='ocrx_word' id='word_1_857' title='bbox 1863 5626 1917 5671; x_wconf 88' lang='lat' dir='ltr'><strong>et</strong></span> <span class='ocrx_word' id='word_1_858' title='bbox 1946 5618 2126 5670; x_wconf 88' lang='lat' dir='ltr'><strong>Aaron</strong></span> <span class='ocrx_word' id='word_1_859' title='bbox 2160 5600 2464 5669; x_wconf 80' lang='lat' dir='ltr'><strong>obiroraut.</strong></span> <span class='ocrx_word' id='word_1_860' title='bbox 2494 5612 2567 5665; x_wconf 84' lang='lat' dir='ltr'><strong>Ea</strong></span> <span class='ocrx_word' id='word_1_861' title='bbox 2592 5613 2746 5681; x_wconf 88' lang='lat' dir='ltr'><strong>juxta</strong></span> <span class='ocrx_word' id='word_1_862' title='bbox 2778 5620 3023 5667; x_wconf 86' lang='lat' dir='ltr'><strong>montem</strong></span> <span class='ocrx_word' id='word_1_863' title='bbox 3042 5608 3217 5675; x_wconf 84' lang='lat' dir='ltr'><strong>Sinai,</strong></span> <span class='ocrx_word' id='word_1_864' title='bbox 3252 5616 3438 5677; x_wconf 79' lang='lat' dir='ltr'><strong>postc-</strong></span> 
     </span>
    </p>
   </div>
   <div class='ocr_carea' id='block_1_118' title="bbox 1864 5703 2763 5778">
    <p class='ocr_par' dir='ltr' id='par_1_118' title="bbox 1864 5703 2763 5778">
     <span class='ocr_line' id='line_1_118' title="bbox 1864 5703 2763 5778; baseline -0.01 -15"><span class='ocrx_word' id='word_1_865' title='bbox 1864 5712 1976 5764; x_wconf 82' lang='lat' dir='ltr'><strong>rior</strong></span> <span class='ocrx_word' id='word_1_866' title='bbox 2007 5725 2142 5778; x_wconf 87' lang='lat' dir='ltr'><strong>pone</strong></span> <span class='ocrx_word' id='word_1_867' title='bbox 2171 5706 2459 5762; x_wconf 67' lang='lat' dir='ltr'><strong>Jordanvm</strong></span> <span class='ocrx_word' id='word_1_868' title='bbox 2495 5715 2611 5759; x_wconf 81' lang='lat' dir='ltr'><strong>acta</strong></span> <span class='ocrx_word' id='word_1_869' title='bbox 2644 5703 2763 5756; x_wconf 92' lang='lat' dir='ltr'><strong>fuit.</strong></span> 
     </span>
    </p>
   </div>
  </div>
