4184 6436
728 405 829 471 119

727 611 902 668 dissct
934 618 991 662 ιιι
1024 606 1127 662 sibi
1153 605 1447 662 Jordanem
1478 605 1715 660 transire
1741 613 2053 674 terramque
2080 602 2312 670 promis-

730 718 846 760 sam
866 715 1090 756 cernere
1113 701 1358 768 daretur,
1377 713 1485 754 non
1505 700 1769 754 obtinuit.
1783 697 1895 753 Sed
1911 698 2050 752 dixit
2069 697 2116 751 ei
2139 694 2307 751 Deus:

741 818 759 848 ι
789 797 902 850 lloc
925 795 1018 850 tibi
1035 793 1289 850 sulliciat.
1312 792 1557 849 Ascende
1575 794 1630 846 in
1651 794 1908 847 verticem
1931 794 2156 854 montis,
2179 805 2282 845 oeu
2300 824 2312 830 -

733 892 801 945 lis
833 891 944 945 tuis
993 891 1211 944 eminus
1244 897 1445 942 terram
1490 893 1648 942 istam
1675 887 1961 955 speculare
1989 901 2001 936 :
2033 901 2138 941 non
2165 885 2310 940 enim

733 983 999 1038 transibis
1018 981 1310 1036 Jordanem
1339 982 1401 1033 ".
1432 1000 1450 1030 ι
1470 983 1722 1034 Mortuus
1745 989 1822 1035 es:
1851 990 2030 1034 autem
2054 977 2230 1033 Moses
2249 994 2314 1032 eo

734 1091 791 1129 in
823 1083 1213 1140 monte,annos
1252 1083 1414 1128 natus
1440 1073 1562 1128 HO.
1587 1071 1790 1128 Ductor
1829 1073 2010 1144 populi
2046 1080 2314 1142 posteum

739 1163 1018 1219 IuitJosua
1055 1178 1150 1232 per
1166 1178 1342 1218 annos
1362 1162 1448 1226 27,
1477 1164 1720 1234 vixitque
1749 1178 1922 1217 annos
1948 1164 2172 1218 omnino
2197 1163 2314 1216 HO.

809 1254 1105 1308 Enimvero
1159 1269 1341 1324 Opera:
1369 1254 1484 1308 fore
1519 1254 1650 1307 dux:
1693 1267 1783 1307 res
1816 1253 1956 1307 beati
1999 1251 2168 1307 Musis
2204 1253 2317 1322 pla-

738 1346 865 1400 nius
910 1346 1206 1416 explicare.
1245 1361 1291 1398 .s
1323 1359 1450 1414 ergo
1501 1353 1834 1413 accepturus
1875 1343 2206 1398 secundario
2249 1347 2320 1398 lc-

738 1454 858 1506 gem
895 1440 947 1491 in
976 1449 1210 1491 montem
1241 1437 1507 1491 ascuidit.
1537 1436 1826 1492 Descendit
1859 1454 1922 1490 eo
1961 1440 2012 1491 in
2041 1438 2151 1507 90
2177 1438 2319 1490 nulie

739 1530 1028 1591 Dominus,
1053 1529 1213 1597 eique
1238 1531 1420 1584 Moses
1438 1531 1648 1585 adstitit
1673 1547 1768 1600 per
1791 1531 1905 1584 dies
1926 1530 1995 1584 40
2023 1542 2320 1600 uertcsque

659 1661 662 1663 Α
741 1621 993 1686 totidem,
1067 1619 1144 1674 ita
1202 1630 1265 1675 ιιι
1325 1637 1505 1691 neque
1579 1637 1719 1692 pane
1777 1630 2089 1676 vesceretur
2144 1637 2322 1691 neque

740 1729 938 1782 aquam
984 1713 1216 1767 biberet.
1256 1713 1317 1765 Et
1348 1714 1571 1784 scripsit
1608 1716 1670 1768 in
1697 1716 1899 1770 tabulis
1930 1715 2093 1769 verba
2133 1714 2324 1770 Testa-

743 1804 936 1870 menti,
970 1808 1160 1859 decem
1196 1803 1301 1860 ista
1337 1806 1525 1861 verba.
1555 1806 1803 1875 Cumque
1838 1808 2131 1877 splendore
2155 1823 2320 1863 orna-

743 1906 852 1959 tus,
897 1899 1476 1966 sumptistabulis,de
1527 1907 1712 1955 monte
1758 1902 2136 1968 descenderet,
2188 1902 2321 1957 vidit

743 1993 925 2046 Aaron
972 1993 1382 2060 universu5que
1434 1993 1670 2062 populus
1720 1991 1913 2047 faciem
1951 1991 2119 2047 Musis
2158 2007 2323 2047 coru-

747 2091 1017 2147 scantem,
1058 2093 1480 2155 metueruntque
1519 2085 1583 2138 ad
1641 2099 1765 2138 eum
1805 2083 2090 2138 accedere.
2136 2083 2326 2152 Itaque

744 2174 1017 2230 velamine
1038 2175 1233 2244 capitis
1267 2191 1403 2240 usus
1432 2184 1534 2242 est,
1555 2175 1778 2244 quoties
1809 2191 1930 2229 cum
1964 2175 2096 2243 ipsis
2119 2183 2325 2245 ageret.

746 2268 960 2322 Etenim
993 2277 1113 2338 post
1145 2268 1216 2323 40
1241 2269 1359 2323 dies
1390 2283 1515 2324 eum
1551 2267 1950 2334 descendisset,
1985 2269 2064 2322 ira
2089 2268 2158 2322 ob
2175 2271 2326 2321 vitu-

745 2361 861 2416 lum
898 2360 1134 2418 elIictum
1167 2361 1432 2432 percitus,
1469 2361 1615 2417 illico
1644 2362 1858 2418 tabulas
1889 2361 2238 2424 comminuit,
2277 2373 2329 2417 et

746 2454 1064 2525 quicunque
1083 2454 1285 2526 ﬂagitio
1305 2465 1462 2511 erant
1488 2457 1732 2520 obnoxii,
1767 2457 2138 2510 internecione
2157 2454 2328 2509 deleri

743 2547 932 2616 jussit.
972 2546 1110 2600 Tum
1143 2548 1315 2602 vitulo
1348 2562 1378 2601 e
1405 2547 1587 2601 medio
1613 2548 1852 2612 sublato,
1882 2562 2098 2616 unoque
2118 2546 2208 2601 die
2238 2547 2332 2599 tri-

752 2642 853 2696 bus
874 2641 1118 2694 virorum
1135 2642 1502 2710 pessimorum
1522 2641 1764 2696 millibus
1789 2641 2110 2708 interiectis,
2131 2643 2332 2712 postri-

750 2737 841 2790 die
887 2736 1146 2790 celeriter
1173 2735 1241 2791 ad
1293 2733 1584 2790 Dominum
1620 2735 1673 2788 in
1707 2746 1941 2789 montem
1981 2751 2040 2790 se
2075 2737 2328 2800 contulit,

753 2829 911 2898 quasi
960 2825 1225 2894 pudorem
1267 2825 1341 2890 ei,
1393 2825 1497 2879 nisi
1549 2825 1866 2894 deprecanti
1922 2835 2208 2888 annuerct,
2243 2826 2332 2880 in-

750 2935 1040 2977 cussurus.
1070 2921 1248 2990 Atque
1283 2920 1410 2974 audi
1445 2919 1574 2986 quid
1603 2918 1882 2988 Scriptura
1915 2918 2061 2973 dicat
2096 2939 2110 2976 :
2149 2938 2168 2970 ε
2191 2919 2332 2974 Pos-

752 3014 916 3069 tridie
963 3013 1141 3070 Moses
1189 3015 1260 3066 ita
1305 3013 1561 3082 populum
1624 3022 1706 3067 est
1762 3012 2030 3066 allocutus
2074 3029 2087 3064 :
2139 3012 2332 3078 Ingens

757 3107 1016 3176 ﬂagitium
1096 3104 1474 3159 commisistis.
1555 3103 1710 3158 Nunc
1783 3105 1965 3172 itaque
2038 3106 2329 3158 ascendam

1991 401 2311 462 GEORGII
2352 401 2688 464 CEDRENI

801 518 977 572 Moses
997 530 1121 570 cum
1141 527 1169 567 a
1191 513 1298 568 Deo
1321 511 1508 567 multis
1535 512 1795 581 precibus
1830 512 2054 581 supplex
2088 521 2305 567 eonten-
2341 511 2389 569 A

3885 401 3985 472 120

2489 514 2612 567 Ὅτι
2645 514 2861 584 δεήσεις
2897 515 3145 585 μεγάλας
3181 516 3550 588 ποιησάμενος
3583 514 3720 586 trp”;
3748 514 3837 568 τὸν
3853 513 3990 568 Θεὸν

2413 608 2494 668 είς
2530 605 2592 660 τὸ
2642 606 2898 675 διαϐῆναι
2948 607 3040 661 τὸν
3072 608 3346 680 Ἰορδάνην
3387 608 3484 661 καὶ
3540 609 3670 661 ἰδεῖν
3724 607 3823 678 τὴν
3887 606 3992 674 γῆν

2412 697 2512 766 τῆς
2551 698 2888 766 ἐπαγγελίας
2912 701 3012 770 οὐχ
3047 698 3395 770 ὑπηκουσθη,
3447 699 3563 753 ἀλλ’
3614 693 3768 752 εἶπεν
3841 695 3992 765 αὐτῷ

2413 793 2441 843 ό
2463 789 2615 854 Θεός·
2655 809 2673 842 ι
2726 791 3052 846 Ἰκανούσθω
3074 810 3177 846 σοι’
3211 792 3444 864 ἀνάϐηθι
3481 792 3574 844 ἐπὶ
3601 791 3701 858 τὴν
3747 807 3993 861 κορυφην

2414 883 2508 935 τοῦ
2531 882 2713 952 ὅρους,
2741 884 2836 937 καὶ
2866 884 2945 936 ίδε
2967 886 3080 948 τοῖς
3106 883 3409 954 ὀφθαλμοῖς
3432 901 3549 948 σου,
3571 883 3653 935 ὅτι
3681 881 3744 934 οὐ
3759 881 3993 952 διαϐήσῃ

2416 971 2508 1025 τὸν
2544 973 2841 1045 Ἰορδάνην.
2881 994 2900 1027 ι
2934 975 3045 1029 Kal
3074 974 3395 1044 ἐτελεύτησε
3419 975 3658 1044 Μωῦσῆς
3688 975 3745 1025 ἐν
3769 970 3847 1042 τῷ
3876 971 3993 1041 ὄρει

2418 1065 2613 1136 ἐκείνῳ
2640 1067 2776 1122 ἐτῶν
2807 1068 3005 1122 ἑκατὸν
3027 1068 3182 1124 δέκα.
3210 1069 3321 1122 Kal
3337 1069 3556 1139 ἡγεῖται
3586 1067 3682 1120 τοῦ
3711 1066 3843 1118 λα’,υ
3889 1063 3996 1130 ’1η-

2421 1159 2546 1222 συῦς
2579 1160 2675 1228 ἐτη
2703 1161 2807 1225 κζ’,
2837 1160 3008 1230 ζήσας
3033 1161 3104 1214 τὰ
3134 1161 3315 1216 πάντα
3351 1161 3447 1230 ἐτη
3475 1160 3670 1214 ἐκατδν
3699 1159 3853 1212 δέκα.

2503 1253 2660 1306 Ἀλλὰ
2687 1253 2807 1305 δέον
2827 1255 3124 1324 ἡγησάμην
3151 1255 3485 1325 σαφέστερον
3510 1254 3578 1307 τὰ
3604 1255 3733 1323 περὶ
3766 1250 3859 1303 τοῦ
3890 1267 3966 1319 μα

2422 1345 2613 1416 γαρίου
2649 1347 2926 1408 Μωῦσέως
2961 1344 3273 1399 διεξελθειν.
3300 1345 3526 1399 Μελλων
3569 1345 3680 1413 γὰρ
3731 1343 3762 1394 6
3805 1342 3899 1395 θεσ
3945 1343 3972 1392 ἑ

2425 1452 2538 1499 σιος
2561 1433 2715 1500 οὗτος
2748 1439 2840 1490 τὸν
2864 1438 3119 1508 δεύτερον
3150 1439 3313 1508 νόμον
3344 1438 3597 1507 δέχσθαι
3623 1436 3786 1504 ἀνέϐη
3817 1437 3892 1490 εἰ..
3936 1432 3999 1485 τὸ

2421 1524 2569 1594 δρογςν
2605 1528 2696 1580 καὶ
2733 1527 2934 1596 κ²τέ6η
2987 1527 3191 1596 Κύριος
3215 1529 3273 1579 έν
3303 1529 3522 1598 νεφέλη.
3597 1528 3690 1579 καὶ
3750 1526 4001 1594 παρέηῖη

2423 1618 2572 1686 αὐτῷ
2601 1619 2810 1681 ἐκεῖνος
2843 1619 3056 1691 ἡμέρας
3090 1620 3503 1690 τεσσαράκοντα
3526 1621 3621 1674 καὶ
3658 1620 4001 1671 νύκταατεσ-

2427 1714 2740 1782 σαράκοντα
2765 1731 2779 1746 ο
2811 1714 2977 1784 ἄρτον
3015 1715 3115 1768 οὐκ
3140 1715 3311 1783 ἔφαγε
3349 1716 3443 1767 καὶ
3503 1713 3652 1781 ὕδωρ
3712 1713 3811 1765 οὐκ
3858 1712 4000 1763 ἔπιε.

2425 1809 2537 1863 Kal
2557 1808 2795 1878 ἔγραψεν
2822 1809 2916 1862 ἐπὶ
2948 1810 3058 1863 τῶν
3088 1810 3310 1864 πλακῶν
3348 1809 3418 1863 τὰ
3465 1811 3687 1881 ῥήματα
3732 1807 3833 1878 τῆς
3885 1806 4006 1858 δια-

2426 1900 2622 1971 θήκης,
2655 1902 2782 1964 τοὺς
2800 1902 2929 1955 δέκα
2956 1902 3171 1970 λόγους.
3198 1903 3310 1956 Kal
3329 1902 3508 1955 λαϐὼν
3535 1901 3634 1964 τὰς
3663 1900 3878 1962 πλάκας
3909 1899 4006 1951 καὶ

2427 1992 2670 2055 καταϐὰς
2690 1991 2795 2045 ἀπὸ
2811 1992 2904 2046 τοῦ
2918 1993 3076 2063 ὅρους
3087 1993 3495 2064 δεδοξασμένος,
3512 1989 3650 2046 εἶδεν
3681 1991 3997 2062 Ἀαρὼνκαὶ

2429 2085 2630 2150 πάντες
2672 2088 2721 2139 οί
2772 2087 2881 2142 υἱοὶ
2953 2087 3164 2158 Ἰσραὴλ
3226 2087 3287 2139 τὸ
3349 2087 3643 2156 πρόσωπον
3705 2082 4012 2147 Μωῦσέως,

2427 2179 2524 2233 καὶ
2548 2175 2616 2251 ἦν
2666 2179 3074 2250 δεδοξασμένον,
3127 2180 3222 2233 καὶ
3264 2179 3509 2250 ἐφοϐήθη
3571 2177 3721 2248 αὐτῷ
3761 2192 4006 2247 προσεί-

2428 2274 2582 2342 γίσαι
2607 2289 2621 2305 ⁸
2658 2274 2752 2327 καὶ
2785 2274 2873 2327 διὰ
2895 2273 3056 2327 τοῦτο
3080 2273 3347 2344 κάλυμμα
3393 2272 3657 2336 ἐπετίθει,
3689 2270 3852 2340 ἡνίκα
3871 2268 4013 2338 πρὸς

2430 2368 2628 2429 αὐτοὺς
2679 2365 2898 2436 ὡμίλει.
2950 2365 3109 2420 Μετὰ
3181 2365 3292 2436 γὰρ
3340 2365 3553 2436 ἡμέρας
3601 2362 4013 2432 τεσσαράκοντα

2431 2460 2729 2527 κατελθὼν,
2767 2460 2862 2512 καὶ
2908 2460 2996 2513 διὰ
3045 2458 3145 2530 τὴν
3176 2456 3530 2529 μοσχοποιίαν
3587 2454 3881 2525 θυμωθεὶς,
3918 2470 4008 2505 ευ-

2432 2553 2570 2615 θέως
2603 2553 2702 2616 τὰς
2724 2551 2940 2612 πλάκας
2977 2550 3269 2622 συνέτριψε
3300 2551 3394 2604 καὶ
3423 2548 3623 2604 αὐτίκα
3676 2545 4018 2615 προσέταξεν

2434 2647 2632 2717 ἡϐηδὸν
2663 2647 2874 2708 πάντας
2902 2645 3028 2707 τοὺς
3045 2643 3461 2714 παρατυχόντας
3493 2639 3872 2710 ἀναιρεθῆναι.
3899 2637 4018 2689 Καὶ

2431 2738 2526 2790 τὸν
2553 2739 2754 2806 μόσχον
2806 2736 3161 2801 ἐξαφανίσας,
3189 2735 3282 2788 καὶ
3309 2733 3645 2804 τρισχιλίους
3699 2733 4021 2800 αἰσχίστους

2433 2828 2631 2898 ἄνδρας
2664 2825 3054 2896 ἐξολοθρεύσας
3079 2826 3142 2879 ἐν
3172 2827 3271 2895 μιᾷ
3301 2826 3502 2895 ἡμέρᾳ,
3527 2825 3592 2893 τῇ
3621 2822 3847 2893 ἐπιούσῃ
3879 2821 4020 2872 θᾶτ-

2434 2939 2526 2975 τον
2562 2921 2793 2991 ἀνῆλθεν
2815 2922 2895 2984 είς
2929 2920 2990 2974 τὸ
3034 2920 3160 2988 ὅρος
3192 2919 3330 2989 πρὸς
3398 2916 3624 2986 Κύριον,
3677 2915 4020 2983 δυσωπήσων

2437 3014 2751 3067 αὐ’τόν.Καὶ
2767 3013 3000 3067 ἄκουσον
3023 3011 3308 3083 τίφησινή
3343 3010 3555 3080 Γραφή·
3596 3029 3613 3060 ι
3651 3009 3759 3061 Kal
3797 3008 4022 3076 ἐγένετο

2441 3107 2581 3178 μετὰ
2623 3107 2723 3177 τὴν
2779 3107 2991 3176 αῦριον,
3050 3101 3173 3158 εἷπε
3241 3103 3482 3172 Μωῦσῆς
3536 3101 3672 3174 πρὸς
3728 3102 3820 3156 τὸν
3861 3100 4016 3153 λαόν·

757 3202 822 3255 ad
877 3200 1074 3260 Deum.
1128 3205 1187 3250 ut
1231 3212 1351 3262 vos,
1384 3197 1474 3266 qui
1524 3204 1752 3265 peccato
1795 3211 1919 3249 eum
1959 3195 2240 3258 irritastis,
2277 3196 2330 3248 in

2451 3203 2640 3271 Ὑμεῖς
2665 3201 3024 3272 ἡμαρτήκατε
3045 3198 3317 3269 ἁμαρτίαν
3343 3196 3585 3269 μεγάλην
3604 3213 3618 3226 ο
3643 3195 3738 3248 καὶ
3762 3193 3854 3247 νῦν
3885 3193 4024 3245 ἀνα-

756 3293 990 3362 gratiam
1031 3291 1153 3359 ejus
1185 3291 1493 3345 restituam.
1525 3285 1914 3359 Reversusque
1943 3290 2006 3342 ad
2044 3289 2330 3344 Dominum

757 3384 936 3440 Moses
983 3383 1130 3438 dixit
1172 3382 1516 3451 :Dcprecor,
1573 3381 1808 3451 populus
1870 3383 1972 3437 iste
2016 3381 2238 3451 grandis
2274 3396 2333 3438 se

760 3476 1027 3532 facinoris
1058 3475 1325 3543 obligavit
1364 3476 1502 3528 deos
1533 3473 1634 3528 sibi
1676 3472 1947 3543 tingendo.
1983 3472 2137 3529 Nunc
2180 3488 2330 3543 ergo,

759 3569 1031 3640 siquidem
1074 3569 1163 3622 eis
1196 3568 1297 3620 hoc
1334 3582 1494 3621 suum
1541 3567 1724 3622 scelus
1767 3566 2030 3634 ignoscis,
2069 3565 2330 3634 ignosce:

759 3667 844 3719 sin
881 3678 1027 3725 vero,
1077 3677 1160 3714 mc
1201 3676 1266 3714 ex
1305 3660 1448 3713 libro
1491 3675 1651 3727 quem
1689 3658 1958 3727 scripsisti
1993 3657 2192 3713 deleto.
2227 3657 2336 3712 Re-

760 3757 984 3826 Spondit
1015 3765 1196 3808 autem
1248 3751 1390 3808 Deus
1425 3771 1438 3808 :
1471 3753 1526 3806 Si
1560 3752 1684 3823 quis
1732 3753 2021 3806 adversum
2062 3768 2147 3806 mc
2196 3751 2335 3807 deli-

761 3849 964 3918 querit,
991 3861 1116 3899 eum
1166 3844 1234 3899 de
1279 3845 1419 3898 libro
1451 3860 1573 3898 meo
1612 3842 1825 3898 delebo.
1858 3840 2017 3895 Nunc
2050 3850 2232 3895 autem
2277 3850 2334 3895 tu

761 3937 921 4002 vade,
970 3936 1345 4006 populumque
1390 3934 1497 3988 duc
1527 3933 1593 3988 ad
1629 3932 1808 3986 locum
1847 3948 2007 4002 quem
2058 3932 2156 3986 tibi
2198 3931 2340 3989 indi-

762 4031 903 4086 cavi.
933 4029 1109 4100 Atque
1149 4043 1298 4094 ecce,
1328 4027 1556 4097 angelus
1597 4039 1748 4081 meus
1785 4023 2057 4095 praecedet
2098 4033 2168 4078 te.
2219 4022 2337 4089 Qua

763 4133 946 4180 autem
994 4122 1081 4177 die
1127 4135 1225 4174 eos
1275 4118 1539 4180 visitabo.
1579 4132 1642 4172 ea
1675 4131 1895 4186 poenam
1931 4130 2034 4186 pro
2079 4116 2182 4170 hoc
2228 4115 2335 4186 91

769 4217 969 4272 delicto
993 4215 1125 4284 ipsis
1157 4211 1396 4281 inﬂigam
1420 4211 1483 4264 ¹³.
1519 4229 1538 4261 ι
1574 4207 1810 4264 Proinde
1829 4217 1986 4264 extra
2022 4218 2342 4264 controver-

771 4313 908 4368 siain
950 4316 1057 4373 est,
1097 4306 1166 4361 80
1204 4305 1497 4359 continuos
1520 4302 1638 4358 dies
1667 4302 1888 4356 beatum
1925 4301 2124 4357 Mosem
2157 4302 2345 4357 divino

771 4403 1036 4457 instinctu
1096 4398 1348 4453 aﬁectum
1413 4396 1538 4450 cibo
1593 4394 1948 4457 abstinuisse,
2005 4394 2194 4448 alitum
2249 4393 2342 4448 Dei

769 4509 1029 4552 sermone
1077 4491 1375 4547 secundum
1421 4489 1632 4543 Domini
1706 4487 1934 4542 dictum.
1993 4485 2164 4540 Porro
2216 4501 2342 4541 cum

774 4587 953 4642 Moses
981 4587 1032 4638 in
1061 4581 1476 4636 tabernaculum
1505 4579 1804 4634 testimonii
1825 4577 2082 4642 intrabat,
2113 4577 2347 4647 populus

773 4679 1063 4733 universus
1095 4674 1272 4730 stabat
1298 4671 1696 4740 contemplans,
1726 4669 1984 4738 Moseque
2007 4670 2347 4739 introgresso

775 4767 939 4822 nubis
979 4766 1232 4819 columna
1259 4772 1313 4816 et
1347 4761 1490 4816 Deus
1521 4760 1586 4814 ad
1617 4760 2026 4815 tabernaculum
2049 4759 2348 4814 descende.-

772 4861 924 4915 bant.
969 4858 1210 4927 Populus
1261 4866 1440 4909 autem
1490 4856 1802 4910 columnam
1861 4855 2023 4910 nubis
2060 4865 2348 4910 cernentes

776 4952 1080 5006 adorabunt
1129 4949 1363 5019 quisque
1404 4964 1433 5003 a
1466 4965 1568 5004 suo
1615 4949 1990 5003 tabernaculo.
2042 4950 2217 5018 Atque
2243 4949 2349 5002 hoc

779 5046 940 5099 modo
968 5044 1109 5099 Deus
1140 5058 1262 5096 cum
1290 5039 1438 5096 Mose
1467 5041 1520 5095 in
1545 5052 1839 5112 conspectu
1875 5040 2055 5107 populi
2090 5041 2354 5108 loqueba-

780 5149 888 5190 tur.
935 5136 1118 5190 Moses.
1140 5149 1301 5204 porro
1332 5140 1390 5187 ut
1431 5134 1688 5204 populum
1723 5133 1793 5186 ab
1823 5133 1901 5186 ira
1949 5133 2040 5187 Dei
2072 5132 2352 5196 liberaret,

779 5236 930 5281 tanto
975 5236 1172 5279 conatu
1220 5225 1496 5280 nitebat-ur
1526 5227 1774 5295 adeoque
1806 5242 1918 5281 sum
1950 5225 2123 5294 ipsius
2157 5225 2351 5280 salutis

777 5334 966 5374 curam
1001 5333 1106 5371 non
1129 5316 1368 5388 gerebat,
1395 5321 1632 5372 utetiam
1664 5320 1714 5372 in
1740 5319 1903 5373 clade.
1928 5317 2016 5373 Dei
2052 5317 2352 5373 seelmdum

780 5409 1040 5464 Davidem
1081 5408 1310 5462 steterit.
1365 5409 1431 5460 At
1477 5423 1606 5462 vero
1640 5407 1820 5463 Judmi
1851 5419 1907 5461 ut
1938 5418 2095 5463 erant
2124 5408 2349 5477 ingrati,

781 5502 954 5572 magis
988 5503 1269 5570 mag-isque
1299 5499 1560 5556 adversus
1591 5501 1908 5570 prophetam
1958 5517 2117 5555 suum
2167 5503 2352 5554 insur-

782 5603 1060 5649 rexerunt.
1094 5593 1379 5663 Quotquot
1415 5606 1595 5647 autem
1643 5594 1746 5649 hoc
1790 5603 2042 5664 egerunt,
2073 5596 2108 5649 ii
2148 5596 2344 5664 partim

859 5686 904 5717 "
931 5687 1088 5743 Deut.
1117 5703 1269 5754 xxxi,
1303 5688 1358 5743 2.
1439 5689 1481 5720 ¹·³
1505 5689 1676 5744 Exod.
1713 5706 1883 5744 xxx”.

2443 3297 2686 3366 ϐήσομαι
2722 3296 2857 3364 πρὸς
2881 3294 2971 3346 τὸν
3001 3293 3156 3356 Θεὸν,
3209 3292 3298 3345 ἵνα
3351 3289 3687 3360 ἐξιλάσωμαι
3739 3287 3870 3357 περὶ⁵
3916 3285 4025 3352 τῆς

2443 3387 2718 3458 ἁμαρτίας
2757 3385 2933 3455 ὑμῶν.
2975 3385 3086 3439 Καὶ
3133 3382 3433 3456 ἐπέστρεψε
3465 3381 3706 3450 Μωῦσῆς
3731 3377 3866 3450 πρὸς
3900 3376 4026 3459 K6—

2445 3494 2580 3548 ριον,
2634 3477 2726 3529 καὶ
2767 3470 2913 3527 εἴπεο
2977 3476 3199 3543 Δέομαι,
3236 3473 3561 3544 ἡμάρτηκεν
3616 3472 3646 3524 6
3682 3469 3806 3531 λαὸς
3865 3461 4027 3528 οὗτος

2447 3571 2722 3640 ἁμαρτίαν
2772 3568 3037 3639 μεγάλην,
3073 3566 3159 3638 [Ρ.
3203 3567 3304 3638 511
3339 3567 3434 3619 καὶ
3485 3563 3750 3633 ἐποίησαν
3809 3562 4030 3622 ἑαυτοῖς

2445 3665 2619 3727 θεούς.
2656 3663 2909 3726 Kal-vim,
2935 3663 2983 3714 εἰ
3026 3661 3124 3731 μὲν
3154 3661 3298 3730 ἀφῇς
3354 3661 3536 3722 αὐτοῖς
3595 3658 3693 3727 τὴν
3742 3653 4030 3724 ἁμαρτίαν

2445 3756 2648 3818 αὐτῶν,
2679 3755 2834 3823 ἄφες
2869 3756 2917 3806 εἰ
2958 3754 3014 3805 δὲ
3055 3752 3150 3822 μὴ,
3182 3750 3460 3816 ἐξάλειψόν
3488 3765 3556 3818 με
3583 3749 3648 3800 ἐκ
3687 3746 3785 3814 τῆς
3835 3743 4029 3815 βίϐλου

2444 3847 2512 3923 ἦς
2539 3849 2803 3920 ἔγραψας.
2837 3848 2944 3900 Kal
2968 3842 3090 3899 εἶπε
3123 3844 3328 3915 Κύριος
3357 3842 3494 3912 πρὸς
3533 3839 3774 3907 Μωῦσῆν
3795 3855 3809 3868 ο
3840 3836 3909 3890 Et
3938 3852 4031 3896 τις

2447 3947 2697 4017 ἥμαρτεν
2733 3939 2964 3995 ἐνώπιόν
2986 3957 3109 4009 μου,
3141 3935 3407 4005 ἐξαλείψω
3435 3933 3598 3989 αὑτὸν
3626 3933 3690 3984 ἐκ
3708 3930 3807 4000 τῆς
3838 3928 4032 4000 βίϐλου

2451 4057 2574 4111 μου.
2601 4036 2739 4090 Νυνὶ
2757 4034 2814 4088 δὲ
2852 4032 3056 4104 βάδιζε,
3093 4029 3188 4084 κα)⁵
3209 4029 3476 4100 όδήγησον
3512 4024 3606 4078 τὸν
3651 4022 3779 4076 λαὸν
3833 4018 4035 4072 τοῦτον

2449 4133 2529 4195 είς
2553 4129 2645 4184 τὸν
2677 4128 2844 4181 τόπον
2880 4125 2941 4179 δν
2977 4122 3178 4194 εἴρηκά
3202 4137 3308 4186 σοι,
3343 4118 3438 4173 καὶ
3471 4117 3583 4171 ἰδοὺ
3607 4117 3636 4169 6
3661 4113 3890 4183 ἄγγελός
3919 4129 4032 4180 μου

2451 4221 2888 4293 προ-πορεύσεται
2925 4213 3235 4288 ἔμπροσθέν
3259 4230 3353 4266 σου
3373 4228 3389 4243 ·
3484 4211 3529 4263 δ’
3563 4209 3630 4262 ἂν
3662 4209 3846 4278 ἡμέρᾳ
3901 4206 4038 4256 ἐπι-

2454 4313 2799 4380 σκέπτωμαι,
2827 4306 3012 4370 ἐπάξω
3043 4304 3130 4358 ἐπ’
3147 4303 3345 4365 αὐτοὺς
3365 4301 3462 4371 τὴν
3489 4299 3762 4370 ἁμαρτίαν
3785 4295 3990 4349 αὐτῶν.
4011 4313 4032 4343 ο

2455 4404 2619 4455 Ὥστε
2648 4400 2836 4454 λοιπὸν
2865 4395 3284 4468 ἁναμφήριστόν
3312 4396 3463 4448 ἐστιν
3491 4393 3566 4455 ὡς
3593 4387 4040 4459 όγδοηκονθήμε-

2461 4511 2551 4564 ρον
2578 4493 2779 4562 ἐφεξῆς
2809 4491 3067 4551 ἀπόσιτος
3098 4489 3199 4557 έφυ
3228 4487 3657 4558 θεοφορούμενος
3681 4485 3710 4536 6
3741 4481 4038 4541 θεσπέσιος

2425 4575 2714 4659 ιΜωῦσῆς,
2744 4585 2871 4656 θείῳ
2897 4585 3039 4654 λόγῳ
3066 4579 3401 4653 τρεφόμενος
3432 4577 3575 4630 κατὰ
3631 4575 3732 4644 τὴν
3767 4572 3860 4625 τοῦ
3911 4572 4042 4624 Κυο

2457 4681 2573 4751 ρίου
2605 4679 2812 4750 φωνήν.
2852 4677 3043 4730 Ἥνίκα
3073 4675 3116 4728 δ’
3162 4673 3227 4728 ἂν
3258 4670 3638 4742 είσεπορεύετο
3688 4663 3926 4732 Μωῦσῆς
3974 4663 4044 4715 ἐν

2454 4777 2519 4845 τῇ
2581 4774 2752 4842 σκηνῇ
2821 4768 2919 4822 τοῦ·
2977 4766 3302 4838 μαρτυρίου,
3364 4763 3608 4833 εἱστήκει
3664 4761 3772 4820 πᾶς
3817 4759 3845 4810 ὁ
3893 4755 4043 4817 λαὸς

2459 4862 2835 4923 σκοπεύοντες.
2863 4859 2952 4920 Ὠς
2981 4859 3023 4910 δ’
3048 4857 3119 4910 ἂν
3139 4856 3356 4926 εἰσῆλθε
3374 4853 3614 4923 Μωῡσῆς
3651 4854 3707 4904 ἐν
3735 4852 3801 4920 τῇ
3833 4850 4046 4918 σκηνῇ,

2459 4951 2780 5006 κατέϐαινεν
2812 4950 2841 5002 6
2873 4948 3064 5011 στῦλος
3127 4947 3228 5016 τῆς
3321 4944 3570 5014 νεφέλης,
3655 4942 3750 4996 καὶ
3801 4942 3830 4994 6
3897 4939 4049 4999 Θεές

2459 5048 2550 5099 ἐπὶ
2613 5044 2714 5116 τὴν
2771 5043 3000 5114 σκηνήν.
3068 5040 3126 5094 '0
3187 5040 3243 5092 δέ
3291 5039 3416 5100 λαὸς
3470 5038 3614 5103 ἐώρα
3666 5036 3757 5089 τὸν
3839 5031 4050 5086 στῦλον

2458 5139 2560 5205 τῆς
2585 5136 2842 5204 νεφέλης,
2868 5133 2964 5188 καὶ
2998 5131 3367 5202 προσεκύνουν
3395 5131 3629 5190 ἕκαστος
3665 5130 3728 5178 ἐκ
3758 5126 3854 5194 τῆς
3898 5143 4046 5193 σκη-

2460 5229 2555 5295 νῆς
2583 5225 2772 5279 αὑτοῦ.
2802 5225 2910 5276 Kal
2941 5221 3113 5284 οὕτως
3141 5219 3317 5272 ἐλάλει
3348 5217 3554 5288 Κύριος
3591 5217 3728 5287 μετᾶ
3753 5214 4048 5276 Μωῦσέως

2461 5318 2691 5373 ἐνώπιον
2723 5315 2816 5369 τοῦ
2843 5313 2996 5368 λαοῦ.
3029 5312 3138 5366 Kal
3166 5311 3256 5365 τὸν
3279 5311 3379 5382 μέν
3408 5310 3536 5362 λαὸν
3590 5311 3654 5362 ἐκ
3704 5307 3804 5376 τῆς
3860 5305 4052 5376 ὀργῆς

2461 5411 2670 5482 Κυρίου
2692 5408 2964 5480 διαφόρως
3014 5407 3490 5474 ἐπαγωνιζόμενος
3519 5399 3821 5467 ἐξελέσθαι,
3849 5397 4056 5451 10605-

2459 5522 2551 5556 τον
2583 5502 2818 5572 ὴλόγησε
2869 5499 2968 5568 τῆς
2999 5497 3204 5560 οί-κείας
3255 5496 3526 5565 σωτηρίας
3579 5495 3652 5556 ὡς
3701 5491 3796 5545 καὶ
3862 5492 3925 5542 ἐν
3972 5496 4052 5562 τῇ

2458 5593 2684 5666 θραύσει
2707 5592 2800 5646 τοῦ
2824 5589 2960 5645 Θεοῦ
2991 5590 3133 5644 κατὰ
3158 5588 3250 5642 τὸν
3276 5587 3436 5640 Δαϐὶδ
3461 5586 3570 5658 (52)
3609 5586 3821 5655 στῆναι.
3864 5584 3929 5638 Οἱ
3987 5586 4057 5636 δὲ

1879 5782 2233 5838 XYLANDRI
2287 5780 2376 5834 ET
2403 5779 2615 5836 coam
2665 5780 2897 5855 nom.

869 5869 982 5943 (52)
1023 5869 1201 5928 Locus
1237 5873 1521 5944 perspicue
1556 5875 1797 5933 mutilus.
1835 5875 2088 5930 llaiidica
2128 5873 2362 5929 historia

2469 5888 2569 5928 suo
2602 5872 2722 5927 loco
2769 5870 3039 5936 sequitur.
3083 5869 3187 5924 Sed
3210 5868 3397 5924 nescio
3431 5865 3561 5923 ouid
3604 5864 3772 5934 Moysr
3814 5877 3942 5918 eum
3975 5877 4052 5917 ea
