4184 6436
247 361 334 428 121
1290 366 1833 430 HISTORIARUM
1873 370 2406 433 COMPENDIUM.

134 530 137 531 ν
241 480 519 549 ἀχάριστοι
559 475 712 541 ὅντες
748 472 951 546 μᾶλλον
986 476 1443 543 κατεξανίσταντο
1465 481 1558 534 τοῦ
1593 485 1804 554 προφή-

1924 485 2028 538 vivi
2060 494 2216 540 terra:
2249 487 2398 540 ltialu
2431 495 2558 541 sunt
2584 485 2850 556 absorpti,
2880 489 3017 545 alios
3048 488 3268 545 cmlitus
3292 491 3506 543 innuis-

241 588 350 626 του,
391 567 1115 638 Ὀσοιδὲκατεξανέστησαν
1151 569 1345 635 αὐτοῦ,
1404 573 1454 624 οἱ
1505 573 1603 641 μὲν
1684 590 1815 626 κατ-

243 660 563 730 επτώθησαν
616 661 695 722 εἰς
743 661 848 728 γῆν
883 661 1106 724 ζῶντες,
1147 663 1195 713 οἱ
1217 663 1270 714 δὲ
1306 663 1450 715 θείου
1499 664 1670 735 πυρὸς
1725 682 1819 731 γε-

3402 373 3505 440 129.

1926 591 2023 632 sus
2077 579 2420 647 consumpsit
2488 580 2646 648 ignis.
2722 577 3000 649 Scriptum
3072 590 3156 636 est
3189 583 3336 637 enim
3379 580 3454 634 ita
3487 595 3506 634 :

1933 685 1952 716 ι
1995 665 2192 720 Μοιιιιι
2229 675 2360 721 sunt
2403 669 2455 721 in
2489 669 2642 723 clade
2677 669 2859 738 populi
2904 669 3075 723 millia
3119 671 3180 724 ιι
3208 686 3271 726 ac
3299 673 3497 742 septin-

240 754 420 820 γόνασι
455 751 851 823 παρανάλωμα.
870 752 1006 822 Φησὶ
1028 753 1136 822 γάρ
1192 773 1210 806 ι
1241 755 1348 807 Καὶ
1377 755 1626 822 ἐγένοντο
1653 758 1704 810 οἱ
1729 774 1811 810 τε·

1926 767 2096 828 gentt,
2114 757 2200 813 liis
2216 756 2454 826 demptis
2478 759 2568 830 qui
2609 767 2822 829 propter
2869 758 3067 814 Coram
3091 761 3370 829 perierunt
3390 759 3455 813 “.
3479 779 3498 811 ο

240 845 492 912 θιηκότες
522 847 580 896 ἐν
612 847 680 915 τῇ
715 845 942 916 θραύσει
973 846 1210 916 χιλιάδες
1259 848 1662 921 δεγατέσσαρε,
1723 855 1816 904 καὶ
1856 852 2193 918 ἑπτακόσιοι,
2221 852 2390 924 χωρὶς
2423 854 2531 906 τῶν
2586 853 2929 925 τεθνηκότων
2973 853 3158 907 ἕνεκεν
3205 853 3372 924 Κορέ.
3406 871 3426 905 ι

306 937 413 988 Καὶ
441 937 583 1004 μετᾶ
608 936 784 990 ταῦτα
805 939 906 990 οὐκ
933 933 1000 1008 ἧν
1042 938 1186 1010 ὕδωρ
1234 943 1299 1012 τῇ
1356 946 1673 1013 συναγωγῇ,
1721 944 1817 996 καὶ

239 1027 492 1096 ἐλοιδόρει
520 1030 548 1080 ὁ
575 1027 702 1092 λαὸς
733 1028 811 1099 τῷ
833 1031 1040 1100 Μωῦδῇ
1071 1033 1163 1084 ναὶ
1203 1033 1436 1103 Ἀαρων.
1500 1036 1610 1088 Καὶ
1643 1053 1813 1088 κατα-

236 1120 549 1187 ϐοήσαντες,
573 1117 690 1173 εἶπε
744 1121 947 1190 Κύριος
987 1123 1122 1192 πρὸς
1159 1126 1400 1197 Μωῦσῆν
1434 1140 1448 1155 ⁸
1481 1146 1502 1179 ι
1530 1128 1678 1181 Λάϐε
1718 1129 1814 1199 τὴν

239 1211 426 1280 ῥάϐδον
457 1212 665 1283 ταύτην
691 1254 705 1277 ,
741 1214 834 1264 καὶ
863 1214 1228 1282 εκκλησιασαι
1259 1219 1359 1286 τὴν
1399 1220 1724 1288 συναγωγὴν
1749 1239 1812 1274 συ

233 1302 322 1355 καὶ
363 1303 577 1372 Ἀαρὼν
602 1306 631 1357 ὁ
662 1304 892 1372 ἀδελφός
916 1322 1032 1370 σου,
1066 1307 1160 1360 καὶ
1218 1308 1487 1378 λαλήσατε
1536 1311 1671 1381 πρὸς
1713 1312 1812 1384 τὴν

236 1397 434 1461 πέτραν
468 1395 714 1448 ἐναντίον
741 1398 943 1460 αὐτῶν,
971 1416 1065 1451 και
1090 1401 1254 1453 δώσει
1281 1402 1348 1454 τὰ
1375 1403 1538 1456 ὕδατα
1567 1405 1758 1474 αὐτῆς.
1787 1424 1806 1456 ι

233 1483 334 1534 Καὶ
365 1483 526 1537 ἔλαϐε
574 1488 815 1557 Μωῦσῆς
855 1490 954 1560 τὴν
995 1490 1260 1545 ἀπέναντι
1318 1495 1523 1566 Κυρίου
1595 1497 1809 1559 ὁάϐδον,

234 1577 321 1628 καὶ
349 1575 711 1646 ὲξεκλησίασε
744 1580 844 1649 τὴν
873 1582 1196 1654 συναγωγὴν
1245 1585 1508 1638 ἀπέναντι
1558 1587 1658 1656 τῆς
1711 1587 1810 1640 πέ-

232 1685 380 1738 τρας.
444 1672 556 1724 Καὶ
592 1667 715 1723 εἷπε
767 1674 973 1742 Κύριος
1018 1677 1160 1744 πρὸς
1224 1677 1442 1740 αὐτούς·
1517 1680 1812 1734 Ἀκούσατέ

237 1778 332 1828 μου
373 1764 423 1812 οἱ
468 1763 746 1827 ἁπειθείς’
777 1764 850 1834 μὴ
871 1765 935 1817 ἐκ
963 1769 1058 1836 τῆς
1090 1767 1298 1837 πέτρας
1329 1769 1533 1838 ταύτης
1554 1771 1814 1842 ἐξάξομαι

237 1855 356 1922 ὑμῖν
387 1855 572 1925 ῦδωρς
632 1859 738 1910 Καὶ
778 1859 994 1931 επάρας
1049 1860 1296 1929 Μωῦσῆς
1321 1861 1422 1930 τὴν
1450 1866 1610 1933 χεῖρα
1646 1864 1812 1920 αὐτοῦ

234 1949 317 2000 καὶ
344 1947 591 2013 πατάξας
609 1949 706 2020 τὴν
730 1967 933 2020 πετραν
958 1950 1038 2014 δὶς
1063 1954 1130 2022 τῇ
1163 1952 1366 2024 ῥάϐδῳ,
1395 1953 1620 2023 ἐξῆλθεν
1671 1955 1814 2026 ὕδωρ

236 2038 385 2102 πολὺ,
424 2039 518 2090 καὶ
549 2039 704 2091 ἔπιεν
737 2041 770 2110 ἡ
807 2041 1102 2110 συναγωγὴ
1131 2042 1227 2095 καὶ
1275 2042 1346 2095 τὰ
1396 2045 1568 2114 κτήνη
1610 2045 1789 2098 αὐτῶν

232 2131 335 2184 Καὶ
372 2129 498 2185 εἷπε
529 2132 736 2202 Κύριος
791 2133 927 2203 πρὸς
978 2135 1218 2204 Μωῡσῆν
1249 2138 1340 2188 καὶ
1369 2137 1580 2206 Ἀαρὼν
1609 2157 1623 2171 ·
1672 2139 1810 2192 Ἀνθ’

231 2219 299 2277 ὧν
325 2227 428 2278 οὐκ
458 2225 819 2279 ἐπιστεύσατε
859 2226 1088 2293 ἁγιάσαι
1118 2244 1185 2295 με
1226 2228 1474 2280 ἐναντίον
1522 2229 1616 2281 τοῦ
1655 2229 1810 2296 λαοῦ,

231 2316 310 2369 διὰ
336 2318 494 2370 τοῦτο
522 2318 623 2371 οὐκ
659 2317 904 2381 εἰσάξετε
943 2318 1101 2384 ὑμεῖς
1135 2318 1233 2388 τὴν
1259 2322 1584 2393 συναγωγὴν
1609 2324 1811 2394 ταύτην

231 2414 303 2472 εἰς
333 2412 432 2482 τὴν
449 2411 556 2479 γῆν
572 2411 639 2476 ἦν
659 2412 837 2465 ἔδωκα
866 2413 1072 2475 αὐτοῖς.
1090 2411 1188 2465 ¹Διὸ
1214 2415 1569 2484 προστεθήτω
1602 2415 1810 2486 Ἀαρὼν

233 2506 358 2576 πρὸς
387 2507 481 2560 τὸν
514 2506 647 2560 λαὸν
680 2508 870 2572 αὐτοῦ,
906 2510 1000 2562 καὶ
1032 2509 1374 2575 άποθανὲτω,
1400 2509 1534 2562 διότι
1555 2511 1814 2581 παρωξύ-

230 2600 346 2655 νιτὲ
370 2611 438 2669 με
457 2602 552 2653 ἐπὶ
572 2601 660 2654 τοῦ
683 2599 870 2664 ὓδατος
888 2602 990 2668 τῆς
1007 2602 1336 2669 ἀντιλογίας.
1353 2621 1370 2651 ι
1397 2603 1504 2654 Καὶ
1521 2602 1812 2657 ἀνεϐίϐασε

231 2693 355 2746 Μωῦ
366 2696 465 2761 τῆς
484 2695 577 2746 τὸν
609 2692 822 2764 Ἀαρὼν
841 2696 922 2758 είς
945 2695 1003 2747 τὸ
1020 2695 1168 2765 ὅρος,
1195 2698 1288 2747 καὶ
1303 2677 1552 2760 ἐξέδυσε-ν
1569 2696 1731 2749 αὑτὸν
1743 2697 1811 2750 τά

235 2787 473 2853 ἱερατικά
507 2787 722 2855 ἱμάτια,
745 2788 838 2840 καὶ
866 2788 1116 2840 ἐνέδυσεν
1133 2788 1275 2841 αὐτὰ
1309 2787 1578 2859 Ἐλεάζαρ
1592 2789 1680 2842 τὸν
1698 2789 1810 2842 υἱὸν

232 2878 408 2930 αὑτοῦ.
441 2878 558 2932 Καὶ
613 2879 884 2932 ἀπέθανεν
923 2877 1134 2950 Ἀαρὼν
1179 2881 1238 2932 ὲν
1283 2879 1355 2947 τῷ
1388 2879 1810 2950 τεσσαρακοστῷ

1997 947 2312 1002 Secundum
2371 945 2488 999 haec
2537 947 2796 1014 pepulum
2845 961 2989 1016 aqua
3049 946 3287 1011 defecit;
3351 947 3507 1016 isque

1926 1039 2059 1095 Mosi
2093 1049 2146 1094 ct
2180 1039 2380 1096 Aaroni
2422 1040 2668 1093 convrcia
2695 1039 2842 1094 fecit.
2875 1039 2954 1095 lbi
2987 1041 3134 1095 Deus
3162 1039 3297 1095 Mosi
3336 1039 3504 1108 jussnt

1925 1141 1984 1184 ut
2009 1138 2224 1198 sumpta
2267 1131 2416 1198 virga
2455 1130 2642 1200 populi
2675 1140 2877 1185 cretum
2905 1132 3222 1196 advocaret,
3253 1131 3505 1186 adhibito

1922 1225 2025 1278 Slbl
2056 1220 2293 1286 Aarone,
2330 1232 2498 1292 utque
2532 1223 2598 1276 ad
2641 1223 2949 1292 appositum
2979 1237 3175 1278 saxum
3212 1223 3379 1277 verba
3419 1222 3503 1276 fa-

1921 1322 2112 1369 cerent
2144 1331 2156 1366 :
2194 1313 2243 1366 id
2273 1329 2465 1383 aquam
2491 1315 2849 1369 emissurum.
2878 1313 3054 1368 Moses
3087 1314 3279 1367 baculo
3317 1328 3347 1366 a
3394 1312 3501 1366 Do-

1922 1405 2068 1458 mino
2108 1415 2326 1473 sumpto
2359 1422 2389 1458 e
2424 1407 2647 1475 regione
2683 1407 2800 1459 saxi
2835 1407 3094 1475 pOpulum
3131 1404 3240 1474 92
3274 1406 3326 1456 in
3363 1418 3500 1458 cou-

1920 1499 2132 1553 cionem
2187 1498 2496 1552 advocavit.
2551 1498 2687 1552 Tum
2729 1498 2872 1553 Deus
2909 1514 3005 1553 eos
3035 1500 3104 1550 ita
3128 1506 3214 1552 est
3256 1495 3453 1550 aﬂ‘atus
3486 1513 3499 1548 :

1925 1609 1941 1641 ι
1982 1591 2177 1644 Audite
2204 1605 2307 1648 me.
2335 1604 2367 1643 o
2392 1589 2658 1643 increduli
2696 1606 2708 1643 :
2742 1603 2923 1641 nonne
2958 1603 3025 1642 cx
3050 1590 3152 1641 hoc
3180 1602 3315 1643 saxo
3345 1586 3507 1640 vobis

1919 1699 2115 1750 aquam
2173 1681 2496 1737 elicucmus?
2548 1700 2566 1732 ›
2628 1680 2802 1733 Simul
2855 1678 3035 1733 Moses
3073 1679 3288 1732 sublata
3333 1692 3496 1730 manu

1918 1791 2112 1831 saxum
2157 1776 2350 1829 baculo
2384 1775 2467 1830 bis
2499 1774 2794 1844 percussit,
2831 1783 2885 1826 et
2918 1772 3142 1841 copiosa
3192 1768 3504 1838 inde‘aqua

1917 1866 2209 1931 emanavit,
2261 1866 2506 1934 bibitque
2547 1863 2782 1933 populus
2820 1871 2874 1914 et
2907 1862 3180 1931 jumenta.
3229 1861 3369 1914 Deus
3400 1875 3501 1910 au-

1919 1969 2022 2014 tem
2047 1959 2253 2013 Mosem
2281 1965 2335 2012 et
2358 1958 2624 2010 Aaronem
2650 1956 2731 2010 sic
2750 1954 3132 2023 compellavit:
3159 1972 3175 2004 ι
3203 1952 3499 2021 Propterea

1916 2053 2058 2120 quod
2089 2067 2196 2105 non
2233 2049 2550 2104 credidistis
2585 2048 2717 2102 milii
2748 2054 2980 2101 eatenus
3015 2053 3072 2098 ut
3105 2059 3278 2098 meam
3309 2059 3497 2096 coram

1918 2147 2117 2216 p0pnlo
2169 2146 2514 2200 sanctitatem
2547 2141 2940 2201 defenderetis,
2987 2139 3111 2194 ideo
3163 2154 3261 2193 vos
3293 2152 3498 2193 cmzum

1917 2240 2064 2294 hunc
2098 2253 2207 2292 non
2249 2237 2525 2291 inducetis
2569 2235 2624 2288 in
2657 2243 2862 2288 terram
2899 2233 3034 2302 ipsis
3069 2247 3097 2285 a
3137 2247 3224 2286 me
3254 2232 3499 2284 destina-

1915 2336 2046 2384 tam.
2093 2327 2328 2382 Proinde
2360 2326 2540 2380 Aaron
2576 2324 2802 2378 accedat
2832 2321 3038 2392 p0pulo
3078 2336 3179 2377 suo
3211 2332 3265 2376 et
3294 2321 3498 2374 tllOlia-

1916 2429 2027 2484 tur,
2061 2418 2190 2488 quia
2223 2433 2310 2472 me
2355 2416 2616 2470 irritastis
2651 2412 2794 2483 apud
2828 2426 3026 2480 aquam
3064 2410 3217 2463 rixae.
3257 2427 3275 2460 ι
3313 2406 3498 2476 Itaque

1916 2511 2095 2566 Moses
2123 2509 2393 2562 Aaronem
2431 2509 2486 2560 in
2519 2513 2759 2561 montem
2789 2503 3043 2563 adduxit,
3075 2515 3311 2569 eumque
3337 2498 3497 2552 vesti-

1914 2603 2020 2657 bus
2049 2599 2486 2657 sacerdotalibus
2516 2598 2691 2659 exuit,
2726 2597 2936 2664 hasque
2964 2594 3075 2647 lilio
3121 2593 3294 2662 ipsius
3335 2588 3494 2643 Elea-

1914 2711 2043 2751 zaro
2077 2695 2274 2747 induit.
2311 2693 2390 2747 Ita
2431 2692 2613 2744 Aaron
2655 2688 2762 2741 vita
2797 2686 3034 2741 decessit
3073 2699 3218 2736 anno
3250 2682 3322 2736 ab
3346 2681 3494 2734 exitu

1913 2788 2096 2858 populi
2146 2782 2588 2854 quadragesimo,
2637 2791 2812 2832 annos
2859 2784 3024 2829 natus
3079 2773 3216 2838 I25;
3259 2784 3496 2837 eumque

1911 2879 2148 2949 populus
2176 2877 2295 2930 dies
2320 2875 2390 2929 50
2418 2875 2578 2927 luxit.
2615 2870 2821 2926 Deinde
2849 2868 3050 2922 Mosam
3077 2865 3221 2920 Deus
3255 2864 3310 2916 iu
3337 2877 3492 2914 mon-

231 2969 330 3020 ἔτει
362 2970 464 3038 τῆς
484 2969 668 3034 ἐξόδου
708 2969 815 3022 τῶν
848 2969 979 3022 υἱῶν
1041 2970 1280 3039 Ἰσραὴλ,
1319 2966 1493 3040 ζήσας
1527 2970 1622 3040 ἔτη
1665 2977 1806 3041 ρκγ¹.

1919 2980 2023 3024 tem
2056 2967 2246 3022 Nabau
2274 2963 2569 3021 ascendere
2595 2961 2783 3032 jussit.
2819 2959 3055 3028 indeque
3082 2966 3281 3011 terram
3316 2953 3493 3006 Israe-

231 3061 332 3114 Καὶ
365 3062 636 3114 ἔκλαυσεν
678 3061 842 3115 αὑτὸν
867 3063 896 3114 ὁ
927 3062 1054 3125 λαὸς
1113 3060 1199 3134 [Ρ.
1252 3062 1346 3134 521
1397 3062 1609 3134 ἡμέρας
1648 3062 1808 3133 τριά-

233 3170 407 3208 κοντα.
440 3154 556 3208 Καὶ
584 3153 726 3224 μετὰ
745 3153 917 3208 ταῦτα
954 3149 1078 3207 εἷπε
1113 3153 1318 3225 Κύριος
1349 3155 1486 3226 πρὸς
1537 3155 1802 3225 Μωῦσῆν·

236 3265 256 3298 ι
293 3245 559 3314 Ἀνάϐηθι
583 3246 663 3308 εἰς
695 3245 756 3299 τὸ
785 3245 908 3318 ὅρος
940 3245 1156 3312 Ναϐἄν,
1201 3249 1297 3298 καὶ
1334 3245 1410 3299 ῐδε
1443 3241 1543 3314 τὴν
1585 3244 1690 3315 γῆν
1743 3247 1808 3315 ἢν

229 3334 416 3405 δίδωμι
438 3337 560 3399 τοῖς
583 3337 719 3397 υἱοῖς
757 3335 997 3406 Ἰσραὴλ,
1033 3335 1126 3390 καὶ
1158 3335 1386 3389 τελεύτα
1432 3337 1552 3389 ἐκεῖ
1601 3336 1660 3389 ὃν
1686 3337 1811 3407 τρό-

233 3445 325 3483 πον
359 3429 642 3482 ἀπέθανεν
689 3428 905 3498 Ἀαρὼν
934 3431 963 3482 ὁ
994 3428 1225 3497 ἁδελφός
1257 3445 1377 3493 σου,
1425 3428 1560 3481 διότι
1584 3429 1811 3499 ἠπειθή-

234 3535 352 3571 σατε
382 3520 462 3590 τῷ
487 3519 700 3590 ῥήματί
729 3536 832 3589 μου
857 3520 950 3572 ἐπὶ
980 3519 1075 3572 τοῦ
1105 3519 1300 3582 ὓδατος
1352 3520 1452 3591 τῆς
1502 3519 1808 3588 ἀντιλογίας

233 3610 458 3682 Κάδόης.
494 3630 515 3663 ι
552 3611 659 3665 Τοῦ
692 3611 750 3665 δὲ
773 3610 1053 3674 Μωῦσέως
1076 3611 1246 3665 πολλὰ
1277 3612 1379 3665 καὶ
1402 3611 1663 3675 πολλάκις
1687 3612 1810 3682 δεη-

234 3702 408 3766 θέντος
435 3703 538 3756 τοῦ
555 3703 691 3756 Θεοῦ
719 3703 849 3772 περὶ
876 3705 1091 3764 τούτου,
1127 3704 1222 3756 καὶ
1244 3703 1517 3770 λέγοντοςο
1556 3722 1575 3754 ι
1609 3703 1810 3768 Διαϐάς

234 3788 337 3855 οὖν,
367 3787 412 3846 ὦ
442 3793 642 3864 Κύριε,
664 3793 756 3855 τὸν
786 3793 1058 3864 Ἰορδάνην
1090 3793 1315 3864 ὄψομαι,
1361 3794 1459 3864 τὴν
1479 3793 1688 3865 ἀγαθὴν
1709 3795 1812 3864 γῆν

235 3886 468 3958 tuM-1;
503 3907 525 3939 ι
555 3883 676 3944 εἷπε
705 3887 906 3958 Κύριος
924 3888 1060 3955 πρὸς
1089 3888 1270 3941 αὐτόν·
1303 3906 1322 3940 ι
1357 3887 1682 3941 Ἰκανούσθω
1705 3905 1809 3941 σοι.

238 3980 368 4051 Ὅρα
387 3980 463 4050 μὴ
496 3978 805 4052 προσέλθῃς
835 3995 923 4049 μοι
947 3979 1036 4035 ἔτι
1059 3980 1188 4049 περὶ
1215 3978 1405 4039 τούτου
1426 3979 1681 4045 λαλῆσαι,
1698 3978 1812 4032 ἀλλ’

239 4071 351 4125 ἰδὼν
383 4072 488 4132 τὴν
524 4069 739 4140 ἀγαθὴν
761 4070 864 4139 γῆν
883 4072 997 4132 τοῖς
1023 4069 1323 4138 ὀφθαλμοῖς
1366 4087 1460 4123 σου
1500 4069 1749 4122 τελεύτα.
1785 4087 1805 4121 ι

238 4162 338 4214 Καὶ
361 4161 591 4230 γράψας
621 4162 684 4213 ἐκ
715 4159 1140 4229 προστάγματος
1175 4159 1382 4229 Κυρίου
1435 4159 1532 4230 τὴν
1568 4159 1812 4230 μεγάλην

236 4254 390 4325 (fiam,
420 4255 521 4308 καὶ
551 4251 766 4314 ἐπιθεὶς
789 4251 885 4314 τὰς
915 4253 1106 4321 χεῖρας
1134 4251 1231 4305 ἐπὶ,
1256 4249 1471 4320 Ἰησοῦν
1512 4249 1608 4304 τοῦ
1653 4250 1809 4320 Ναυῆ

1913 3062 2019 3117 lico
2059 3059 2261 3130 populo
2307 3053 2695 3126 possidendam
2727 3051 3073 3122 prospicere,
3109 3047 3297 3112 ibique
3328 3043 3492 3106 mori,

1909 3151 2185 3224 quomodo
2207 3159 2263 3204 et
2298 3149 2465 3202 frater
2495 3146 2616 3215 ejus
2648 3145 2832 3198 Aaron
2862 3140 3113 3203 obiisset,
3151 3137 3381 3198 idcirco,
3408 3133 3492 3187 dt-

1909 3247 2088 3310 cebat,
2121 3243 2250 3314 quia
2313 3241 2479 3295 verbo
2548 3251 2671 3291 meo
2721 3233 2879 3290 difﬁsi
2918 3233 3051 3288 estis
3097 3228 3240 3299 apud
3296 3224 3493 3286 Cadcs.

1911 3339 1977 3394 ad
2033 3349 2231 3406 aquam
2272 3333 2422 3387 rixae.
2466 3328 2602 3386 Cum
2659 3337 2840 3381 autem
2892 3323 3069 3376 Moses
3120 3325 3499 3388 saepenumero

1912 3429 2099 3484 multis
2132 3424 2388 3495 precibus
2423 3438 2452 3476 a
2483 3420 2714 3474 Domino
2749 3415 3052 3486 ﬂagitasset
3100 3412 3181 3466 uti
3221 3409 3324 3463 sibi
3364 3406 3492 3461 Jor-

1911 3519 2105 3574 danem
2140 3515 2524 3570 transmittere
2581 3515 3047 3579 prazstantemque
3093 3503 3243 3556 illam
3288 3509 3493 3554 terram

1911 3607 2156 3665 contueri
2211 3606 2401 3659 liceret
2431 3621 2444 3669 ;
2480 3601 2626 3657 Deus
2659 3614 2782 3656 eum
2810 3602 3128 3652 contentum
3157 3607 3279 3648 esse
3302 3589 3495 3660 jussit,

1914 3716 2089 3772 neque
2127 3715 2188 3756 se
2215 3698 2446 3770 posthac
2475 3693 2640 3763 hujus
2676 3693 2754 3748 rei
2779 3703 2951 3744 causa
2986 3684 3360 3755 interpellare,
3398 3679 3495 3735 sed

1911 3797 2126 3852 eminus
2182 3797 2476 3859 conspecta
2530 3787 2636 3840 ista
2691 3783 2916 3850 regione
2981 3777 3091 3830 vita
3147 3788 3272 3829 cum
3320 3778 3500 3825 morte

1912 3894 2272 3942 commutare.
2299 3882 2441 3952 Ergo
2471 3876 2648 3932 Moses
2674 3874 2768 3928 Dei
2792 3870 3048 3926 mandato
3072 3879 3328 3936 magnum
3362 3859 3498 3916 illud

1914 3991 2135 4032 carmen
2163 3970 2517 4040 conscripsit,
2555 3965 2919 4034 manibusque
2959 3958 3143 4016 Josuae
3182 3955 3332 4010 Nave
3382 3953 3496 4007 (ilio

1913 4069 2185 4139 impositis
2215 4068 2309 4136 (eo
2336 4065 2442 4119 ritu
2481 4060 2590 4131 93
2621 4059 2768 4113 hunc
2797 4054 2900 4111 sibi
2933 4064 3312 4108 successorem
3350 4044 3499 4100 desi-

1914 4136 2136 4232 gnabat)
2181 4155 2255 4210 ibi
2304 4151 2606 4210 secundum
2665 4145 2881 4200 Domini
2931 4142 3095 4197 verba
3150 4139 3310 4232 liuet“
3375 4136 3496 4232 vitae

1918 4225 2068 4312 fecit,
2117 4225 2282 4316 quam
2322 4257 2418 4313 per
2469 4253 2647 4294 annos
2692 4235 2797 4290 120
2847 4235 3201 4287 toleraverat.
3248 4225 3496 4295 Populus

238 4316 405 4408 εἰς
442 4342 794 4409 διαδέξασθαι
819 4316 1019 4406 αὺτξδν,⁷
1037 4316 1391 4412 ἐτελεύτησεν
1434 4343 1553 4395 ἐκεῖ
1577 4342 1665 4396 διὰ
1709 4316 1811 4413 pq;

1916 4358 2040 4400 eum
2067 4337 2318 4410 sepelivit
2340 4349 2404 4388 ac
2431 4333 2502 4388 40
2532 4333 2650 4388 dies
2675 4329 2834 4387 luxit.
2863 4324 3078 4381 Nemini
3108 4330 3290 4376 autem
3318 4316 3497 4387 sepul-

241 4453 398 4504 ματος
413 4436 650 4506 Κυρίου,
684 4434 858 4502 ζήσας
902 4433 994 4503 ἔτη
1050 4432 1152 4503 ρκ’.
1201 4433 1311 4487 Καὶ
1367 4433 1543 4504 θάψας
1602 4434 1814 4487 αὐτὸνό

1915 4450 2068 4492 crum
2105 4434 2226 4501 ejus
2254 4429 2355 4483 fuit
2383 4425 2692 4496 cognitum.
2719 4419 2909 4488 Neque
2934 4417 2989 4474 in
3017 4430 3082 4470 eo
3109 4413 3309 4484 populo
3340 4416 3495 4462 vates

237 4527 352 4591 λαὸς
383 4530 482 4582 καὶ
509 4505 761 4589 κλαύσας
793 4526 1009 4596 ἡμέρας
1072 4532 1148 4594 μ’,
1185 4526 1360 4590 οὐδεὶς
1406 4522 1515 4579 εἶδε
1566 4526 1668 4596 τὴν
1710 4543 1811 4578 τα-

1916 4527 2051 4582 Mosi
2102 4539 2200 4594 par
2238 4521 2499 4588 deinceps
2538 4514 2768 4570 exstitit.
2812 4510 2931 4566 Jam
2985 4505 3114 4562 inde
3149 4507 3218 4560 ab
3253 4518 3318 4559 eo
3362 4511 3500 4556 tem-

240 4621 336 4689 φὴν
359 4620 551 4674 αὐτοῦ.
578 4619 692 4672 Καὶ
719 4595 821 4672 οὐκ
851 4619 1048 4689 ἀνέστη
1077 4618 1156 4670 ἔτι
1185 4619 1472 4689 προφήτης
1503 4619 1561 4672 ὲν
1595 4595 1811 4690 Ἰσραὴλ

1916 4633 2045 4688 pore
2087 4617 2141 4667 in
2188 4615 2332 4666 hunc
2384 4621 2560 4677 usque
2607 4605 2752 4660 diem
2793 4601 3026 4656 illustris
3077 4598 3252 4652 nubes
3315 4595 3493 4648 locum

239 4684 307 4774 έδέ
327 4711 594 4780 Μωῡσῆς.
632 4710 862 4766 Ἔκτοτε
891 4707 985 4762 οῦν
1023 4684 1119 4761 καὶ
1151 4684 1318 4779 μέέίρι-
1465 4709 1562 4763 νῦν
1584 4684 1810 4778 φωτοει-

1916 4684 2078 4760 istum
2105 4701 2421 4761 obumbrat,
2449 4697 2906 4761 cernentlumque
2941 4691 3078 4742 νίευι
3117 4686 3308 4749 oﬂicit,
3339 4698 3409 4738 ne
3439 4684 3494 4736 in

238 4803 321 4871 δὴς
348 4777 553 4873 νεφέλη
581 4801 892 4864 ἐπισκιάςει
911 4801 1001 4852 τὸν
1022 4801 1187 4853 τόπον
1213 4777 1443 4868 ἐκεῖνον,
1478 4802 1804 4874 ἀμαυροῦσα

1916 4797 2303 4868 sempiternum
2326 4803 2500 4860 usque
2513 4785 2756 4854 conspici
2777 4783 3088 4852 sepulcrum
3114 4777 3279 4832 MoSIs
3307 4782 3492 4845 queat.

240 4898 325 4950 καὶ
349 4894 783 4965 άτωτειχίζουσα
799 4896 895 4958 τὰς
927 4896 1080 4962 δοῷεις
1098 4895 1210 4947 τῶν
1240 4897 1513 4970 ὁρώντων,
1543 4900 1631 4952 ἵνα
1657 4899 1731 4970 μὴ
1757 4895 2078 4967 γινώσκοιεν
2107 4891 2272 4946 αὑτοῦ
2295 4891 2386 4942 τὸν
2412 4884 2583 4953 τάφον
2613 4882 2692 4944 εἰς
2721 4879 2814 4933 τὸν
2837 4878 3028 4932 αἰῶνα.

300 4993 452 5046 Μετὰ
479 4994 539 5047 δὲ
572 4994 815 5048 Μωῦσέα
843 4993 1114 5060 διεδέξατο
1163 4993 1262 5064 τὴν
1281 5069 1288 5074 _
1314 4989 1518 5074 tipth
1553 4969 1760 5057 Ἰησοῦς
1789 4990 1811 5042 ἀ

2003 4984 2140 5040 Mosi
2171 4983 2337 5039 Josua
2366 4981 2657 5046 successit,
2713 4978 2884 5034 Nauae
2932 4977 3096 5031 ﬁlius.
3143 4972 3216 5038 Is,
3267 4969 3497 5039 trajectu

239 5083 324 5137 τοῦ
343 5085 524 5157 Ναυῆ.
554 5089 652 5139 καὶ
671 5087 916 5155 περάσας
940 5088 1036 5141 τὸν
1062 5062 1368 5156 Ἰορδάνην,
1384 5062 1477 5138 καὶ
1500 5062 1629 5154 ἷιτοιή
1639 5099 1737 5144 σας
1758 5083 1811 5133 ἐν

1923 5079 2181 5140 Iordane,
2213 5078 2268 5133 in
2295 5086 2443 5132 terra
2477 5076 2746 5148 promissa
2778 5087 2949 5127 annos
2984 5070 3053 5124 52
3090 5068 3226 5122 bella
3259 5062 3498 5157 gerendo

240 5176 301 5243 τῇ
337 5178 407 5245 γῇ
458 5155 566 5243 τῆς
601 5176 936 5243 ἐπαγγελίας
975 5178 1070 5247 ἔτη
1109 5177 1187 5246 λβ¹
1219 5176 1474 5246 πολεμῶν
1508 5175 1602 5227 καὶ
1649 5189 1811 5226 κατα-

1925 5183 2236 5240 terramque
2277 5185 2396 5224 eam
2435 5169 2688 5224 lsraelico
2721 5167 2918 5236 populo
2955 5159 3254 5217 dividendo.
3293 5155 3494 5226 exegit.

240 5265 577 5339 κληροδοτῶι
612 5269 783 5338 αὐτὴν
813 5272 925 5331 τοῖς
954 5271 1090 5333 υἱοῖς
1135 5268 1367 5339 Ἰσραὴλ,
1390 5267 1628 5321 ἀπέθανε
1646 5264 1811 5336 ζήσας

1927 5262 2175 5318 Decessit
2202 5277 2373 5316 annos
2413 5270 2579 5315 natus
2613 5258 2734 5313 HO.
2766 5257 2845 5312 Ac
2873 5255 3048 5310 Moses
3074 5251 3295 5324 quidem
3319 5247 3499 5304 Seone

308 5381 350 5413 “
375 5379 537 5434 Num.
579 5394 690 5434 va.
721 5380 811 5434 49.

423 5397 537 5436 utn.
579 5394 690 5446 va,
721 5382 811 5438 49.

1288 5471 1640 5527 XYLANDRI
1723 5475 1809 5529 ET
1887 5472 2095 5530 GOARI
2158 5471 2391 5527 NOTE.

247 5566 416 5629 fuerit.
445 5569 552 5622 nisi
587 5567 728 5623 forte
764 5568 935 5622 Parva
967 5568 1411 5637 Genesisaliquid
1429 5570 1610 5626 habet.
1629 5571 1810 5640 Θραῦ-
1918 5585 2040 5641 rum
2060 5579 2164 5622 -est
2190 5566 2444 5641 Numer-is
2490 5582 2577 5641 xvi
2621 5563 2696 5641 ad
2751 5563 2934 5641 linem.
2969 5558 3175 5641 Deinde
3213 5560 3396 5641 quod-
3411 5564 3498 5636 est

249 5653 344 5694 σιν,
405 5625 564 5706 ἠιιεη
643 5653 743 5691 vox
807 5648 1090 5705 rupturam
1157 5649 1252 5693 aut
1304 5625 1800 5695 Icomminutionem
1913 5639 1966 5691 in
1999 5647 2242 5692 montem
2291 5638 2498 5698 Naban,
2535 5635 2733 5706 legitur
2759 5635 2811 5706 in
2865 5625 3492 5706 QOEHPI_“‘°'!§i_N“§?G’

252 5715 420 5771 potius
457 5697 539 5762 ἐι
603 5697 986 5779 contritiouem
1036 5709 1330 5778 signiﬁcat,
1389 5711 1801 5779 perspicuitatis
1910 5707 2116 5768 Nubm.
2142 5707 2470 5779 Deutaxxxtl
2493 5714 2547 5760 et
2580 5697 2762 5779 ἔχων,
2791 5704 2848 5779 in
2871 5697 3140 5757 llebraico
3170 5697 3499 5754 Ncboneo

249 5789 401 5832 causa
424 5780 559 5837 verti
578 5779 812 5834 cladem.
847 5777 1022 5834 Locus
1051 5773 1115 5834 de
1153 5779 1306 5836 clade
1343 5773 1797 5837 1470.0'llebraao-
1911 5782 1962 5832 iu
1999 5781 2239 5848 margine
2266 5776 2459 5833 Ναϐαῦ
2495 5775 2774 5833 annotavi.
2807 5773 2939 5826 XrL.
