4184 6436
618 386 720 455 1‘23

1880 383 2205 445 GEORGII
2247 383 2586 445 CEDRENI

3794 372 3902 440 124

616 504 992 557 Αωοταξοιυιη
1023 508 1079 556 et
1115 499 1230 572 Ogo
1261 500 1493 556 Basanis
1523 500 1742 570 regibus
1766 499 2047 568 percussis
2086 513 2207 552 om-

2345 516 2408 568 τη
2444 503 2532 568 ρι’.
2555 496 2664 550 Καὶ
2689 497 2716 550 ὁ
2737 494 2837 566 μὲν
2863 494 2998 548 Μωυ
3009 509 3108 561 σης
3128 491 3484 558 πατάξαςτὸν
3501 490 3658 562 Σηὼν
3681 489 3903 563 βασιλέα

614 610 740 651 nem
769 608 960 650 eorum
1018 594 1281 650 ditionem
1323 593 1640 666 subegerat.
1684 590 1785 647 llic
1821 590 1970 662 Ogus
2014 589 2082 646 de
2116 588 2202 660 gi-

618 687 877 756 gantibus
942 684 1124 741 fuerat
1165 685 1420 748 relictus,
1479 685 1534 738 in
1599 681 1905 753 Rapbainis
1948 682 2205 737 habitans

616 779 920 843 Astarothi,
967 792 1138 848 genus
1167 791 1196 829 a
1229 776 1532 848 Rapltainis
1562 777 1803 842 ducens;
1833 775 1997 844 cujus
2031 774 2209 829 culci-

617 879 705 924 tra
735 870 838 925 fuit
875 870 1072 935 ferrea,
1103 885 1300 925 novem
1335 871 1496 936 longa
1529 869 1766 932 cubitos,
1799 873 2039 938 quatuor
2074 867 2207 921 lata.

617 960 786 1017 losua
807 976 957 1026 vero,
979 960 1328 1025 Chananaeis,
1349 960 1676 1025 Pherezaeis,
1701 957 2028 1029 Gergesmis,
2051 959 2213 1012 Chet-

621 1066 764 1120 taets,
789 1055 1068 1120 lebusmis,
1098 1055 1362 1111 Amoraeis
1397 1063 1453 1112 et
1499 1054 1677 1109 Emis
1719 1051 1971 1118 domitis,
2013 1066 2078 1106 ac
2110 1049 2212 1105 tri-

622 1149 774 1218 ginta
834 1149 1052 1204 duobus
1101 1163 1293 1203 eorum
1351 1149 1597 1218 regibus,
1651 1148 1967 1201 universam
2022 1159 2210 1200 eorum

621 1246 829 1293 terram
859 1240 1119 1295 lsraelieo
1155 1241 1359 1309 pepulo
1402 1240 1649 1294 tradidit.
1691 1237 1828 1293 Cum
1885 1245 2089 1302 autem,
2130 1236 2216 1289 in-

627 1335 746 1402 quit
775 1332 844 1396 ",
881 1331 1142 1387 lsraelieo
1164 1333 1368 1403 populo
1399 1339 1549 1402 terga
1579 1331 1955 1395 obverterent,
1991 1328 2218 1400 grandi-

621 1425 711 1479 nis
740 1425 950 1493 lapides
969 1426 1188 1480 rmlitus
1217 1426 1269 1478 in
1297 1427 1447 1494 ipsos
1474 1425 1783 1493 ejaculatus
1809 1430 1895 1478 est
1926 1421 2211 1485 Dominus,

621 1516 921 1587 pluresque
952 1519 1021 1573 iis
1054 1533 1220 1587 quam
1245 1517 1427 1590 gladio
1452 1515 1840 1572 Israelicorum
1873 1515 2011 1570 duce
2042 1513 2212 1569 Josua

533 1643 538 1647 ν
623 1609 794 1660 occisi
823 1617 976 1662 sunt.

2309 591 2420 645 τῶν
2449 591 2504 644 Ἀ
2518 587 2762 660 μοραίων
2795 587 2890 639 καί⁵
2946 585 3036 638 τὸν
3076 585 3173 637 Ὧν
3212 583 3437 653 βασιλέα
3467 583 3566 654 τῆς
3599 582 3802 645 Βασὰν,
3846 581 3906 646 ὃς

2317 681 2618 753 ὑπελείφθη
2643 683 2708 734 ἐκ
2739 681 2849 734 τῶν
2873 679 3168 747 γιγάντων,
3202 677 3474 731 κατοικῶν
3495 677 3552 729 ἐν
3573 675 3652 746 τῷ
3677 675 3908 745 Ῥαφαῒν

2314 777 2372 829 ἐν
2413 775 2717 846 Ἀσταρὼθ,
2770 773 3038 841 ἀπόγονον
3073 770 3202 824 ϐντα
3233 769 3326 822 τοῦ
3363 767 3615 838 Ῥαφαῒν,
3647 763 3709 823 οὗ
3742 770 3838 822 καὶ
3871 771 3905 838 ἡ

2318 866 2478 936 κλίνη
2525 865 2744 935 σιδηρᾶ,
2789 864 2850 916 τὸ
2887 861 3066 931 μῆκος
3128 859 3330 929 ἔχουσα
3360 860 3557 929 πήχεις
3614 859 3794 924 ἐννέα,
3848 858 3912 912 τὸ

2315 959 2520 1020 πλάτος
2544 955 2846 1024 τέσσαρας,
2885 951 3140 1022 ἀφείλετο
3167 952 3352 1004 πᾶσαν
3399 949 3498 1021 τὴν
3556 949 3660 1019 γῆν
3708 949 3911 1005 αὐτῶν.

2329 1051 2390 1103 '0
2413 1050 2469 1102 δὲ
2509 1046 2725 1118 Ἰησοῦς
2748 1044 3161 1117 χειρωσάμενος
3186 1045 3369 1096 πᾶσαν
3393 1042 3492 1111 τὴν
3559 1042 3668 1112 γῆν
3731 1041 3914 1096 αὐτῶν

2319 1141 2413 1195 καὶ
2439 1141 2566 1202 τοὺς
2590 1137 2934 1199 Χαναναίους
2961 1137 3056 1190 καὶ
3073 1135 3405 1206 Φερεζαίους
3431 1134 3526 1188 καὶ
3551 1133 3915 1204 Γεργεσαίους

2320 1235 2418 1287 καὶ
2446 1231 2745 1295 Χετταίους
2761 1230 2858 1284 καὶ
2884 1227 3247 1291 Ἰεϐουσαίους
3284 1227 3382 1280 καὶ
3429 1227 3756 1298 Ἀμοραίους
3819 1227 3917 1280 καὶ

2323 1325 2554 1390 Εὗαίους
2583 1325 2678 1377 καὶ
2711 1323 2920 1387 πάντας
2955 1322 3138 1375 αὐτῶν
3173 1321 3298 1382 τοὺς
3323 1319 3588 1391 βασιλεῖς,
3619 1320 3784 1382 ὄντας
3822 1319 3916 1371 τὸν

2325 1417 2562 1489 ἀριθμὸν
2588 1414 3004 1486 τριακονταδύο,
3033 1412 3353 1483 πάσαντὴν
3381 1414 3488 1483 γῆν
3516 1412 3697 1466 αὐτῶν
3715 1412 3918 1466 δέδωκε

2323 1514 2435 1574 τοῖς
2464 1512 2600 1572 υἱοῖς
2627 1508 2870 1578 Ἰσραήλ.
2899 1508 2992 1559 Ἐν
3023 1506 3079 1558 δέ
3110 1505 3187 1576 τῷ
3218 1508 3446 1575 φεύγειν
3477 1506 3698 1568 αὐτοὺς,
3722 1505 3914 1574 φησὶν,

2322 1603 2430 1657 ἀπὸ
2458 1600 2751 1672 προσώπου
2781 1601 2892 1653 τῶν
2927 1598 3058 1652 υἱῶν
3093 1597 3317 1669 Ἰσραὴλ
3361 1599 3454 1652 καὶ
3507 1597 3714 1667 Κύριος
3754 1595 3923 1668 ἐπέρ-

562 1710 565 1711 ⁷
626 1699 782 1769 ῥιψεν
831 1700 1016 1765 αὐτοῖς
1042 1701 1227 1765 λίθους
1254 1701 1500 1772 χαλάζης
1561 1702 1626 1754 ἐκ
1677 1701 1771 1754 τοῦ
1827 1698 2085 1770 ούρανοῦ,
2143 1697 2238 1752 καὶ
2278 1695 2530 1764 ἐγένοντο
2565 1695 2788 1757 πλείους
2814 1696 2862 1747 οί
2913 1691 3279 1756 ἀποθανόντες
3301 1691 3392 1746 διά
3413 1693 3539 1755 τοὺς
3582 1691 3764 1752 λίθους
3819 1683 3925 1759 τῆς

625 1790 924 1865 χαλάζηςῆ
966 1793 1060 1856 οὒς
1089 1793 1418 1847 ἀπέκτειναν
1476 1793 1525 1844 ot
1557 1791 1665 1844 ulol
1730 1791 1949 1862 Ἰσραὴλ
2041 1789 2291 1861 μαχαίρᾳ
2337 1787 2778 1860 στρατηγοῦντος
2833 1786 3036 1856 Ἰησοῦ.

694 1887 806 1958 94,
838 1885 1036 1941 Verum
1081 1889 1364 1942 enimvero
1401 1902 1636 1957 magnus
1664 1889 1769 1942 iste
1800 1886 1991 1951 Josua,
2022 1895 2075 1940 et
2120 1885 2212 1955 qui

2367 1888 2435 1941 Ὀ
2468 1905 2530 1954 γε
2551 1886 2657 1958 μὴν
2675 1885 2850 1954 μέγας
2872 1883 2968 1938 καὶ
2985 1901 3042 1936 τε
3053 1881 3354 1955 ρατουργὸς
3386 1880 3482 1935 καὶ
3501 1879 3757 1950 θεοφιλὴς
3777 1879 3922 1932 πάνυ

626 1981 891 2033 miracula
909 1979 1073 2034 etiam
1105 1979 1320 2034 edendo
1350 1995 1409 2034 se
1436 1979 1546 2033 Deo
1571 1994 1761 2033 carum
1790 1978 2217 2040 demonstraret,

628 2087 740 2126 non
795 2081 976 2124 tamen
1024 2069 1235 2126 doloris
1277 2070 1664 2138 variarumque
1703 2069 1802 2122 fuit
1855 2069 2221 2123 tentationum

629 2179 848 2232 expers.
877 2163 952 2218 De
983 2178 1094 2233 quo
1120 2165 1286 2218 etiam
1319 2163 1435 2217 haec
1467 2162 1650 2217 divina
1675 2161 1986 2231 eloquentia
2021 2160 2225 2215 nobilis

629 2256 1060 2328 Chrysostomus
1105 2256 1260 2311 dicit.
1301 2255 1608 2312 Considera
1659 2256 1796 2309 mihi
1851 2254 1984 2323 quid
2027 2254 2108 2308 rei
2154 2253 2228 2308 sit

626 2350 816 2419 justus
852 2350 1036 2404 homo.
1081 2348 1258 2406 Jussit
1317 2350 1483 2405 Josua
1517 2350 1668 2404 Nave
1703 2350 1846 2403 filius
1877 2348 2047 2404 solem
2087 2347 2225 2403 sub-

633 2445 830 2499 sistere
851 2442 1006 2512 juxta
1032 2442 1278 2498 Gabaoth
1303 2444 1601 2513 lunamque
1632 2442 1697 2496 ad
1736 2441 1928 2496 vallem
1959 2441 2183 2494 Eloman
2210 2457 2225 2504 ;

633 2542 803 2604 atque
841 2535 914 2587 ita
945 2533 1150 2588 factum
1197 2541 1301 2589 est.
1340 2536 1416 2587 lta
1466 2536 1609 2588 enim
1641 2543 1725 2588 est
1752 2533 2056 2598 scriptum:
2092 2549 2110 2582 ι
2152 2534 2227 2584 Ac

634 2626 888 2680 substitit
925 2626 1011 2681 sol
1045 2626 1100 2678 in
1149 2624 1329 2679 medio
1369 2624 1494 2679 emli
1531 2639 1710 2693 usque
1744 2623 1814 2677 ad
1862 2623 2026 2677 finem
2063 2622 2229 2674 unius

633 2715 762 2769 diei.
791 2713 1042 2781 Quantus
1101 2712 1220 2768 dies
1285 2729 1462 2783 neque
1497 2719 1624 2768 ante
1665 2712 1765 2767 fuit
1814 2726 1992 2782 neque
2018 2721 2227 2780 postea,

634 2807 709 2860 ita
750 2815 867 2860 tum
901 2807 1045 2861 Deus
1077 2806 1288 2860 homini
1333 2805 1736 2874 obtemperavit
1759 2805 1824 2860 ¹⁶.
1865 2823 1884 2856 ι
1918 2804 2031 2858 lloc
2065 2803 2232 2857 Musis

636 2897 784 2952 faeta
821 2906 1065 2965 superat.
1108 2896 1180 2951 At
1212 2897 1362 2952 enim
1416 2913 1652 2967 magnus
1686 2897 1791 2952 iste
1831 2903 1996 2966 atque
2035 2893 2234 2949 mirifi-

638 3006 739 3044 cus
765 3001 818 3045 et
856 2989 1199 3044 admirabilis
1237 2989 1405 3044 Hosis
1452 3003 1767 3054 successor,
1823 2988 2070 3042 omnium
2112 3001 2234 3056 quae

637 3083 730 3140 isti
746 3083 973 3138 molesta
997 3083 1304 3153 acerbaquc
1317 3093 1634 3147 evenerant,
1654 3089 1864 3151 partem
1884 3082 1999 3152 ipse
2015 3092 2236 3151 quoque

638 3177 832 3232 sensit.
887 3174 1008 3229 Non
1064 3176 1210 3239 enim
1250 3175 1414 3230 modo
1457 3175 2023 3253 vivente‘etiamnum
2084 3173 2236 3227 Mose

2326 1973 2484 2041 οὗτος
2515 1975 2860 2045 ἀναδειχθεὶς
2886 1977 2987 2042 οὐκ
3017 1976 3248 2046 ἄμοιρος
3269 1973 3449 2043 λύπης
3471 1973 3567 2025 καὶ
3594 1969 3924 2040 πειρασμῶν

2325 2069 2603 2140 διαφόρων
2635 2070 2874 2136 ἐγένετο.
2911 2067 3048 2138 Περὶ
3083 2061 3145 2121 οὗ
3196 2066 3291 2120 καὶ
3338 2068 3367 2119 ὁ
3419 2064 3746 2134 θεορῤήμων
3778 2064 3928 2133 Χρυ-

2330 2162 2388 2213 σό
2398 2177 2593 2230 στομος
2614 2159 2735 2229 ἐφη·
2754 2177 2771 2209 ι
2796 2158 3084 2227 Ἐννόησον
3102 2159 3228 2212 ὅσον
3247 2158 3365 2210 ἐστὶ
3385 2157 3594 2219 δίκαιος
3613 2155 3709 2210 ἀνθ
3720 2173 3926 2224 ρωπος.

2327 2249 2494 2306 Εἶπεν
2514 2251 2723 2322 Ἰησοῦς
2745 2250 2841 2303 τοῦ
2868 2250 3025 2320 Ναυῆ
3048 2265 3062 2280 ’
3093 2249 3283 2320 Στήτω
3308 2252 3334 2302 ὁ
3355 2250 3510 2320 ἥλιος
3530 2249 3674 2302 κατά
3694 2247 3929 2301 Γαυαὼδ

2329 2346 2425 2399 καὶ
2457 2345 2490 2414 ἡ
2524 2345 2722 2414 σελήνη
2770 2343 2914 2397 κατὰ
2970 2348 3232 2414 φάραγγα
3263 2340 3446 2411 Ἐλὼμ
3466 2357 3480 2370 ·
3531 2342 3626 2394 καὶ
3668 2341 3886 2406 ἐγένετο
3910 2357 3930 2374 ο

2331 2439 2464 2510 φησὶ
2482 2437 2589 2507 γάρ
2628 2449 2645 2465 ⁸
2686 2455 2704 2488 ι
2736 2437 2846 2490 Kal
2883 2436 3013 2504 ἔστη
3050 2435 3244 2506 ὁῆλιος
3270 2436 3409 2490 κατά
3447 2435 3608 2504 μέσον
3637 2435 3732 2488 τοῦ
3761 2436 3896 2505 οὐρα
3916 2462 3934 2474 ο

2331 2531 2422 2585 νοῦ
2455 2533 2534 2594 εἰς
2574 2530 2725 2594 τέλος
2755 2531 2973 2601 ἡμέρας
3019 2530 3170 2599 μιᾶς,
3217 2529 3304 2600 [Ρ.
3325 2526 3416 2600 55]
3441 2528 3535 2581 καὶ
3585 2527 3685 2580 οὐκ
3714 2525 3938 2594 ἐγένετο

2333 2626 2515 2696 ἡμέρα
2542 2623 2765 2695 τοιαύτη
2792 2624 3059 2693 πρότερον
3090 2623 3184 2676 καί¹
3229 2622 3564 2693 ἔμπροσθεν.
3598 2621 3739 2674 ὥστε
3814 2621 3930 2674 ὑπ-

2333 2717 2566 2770 ακοῦσαι
2603 2716 2736 2770 Θεὸν
2763 2713 3076 2785 ἀνθρώπου.
3113 2733 3132 2766 ι
3169 2715 3342 2768 Τοῦτο
3358 2713 3452 2768 τοῦ
3488 2715 3771 2777 Μωῦσέως
3810 2715 3938 2784 μεῖ-

2336 2811 2449 2876 ζον.
2496 2811 2660 2864 Ἀλλά
2687 2827 2751 2877 γε
2782 2809 2846 2880 δὴ
2870 2810 2967 2862 καὶ
3028 2800 3184 2872 οὗτος
3205 2809 3233 2860 ὁ
3263 2808 3578 2876 θαυμαστὸς
3634 2808 3730 2860 καὶ
3758 2807 3941 2876 μέγας

2345 2906 2442 2959 καὶ
2472 2904 2868 2974 τερατουργδς,
2918 2901 3311 2972 διαδεξάμενος
3367 2906 3457 2954 τὸν
3505 2902 3772 2969 Μοιῠσῆν,
3823 2919 3947 2955 συν-

2337 2997 2655 3066 απήλαυσεν
2676 2995 2828 3066 αὐτῷ
2849 2995 3089 3059 πάντων,
3111 2993 3184 3056 ὡς
3199 2993 3326 3056 ἔπος
3344 2995 3543 3059 εἰπεῖν,
3557 2994 3663 3046 τῶν
3674 2993 3942 3061 ἀνιαρῶν.

2341 3089 2418 3142 Ού
2447 3089 2557 3159 γὰρ
2589 3086 2671 3139 ἐτι
2703 3086 2867 3155 μόνον
2897 3086 2987 3138 ὅτε
3011 3083 3107 3154 ἔζη
3149 3085 3416 3153 Μωῡσῆς,
3449 3083 3519 3137 τά
3569 3085 3767 3152 ἱμάτια
3793 3083 3949 3155 διέρο

2347 3180 2477 3252 ρηξε
2520 3181 2614 3233 καὶ
2662 3176 2860 3231 σποδὸν
2884 3177 3264 3243 κατεπάσατο,
3293 3175 3433 3229 ἀλλά
3458 3176 3554 3229 καὶ⁵
3584 3176 3951 3246 τελευτήσαν-

639 3277 848 3322 vestem
893 3266 1156 3320 laceravit
1208 3281 1364 3320 suam
1407 3279 1576 3334 seque
1615 3249 1801 3320 cinere
1834 3263 2235 3333 conspersit",

2343 3249 2434 3337 τος
2468 3272 2630 3326 πάλιν
2659 3273 2740 3335 είς
2773 3270 3006 3341 μείζονα
3039 3269 3248 3339 ταύτης
3291 3271 3534 3339 κατέστη
3581 3269 3829 3337 ἀνάγκην
3872 3267 3952 3323 δι’

643 3358 740 3414 sed
771 3373 838 3413 eo
864 3357 1128 3413 defuncto
1171 3357 1225 3411 in
1274 3356 1476 3427 majori
1527 3372 1722 3412 rursus
1769 3357 2107 3411 conStitutus
2141 3358 2239 3410 fuit

642 3451 1082 3516 necessitudine,
1110 3465 1320 3520 pronus
1352 3449 1504 3503 humi
1544 3456 1719 3505 totum
1753 3450 1897 3504 diem
1931 3458 2242 3520 prostratus

646 3545 720 3599 ob
768 3543 978 3597 Aehani
1023 3551 1310 3612 peccatum
1357 3543 1654 3612 pOpulique
1701 3542 1934 3597 cladem.
1973 3542 2065 3597 Sic
2095 3545 2243 3598 enim

645 3637 814 3693 habet
843 3636 1131 3707 Scriptura
1152 3637 1219 3700 ’³,
1246 3656 1263 3687 ι
1291 3637 1356 3690 Ει
1388 3637 1648 3691 laceravit
1677 3635 1844 3691 Josua
1877 3645 2063 3691 vestes
2092 3652 2241 3698 suas,

647 3745 816 3800 seque
855 3744 1044 3784 coram
1079 3728 1314 3781 Domino
1341 3728 1393 3781 in
1435 3727 1635 3782 faciem
1672 3727 1941 3797 postravit
1979 3743 2151 3798 usque
2177 3726 2246 3781 ad

647 3834 958 3890 vesperam,
993 3832 1234 3888 cumque
1263 3817 1383 3887 ipso
1410 3818 1661 3872 seniores
1692 3818 1902 3887 populi,
1940 3819 2250 3888 pulverem-

649 3925 757 3980 que
794 3911 1070 3979 capitibus
1122 3911 1238 3964 suis
1297 3910 1668 3976 ingesserunt.
1717 3910 1973 3980 Dixitque
2025 3909 2246 3966 Josua:

651 4002 924 4066 Obsecro,
953 4001 1204 4066 Domine,
1239 4016 1340 4055 cur
1369 4000 1609 4055 famulus
1644 4009 1774 4056 tuus
1804 4002 2066 4072 populum
2097 4003 2249 4057 hunc

651 4103 812 4150 trans
844 4093 1141 4149 Jurdanem
1177 4094 1369 4148 duxit?
1405 4110 1473 4148 an
1505 4103 1561 4146 ut
1593 4109 1717 4148 eum
1748 4094 2018 4149 Aurorazis
2059 4095 2250 4157 delen—

655 4187 786 4242 dum
823 4187 1291 4260 praberet?quid
1325 4187 1470 4241 enim
1504 4185 1711 4250 dicam,
1751 4197 2043 4256 postquam
2080 4185 2254 4242 Israe-

657 4281 801 4334 licus
863 4279 1104 4348 populus
1171 4286 1326 4344 terga
1381 4277 1523 4332 Ιιοειί
1591 4277 1792 4331 vertit?
1848 4277 2094 4332 Audient
2148 4277 2253 4332 hoc

656 4370 956 4428 Cbananaei
991 4385 1059 4423 ac
1111 4368 1311 4439 reliqui
1365 4378 1526 4422 terra:
1568 4366 1734 4438 hujus
1779 4369 1988 4433 incolae,
2044 4383 2255 4440 nosque

661 4464 1102 4534 circumcingent
1131 4470 1186 4516 et
1223 4461 1572 4516 exscindent.
1616 4480 1634 4512 ι
1675 4461 1911 4516 Videsne
1964 4461 2110 4515 hunc
2143 4477 2253 4515 non

663 4557 864 4612 minori
893 4569 1060 4625 quam
1097 4554 1302 4608 Mosem
1337 4554 1511 4608 fuisse
1541 4554 1596 4608 in
1628 4554 1904 4608 anxietate
1938 4563 2106 4624 atque
2143 4553 2253 4625 95

661 4647 1072 4719 perturbatione
1096 4664 1111 4714 ;
1147 4661 1253 4715 qua
1284 4645 1574 4715 probabile
1601 4654 1685 4701 est
1710 4662 1834 4701 eum
1863 4662 1930 4701 eo
1959 4647 2136 4702 fuisse
2163 4662 2253 4702 re-

665 4741 888 4795 dactum
926 4747 983 4792 ut
1018 4741 1135 4808 ipse
1159 4755 1377 4810 quoque
1404 4741 1572 4794 vitam
1602 4748 2012 4809 aspernaretur.
2048 4739 2255 4809 Super-

666 4836 834 4890 sedeo
875 4833 1186 4889 referendis
1219 4841 1298 4887 tot
1323 4833 1502 4898 bellis,
1532 4834 1733 4904 pugnis
1762 4848 1828 4888 ac
1858 4832 2256 4890 sollicitudlni-

665 4927 808 4992 bus,
872 4925 1176 4997 fraudeque
1236 4923 1618 4980 Gabaonitiea.
1671 4925 1814 4978 Sane
1877 4933 1931 4980 et
1999 4939 2256 4995 agrorum

669 5020 868 5074 divisio
901 5034 1160 5090 maguum
1190 5018 1238 5073 ei
1262 5017 1503 5072 laborem
1529 5016 1986 5086 difficultatesque
2014 5033 2179 5087 porro
2203 5024 2260 5072 et

673 5112 994 5166 vexationes
1055 5111 1390 5181 multiplices
1438 5110 1641 5165 attulit.
1698 5108 1778 5164 Ad
1829 5109 1979 5165 hunc
2041 5110 2266 5165 modum

676 5216 868 5256 omnes
899 5203 932 5255 ii
973 5201 1064 5272 qui
1101 5201 1209 5256 Deo
1245 5217 1577 5274 magnopere
1608 5203 1958 5270 placuerunt,
2006 5201 2271 5256 :erumnis

679 5294 833 5363 prius
875 5295 1384 5363 tentationibusque
1429 5304 1675 5364 speetata
1724 5309 1914 5348 eorum
1971 5293 2266 5365 probitate,

680 5386 868 5440 divino
900 5401 1091 5440 amore
1130 5387 1343 5442 fruendi
1375 5387 1603 5442 liberam
1636 5387 1951 5442 facultatem
1986 5386 2270 5442 consecuti

685 5485 854 5535 sunt:
890 5491 1068 5546 neque
1101 5477 1395 5546 quisquam
1425 5492 1615 5532 eorum
1657 5477 1752 5547 qui
1798 5479 1852 5532 in
1904 5477 2092 5548 aliquo
2125 5476 2268 5546 apud

685 5567 854 5622 Deum
910 5569 1088 5640 pretio
1139 5570 1432 5634 habentur,
1477 5573 1740 5626 aerumnis
1781 5571 1986 5633 caruit,
2044 5568 2264 5626 etiamsi

691 5677 792 5717 nos
823 5661 876 5716 id
907 5671 962 5716 et
1001 5662 1092 5716 Dei
1127 5663 1193 5717 de
1223 5663 1357 5734 ipsis
1380 5662 1648 5731 judicium
1682 5664 1867 5716 lateat.

767 5841 812 5875 ³⁸
839 5839 950 5898 .los.
987 5857 1040 5896 ι.
1123 5842 1164 5874 ¹⁶
1183 5839 1297 5895 Jus.
1325 5842 1494 5908 3,15.
1580 5839 1620 5870 ¹⁷
1651 5841 1813 5896 Num.
1855 5860 1958 5894 λιι.

2345 3366 2476 3438 ὅλης
2526 3365 2747 3436 ἡμέρας
2799 3363 3011 3434 πρηνὴς
3057 3363 3315 3432 κείμενος
3359 3362 3449 3417 διά
3505 3361 3606 3434 τὴν
3663 3362 3953 3433 ἁμαρτίαν

2350 3457 2524 3527 Ἀχαν
2557 3456 2649 3508 καὶ
2669 3456 2768 3525 τὴν
2794 3454 2888 3508 τοῦ
2922 3453 3052 3507 λαοῦ
3079 3448 3269 3527 ἧτταν.
3289 3455 3426 3524 Φησὶ
3449 3456 3576 3525 γάρ·
3612 3473 3630 3498 ε
3665 3455 3773 3508 Kal
3797 3455 3954 3528 δίέρ-

2354 3545 2520 3615 ῥηεεν
2574 3543 2787 3615 Ἰησοῦς
2843 3543 2909 3596 τὰ
2947 3543 3144 3613 ἱμάτια
3201 3543 3393 3608 αὑτοῦ,
3450 3543 3544 3596 καὶ
3598 3544 3792 3596 ἔπεσεν
3849 3546 3955 3598 ἐπὶ

2351 3639 2646 3708 πρόσωπον
2678 3634 2923 3690 ἐναντίον
2955 3636 3167 3707 Κυρίου
3197 3636 3303 3700 ἕως
3335 3637 3602 3707 ἑσπέρας,
3638 3637 3801 3700 αὐτος
3847 3639 3958 3691 καὶ

2348 3734 2397 3786 οί
2425 3731 2790 3804 πρεσϐύτεροι
2809 3731 3060 3802 Ἰσραήλ.
3091 3733 3204 3786 Καὶ
3232 3731 3507 3785 ἐπέϐαλον
3534 3732 3664 3802 χοῦν
3723 3733 3818 3786 ἐπὶ
3847 3733 3958 3801 τὴν

2353 3824 2602 3894 κεφαλὴν
2631 3825 2836 3889 αὐτῶν,
2862 3826 2957 3878 καὶ
2986 3818 3144 3878 εἶπεν
3176 3823 3386 3896 Ἰησοῦς
3414 3842 3429 3856 ο
3458 3824 3684 3895 Δέομαι,
3747 3825 3957 3896 Κύριε,

2353 3919 2440 3970 ἴνα
2469 3918 2521 3969 τί
2551 3917 2860 3970 διεϐίϐασεν
2882 3919 2909 3970 ὁ
2941 3920 3075 3980 παῖς
3105 3935 3198 3971 σου
3225 3918 3316 3971 τὸν
3346 3918 3475 3972 λαὸν
3497 3918 3685 3971 τοῦτον
3705 3917 3797 3971 τδν
3817 3920 3964 3991 ἰορ-

2352 4009 2540 4079 δάνην,
2606 4007 2947 4077 παραδοῦναι
3004 4007 3166 4063 αὑτὸν
3221 4007 3302 4079 τῷ
3363 4009 3650 4079 Ἀμοραίῳ
3683 4009 3960 4063 ἀπολέσαι

2354 4103 2540 4172 ὴμᾶ;;
2576 4101 2670 4154 καὶ
2707 4099 2760 4153 τί
2789 4099 2902 4170 ἐρῶ
2927 4141 2942 4167 ,
2974 4099 3100 4153 ἐπεὶ
3154 4099 3685 4171 μετέϐαλενἸσραὴλ
3724 4101 3815 4154 τὸν
3853 4102 3964 4154 αὖ·

2354 4193 2486 4262 χένα
2508 4193 2772 4246 ἀπέναντι
2797 4190 2888 4244 τοῦ
2933 4190 3131 4262 ἐχθροῦ
3188 4191 3405 4258 αῢτοῦ;
3477 4194 3589 4246 Καὶ
3649 4193 3890 4257 ἀκούσας
3933 4195 3965 4247 6

2355 4286 2660 4348 Χαναναῖος
2684 4283 2779 4337 καὶ
2810 4285 3010 4346 πάντες
3038 4285 3087 4336 οἱ
3118 4284 3500 4346 κατοικοῦντες
3527 4283 3626 4355 τὴν
3657 4284 3763 4356 γῆν
3792 4302 3965 4355 περι-

2357 4375 2732 4429 κυκλώσουσιν
2767 4377 2916 4446 ἡμᾶς
2949 4378 3042 4427 καὶ
3074 4375 3427 4446 ἐκτρίψουσιν
3466 4375 3574 4429 άπὸ
3621 4376 3719 4446 τῆς
3768 4379 3891 4446 γῆς.
3936 4395 3958 4430 ι

2369 4469 2535 4539 Ὁρᾷς
2558 4468 2706 4531 ὅπως
2732 4468 2829 4521 καὶ
2855 4461 3009 4530 οὗτος
3040 4468 3138 4537 οὐχ
3173 4463 3336 4538 ἦττον
3368 4469 3656 4531 Μωῦσέως
3696 4468 3970 4538 ἀδημονετ

2363 4561 2460 4615 καὶ
2501 4559 2814 4630 θορυϐεῖται
2843 4578 2858 4627 ;
2885 4562 2982 4614 καί
3010 4576 3115 4612 που
3154 4560 3300 4630 τάχα
3333 4560 3430 4613 καὶ
3455 4560 3619 4624 αὐτὸς
3640 4563 3841 4631 ὁμοίως
3860 4563 3970 4632 τὴν

2362 4650 2509 4723 ζωὴν
2539 4652 2598 4717 ἐξ
2629 4651 2869 4723 ἀπορίας
2899 4651 3226 4720 ἀπελέγετο.
3251 4653 3361 4705 Ἐῶ
3386 4652 3570 4720 λέγειν
3592 4653 3721 4716 τοὺς
3763 4653 3970 4722 διαφό·

2365 4761 2496 4814 ρους
2523 4743 2796 4814 πολέμους
2820 4745 2918 4797 καὶ
2944 4743 3046 4807 τάς
3072 4743 3254 4813 μάχας
3285 4742 3382 4796 καὶ
3421 4743 3520 4807 τὰς
3548 4743 3835 4813 φροντίδας
3864 4745 3971 4798 καὶ

2364 4834 2473 4888 τῶν
2502 4834 2866 4888 Γαυαωνιτῶν
2893 4835 2995 4905 τὴν
3022 4835 3263 4907 ἀπάτην.
3299 4835 3413 4888 Καὶ
3443 4835 3628 4905 μέντοι
3651 4837 3745 4890 καὶ
3792 4837 3825 4906 ἡ
3851 4837 3970 4890 τῶν

2364 4926 2586 4997 κλήρων
2633 4925 2864 5002 διανομὴ
2922 4927 3090 4981 πολὺν
3148 4927 3248 4998 μὲν
3299 4927 3392 4982 τὸν
3439 4929 3602 4982 πόνον
3650 4928 3844 4992 πολλάς
3909 4930 3972 4984 δὲ

2365 5025 2628 5093 παρεῖχεν
2688 5021 2840 5090 αὐτῷ
2872 5020 2972 5083 τὰς
3030 5019 3322 5084 δυσκολίας
3383 5021 3478 5074 καὶ
3528 5020 3760 5090 θλίψεις.
3804 5019 3974 5076 Οὕτω

2372 5111 2553 5163 τοίνυν
2584 5109 2827 5173 ἅπαντες
2847 5109 2960 5163 ὅσοι
2987 5108 3066 5180 τῷ
3101 5109 3222 5180 Θεῷ
3256 5110 3511 5181 μεγάλως
3564 5110 3971 5181 εύηρέστησαν,

2372 5203 2462 5257 διά
2492 5201 2728 5272 θλίψεων
2760 5203 2858 5257 καὶ
2890 5201 3221 5273 πειρασμῶν
3260 5201 3691 5273 δοκιμασθέντες
3739 5204 3834 5256 καὶ
3877 5203 3978 5257 δό-

2373 5313 2528 5366 κιμοι
2552 5295 2926 5365 ἁναφανέντες
2953 5297 3052 5362 τῆς
3087 5294 3226 5365 πρὸς
3243 5293 3376 5347 Θεὸν
3442 5293 3669 5363 ἀγάπης
3701 5295 3798 5346 καὶ
3827 5293 3982 5365 παῤ-

2377 5388 2575 5458 ρησίας
2613 5387 2900 5456 ἐπέτυχον,
2940 5385 3035 5439 καὶ
3066 5386 3167 5437 οὐκ
3227 5384 3376 5438 ἐστιν
3435 5384 3633 5450 οὐδεὶς,
3665 5376 3743 5439 ὧν
3801 5385 3984 5448 πολὺς

2372 5479 2527 5549 παρᾶ
2601 5477 2680 5547 τῷ
2730 5477 2851 5548 Θεῷ
2880 5476 3062 5545 λόγος,
3115 5475 3351 5546 θλίψεων
3409 5477 3590 5540 ἐκτὸς,
3643 5475 3746 5530 κᾶν
3803 5477 3986 5546 ἡμεῖς

2377 5569 2664 5640 ἀγνοῶμεν
2693 5568 2852 5623 τοῦτο
2904 5568 3211 5639 καὶτάλτοῦ
3250 5567 3388 5623 Θεοῦ
3439 5569 3570 5641 περὶ
3625 5566 3808 5622 αὐτῶν
3845 5566 3985 5641 κρί-

2388 5679 2550 5731 ματα.

2045 5845 2081 5871 ¹“
2124 5841 2233 5896 .lns.
2279 5856 2373 5895 vn.
