4184 6436
191 366 288 429 125

1260 367 1805 429 HISTORIARUM
1847 369 2376 438 COMPENDIUM.

3347 382 3449 447 126

251 484 411 537 Μετά
437 482 500 537 δέ
523 500 588 551 γε
637 480 847 553 Ἰησοῦν
867 483 955 537 διὰ
973 483 1079 536 τῶν
1118 484 1323 554 κριτῶν
1356 486 1384 536 6
1415 484 1548 547 Θεὸς
1600 483 1766 546 ἔσωζε

1945 486 2075 544 Post
2103 488 2329 544 Josuam
2364 493 2506 548 Deus
2544 492 2791 563 iudicum
2839 508 3002 563 opera
3034 496 3295 566 papulum
3334 512 3455 551 ser~

181 578 271 631 τὸν
287 576 783 647 λαὸν,θλιϐὁμενον
816 577 923 631 ὑπὸ
960 576 1071 630 τῶν
1120 576 1582 646 περιλειφθέντων
1616 577 1772 630 ἀλλο-

182 670 389 739 φύλων.
415 671 511 722 Ἐν
538 666 623 734 οἷς
649 669 863 742 ὑπῆρξε
916 668 1228 740 πρώτιστος
1251 668 1453 732 Ἰούδας
1500 669 1773 739 καλούμε-

181 780 289 826 νος,
322 763 425 814 καὶ
459 761 646 833 ἔκρινε
677 761 772 814 τὸν
824 760 955 814 λαὸν
982 759 1077 830 ἐτη
1113 758 1180 827 ζ’,
1213 759 1623 838 χειρωσάμενος
1677 759 1774 810 καὶ

181 855 270 907 τὸν
291 852 664 917 ’Δδωνιζεϐὲκ
707 851 933 922 βασιλέα
957 852 1068 905 τῶν
1098 851 1435 919 ἀλλοφύλων,
1462 852 1556 905 καὶ
1592 852 1774 921 ἀκρω-

181 944 461 1013 τηριάσας
492 943 660 996 αὐτοῦ
694 946 883 1013 χεῖρας
911 944 1002 998 καὶ
1029 944 1223 1007 πόδας.
1253 941 1390 998 Elite
1452 945 1509 998 δὲ
1553 945 1771 998 Ἄδωνις

180 1036 365 1100 ζεϐέκ·
396 1055 415 1087 ι
458 1035 867 1106 Ἑϐδομήκοντα
892 1036 1135 1107 βασιλεῖς
1162 1035 1230 1091 τά
1258 1038 1404 1108 ἄκρα
1435 1037 1545 1089 τῶν
1574 1037 1773 1108 χειρῶν

180 1129 273 1182 καὶ
295 1129 412 1181 τῶν
449 1128 633 1181 ποδῶν
665 1128 847 1181 αὐτῶν
909 1129 1352 1199 ἀποκεκομμένοι
1386 1125 1547 1201 ἦσαν,
1588 1128 1774 1182 συλλέ-

179 1236 371 1285 γοντες
406 1219 483 1272 τὰ.
507 1217 772 1272 ὑποκάτω
799 1217 901 1287 τῆς
931 1219 1213 1289 τραπέζης
1276 1236 1402 1289 μου.
1446 1218 1644 1283 Καθὼς
1679 1216 1773 1273 οὖν

179 1310 435 1380 ἐποίησα,
490 1309 779 1365 οὕτωκαὶ
846 1310 1199 1365 ἀνταπέδωκέ
1257 1328 1347 1381 μοι
1405 1313 1433 1365 6
1483 1310 1707 1383 Κύριος.
1749 1329 1768 1362 ι

178 1402 329 1457 Μετά
351 1402 413 1454 δὲ
461 1401 665 1455 Ἰούδαν
690 1404 881 1470 γέγονε
913 1403 1109 1474 κριτὴς
1174 1401 1428 1474 Γοθονιὴλ
1489 1403 1584 1463 καὶ
1638 1405 1775 1471 μετά

176 1493 366 1545 τοῦτον
401 1491 569 1545 Ἀώό.
594 1493 751 1545 Μετὰ
776 1492 833 1546 δέ
864 1508 926 1560 γε
954 1492 1098 1546 Ἀὼδ
1165 1494 1358 1562 γέγονε
1425 1493 1619 1562 κριτὴς
1666 1494 1774 1545 Σα-

180 1588 359 1655 μέγαρ
392 1585 492 1654 ἐτη
518 1584 681 1649 ἑπτὰ,
707 1584 954 1651 πατάξας
986 1585 1083 1637 καὶ
1132 1586 1198 1637 ὲκ
1236 1583 1344 1636 τῶν
1376 1582 1691 1652 ἀλλοφύλων
1715 1587 1775 1639 ὲν

178 1678 363 1747 ἡμέρᾳ
396 1679 500 1747 μιᾷ
522 1678 581 1729 ὲν
602 1675 680 1746 τῷ
704 1676 798 1729 τοῦ
833 1677 1068 1747 ἀρότρου
1092 1676 1213 1729 ποδὶ
1240 1676 1349 1729 τῶν
1387 1674 1524 1745 βοῶν
1572 1676 1775 1746 ἄνδρας

178 1767 522 1833 ἑξακοσίους.
557 1766 711 1820 Μετά
736 1766 997 1837 Σαμέγαρ
1057 1765 1252 1833 γέγονε
1308 1766 1500 1834 κριτὴς
1557 1765 1769 1836 Βαράκ,

181 1856 295 1925 μεθ’
320 1853 386 1911 οὗ
411 1858 511 1910 καὶ
538 1857 782 1928 Δεϐὀρῤα
811 1858 844 1926 ἡ
877 1856 1172 1927 προφῆτις.
1197 1855 1314 1925 Ἐφ’
1346 1851 1419 1910 ὧν
1450 1856 1775 1927 Προμηθεὺς

179 1950 268 2000 καὶ
344 1950 584 2020 Ὀρφεὺς
644 1952 672 2003 6
727 1948 875 2021 Θρᾲξ
912 1952 959 2002 οἱ
1006 1948 1310 2016 σοφώτατοι
1356 1950 1487 2021 παρ’
1523 1950 1770 2020 Ἕλλησι,

179 2044 269 2095 καὶ
337 2044 674 2115 ’Δσκληπιὸς
720 2047 746 2096 6
783 2044 988 2114 ἰατρὸς,
1046 2043 1139 2096 καὶ
1196 2042 1283 2114 [Ρ.
1318 2042 1407 2113 541
1458 2042 1774 2111 Λυκοῦργος

179 2133 204 2184 ὁ
226 2133 592 2203 Σπαρτιάτης
624 2134 718 2187 καὶ
756 2133 1055 2203 νομοθέτης
1080 2133 1188 2186 τῶν
1229 2133 1501 2203 Ἐλλήνων
1534 2132 1770 2203 ἐγνωρί-

179 2225 355 2287 Com.
387 2224 547 2278 Μετά
580 2226 637 2277 δὲ
673 2224 864 2295 Βαράκ
889 2225 1086 2293 γέγονε
1119 2223 1313 2295 κριτὴς
1365 2213 1604 2289 Γεδεὼν,
1628 2227 1655 2278 ὁ
1682 2228 1774 2281 καὶ

191 2316 500 2388 Ἱεροϐἁαλ,
528 2318 625 2388 ἐτη
659 2317 1009 2388 μ’.Πατάξας
1052 2318 1144 2371 τὸν
1187 2317 1415 2387 Μαδιάμ
1482 2319 1619 2388 μετά
1664 2317 1773 2371 τῶν

180 2409 471 2477 λαψαντων
502 2410 857 2479 τριακοσίων,
893 2410 970 2473 ὡς
997 2408 1296 2474 λελέξεται,
1343 2410 1439 2462 καὶ
1498 2409 1624 2473 τοὺς
1674 2408 1773 2478 ἆρ-

178 2518 373 2569 χοντας
393 2501 578 2555 αὐτῶν
605 2502 837 2571 ἠλέησεν
852 2502 909 2554 ἐν
930 2502 1051 2564 ταῖς
1074 2500 1358 2564 ἀκάνθαις.
1386 2500 1542 2553 Μετά
1565 2499 1772 2553 Γεδεὼν

179 2598 374 2662 γέγονε
398 2594 593 2664 κριτὴς
632 2593 926 2663 Ἀϐιμέλεχ
958 2594 1073 2656 υἱὸς
1100 2592 1266 2646 αὑτοῦ
1296 2593 1392 2663 ἐτη
1414 2594 1561 2664 τρία,
1592 2593 1771 2646 πατά-

184 2686 274 2751 ξας
301 2686 363 2738 δὲ
397 2686 643 2751 καὶτοὺς
669 2686 935 2755 ἀδελφοὺς
962 2684 1131 2739 αὐτοῦ
1163 2686 1230 2738 ὲκ
1294 2685 1404 2738 τῶν
1468 2684 1768 2755 ἐλευθέρων

180 2779 377 2847 ἄνδρας
408 2785 449 2831 d
474 2779 569 2831 ἐπὶ
592 2778 743 2832 λίθον
772 2777 887 2843 ἕνα,
915 2778 973 2843 ἐξ
996 2771 1072 2831 ὧν
1112 2778 1213 2830 οὐκ
1276 2776 1579 2845 ἀπελείφθη
1631 2776 1770 2846 πλὴν

191 2869 418 2923 Ίωάθαν
452 2870 551 2922 τοῦ
578 2871 871 2939 νεωτέρου.
903 2870 1002 2931 Ὃς
1051 2868 1145 2921 καὶ
1166 2868 1404 2920 ἀνελθὼν
1446 2869 1504 2919 ὲν
1548 2868 1624 2936 τῷ
1653 2867 1768 2937 ὄρει

180 2954 299 3013 εἷπε
333 2961 452 3022 τοῖς
486 2959 799 3029 Σικιμίταις
850 2958 948 3029 τὴν
977 2958 1294 3030 παραϐολὴν
1350 2958 1460 3011 τῶν
1511 2958 1763 3029 δένδρων,

176 3056 270 3122 τῆς
296 3070 357 3107 τε
388 3052 577 3115 ἐλαίας
606 3053 701 3107 καὶ
746 3051 840 3122 τῆς
868 3051 1040 3122 συκῆς
1110 3050 1205 3105 καὶ
1226 3052 1323 3120 τῆς
1373 3050 1617 3121 ἀμπέλου
1672 3049 1766 3103 καὶ

175 3143 271 3213 τῆς
303 3144 544 3214 ῥάμνον,
571 3142 696 3195 καθ’
743 3145 807 3214 ὴν
868 3144 962 3196 καὶ
1009 3141 1207 3211 συνέϐη
1278 3142 1477 3204 αὐτοῖς.
1530 3140 1636 3196 Καὶ
1695 3142 1759 3193 τὰ

179 3237 343 3290 λοιπὰ
366 3237 480 3289 τῶν
500 3236 707 3308 κριτῶν
740 3236 995 3306 εὑρήσεις
1025 3233 1358 3305 ἔμπροσθεν.

248 3330 457 3382 ’ἰστέον
485 3327 598 3394 οὖν,
629 3329 794 3397 φησιν
820 3326 1100 3395 ὀάοίδιμος
1118 3324 1527 3393 Χρυσόστομος,
1553 3322 1627 3385 ὡς
1652 3341 1754 3375 πο-

170 3417 524 3488 λυσήμαντὸν
547 3419 664 3469 ἐστι
692 3418 754 3469 τὸ
778 3415 948 3485 ὄνομα
966 3415 1066 3484 τῆς
1099 3414 1436 3485 παραϐολῆς.
1468 3415 1623 3466 Ἐστι
1655 3414 1762 3484 γὰρ

173 3504 462 3574 παραϐολὴ
481 3504 615 3571 λάλη
626 3520 702 3571 μα
715 3505 809 3555 καὶ
826 3502 1134 3571 ὑπόδειγμα
1155 3502 1250 3555 καὶ
1282 3502 1616 3569 ὀνειδισμὸς,
1682 3502 1761 3564 ὼς

172 3594 467 3660 ὅτανλέγει
501 3593 685 3647 Δαυῖδ’
710 3612 728 3645 ι
764 3593 925 3646 Ἐθου
949 3594 1096 3663 ἡμᾶς
1118 3597 1197 3656 είς
1222 3594 1535 3663 παραϐολὴν
1564 3595 1621 3646 ὲν
1651 3597 1762 3657 τοῖς

172 3684 617 3753 ῑθνεσι,κίνησιν
650 3683 893 3752 κεφαλῆς
927 3685 984 3735 ὲν
1010 3685 1122 3746 τοῖς
1143 3683 1311 3745 λαοῖς.
1348 3701 1366 3733 ι
1403 3684 1627 3736 Ἔστιδὲ
1659 3702 1762 3736 πα-

170 3775 377 3845 ραϐολὴ
399 3774 811 3845 αίνιγματώδης
833 3775 1044 3842 λόγος,ὂ
1066 3775 1249 3828 πολλοὶ
1275 3776 1493 3843 λέγουσι
1519 3777 1760 3847 ζήτημα,

170 3868 432 3933 ἐκφαῖνον
492 3866 698 3935 μέντοι,
755 3868 856 3919 οὐκ
904 3865 1133 3919 αὐτόθεν
1202 3866 1257 3919 δὲ
1282 3868 1497 3931 πάντως
1519 3867 1673 3935 δῆλον
1705 3869 1763 3921 ὃν

171 3961 277 4012 ιπὸ
295 3960 411 4011 τῶν
437 3959 721 4030 ῥημάτων,
754 3959 869 4013 ἀλλ’
908 3958 1027 4029 ἔχον
1050 3960 1200 4021 ἐντὸς
1228 3961 1620 4031 κεκρυμμένην
1646 3962 1766 4017 διά-

172 4068 344 4120 νοιαν,
368 4052 445 4114 ὡς
471 4052 600 4104 ὅταν
629 4052 658 4103 6
677 4050 915 4123 Σαμψὼν
934 4052 1119 4121 ἔλεγεν
1138 4069 1151 4082 ο
1184 4069 1202 4102 ι
1242 4052 1495 4119 Ἐξῆλθεν
1513 4053 1621 4106 ἀπὸ
1642 4054 1763 4107 στό-

173 4161 339 4211 pars;
363 4144 615 4207 ἓσθοντος
636 4143 833 4213 βρῶσις
872 4143 964 4196 καὶ
992 4142 1099 4195 ἀπὸ
1129 4143 1348 4213 ἰσχυροῦ
1377 4144 1570 4212 γλυκύ.
1605 4163 1623 4195 ι
1658 4147 1766 4199 Καὶ

171 4232 427 4300 Σολομὼν
448 4233 576 4302 ἔφη·
617 4250 635 4283 ι
657 4234 1015 4304 Τότενοήσεις
1033 4234 1344 4304 παραϐολὴν
1373 4235 1465 4287 καὶ
1492 4238 1765 4291 σκοτεινὸν

171 4324 348 4389 λόγον.
368 4345 382 4373 ι
419 4325 657 4391 Λέγεται
686 4325 742 4377 δὲ
779 4326 1062 4396 παραϐολὴ
1088 4328 1179 4379 καὶ
1199 4328 1475 4397 ὁμοίωσις.
1507 4347 1525 4380 ι
1562 4331 1765 4401 Ἀλλην

171 4417 237 4481 γᾶ
246 4433 299 4486 ρ,
318 4417 482 4483 φησὶ,
498 4416 815 4487 παραϐολὴν
832 4418 1143 4490 παρέθηκεν
1161 4420 1339 4485 αὐτοῖς
1350 4421 1544 4489 λέγων’
1564 4422 1759 4493 Ὁμοία

1874 579 2040 643 vavit,
2070 594 2099 632 a
2124 580 2373 649 reliquiis
2395 584 2639 653 gentium
2667 585 2973 638 alienarum
2999 594 3276 641 vexatum.
3303 586 3454 642 lnter

1869 664 2087 733 judices
2133 680 2229 721 eos
2261 669 2474 737 primus
2508 669 2609 723 fuit
2659 670 2852 725 ordine
2886 668 3076 735 Judas,
3109 672 3203 740 qui
3247 672 3454 742 popqu

1874 770 2050 809 annos
2092 764 2300 825 septem
2336 758 2567 827 praefuit.
2600 758 2652 815 ls
2692 760 3137 814 Adonibezecum
3180 759 3448 815 barbaro-

1875 861 1994 900 rum
2026 862 2209 917 regem
2241 849 2295 903 in
2326 864 2481 904 suam
2519 858 2845 919 potestatem
2881 852 3110 918 redegit,
3142 850 3306 920 eique
3338 866 3453 904 ma-

1876 955 2045 993 nuum
2078 956 2142 994 ac
2179 941 2381 1011 pedum
2431 944 2800 1001 extremitates
2831 946 3102 1015 praecidit.
3136 945 3273 999 Tum
3309 945 3456 1007 Ado-

1875 1031 2206 1088 nibezecus:
2243 1052 2261 1085 ι
2300 1032 2710 1105 Septuaginta,»
2741 1037 2919 1106 inquit
2942 1039 3008 1101 ",
3042 1057 3060 1089 ι
3084 1053 3238 1107 reges
3264 1037 3452 1102 habui,

1874 1124 1970 1194 qui
2000 1125 2246 1194 praecisis
2276 1142 2306 1180 a
2341 1142 2427 1181 me
2455 1142 2712 1181 manuum
2746 1136 2800 1183 et
2842 1127 3041 1199 pedum
3087 1129 3453 1183 extremitati-

1875 1217 1979 1272 bus
2011 1216 2113 1271 sub
2144 1233 2331 1275 mensa
2362 1234 2481 1274 mea
2517 1220 2765 1275 ciborum
2805 1221 3062 1292 reliquias
3100 1220 3452 1292 colligebant.

1878 1309 2031 1363 Sicut
2062 1323 2192 1378 ergo
2229 1309 2357 1379 feci,
2382 1312 2463 1365 sic
2492 1312 2621 1366 mihi
2661 1312 2925 1366 Dominus
2948 1312 3226 1367 retribuit.
3253 1330 3273 1364 ι
3309 1309 3454 1366 Suc-

1876 1399 2043 1453 cessit
2082 1397 2237 1455 Judte
2280 1400 2592 1471 Gothoniel,
2638 1403 2767 1457 huic
2800 1404 3007 1459 Aodus.
3061 1404 3195 1458 Post
3236 1402 3451 1458 Aodum

1876 1490 2136 1559 Samegar
2170 1494 2516 1561 septennium
2554 1493 2763 1559 judicis
2799 1494 2976 1550 officio
3015 1493 3237 1551 functus
3266 1509 3373 1551 es:.
3404 1494 3455 1550 ls

1878 1583 1945 1637 de
1976 1582 2229 1636 barbaris
2259 1598 2370 1637 uno
2402 1584 2489 1638 die
2530 1583 2634 1638 600
2663 1586 2810 1641 viros
2846 1587 2987 1641 stiva
3020 1587 3187 1641 aratri
3226 1587 3450 1642 occidit.

1879 1672 2161 1728 Successit
2202 1673 2330 1728 huic
2377 1674 2635 1741 Baracus,
2688 1679 2897 1747 collega
2940 1678 3149 1734 Debora
3203 1679 3451 1733 fatidica.

1879 1766 2082 1820 Horum
2113 1776 2271 1821 atate
2314 1766 2675 1823 Prometheus
2707 1779 2762 1823 et
2790 1770 3043 1837 Orpheus
3060 1768 3266 1835 Thrax,
3300 1771 3455 1825 Grat-

1875 1872 2064 1911 corum
2100 1859 2512 1926 sapientissimi,
2536 1858 2649 1929 96
2678 1868 2791 1912 tum
2829 1860 3177 1931 ASsculapius
3208 1860 3456 1915 medicus

1875 1949 2269 2019 Lycurgusque
2305 1949 2606 2018 Spartanus
2642 1952 2734 2020 qui
2775 1950 2979 2004 Graecis
3009 1952 3152 2019 leges
3184 1951 3454 2019 condidit,

1875 2040 2254 2094 innotuerunt.
2288 2038 2418 2093 Post
2450 2038 2715 2091 Baracum
2752 2038 2957 2108 judicis
3000 2056 3201 2094 munus
3232 2056 3329 2110 per
3356 2055 3423 2094 an

1876 2148 1976 2187 nos
2002 2133 2071 2186 40
2103 2132 2275 2187 obivit
2299 2131 2545 2199 Gedeon,
2584 2134 2674 2201 qui
2706 2140 2759 2187 et
2780 2130 3105 2187 Jerobaalus
3129 2144 3451 2204 usurpatur,

1874 2226 1966 2295 qui
2005 2224 2257 2278 Madiami
2292 2234 2507 2293 gentem
2541 2232 2911 2279 trecentorum
2936 2226 3205 2291 virorum,
3242 2226 3359 2295 qui,
3392 2232 3454 2280 ut

1874 2319 2113 2381 dicetur,
2148 2332 2343 2387 aquam
2374 2315 2665 2370 lambendo
2705 2315 2901 2371 delecti
2936 2296 3173 2383 fuerant,
3204 2318 3451 2371 exercitu

1875 2410 2052 2467 fretus
2084 2410 2244 2474 fudit,
2281 2409 2510 2479 ejusque
2539 2410 2813 2479 principes
2842 2409 3019 2479 spinis
3052 2410 3364 2463 triturantis
3394 2409 3451 2465 in

1874 2519 2080 2558 morem
2110 2502 2373 2557 concidit.
2410 2502 2546 2556 lluie
2579 2502 2723 2557 illius
2750 2502 3140 2557 Abimelechus
3184 2503 3455 2557 successit

1872 2609 1936 2649 ac
1970 2594 2267 2649 triennium
2308 2592 2544 2663 praefuit.
2578 2590 2628 2648 Is
2661 2591 2862 2647 fratres
2902 2607 3055 2657 suos,
3099 2593 3304 2648 liberos
3349 2593 3451 2647 ho-
3504 2582 3505 2585 “

1872 2686 2070 2747 mines,
2105 2699 2331 2739 numero
2366 2683 2449 2745 70,
2490 2697 2656 2751 super
2692 2696 2801 2736 uno
2830 2697 2966 2738 saxo
2995 2697 3188 2738 omnes
3222 2683 3451 2738 interfe-

1871 2775 1983 2838 cit;
2046 2789 2224 2843 neque
2278 2773 2509 2826 fratrum
2562 2772 2857 2842 quisquam
2918 2770 3194 2842 superfuit
3254 2782 3454 2842 praeter

1870 2881 2040 2920 unum
2084 2863 2411 2920 Joathanum
2457 2872 2589 2917 natu
2639 2863 2951 2926 minimum,
2995 2864 3088 2931 qui
3140 2877 3452 2919 conscenso

1869 2964 2055 3012 monte
2083 2956 2359 3011 Sicemitis
2388 2955 2701 3025 parabolam
2734 2954 2802 3009 de
2825 2953 3121 3009 arboribus
3144 2955 3286 3015 olea.
3318 2953 3449 3023 ficu,

1870 3050 1980 3105 vite
2015 3060 2069 3105 et
2092 3049 2324 3103 rhamno
2355 3047 2640 3113 narravit;
2670 3046 2830 3116 cujus
2862 3046 3061 3100 fabula:
3088 3061 3202 3101 rem
3230 3060 3292 3100 ea
3327 3061 3450 3115 quae

1790 3162 1834 3219 ο
1871 3142 2005 3212 ipsis
2040 3150 2344 3197 evenerunt
2383 3140 2836 3210 comprobavere.
2888 3137 3121 3208 Reliqua
3155 3137 3222 3193 de
3248 3137 3450 3209 judici-

1873 3235 2000 3294 bus,
2027 3234 2081 3287 in
2119 3247 2413 3301 progressu
2448 3232 2714 3286 invenies.

1944 3324 2113 3377 Porro
2151 3323 2431 3378 sciendum
2467 3330 2573 3383 est.
2608 3324 2684 3376 ait
2722 3323 2957 3379 celebris
2990 3323 3080 3378 ille
3112 3322 3452 3393 Chrysosto-

1871 3432 2015 3481 mus,
2050 3416 2323 3486 parabolas
2362 3416 2629 3470 vocabulo
2675 3416 2862 3485 plures
2894 3431 2983 3469 res
3011 3415 3279 3470 denotari.
3311 3413 3448 3467 Nam

1871 3516 1925 3563 et
1949 3524 2255 3563 sermonem
2292 3508 2565 3577 significat
2590 3518 2643 3562 et
2665 3508 2972 3576 exemplum
2993 3516 3047 3562 et
3069 3506 3448 3576 opprobrium,

1874 3609 2067 3655 utcum
2086 3599 2253 3654 David
2277 3598 2681 3653 ait'°:«Fecisti
2708 3613 2809 3654 nos
2833 3599 3147 3668 parabolam
3172 3598 3448 3666 gentibus.

1872 3698 1932 3745 ut
1961 3692 2145 3761 populi
2186 3692 2367 3760 capita
2414 3698 2670 3745 moveant
2703 3691 2865 3744 nobis
2909 3689 3068 3744 visis.
3104 3707 3123 3740 ι
3158 3688 3254 3744 Est
3283 3688 3449 3744 etiam

1873 3783 2130 3853 parabola
2158 3783 2337 3838 oratio
2366 3797 2474 3852 qua
2526 3781 2729 3851 aliquid
2759 3797 2854 3851 per
2883 3781 3141 3850 ambages
3182 3781 3449 3845 innuitur,

1873 3875 2017 3944 quod
2051 3890 2218 3943 genus
2265 3874 2420 3927 multi
2453 3874 2811 3942 quaestionem
2841 3874 3157 3942 appellant;
3180 3886 3304 3926 cum
3327 3887 3452 3926 ver-

1873 3968 1924 4023 bi
1961 3966 2138 4037 gratia
2195 3964 2538 4035 significatur
2580 3962 2805 4032 aliquid,
2828 3980 2936 4017 non
2968 3962 3152 4015 statim
3184 3968 3364 4015 autem
3384 3974 3450 4013 ex

1874 4059 2054 4114 verbis
2104 4058 2329 4113 evidens
2371 4064 2477 4119 est,
2530 4056 2622 4112 sed
2674 4057 2823 4110 intus
2875 4053 3220 4109 reconditum
3287 4050 3451 4105 habet

1876 4166 2120 4206 sensum.
2158 4150 2230 4205 Ut
2251 4164 2375 4203 cum
2399 4148 2629 4202 SamSun
2657 4147 2861 4201 dixit“
2890 4164 2903 4199 :
2944 4164 2962 4197 ι
3000 4147 3080 4199 Ab
3104 4159 3199 4198 ore
3231 4142 3451 4197 voracis

1874 4244 2029 4296 cibus
2058 4240 2191 4295 exiit
2227 4246 2282 4293 et
2304 4238 2533 4292 dulcedo
2551 4253 2580 4291 a
2599 4237 2831 4290 valido.»
2856 4234 2929 4290 De
2948 4235 3137 4289 eodem
3169 4233 3281 4287 haec
3296 4231 3457 4285 Solo-

1873 4328 2052 4383 monis
2073 4336 2200 4381 sunt
2218 4325 2381 4381 verba
2401 4326 2446 4359 ²¹
2472 4342 2486 4378 :
2517 4344 2535 4375 ι
2562 4324 2714 4379 Tunc
2740 4323 3053 4392 parobolam
3089 4320 3362 4390 intelliges
3396 4328 3457 4373 et

1873 4422 2169 4475 obscurum
2190 4431 2520 4472 sermonem.
2551 4435 2569 4468 ι
2597 4416 2995 4469 Diciturautem
3014 4412 3269 4481 parabola
3282 4412 3447 4467 etiam

171 4508 317 4559 ἐστὶν
344 4509 378 4575 ἡ
402 4505 652 4575 βασιλεία
674 4507 782 4559 τῶν
800 4508 1042 4577 οὐρανῶν
1059 4508 1333 4580 ἀνθρώπῳ
1356 4512 1631 4582 σπείροντι
1653 4532 1755 4568 κα-

1870 4512 2181 4568 similitudo.
2216 4508 2368 4564 Unde
2398 4509 2510 4580 97
2541 4509 2656 4563 haec
2696 4526 2715 4560 ι
2740 4507 2918 4560 Aliam
2948 4520 3111 4576 porro
3145 4504 3226 4559 eis
3288 4518 3455 4572 para-

171 4599 257 4651 ὶδν
289 4600 523 4668 σπέρμα
551 4600 608 4651 ἐν
633 4598 709 4666 τῷ
735 4600 892 4669 ἀγρῷ
922 4600 1110 4654 αὑτοῦ.
1137 4621 1155 4653 ι
1191 4603 1301 4655 Καὶ
1320 4603 1601 4675 παραϐολὴ
1614 4606 1771 4672 λέγε-

169 4708 253 4741 ται
289 4692 321 4759 ἡ
347 4689 707 4759 τροπολογία,
728 4685 839 4743 οἶόν
868 4692 983 4745 ἔστι
1017 4691 1101 4758 τὸ,
1128 4712 1147 4744 ι
1175 4693 1270 4746 Υἱὲ
1286 4693 1596 4764 ἀνθρώπου,
1614 4694 1768 4751 εἶπον

169 4782 352 4845 αὐτοῖς
369 4782 477 4851 τὴν
512 4782 827 4852 παραϐολὴν
853 4783 1078 4853 ταύτην,
1125 4785 1182 4838 '0
1206 4786 1364 4849 ἀετὸς
1381 4789 1408 4839 6
1431 4789 1766 4856 μεγαλοπτέ-

170 4891 358 4942 ρνγος·
402 4894 423 4926 ι
464 4876 624 4927 ἀετὸν
650 4876 827 4943 λέγων
859 4879 952 4931 τὸν
984 4877 1231 4948 βασιλέα.
1264 4880 1561 4950 Παραϐολὴ
1607 4882 1765 4950 λέγε-

167 4980 251 5016 ται
290 4968 389 5017 καὶ
421 4966 451 5017 ὀ
472 4964 641 5028 τύπος
662 4967 811 5036 καὶὴ
844 4968 1035 5030 εἰκὼν,
1063 4968 1142 5031 ὡς
1181 4970 1274 5022 καὶ
1313 4972 1340 5023 6
1378 4969 1553 5040 μέγας
1608 4971 1758 5025 Παῦ-

167 5052 250 5115 λος
272 5055 407 5122 ἔφη·
443 5073 462 5105 ι
497 5055 683 5107 Πίστει
710 5059 1105 5128 προσενήνοχεν
1126 5061 1153 5111 6
1182 5059 1434 5130 Ἀϐραὰμ
1462 5060 1552 5113 τὸν
1572 5061 1758 5115 Ἰσαὰκ

167 5147 598 5215 πειραζόμενος,
635 5148 727 5198 καὶ
763 5147 855 5199 τὸν
879 5149 1143 5219 μονογενῆ
1196 5151 1538 5220 προσέφερεν
1582 5153 1610 5203 6
1658 5150 1756 5215 τὰς

166 5238 510 5305 ἐπαγγελίας
566 5238 880 5307 δεξάμενος.
944 5241 1111 5295 Ὅθεν
1186 5244 1281 5295 καὶ
1338 5244 1395 5297 ὲν
1476 5244 1755 5314 παραϐολῇ

165 5329 360 5381 τοῦτ-σν
444 5330 767 5396 ἐκομίσατο,
824 5350 844 5381 ι
906 5334 1186 5386 τουτέστιν
1238 5336 1295 5386 ὲν
1330 5336 1487 5405 τύπῳ
1536 5337 1633 5389 καὶ
1669 5337 1751 5388 εἰ·

167 5437 301 5471 κςνι.

166 5514 332 5580 νοητᾶ
383 5514 500 5572 τοῖς
535 5513 848 5580 αἰσθητοῖς,
900 5517 993 5569 καὶ
1037 5516 1320 5587 παριστῶν
1364 5521 1429 5570 ἐκ
1466 5518 1574 5570 τῶν
1594 5521 1753 5587 ἐγκο-

172 5604 342 5670 σμίων
402 5603 501 5657 καὶ
554 5605 769 5672 ὁρατῶν
826 5607 893 5659 τὰ
952 5609 1305 5680 ὑπερκόσμια
1361 5611 1454 5664 καὶ
1517 5612 1744 5681 ἀόρατα.

240 5718 281 5747 ¹⁹
301 5716 482 5771 Judic.
519 5733 558 5775 I.
584 5719 634 5769 '7.

182 5786 221 5819 “
259 5787 415 5843 Πρω.
462 5804 537 5850 λι,
579 5789 658 5840 ίῗ.

717 5720 761 5749 ’⁸
788 5717 928 5775 Psal.
952 5737 1105 5783 mu,
1146 5723 1228 5777 15.
1308 5726 1345 5756 ²¹
1368 5724 1549 5778 .ludir.
1580 5740 1691 5785 rw,
1718 5726 1801 5782 ll.

1869 4606 2050 4661 bolam
2098 4603 2403 4673 proposuit,
2446 4603 2520 4654 ita
2555 4600 2745 4655 dicens
2771 4598 2819 4632 "
2856 4615 2871 4653 :
2907 4596 3153 4666 Regnum
3179 4595 3448 4650 cmlorum

1868 4698 2047 4755 simile
2071 4704 2157 4753 est
2186 4694 2391 4750 homini
2428 4693 2578 4747 bono
2608 4691 2818 4748 semine
2839 4683 3026 4759 agrum
3061 4704 3219 4744 suum
3249 4700 3450 4742 conse-

1869 4789 2034 4843 renti.
2073 4806 2091 4839 ι
2131 4786 2460 4855 'fropologia
2482 4783 2671 4847 etiam,
2710 4796 2837 4836 cum
2865 4780 3053 4835 verbis
3084 4777 3233 4832 aliud
3275 4778 3447 4848 signi—

1870 4878 2158 4932 ficantibus
2204 4891 2292 4931 res
2335 4875 2684 4945 exprimitur,
2730 4871 3011 4943 parabolae
3044 4886 3243 4926 nomen
3281 4872 3443 4941 gerit.
3482 4882 3489 4889 "

1866 4967 1938 5024 Ut
1970 4970 2156 5025 hic“:
2196 4986 2216 5020 ‹
2261 4966 2641 5028 Filihominis,
2672 4963 2763 5019 die
2783 4963 2868 5018 eis
2897 4961 3038 5016 hanc
3076 4960 3391 5029 parabolam
3425 4976 3443 5016 :

1866 5062 2061 5129 Aquila
2111 5059 2322 5127 magnis
2364 5058 2488 5125 alis,
2523 5075 2541 5108 ι
2575 5062 2684 5111 etc.
2729 5053 2940 5124 Aquilae
2991 5052 3214 5106 nomine
3258 5065 3443 5121 regem

1866 5165 2041 5209 notat.
2083 5153 2266 5221 Imago
2310 5152 2473 5205 etiam
2513 5164 2610 5204 seu
2643 5146 2920 5215 exemplar
2954 5143 3233 5213 parabolae
3275 5157 3444 5196 voca-

1866 5243 1991 5298 bulo
2039 5241 2333 5304 indicatur,
2379 5247 2438 5293 ut
2469 5254 2592 5292 eum
2641 5235 2705 5291 D.
2730 5234 2933 5289 Paulus
2960 5233 3095 5287 dicit
3114 5232 3201 5284 ¹⁸ι
3249 5248 3270 5283 ι
3309 5230 3444 5284 Fide

1866 5332 2112 5388 lsaacum
2152 5339 2395 5385 tentatus
2440 5328 2786 5383 Abrahamus
2838 5324 3057 5389 obtulit,
3096 5321 3441 5391 unigenitum

386 5421 500 5474 Καὶ
566 5421 847 5491 παραϐολή
916 5423 1033 5477 ἔστι
1092 5424 1249 5493 λόγος
1294 5425 1753 5496 παραϐάλλωντά

1870 5439 2047 5487 suum,
2071 5431 2294 5493 accepta
2315 5422 2430 5491 jam
2464 5420 2833 5490 promissione
2860 5434 2875 5483 ;
2910 5416 3056 5471 unde
3080 5422 3134 5469 et
3158 5428 3256 5483 per
3280 5424 3441 5482 para-

1862 5518 2038 5571 bolam
2068 5531 2191 5570 eum
2224 5516 2365 5577 tulit,
2390 5532 2409 5565 ι
2441 5513 2492 5566 id
2527 5519 2634 5576 est,
2668 5520 2725 5565 ut
2747 5510 3037 5579 imaginem
3061 5512 3114 5560 et
3138 5502 3436 5571 exemplar.

1864 5608 1957 5662 Est
1984 5609 2146 5661 etiam
2191 5606 2450 5678 parabola
2494 5604 2673 5659 oratio
2698 5616 2820 5673 quae
2862 5604 3042 5654 mente
3082 5591 3433 5667 percipienda

1878 5729 1917 5756 ¹²
1952 5724 2210 5779 Proverb.
2246 5738 2281 5781 ι,
2309 5720 2362 5776 6.
2441 5722 2485 5753 ’³
2511 5718 2700 5774 Matth.
2736 5731 2853 5779 xm,
2929 5712 2977 5744 “
3002 5710 3351 5775 Ezech.xvu,
3376 5706 3430 5763 '5.
