4184 6436
700 417 797 484 EN

1955 407 2275 472 GEORGII
2317 406 2652 466 CEDRENI

3842 385 3944 452 EB

694 529 1053 587 sensibilibus
1091 535 1394 600 comparat,
1435 534 1489 583 et
1523 524 1817 581 mundanis
1853 540 1916 580 ac
1956 522 2263 580 visibilibus
2294 566 2298 577 .

2403 519 2668 590 Ιρόϐλημα
2697 515 2752 570 δέ
2785 518 2900 568 ὲστι
2922 513 3084 581 λόγος
3139 504 3600 575 συνεσκιασμένος
3656 498 3754 556 καὶ
3804 498 3942 600 σινι-

695 624 864 678 rebus
899 620 1194 676 invisibilia
1243 628 1408 690 atque
1461 633 1628 690 supra
1663 619 1809 674 hunc
1853 615 2115 671 mumlum
2160 614 2266 668 sita

697 713 925 769 indicat.
974 710 1260 767 Problema
1291 726 1419 765 vero
1453 711 1834 782 (qttmstioucm
1865 709 2056 762 Latine
2086 707 2270 760 dicere

696 801 900 872 possis)
922 803 1098 856 oratio
1128 810 1210 856 est
1235 801 1562 855 obumbrata
1583 812 1636 856 et
1663 801 2055 854 divinationem
2083 796 2270 866 requi-

697 905 849 957 rens,
877 891 1031 960 juxta
1062 892 1165 945 boc
1180 891 1226 923 “
1255 909 1267 945 ε
1297 909 1316 942 ι
1358 889 1634 946 lnclinabo
1654 905 1839 945 aurem
1876 902 2050 942 meam
2081 885 2148 939 ad
2180 899 2274 954 pa.

698 986 966 1050 rabolam,
993 984 1234 1051 aperiam
1259 985 1310 1037 in
1341 982 1602 1054 psalterio
1623 983 1985 1051 quazstionem
2020 992 2216 1032 meam.
2249 995 2267 1027 ι

699 1075 984 1129 Problema
1032 1076 1198 1131 etiam
1235 1084 1319 1130 est
1349 1075 1742 1144 contemplatio
1788 1073 1852 1126 ad
1903 1072 2272 1141 cognitionem

699 1167 930 1223 faciens.
962 1167 1284 1236 Exemplum
1338 1174 1422 1222 est
1445 1207 1460 1231 ,
1497 1166 1641 1234 quod
1675 1180 1702 1216 a
1737 1163 1998 1231 singulari
2057 1162 2122 1216 ad
2158 1160 2277 1215 uni-

705 1259 920 1312 versale
957 1259 1219 1322 adducit;
1255 1265 1351 1311 aut
1396 1272 1518 1311 cum
1565 1255 1827 1323 singulari
1867 1269 1962 1322 per
1999 1253 2278 1323 singulare

703 1353 817 1404 sive
843 1351 1018 1403 simile
1052 1350 1210 1404 fidem
1246 1349 1498 1403 facimus.
1529 1349 1798 1400 l‘armmia
1840 1361 2022 1400 sermo
2062 1353 2145 1398 es:
2181 1358 2277 1396 oc-

703 1443 904 1503 cultus,
943 1442 1036 1510 qui
1072 1441 1179 1494 alio
1210 1441 1500 1494 manifesto
1542 1439 1834 1492 indicatur.
1886 1436 2162 1504 Allegoria
2197 1443 2280 1488 cst

703 1547 822 1599 qua:
851 1532 916 1585 dc
938 1532 1191 1585 inanimis
1214 1532 1472 1594 sumitur,
1511 1541 1566 1584 ut
1592 1530 1891 1589 montibus.
1912 1527 2166 1589 collibus,
2196 1541 2281 1577 ar-

703 1621 932 1675 boribus
975 1629 1026 1675 et
1067 1620 1654 1690 cmtera.Tropol0gia,
1677 1636 1795 1690 qua:
1823 1635 1849 1672 a
1881 1618 2086 1672 nostris
2116 1631 2284 1671 mem.

704 1712 819 1768 bris
851 1715 1086 1773 ducitur,
1124 1723 1180 1765 ut
1221 1714 1420 1782 capite,
1467 1722 1526 1766 ut
1564 1713 1766 1770 oeulis.
1810 1721 1865 1763 ut
1899 1710 2165 1779 reliquis;
2218 1709 2286 1762 ab

707 1806 1089 1860 immutatione
1118 1806 1410 1859 verborum
1449 1821 1646 1860 nomen
1680 1805 1859 1860 habet.

2313 1862 2354 1916 Β

777 1939 891 2008 98
940 1937 1320 1995 Necessarium
1379 1942 1507 1995 duxi
1576 1942 1680 1996 boc
1731 1943 1850 1995 loco
1919 1941 1986 1996 de
2032 1941 2279 2008 judicum

707 2032 1091 2084 luat-litorum
1148 2035 1312 2087 rebus
1359 2033 1525 2101 gestis
1571 2033 1810 2087 breviter
1833 2048 2281 2100 commemorare,

711 2134 770 2178 ut
809 2134 859 2176 et
898 2127 1098 2192 quibus
1139 2139 1215 2178 eae
1247 2126 1480 2193 c0gnita:
1513 2137 1660 2188 sunt,
1692 2125 1744 2178 in
1779 2125 2094 2179 memoriam
2126 2139 2285 2180 revo-

711 2227 927 2278 centur,
976 2227 1026 2272 et
1055 2216 1256 2286 quibus
1289 2217 1508 2286 ignotae,
1564 2216 1671 2270 illis
1705 2217 1788 2270 vel
1837 2231 2058 2284 parvam
2097 2231 2285 2272 earum

712 2308 960 2363 notitiam
992 2307 1352 2376 praebeamus.

783 2421 996 2476 Mortuo
1055 2420 1250 2484 Josua,
1288 2420 1533 2488 quaedam
1598 2432 1784 2489 gentes
1843 2421 1908 2476 ad
1971 2421 2289 2476 tentandum

714 2515 972 2569 lsraelem
1028 2514 1232 2567 relictze
1279 2511 1521 2566 fuerunt.
1558 2513 1911 2567 Pra’novcrat
1959 2515 2103 2566 enim
2151 2513 2292 2568 Deus

714 2603 830 2659 fore
867 2613 924 2658 ut
961 2615 989 2656 a
1024 2619 1081 2658 se
1144 2603 1444 2657 deﬁcerent
1487 2618 1549 2655 ac
1582 2603 1750 2657 falsos
1801 2604 1931 2656 deos
1987 2603 2294 2671 amplecte-

714 2705 904 2751 rentur
942 2713 954 2748 :
994 2696 1179 2764 itaque
1208 2711 1304 2750 eos
1328 2696 1379 2748 in
1409 2696 1646 2748 hostium
1681 2709 1905 2748 suorum
1940 2695 2293 2760 superstitum

715 2807 912 2845 manus
959 2789 1190 2854 dedidit,
1238 2790 1330 2858 qui
1399 2803 1496 2842 eos
1547 2800 1938 2856 oppresserunt
1988 2803 2050 2840 ac
2096 2788 2299 2856 stipen-

716 2883 921 2936 diarios
974 2879 1238 2935 fecerunt.
1292 2879 1428 2932 Tum
1460 2881 1502 2911 ’⁷
1568 2880 1794 2948 angelus
1845 2879 1936 2932 Dci
1984 2880 2034 2931 iu
2078 2877 2300 2932 conval-

717 2975 858 3033 lem.
922 2974 975 3025 in
1032 2987 1196 3041 quam
1274 2971 1565 3024 universus
1627 2969 1860 3038 p0pulus
1933 2978 2298 3031 convenerat,

719 3064 1028 3124 descendit.
1094 3063 1251 3132 eique
1301 3075 1456 3116 suam
1519 3059 1877 3114 defectionem
1929 3059 2300 3127 exprobravit,

722 3159 977 3212 indicans
1029 3171 1149 3209 eam
1185 3155 1357 3209 fuisse
1405 3167 1629 3206 causam
1679 3168 1776 3206 cur
1838 3150 2088 3205 barbaris
2135 3150 2305 3205 dede-

728 3259 942 3304 rentur.
1005 3247 1215 3302 Fletum
1266 3246 1338 3300 ibi
1393 3245 1686 3299 universus
1746 3245 1983 3313 papulus
2056 3243 2301 3308 sustulit,

725 3343 940 3397 homini
989 3339 1375 3395 beneficiorum
1407 3346 1461 3392 et
1503 3336 1788 3405 praesentis
1837 3336 2071 3390 miseriae
2103 3350 2308 3388 memo-

722 3438 824 3488 ria.
866 3436 1051 3502 Itaque
1105 3433 1155 3486 ei
1208 3431 1327 3484 loco
1359 3444 1559 3483 nomen
1606 3426 1773 3481 Vallis
1822 3426 1982 3480 fletus
2046 3425 2304 3479 inditum.

724 3527 878 3594 Quod
908 3526 1050 3578 enim
1092 3523 1379 3578 Israelicus
1426 3520 1662 3590 populus
1700 3527 1892 3587 gentes
1944 3532 2082 3586 quas
2141 3516 2306 3570 deleri

720 3620 961 3689 jusserat
1020 3615 1160 3670 Deus
1227 3629 1337 3669 non
1387 3612 1687 3675 exciderat,
1742 3610 1836 3664 sed
1903 3623 2066 3678 opera
2119 3622 2306 3661 eorum

726 3710 1033 3768 liidit‘iSSCl,
1069 3707 1136 3761 iis
1169 3721 1225 3759 se
1251 3702 1659 3774 permiscuisset
1688 3711 1849 3770 atque
1879 3702 2088 3766 sculpta
2119 3715 2307 3753 eorum

728 3803 1020 3859 simulacra
1055 3800 1202 3853 culttt
1238 3799 1497 3866 dignatus
1537 3805 1704 3848 esset.
1740 3795 1860 3846 ideo
1899 3795 1949 3845 in
1989 3801 2308 3860 potestatem

731 3892 1092 3946 barbarorum
1144 3897 1263 3944 erat
1300 3887 1538 3941 deditus.
1587 3885 1724 3938 Deus
1757 3894 1938 3937 tamen
1985 3900 2084 3937 sua
2132 3892 2311 3937 motus

732 3985 1072 4037 humanitate
1117 3996 1242 4035 eum
1319 3979 1610 4032 miseratus
1669 3985 1774 4035 est,
1832 3975 2199 4043 excitavitque
2260 3976 2308 4028 ei

733 4075 970 4141 primum
1047 4071 1287 4140 judicent
1373 4065 1757 4122 Gotlmniclum
1853 4065 2074 4118 Chalcbi
2152 4081 2313 4133 gene-

733 4181 854 4219 rum
887 4162 960 4216 ’⁸.
999 4165 1049 4216 ls
1114 4160 1387 4216 Chalebus
1454 4174 1577 4211 cum
1631 4171 1805 4209 annos
1870 4156 1969 4209 107'
2042 4154 2309 4214 vixisset.

730 4257 942 4310 viribus
973 4253 1139 4308 veluti
1175 4252 1496 4307 adolescens
1526 4250 1756 4319 integris
1795 4248 1849 4300 in
1880 4248 2020 4301 bello
2051 4247 2312 4301 versaba-

730 4355 839 4402 i'ur.
871 4344 1233 4398 Gotlioniclus
1281 4351 1463 4396 autem
1507 4341 1704 4394 robore
1749 4339 2012 4392 divinitus
2051 4337 2312 4406 praeditus

733 4451 912 4505 regem
951 4433 1124 4504 Syria:
1146 4432 1301 4488 clade
1330 4431 1532 4497 aliecit,
1565 4444 1864 4498 pacemque
1904 4431 2017 4482 suis
2049 4430 2309 4492 restituit,

2371 587 2687 680 γματώδης,
2710 608 2850 661 κατὰ
2872 606 2930 658 τὸ
2961 603 3249 674 εἰρημένον
3267 615 3281 630 ·
3315 619 3334 650 ι
3374 593 3556 652 Κλινῶ
3585 596 3666 656 εἰς
3703 587 3952 659 παραδο-

2373 703 2537 772 6ολὴν
2558 703 2618 754 τὸ
2641 696 2732 763 οὖς
2769 715 2893 766 μου,
2941 695 3140 760 ἁνοίξω
3169 695 3228 745 ὲν
3253 688 3542 761 ψαλτηρίῳ
3573 685 3635 738 τὸ
3658 680 3958 772 πρόϐλημά

2377 769 2504 864 μουξ
2543 813 2561 844 ι
2628 787 2933 860 Πρόδλημά
2973 787 3093 838 ἐστι
3149 781 3414 852 θεώρημα
3494 776 3766 829 συντεῖνον
3807 769 3958 864 πρὸς

2376 860 2616 952 θεωρίαν
2651 883 2746 937 uel.
2791 879 3018 948 γνῶσιν.
3074 874 3436 946 Παράδειγμα
3458 870 3519 924 δέ,
3550 869 3698 922 ἐστιν
3725 863 3833 920 ἀπὸ
3859 860 3957 916 τοῦ

2375 976 2498 1030 καθ’
2529 974 2759 1027 ἕκαστον
2787 972 2918 1039 ἆγον
2974 973 3070 1023 ἐπὶ
3129 970 3191 1020 τὸ
3249 963 3503 1028 καθόλου,
3555 961 3588 1031 ἢ
3646 959 3810 1026 δεῖξις
3865 972 3961 1006 πι-

2380 1067 2648 1136 στουμένη
2744 1065 2805 1118 τὸ
2869 1060 3093 1135 μερικὸν
3155 1058 3244 1112 διὰ
3305 1054 3533 1126 μερικοῦ
3584 1052 3679 1106 καὶ
3713 1047 3958 1119 -ὀμοίου.

2380 1157 2656 1228 Παροιμία
2688 1156 2733 1208 δ’
2766 1155 2881 1208 ἐστὶ
2911 1153 3068 1221 λόγος
3097 1149 3418 1220 άπόκρυφος
3476 1143 3546 1198 δι’
3579 1142 3767 1212 ἐτέρου
3827 1153 3963 1207 προ-

2381 1251 2541 1321 δήλου
2573 1247 2996 1317 σημαινόμενος.
3052 1239 3381 1310 Ἀλληγορία
3407 1237 3451 1290 δ’
3482 1237 3630 1288 ἐστὶν
3665 1235 3697 1301 ὴ
3731 1228 3826 1284 ἐπὶ
3851 1230 3965 1321 τῶν

2383 1319 2627 1412 ἀψύχων,
2651 1335 2762 1391 οἷον
2785 1337 2958 1407 ὀρέων
2987 1333 3081 1388 καὶ
3101 1331 3326 1404 βουνῶν,
3356 1329 3444 1401 [Ρ.
3487 1326 3580 1398 55]
3603 1324 3836 1394 δένδρων
3858 1319 3960 1374 καὶ

2383 1431 2612 1484 λοιπῶν.
2643 1425 2988 1500 Τροπολογία
3015 1425 3059 1479 δ’
3091 1425 3240 1477 ἐστὶν
3293 1424 3326 1492 ἡ
3374 1419 3468 1474 ἐπὶ
3529 1418 3639 1472 τῶν
3679 1416 3972 1486 ἡμετέρων

2389 1525 2586 1596 μελῶν,
2609 1520 2720 1577 οἷον
2743 1521 2987 1590 κεφαλῆς
3010 1519 3304 1587 ὀφθαλμῶν
3327 1515 3546 1573 καὶτῶν
3572 1512 3774 1567 λοιπῶν
3793 1527 3808 1544 ο
3835 1526 3968 1579 τρο-

2391 1617 2620 1684 mlo-{Ea
2650 1615 2707 1668 δὲ
2735 1615 2841 1667 ἀπὸ
2863 1613 2958 1666 τοῦ
2982 1610 3280 1682 τρέπεσθαι
3304 1611 3543 1678 λέγεται.
3565 1603 3843 1660 Ἐντεῦθεν
3863 1601 3970 1671 ὅρα

2393 1723 2482 1776 μοι
2505 1704 2603 1768 τὰς
2621 1702 2850 1774 πράξεις
2891 1699 3000 1753 τῶν
3033 1697 3258 1770 κριτῶν.

2469 1935 2791 2002 Ἀναγκαῖον
2827 1932 2885 1985 δὲ
2917 1927 3249 2000 ἡγησάμεθα
3281 1927 3376 1980 καὶ
3406 1924 3532 1993 περ)⁴
3571 1922 3670 1992 τῆς
3704 1920 3812 1972 τῶν
3843 1935 3973 1989 κρι-

2386 2029 2498 2082 τῶν
2521 2025 2614 2079 τοῦ
2649 2025 2862 2094 Ἰσραὴλ
2887 2020 3138 2092 πράξεως
3166 2022 3224 2074 ὲν
3265 2018 3459 2087 βραχεῖ
3495 2010 3971 2081 ἐπισημήνασθαι,

2389 2121 2478 2172 ἴνα
2531 2119 2656 2180 τοὺς
2697 2117 2792 2184 μὲν
2837 2114 3045 2176 εἰδότας
3082 2114 3164 2175 εἰς
3219 2110 3528 2177 ἀνάμνησιν
3577 2103 3973 2172 ἀναγάγωμεν,

2390 2213 2504 2274 τοῖς
2534 2209 2590 2262 δὲ
2613 2208 2866 2276 ἀγνοοῦσι
2899 2205 3100 2277 μικράν
3131 2220 3250 2256 τινα
3287 2201 3492 2271 εἴδησιν
3522 2196 3768 2251 ἐντεῦθεν
3796 2193 3979 2265 παρά-

2393 2315 2631 2371 σχωμεν.

2463 2411 2617 2466 Μετὰ
2647 2407 2908 2478 τελευτὴν
2953 2406 3127 2476 Ἰησοῦ
3177 2405 3614 2474 κατελείφθησαν
3651 2403 3781 2470 ἔθνη
3837 2401 3983 2472 πρὸς

2394 2504 2455 2557 τὸ
2509 2503 2765 2573 πειράσαι
2825 2500 2916 2554 τὸν
2975 2498 3229 2570 Ἰσραήλ·
3283 2497 3404 2568 θείᾳ
3457 2498 3565 2567 γὰρ
3615 2495 3918 2566 προγνώσει
3953 2495 3984 2546 6

2396 2594 2528 2656 Θεὸς
2560 2594 2660 2660 ήδη
2691 2593 2789 2659 τὴν
2819 2590 3157 2643 ἀποστασίαν
3179 2587 3378 2652 αὐτῶν,
3407 2587 3487 2640 ὅτι
3515 2587 3983 2655 προστεθήσονται

2395 2689 2510 2748 τοῖς
2563 2683 2824 2747 εἰδώλοις,
2887 2681 2981 2735 καὶ
3017 2679 3227 2746 ἐξέδοτο
3294 2681 3491 2741 αὐτοὺς
3519 2681 3597 2740 εἰς
3654 2680 3836 2747 χεῖρας
3867 2677 3984 2728 τῶν

2401 2775 2609 2844 ἐχθρῶν
2638 2773 2818 2825 αὐτῶν
2848 2772 2957 2824 τῶν
2998 2769 3495 2838 καταλειφθέντων,
3540 2769 3634 2821 καὶ
3680 2769 3988 2821 ἐταπείνωο

2404 2885 2501 2921 σαν
2535 2867 2629 2922 καὶ
2686 2863 3049 2935 ὲφορολόγουν
3115 2861 3332 2923 αὐτούς.
3363 2861 3616 2930 Κατῆλθε
3644 2861 3701 2914 δὲ
3749 2860 3987 2927 ἄγγελος

2403 2960 2609 3029 Κυρίου
2647 2960 2727 3021 εἰς
2753 2957 2852 3028 τὴν
2885 2955 3107 3008 κοιλάδα
3133 2955 3225 3007 καὶ
3256 2955 3364 3016 πᾶς
3417 2952 3633 3022 Ἰσραήλ
3655 2969 3666 2981 ·
3701 2953 3795 3004 καὶ
3818 2952 3992 3022 ἧλεγ-

2406 3053 2494 3117 ξεν
2534 3049 2732 3110 αὐτοὺς
2771 3050 2798 3100 6
2826 3046 3058 3114 ἄγγελος
3105 3046 3233 3114 περὶ
3267 3043 3366 3113 τῆς
3401 3043 3737 3105 ἀποστασίας
3781 3042 3991 3106 αὐτῶν,

2408 3143 2615 3196 κα“ιὸτι
2650 3141 2736 3193 διὰ
2790 3137 2944 3190 τοῦτο
3001 3137 3377 3207 παρεδόθησαν
3442 3137 3556 3197 τοῖς
3616 3134 3814 3186 ἔθνεσι.
3874 3135 3996 3186 Καὶ

2409 3233 2640 3284 ἔκλαυσε
2690 3231 2798 3292 πΞς
2849 3231 2877 3282 6
2928 3228 3076 3292 λαὸς,
3142 3227 3472 3297 μνησθέντες
3511 3227 3615 3278 τῶν
3655 3225 3995 3294 εὐεργεσιῶν

2407 3323 2612 3394 Κυρίου
2635 3321 2730 3375 καὶ
2763 3321 2862 3387 τῆς
2889 3321 3251 3388 ἐνισταμένης
3281 3317 3575 3378 κακώσεως
3607 3317 3802 3369 αὐτῶν.
3827 3317 3999 3371 Ὅθεν

2409 3413 2611 3482 ἐκλήθη
2633 3414 2661 3465 6
2689 3412 2850 3473 τόπος
2893 3413 3101 3473 ἐκεῖνος
3134 3409 3320 3472 κοιλὰς
3349 3409 3728 3476 κλαυθμῶνοςο
3767 3409 3854 3461 διὰ
3878 3410 3998 3478 γὰρ

2407 3507 2468 3559 τὸ
2494 3506 2566 3575 μὴ
2600 3501 2977 3569 ἐξολοθρεῦσαι
3009 3501 3100 3553 τὸν
3140 3500 3358 3571 Ἰσραὴλ
3393 3501 3458 3551 τά
3491 3499 3617 3568 ἔθνη
3647 3499 3682 3551 6t
3717 3495 3836 3551 εἷπε
3868 3499 3997 3551 Κύ-

2413 3613 2524 3666 ριος
2553 3596 2756 3657 αὐτοῖς,
2784 3593 2918 3644 ἀλλὰ
2947 3592 3038 3642 καὶ
3079 3589 3272 3658 μαθεῖν
3306 3592 3372 3640 τα
3407 3589 3542 3658 ἔργα
3567 3587 3746 3638 αὐτῶν
3783 3591 3871 3638 καὶ
3899 3605 4002 3654 μιο

2411 3687 2571 3756 γῆναι
2621 3685 2806 3746 αὐτοῖς
2846 3686 2940 3735 καὶ
2996 3681 3280 3734 δουλεῦσαι
3333 3683 3443 3737 τοῖς
3495 3679 3750 3746 γλυπτοῖς
3787 3679 3999 3742 αὐτῶν,

2410 3780 2496 3831 δια
2523 3777 2683 3830 τοῦτο
2711 3775 3092 3847 παρεδόθησαν
3146 3775 3223 3834 εἰς
3263 3774 3449 3842 χεῖρας
3505 3772 3612 3824 τῶν
3656 3771 4001 3838 ἀλλοφύλων.

2413 3871 2490 3939 Τῇ
2523 3870 2698 3938 οἰκεία
2727 3869 2782 3920 δὲ
2811 3865 3194 3936 φιλανθρωπία
3222 3862 3535 3931 κινούμενος
3577 3864 3603 3914 6
3634 3862 3765 3922 Θεὸς
3793 3862 4004 3930 (iurai-

2416 3983 2547 4037 ρησε
2583 3963 2673 4016 τὸν
2720 3961 2957 4031 Ἰσραὴλ,
2985 3960 3082 4011 καὶ
3113 3959 3409 4022 ἀνέστησεν
3440 3954 3588 4022 αὑτῷ
3623 3951 3838 4021 πρῶτον
3870 3969 4008 4018 κρι-

2412 4061 2509 4126 τὴν
2543 4057 2634 4108 τὸν
2682 4053 2976 4123 Γοθονιὴλ,
3018 4050 3269 4119 γαμϐρὸν
3319 4049 3445 4100 ὄντα
3484 4046 3576 4099 τοῦ
3608 4045 3805 4108 Χάλεϐ,
3844 4046 4006 4106 ὅστις

2412 4147 2594 4201 Χαλεϐ
2624 4147 2794 4213 ζήσας
2853 4145 2949 4212 ἔτη
2993 4142 3069 4212 ρξ’
3100 4144 3155 4192 ὲν
3193 4139 3422 4208 δυνάμει
3463 4138 3537 4199 ὡς
3567 4139 3781 4194 νεανίας
3808 4136 4010 4202 εἰσήρ-

2414 4256 2538 4309 χετο
2564 4239 2658 4290 καὶ
2685 4238 2945 4306 ἐξήρχετο
2978 4236 3032 4284 ἐν
3056 4232 3132 4300 τῷ
3162 4233 3406 4300 πολέμῳ.
3446 4230 3554 4282 Καὶ
3606 4228 3854 4294 ἐνίσχυσε
3883 4226 4013 4278 K6-

2417 4348 2528 4401 ριος
2561 4331 2652 4382 τὸν
2682 4325 2963 4394 Γοθονιὴλ,
3002 4325 3096 4376 καὶ
3122 4322 3212 4375 τὸν
3238 4321 3462 4392 βασιλέα
3486 4317 3690 4386 Συρίας
3727 4315 4009 4379 ἐπάταξε.

2417 4425 2525 4478 Καὶ
2572 4423 2887 4491 εἰρήνενσεν
2936 4420 2970 4487 ἡ
3025 4417 3098 4485 γῆ
3131 4417 3236 4477 ἕως
3273 4416 3370 4482 τῆς
3401 4411 3548 4480 ζωῆς
3582 4408 3747 4461 αὐτοῦ
3794 4406 3886 4475 ἔτη
3925 4406 4011 4476 μ’.

730 4545 852 4600 quae
880 4545 1051 4584 annos
1090 4529 1160 4584 ιο
1190 4529 1425 4594 duravit,
1469 4541 1643 4596 usque
1694 4527 1761 4579 ad
1810 4525 2119 4580 Gotlionieli
2163 4541 2298 4579 mor-

2423 4517 2532 4569 Καὶ
2554 4515 2716 4567 πάλιν
2753 4512 2968 4581 ἀπέστη
2998 4507 3216 4577 Ἰσραὴλ
3248 4507 3355 4558 ἀπὸ
3386 4503 3612 4572 Κυρίου,
3644 4501 3736 4554 καὶ
3767 4500 4015 4568 ἐπήγει-

730 4629 862 4674 tem.
933 4620 1170 4675 Rursum
1248 4619 1374 4674 inde
1432 4633 1462 4672 a
1538 4617 1768 4671 Domino
1835 4617 2152 4671 defecerunt
2204 4615 2316 4684 99

733 4711 1020 4775 lsraelici;
1077 4710 1236 4780 isque
1306 4710 1386 4763 eis
1438 4707 1698 4778 Eglonetn
1757 4703 2068 4758 Moabicum
2132 4719 2313 4774 regem

732 4801 986 4863 immisit,
1041 4800 1134 4869 qui
1183 4815 1281 4866 per
1341 4813 1516 4853 annos
1563 4796 1629 4851 l8
1680 4797 1938 4866 pOpttlum
1993 4796 2314 4851 lsraelicum

733 4895 998 4949 servitute
1045 4895 1268 4962 pressit.
1321 4891 1510 4946 Denuo
1551 4890 1736 4958 itaque
1778 4887 2040 4940 auxilium
2080 4887 2171 4940 Dei
2212 4902 2313 4956 op-

735 4985 915 5052 pressi
951 4985 1358 5054 implorarunt;
1391 4982 1481 5050 qui
1515 4980 1597 5036 eis
1621 4979 1861 5048 judicem
1891 4976 2037 5032 dedit
2074 4977 2309 5039 Aodum,

735 5077 914 5131 virum
955 5076 1378 5131 ambidevtrum.
1425 5066 1830 5144 ls'praeclarum
1884 5085 2052 5126 ausus
2101 5069 2313 5123 facinus

737 5166 993 5237 Eglonem
1047 5168 1192 5221 domi
1228 5183 1342 5220 sum
1392 5164 1516 5218 dolo
1567 5163 1870 5226 interfecit,
1925 5161 2159 5231 fugaque
2202 5162 2314 5216 ela-

741 5271 922 5326 psus,
990 5254 1278 5309 confestim
1329 5254 1587 5308 lsraelico
1653 5251 1900 5306 exercitu
1981 5258 2314 5320 assumpto,

743 5362 937 5416 magna
996 5345 1262 5402 Moabitas
1317 5346 1475 5400 clade
1538 5343 1740 5399 aﬂecit.
1804 5343 2000 5398 Postea
2036 5343 2196 5397 annis
2250 5344 2320 5397 80

741 5437 947 5493 Judaeis
1000 5439 1184 5508 quieta
1228 5441 1407 5492 omnia
1458 5437 1699 5492 fuerunt.
1753 5436 1866 5490 Sub
1917 5436 2040 5506 ejus
2092 5445 2320 5492 mortem

747 5545 869 5585 Cum
906 5532 1140 5600 populus
1188 5531 1486 5586 lsraelicus
1525 5547 1722 5586 rursus
1769 5545 1799 5584 a
1835 5529 1943 5584 Deo
1982 5531 2324 5592 descivisset,

750 5637 842 5692 per
867 5638 1042 5679 annos
1065 5624 1136 5678 9.0
1165 5638 1289 5678 eum
1319 5623 1504 5678 Sisera
1531 5621 1713 5677 .Iabini
1744 5623 1890 5692 regis
1910 5622 2186 5691 copiarum
2218 5621 2328 5675 dux

821 5824 867 5857 "
908 5823 1268 5887 P-a|.vt.vm,
1296 5824 1347 5876 ες.
1429 5825 1470 5855 ³⁷
1511 5820 1691 5877 Judic.
1721 5837 1756 5877 ll
1821 5821 1864 5854 "
1905 5818 2177 5876 Judic.m.

2424 4626 2515 4679 ρεν
2550 4609 2731 4668 αὐτοῖς
2789 4603 2993 4672 Κύριος
3042 4601 3132 4652 τὸν
3175 4596 3392 4665 Ἐκλὼμ
3425 4593 3649 4665 βασιλέα
3682 4591 3874 4652 Μωὰθ,
3906 4592 4022 4644 καὶ

2418 4697 2750 4754 ἐδουλώσατο
2777 4695 2869 4747 τὸν
2909 4691 3126 4762 Ἰσραὴλ
3154 4690 3247 4759 ἐτη
3273 4695 3362 4757 ιη’.
3391 4686 3502 4740 Καὶ
3526 4684 3756 4750 ἐϐόησεν
3791 4683 3961 4735 πάλιν
3984 4686 4022 4734 ὁ

2417 4788 2544 4850 λαὸς
2578 4787 2715 4856 πρὸς
2764 4784 2990 4852 Κύριον,
3029 4781 3125 4834 καὶ
3164 4780 3365 4831 ἔδωκεν
3425 4777 3612 4836 αὐτοῖς
3662 4773 3856 4843 κριτὴν
3911 4775 4020 4824 τὸν

2429 4878 2568 4931 Ἀὼδ
2627 4877 2796 4948 ἄνδρα
2848 4871 3323 4944 ἁμφοτεροδέξιον,
3362 4869 3419 4932 ὃς
3479 4866 3758 4936 τολμήσας
3791 4866 4025 4919 ἀνεῖλεν

2418 4971 2640 5041 Ἐκλὼμ
2671 4971 2728 5022 ὲν
2759 4969 2834 5038 τῷ
2865 4968 2999 5037 οἴκῳ
3024 4965 3189 5019 αὑτοῦ
3223 4965 3376 5032 δόλῳ,
3409 4963 3501 5014 καὶ
3530 4959 3716 5029 φυγὼν
3745 4957 4024 5028 διεσώθη.

2422 5059 2833 5130 Καὶπαρευθῦς
2874 5058 3142 5128 λαμϐάνει
3184 5057 3272 5108 τὸν
3321 5052 3559 5122 Ἰσραὴλ,
3620 5054 3708 5103 καὶ
3735 5049 4028 5105 πατάσσει

2421 5160 2520 5230 τὴν
2549 5158 2723 5212 Monii}
2753 5155 3042 5224 παταγμδν
3077 5153 3273 5223 μέγαν,
3311 5148 3408 5202 καὶ
3436 5147 3699 5218 ἡσυχάζει
3753 5148 3784 5214 ἡ
3810 5147 3878 5215 γῆ
3910 5145 4027 5215 ἐτη

2421 5253 2776 5322 ὀγδοήκοντα.
2812 5252 2918 5303 Καὶ
2971 5249 3110 5320 μετὰ
3160 5245 3420 5315 τελευτὴν
3448 5243 3546 5312 τὴν
3576 5240 3741 5294 αὑτοῦ
3791 5240 4029 5310 ἀπέστη

2421 5347 2585 5398 πάλιν
2621 5347 2649 5397 6
2686 5343 2815 5406 λαὸς
2840 5384 2854 5408 ,
2916 5343 3010 5394 καὶ
3052 5340 3420 5394 ἐταπείνωσεν
3465 5335 3658 5396 αὐτοὺς
3693 5336 3720 5387 6
3758 5331 4031 5401 Σισάρῤα.

2422 5439 2451 5489 6
2479 5437 2770 5506 δυνάστης,
2803 5435 3059 5506 βασιλεὺς
3098 5432 3282 5496 Ἰα6ἰν,
3306 5430 3400 5498 ἐτη
3423 5435 3494 5497 η’.
3534 5428 3644 5480 Καὶ
3669 5425 4030 5495 προσκαλεῖ-

2426 5547 2516 5580 ται
2550 5529 2794 5599 Δεϐόρῤα
2842 5527 2875 5593 ἡ
2915 5527 3182 5596 προφῆτις
3213 5524 3304 5575 τὸν
3343 5520 3531 5590 Βαράκ
3587 5514 3676 5588 (ἦν
3709 5517 3817 5586 γὰρ
3858 5514 4028 5585 αὕτη

2430 5621 2552 5673 τότε
2584 5621 2845 5690 κρίνουσα
2883 5618 2974 5672 τὸν
3004 5616 3176 5688 λαὸν),
3212 5614 3307 5668 καὶ
3339 5610 3745 5684 συμπορεύεται
3771 5605 3887 5680 μετ’
3911 5604 4041 5662 αὑ-
