  <div class='ocr_page' id='page_1' title='image "/cluster/home/n/w/nwhite01/storage/ocr_20150623/121/nnc1.0046980032/072.png"; bbox 0 0 4184 6436; ppageno 0'>
   <div class='ocr_carea' id='block_1_1' title="bbox 178 403 2288 480">
    <p class='ocr_par' dir='ltr' id='par_1_1' title="bbox 178 403 2288 480">
     <span class='ocr_line' id='line_1_1' title="bbox 178 403 2288 480; baseline -0.004 0"><span class='ocrx_word' id='word_1_1' title='bbox 178 417 241 480; x_wconf 73' lang='lat'><strong>129</strong></span> <span class='ocrx_word' id='word_1_2' title='bbox 1171 406 1713 472; x_wconf 83' lang='lat' dir='ltr'><strong>HISTORIARUM</strong></span> <span class='ocrx_word' id='word_1_3' title='bbox 1751 403 2288 473; x_wconf 78' lang='lat' dir='ltr'><strong>COMPENDIUM.</strong></span> 
     </span>
    </p>
   </div>
   <div class='ocr_carea' id='block_1_2' title="bbox 3271 414 3374 482">
    <p class='ocr_par' dir='ltr' id='par_1_2' title="bbox 3271 414 3374 482">
     <span class='ocr_line' id='line_1_2' title="bbox 3271 414 3374 482; baseline 0 0"><span class='ocrx_word' id='word_1_4' title='bbox 3271 414 3374 482; x_wconf 86' lang='grc'>130</span> 
     </span>
    </p>
   </div>
   <div class='ocr_carea' id='block_1_3' title="bbox 173 518 1767 602">
    <p class='ocr_par' dir='ltr' id='par_1_3' title="bbox 173 518 1763 600">
     <span class='ocr_line' id='line_1_3' title="bbox 173 518 1763 600; baseline -0.007 -14"><span class='ocrx_word' id='word_1_5' title='bbox 173 532 236 586; x_wconf 76' lang='grc' dir='ltr'>τοῦ</span> <span class='ocrx_word' id='word_1_6' title='bbox 274 530 353 584; x_wconf 72' lang='grc' dir='ltr'>ἐπὶ</span> <span class='ocrx_word' id='word_1_7' title='bbox 404 528 624 600; x_wconf 87' lang='grc' dir='ltr'>Θαϐὼρ,</span> <span class='ocrx_word' id='word_1_8' title='bbox 650 529 746 582; x_wconf 73' lang='grc' dir='ltr'><strong>καὶ</strong></span> <span class='ocrx_word' id='word_1_9' title='bbox 774 527 986 583; x_wconf 87' lang='grc' dir='ltr'>δίδωσιν</span> <span class='ocrx_word' id='word_1_10' title='bbox 1011 518 1162 598; x_wconf 76' lang='grc' dir='ltr'>αῧτῷ</span> <span class='ocrx_word' id='word_1_11' title='bbox 1204 525 1401 596; x_wconf 80' lang='grc' dir='ltr'>δήλους</span> <span class='ocrx_word' id='word_1_12' title='bbox 1433 524 1572 596; x_wconf 77' lang='grc'><strong>(55),</strong></span> <span class='ocrx_word' id='word_1_13' title='bbox 1603 525 1685 577; x_wconf 84' lang='grc' dir='ltr'>ὅτι</span> <span class='ocrx_word' id='word_1_14' title='bbox 1715 527 1763 584; x_wconf 76' lang='grc' dir='ltr'><strong>Α</strong></span> 
     </span>
    </p>
   </div>
   <div class='ocr_carea' id='block_1_4' title="bbox 1797 518 3373 602">
    <p class='ocr_par' dir='ltr' id='par_1_4' title="bbox 1797 526 3373 602">
     <span class='ocr_line' id='line_1_4' title="bbox 1797 526 3373 602; baseline 0.006 -23"><span class='ocrx_word' id='word_1_15' title='bbox 1797 527 2087 595; x_wconf 72' lang='lat' dir='ltr'><strong>Oppressit.</strong></span> <span class='ocrx_word' id='word_1_16' title='bbox 2146 526 2285 581; x_wconf 87' lang='lat' dir='ltr'><strong>Tum</strong></span> <span class='ocrx_word' id='word_1_17' title='bbox 2336 527 2550 584; x_wconf 86' lang='lat' dir='ltr'><strong>Debora</strong></span> <span class='ocrx_word' id='word_1_18' title='bbox 2609 537 2782 597; x_wconf 87' lang='lat' dir='ltr'><strong>vates,</strong></span> <span class='ocrx_word' id='word_1_19' title='bbox 2833 547 2955 602; x_wconf 84' lang='lat' dir='ltr'><strong>quae</strong></span> <span class='ocrx_word' id='word_1_20' title='bbox 3002 546 3068 589; x_wconf 85' lang='lat' dir='ltr'><strong>eo</strong></span> <span class='ocrx_word' id='word_1_21' title='bbox 3125 539 3373 602; x_wconf 85' lang='lat' dir='ltr'><strong>tempore</strong></span> 
     </span>
    </p>
   </div>
   <div class='ocr_carea' id='block_1_5' title="bbox 173 614 1692 694">
    <p class='ocr_par' dir='ltr' id='par_1_5' title="bbox 173 614 1692 694">
     <span class='ocr_line' id='line_1_5' title="bbox 173 614 1692 694; baseline -0.008 -16"><span class='ocrx_word' id='word_1_22' title='bbox 173 626 274 694; x_wconf 78' lang='grc' dir='ltr'>Αὕτη</span> <span class='ocrx_word' id='word_1_23' title='bbox 290 621 465 693; x_wconf 68' lang='grc' dir='ltr'>ἡμέρα</span> <span class='ocrx_word' id='word_1_24' title='bbox 497 615 611 694; x_wconf 75' lang='grc' dir='ltr'><strong>ἐν</strong></span> <span class='ocrx_word' id='word_1_25' title='bbox 640 618 807 673; x_wconf 82' lang='grc' dir='ltr'><strong>σώσει</strong></span> <span class='ocrx_word' id='word_1_26' title='bbox 827 619 1029 690; x_wconf 79' lang='grc' dir='ltr'>Κύριος</span> <span class='ocrx_word' id='word_1_27' title='bbox 1048 617 1138 671; x_wconf 78' lang='grc' dir='ltr'><strong>τὸν</strong></span> <span class='ocrx_word' id='word_1_28' title='bbox 1170 616 1390 688; x_wconf 86' lang='grc' dir='ltr'>Ἰσραὴλ</span> <span class='ocrx_word' id='word_1_29' title='bbox 1416 618 1480 669; x_wconf 88' lang='grc' dir='ltr'><strong>ἐκ</strong></span> <span class='ocrx_word' id='word_1_30' title='bbox 1508 614 1692 686; x_wconf 81' lang='grc' dir='ltr'>χειρὸς</span> 
     </span>
    </p>
   </div>
   <div class='ocr_carea' id='block_1_6' title="bbox 172 710 1692 783">
    <p class='ocr_par' dir='ltr' id='par_1_6' title="bbox 172 710 1692 783">
     <span class='ocr_line' id='line_1_6' title="bbox 172 710 1692 783; baseline -0.007 -14"><span class='ocrx_word' id='word_1_31' title='bbox 172 715 356 783; x_wconf 72' lang='grc' dir='ltr'>Μαδιάμ.</span> <span class='ocrx_word' id='word_1_32' title='bbox 380 713 693 778; x_wconf 78' lang='grc' dir='ltr'>Κατεδίωξε</span> <span class='ocrx_word' id='word_1_33' title='bbox 721 711 780 766; x_wconf 73' lang='grc' dir='ltr'><strong>δέ</strong></span> <span class='ocrx_word' id='word_1_34' title='bbox 809 711 1000 781; x_wconf 85' lang='grc' dir='ltr'>Βαράκ</span> <span class='ocrx_word' id='word_1_35' title='bbox 1030 710 1123 763; x_wconf 86' lang='grc' dir='ltr'><strong>τὸν</strong></span> <span class='ocrx_word' id='word_1_36' title='bbox 1154 710 1421 782; x_wconf 79' lang='grc' dir='ltr'>Σισάρρα,</span> <span class='ocrx_word' id='word_1_37' title='bbox 1452 710 1546 778; x_wconf 68' lang='grc' dir='ltr'>καὶ</span> <span class='ocrx_word' id='word_1_38' title='bbox 1568 722 1692 760; x_wconf 88' lang='grc' dir='ltr'>συν-</span> 
     </span>
    </p>
   </div>
   <div class='ocr_carea' id='block_1_7' title="bbox 172 796 1693 874">
    <p class='ocr_par' dir='ltr' id='par_1_7' title="bbox 172 796 1693 874">
     <span class='ocr_line' id='line_1_7' title="bbox 172 796 1693 874; baseline -0.007 -17"><span class='ocrx_word' id='word_1_39' title='bbox 172 806 306 874; x_wconf 76' lang='grc' dir='ltr'>έτριψε</span> <span class='ocrx_word' id='word_1_40' title='bbox 337 803 405 856; x_wconf 78' lang='grc' dir='ltr'><strong>τά</strong></span> <span class='ocrx_word' id='word_1_41' title='bbox 468 801 693 873; x_wconf 76' lang='grc' dir='ltr'>ἅρματα</span> <span class='ocrx_word' id='word_1_42' title='bbox 730 799 917 853; x_wconf 79' lang='grc' dir='ltr'>αὑτοῦ.</span> <span class='ocrx_word' id='word_1_43' title='bbox 960 798 1181 869; x_wconf 85' lang='grc' dir='ltr'>Κατέϐη</span> <span class='ocrx_word' id='word_1_44' title='bbox 1212 800 1269 852; x_wconf 82' lang='grc' dir='ltr'>δὲ</span> <span class='ocrx_word' id='word_1_45' title='bbox 1326 798 1573 867; x_wconf 78' lang='grc' dir='ltr'>Σισάρῥα</span> <span class='ocrx_word' id='word_1_46' title='bbox 1628 796 1693 848; x_wconf 85' lang='grc' dir='ltr'><strong>ἐκ</strong></span> 
     </span>
    </p>
   </div>
   <div class='ocr_carea' id='block_1_8' title="bbox 172 888 1692 965">
    <p class='ocr_par' dir='ltr' id='par_1_8' title="bbox 172 888 1692 965">
     <span class='ocr_line' id='line_1_8' title="bbox 172 888 1692 965; baseline -0.007 -15"><span class='ocrx_word' id='word_1_47' title='bbox 172 898 234 950; x_wconf 77' lang='grc' dir='ltr'><strong>τοῦ</strong></span> <span class='ocrx_word' id='word_1_48' title='bbox 258 897 480 965; x_wconf 68' lang='grc' dir='ltr'>ἅρματος</span> <span class='ocrx_word' id='word_1_49' title='bbox 534 891 720 957; x_wconf 82' lang='grc' dir='ltr'>αὐτοῦ,</span> <span class='ocrx_word' id='word_1_50' title='bbox 774 893 871 946; x_wconf 69' lang='grc' dir='ltr'><strong>καὶ</strong></span> <span class='ocrx_word' id='word_1_51' title='bbox 923 891 1095 960; x_wconf 80' lang='grc' dir='ltr'>ἔφυγε</span> <span class='ocrx_word' id='word_1_52' title='bbox 1143 895 1322 963; x_wconf 81' lang='grc' dir='ltr'><strong>μόνος,</strong></span> <span class='ocrx_word' id='word_1_53' title='bbox 1350 892 1433 964; x_wconf 84' lang='grc' dir='ltr'><strong>[Ρ.</strong></span> <span class='ocrx_word' id='word_1_54' title='bbox 1461 889 1555 961; x_wconf 81' lang='grc'><strong>56]</strong></span> <span class='ocrx_word' id='word_1_55' title='bbox 1586 888 1692 952; x_wconf 74' lang='grc' dir='ltr'><strong>ἕως</strong></span> 
     </span>
    </p>
   </div>
   <div class='ocr_carea' id='block_1_9' title="bbox 171 980 1692 1055">
    <p class='ocr_par' dir='ltr' id='par_1_9' title="bbox 171 980 1692 1055">
     <span class='ocr_line' id='line_1_9' title="bbox 171 980 1692 1055; baseline -0.007 -14"><span class='ocrx_word' id='word_1_56' title='bbox 171 985 271 1041; x_wconf 78' lang='grc' dir='ltr'>εἶδεν</span> <span class='ocrx_word' id='word_1_57' title='bbox 291 986 446 1042; x_wconf 84' lang='grc' dir='ltr'>αὑτὸν</span> <span class='ocrx_word' id='word_1_58' title='bbox 506 983 653 1054; x_wconf 83' lang='grc' dir='ltr'>Ἰαὴλ</span> <span class='ocrx_word' id='word_1_59' title='bbox 690 984 824 1055; x_wconf 81' lang='grc' dir='ltr'>γυνὴ</span> <span class='ocrx_word' id='word_1_60' title='bbox 858 980 1054 1037; x_wconf 82' lang='grc' dir='ltr'>ἀστεία</span> <span class='ocrx_word' id='word_1_61' title='bbox 1074 1023 1090 1050; x_wconf 91' lang='grc'><strong>,</strong></span> <span class='ocrx_word' id='word_1_62' title='bbox 1122 984 1219 1039; x_wconf 77' lang='grc' dir='ltr'><strong>καὶ</strong></span> <span class='ocrx_word' id='word_1_63' title='bbox 1250 980 1692 1053; x_wconf 83' lang='grc' dir='ltr'><strong>προσεκαλέσατο</strong></span> 
     </span>
    </p>
   </div>
   <div class='ocr_carea' id='block_1_10' title="bbox 168 1070 1693 1143">
    <p class='ocr_par' dir='ltr' id='par_1_10' title="bbox 168 1070 1693 1143">
     <span class='ocr_line' id='line_1_10' title="bbox 168 1070 1693 1143; baseline 0.002 -14"><span class='ocrx_word' id='word_1_64' title='bbox 168 1077 286 1129; x_wconf 74' lang='grc' dir='ltr'>αὐτὸν</span> <span class='ocrx_word' id='word_1_65' title='bbox 309 1075 563 1143; x_wconf 73' lang='grc' dir='ltr'>λέγουσαο</span> <span class='ocrx_word' id='word_1_66' title='bbox 593 1094 613 1126; x_wconf 78' lang='grc' dir='ltr'><strong>ι</strong></span> <span class='ocrx_word' id='word_1_67' title='bbox 643 1072 955 1138; x_wconf 82' lang='grc' dir='ltr'>Ἐκκλινον,</span> <span class='ocrx_word' id='word_1_68' title='bbox 982 1070 1165 1143; x_wconf 82' lang='grc' dir='ltr'>κύριε,</span> <span class='ocrx_word' id='word_1_69' title='bbox 1195 1070 1332 1141; x_wconf 81' lang='grc' dir='ltr'>πρός</span> <span class='ocrx_word' id='word_1_70' title='bbox 1369 1087 1460 1141; x_wconf 84' lang='grc' dir='ltr'><strong>με,</strong></span> <span class='ocrx_word' id='word_1_71' title='bbox 1499 1070 1572 1141; x_wconf 80' lang='grc' dir='ltr'>μὴ</span> <span class='ocrx_word' id='word_1_72' title='bbox 1596 1086 1693 1139; x_wconf 84' lang='grc' dir='ltr'><strong>φο-</strong></span> 
     </span>
    </p>
   </div>
   <div class='ocr_carea' id='block_1_11' title="bbox 170 1162 1694 1236">
    <p class='ocr_par' dir='ltr' id='par_1_11' title="bbox 170 1162 1694 1236">
     <span class='ocr_line' id='line_1_11' title="bbox 170 1162 1694 1236; baseline -0.004 -15"><span class='ocrx_word' id='word_1_73' title='bbox 170 1168 238 1221; x_wconf 83' lang='grc' dir='ltr'><strong>6οὗ</strong></span> <span class='ocrx_word' id='word_1_74' title='bbox 280 1188 295 1226; x_wconf 72' lang='grc' dir='ltr'><strong><em>γ</em></strong></span> <span class='ocrx_word' id='word_1_75' title='bbox 328 1168 438 1220; x_wconf 59' lang='grc' dir='ltr'><strong>Καὶ</strong></span> <span class='ocrx_word' id='word_1_76' title='bbox 471 1165 690 1235; x_wconf 79' lang='grc' dir='ltr'>είσῆλθε</span> <span class='ocrx_word' id='word_1_77' title='bbox 727 1168 865 1236; x_wconf 80' lang='grc' dir='ltr'>πρὸς</span> <span class='ocrx_word' id='word_1_78' title='bbox 894 1164 1087 1235; x_wconf 84' lang='grc' dir='ltr'>αὐτὴν,</span> <span class='ocrx_word' id='word_1_79' title='bbox 1131 1167 1226 1218; x_wconf 74' lang='grc' dir='ltr'><strong>καὶ</strong></span> <span class='ocrx_word' id='word_1_80' title='bbox 1256 1164 1508 1216; x_wconf 77' lang='grc' dir='ltr'><strong>ἐπότισεν</strong></span> <span class='ocrx_word' id='word_1_81' title='bbox 1530 1162 1694 1217; x_wconf 83' lang='grc' dir='ltr'>αυτὸν</span> 
     </span>
    </p>
   </div>
   <div class='ocr_carea' id='block_1_12' title="bbox 169 1252 1694 1325">
    <p class='ocr_par' dir='ltr' id='par_1_12' title="bbox 169 1252 1694 1325">
     <span class='ocr_line' id='line_1_12' title="bbox 169 1252 1694 1325; baseline -0.004 -15"><span class='ocrx_word' id='word_1_82' title='bbox 169 1258 270 1325; x_wconf 78' lang='grc' dir='ltr'>γάλα</span> <span class='ocrx_word' id='word_1_83' title='bbox 288 1257 366 1309; x_wconf 61' lang='grc' dir='ltr'><strong>διε</strong></span> <span class='ocrx_word' id='word_1_84' title='bbox 386 1256 447 1309; x_wconf 81' lang='grc' dir='ltr'><strong>τὸ</strong></span> <span class='ocrx_word' id='word_1_85' title='bbox 469 1255 642 1325; x_wconf 81' lang='grc' dir='ltr'>δίψος,</span> <span class='ocrx_word' id='word_1_86' title='bbox 669 1254 765 1308; x_wconf 74' lang='grc' dir='ltr'>καὶ</span> <span class='ocrx_word' id='word_1_87' title='bbox 792 1253 1093 1324; x_wconf 84' lang='grc' dir='ltr'>κοιμίσασα</span> <span class='ocrx_word' id='word_1_88' title='bbox 1120 1252 1386 1323; x_wconf 83' lang='grc' dir='ltr'>πασσάλῳ</span> <span class='ocrx_word' id='word_1_89' title='bbox 1433 1252 1694 1306; x_wconf 79' lang='grc' dir='ltr'>ἀπέκτει-</span> 
     </span>
    </p>
   </div>
   <div class='ocr_carea' id='block_1_13' title="bbox 170 1342 1689 1416">
    <p class='ocr_par' dir='ltr' id='par_1_13' title="bbox 170 1342 1689 1416">
     <span class='ocr_line' id='line_1_13' title="bbox 170 1342 1689 1416; baseline -0.003 -15"><span class='ocrx_word' id='word_1_90' title='bbox 170 1348 411 1408; x_wconf 58' lang='grc' dir='ltr'>νεναιῗιόν.</span> <span class='ocrx_word' id='word_1_91' title='bbox 465 1346 579 1400; x_wconf 87' lang='lat' dir='ltr'><strong>Kal</strong></span> <span class='ocrx_word' id='word_1_92' title='bbox 635 1344 912 1416; x_wconf 77' lang='grc' dir='ltr'>ἡσύχασεν</span> <span class='ocrx_word' id='word_1_93' title='bbox 950 1346 985 1415; x_wconf 83' lang='grc' dir='ltr'>ἠ</span> <span class='ocrx_word' id='word_1_94' title='bbox 1011 1345 1081 1415; x_wconf 85' lang='grc' dir='ltr'><strong>γῆ</strong></span> <span class='ocrx_word' id='word_1_95' title='bbox 1125 1344 1218 1397; x_wconf 73' lang='grc' dir='ltr'><strong>ἐπὶ</strong></span> <span class='ocrx_word' id='word_1_96' title='bbox 1270 1343 1460 1414; x_wconf 79' lang='grc' dir='ltr'>Βαράκ</span> <span class='ocrx_word' id='word_1_97' title='bbox 1487 1342 1581 1413; x_wconf 69' lang='grc' dir='ltr'><strong>ἐτη</strong></span> <span class='ocrx_word' id='word_1_98' title='bbox 1617 1349 1689 1412; x_wconf 83' lang='grc' dir='ltr'>μ’.</span> 
     </span>
    </p>
   </div>
   <div class='ocr_carea' id='block_1_14' title="bbox 170 1435 1694 1507">
    <p class='ocr_par' dir='ltr' id='par_1_14' title="bbox 170 1435 1694 1507">
     <span class='ocr_line' id='line_1_14' title="bbox 170 1435 1694 1507; baseline -0.005 -14"><span class='ocrx_word' id='word_1_99' title='bbox 170 1440 293 1501; x_wconf 67' lang='grc' dir='ltr'>Αὖθις</span> <span class='ocrx_word' id='word_1_100' title='bbox 312 1440 360 1491; x_wconf 71' lang='grc' dir='ltr'><strong>ἀὲ</strong></span> <span class='ocrx_word' id='word_1_101' title='bbox 401 1437 619 1507; x_wconf 76' lang='grc' dir='ltr'>Ἰσραὴλ</span> <span class='ocrx_word' id='word_1_102' title='bbox 648 1436 875 1490; x_wconf 76' lang='grc' dir='ltr'><strong>ἐπέθετο</strong></span> <span class='ocrx_word' id='word_1_103' title='bbox 900 1439 1011 1498; x_wconf 81' lang='grc' dir='ltr'>τοῖς</span> <span class='ocrx_word' id='word_1_104' title='bbox 1043 1435 1308 1499; x_wconf 78' lang='grc' dir='ltr'>εἰδώλοις,</span> <span class='ocrx_word' id='word_1_105' title='bbox 1341 1436 1432 1487; x_wconf 68' lang='grc' dir='ltr'><strong>καὶ</strong></span> <span class='ocrx_word' id='word_1_106' title='bbox 1463 1435 1694 1502; x_wconf 81' lang='grc' dir='ltr'>γεγόνα-</span> 
     </span>
    </p>
   </div>
   <div class='ocr_carea' id='block_1_15' title="bbox 171 1525 1695 1601">
    <p class='ocr_par' dir='ltr' id='par_1_15' title="bbox 171 1525 1695 1601">
     <span class='ocr_line' id='line_1_15' title="bbox 171 1525 1695 1601; baseline -0.005 -16"><span class='ocrx_word' id='word_1_107' title='bbox 171 1551 229 1585; x_wconf 80' lang='grc' dir='ltr'><strong>σιν</strong></span> <span class='ocrx_word' id='word_1_108' title='bbox 258 1535 305 1585; x_wconf 83' lang='grc' dir='ltr'><strong>ἐν</strong></span> <span class='ocrx_word' id='word_1_109' title='bbox 332 1533 472 1601; x_wconf 77' lang='grc' dir='ltr'>χειρὶ</span> <span class='ocrx_word' id='word_1_110' title='bbox 509 1530 736 1600; x_wconf 81' lang='grc' dir='ltr'>Μαδιάμ</span> <span class='ocrx_word' id='word_1_111' title='bbox 755 1529 848 1599; x_wconf 79' lang='grc' dir='ltr'><strong>ἐτη</strong></span> <span class='ocrx_word' id='word_1_112' title='bbox 878 1529 943 1593; x_wconf 80' lang='grc' dir='ltr'><strong>ζ’.</strong></span> <span class='ocrx_word' id='word_1_113' title='bbox 968 1528 1104 1581; x_wconf 83' lang='grc' dir='ltr'>Τότε</span> <span class='ocrx_word' id='word_1_114' title='bbox 1130 1525 1287 1596; x_wconf 80' lang='grc' dir='ltr'>ὤφθη</span> <span class='ocrx_word' id='word_1_115' title='bbox 1319 1526 1552 1595; x_wconf 78' lang='grc' dir='ltr'>ἄγγελος</span> <span class='ocrx_word' id='word_1_116' title='bbox 1580 1527 1695 1579; x_wconf 82' lang='lat' dir='ltr'><strong>Ku-</strong></span> 
     </span>
    </p>
   </div>
   <div class='ocr_carea' id='block_1_16' title="bbox 170 1618 1695 1695">
    <p class='ocr_par' dir='ltr' id='par_1_16' title="bbox 170 1618 1695 1695">
     <span class='ocr_line' id='line_1_16' title="bbox 170 1618 1695 1695; baseline -0.004 -19"><span class='ocrx_word' id='word_1_117' title='bbox 170 1626 250 1695; x_wconf 83' lang='grc' dir='ltr'>ρίου</span> <span class='ocrx_word' id='word_1_118' title='bbox 277 1625 340 1692; x_wconf 81' lang='grc' dir='ltr'>τῷ</span> <span class='ocrx_word' id='word_1_119' title='bbox 365 1621 596 1688; x_wconf 84' lang='grc' dir='ltr'>Γεδεὼν,</span> <span class='ocrx_word' id='word_1_120' title='bbox 626 1622 801 1689; x_wconf 86' lang='grc' dir='ltr'>λέγων</span> <span class='ocrx_word' id='word_1_121' title='bbox 822 1636 837 1652; x_wconf 67' lang='grc' dir='ltr'>δ</span> <span class='ocrx_word' id='word_1_122' title='bbox 877 1638 895 1671; x_wconf 85' lang='grc' dir='ltr'><strong>ι</strong></span> <span class='ocrx_word' id='word_1_123' title='bbox 947 1620 1039 1674; x_wconf 81' lang='grc' dir='ltr'>Ἐν</span> <span class='ocrx_word' id='word_1_124' title='bbox 1078 1622 1145 1690; x_wconf 77' lang='grc' dir='ltr'>τῇ</span> <span class='ocrx_word' id='word_1_125' title='bbox 1192 1618 1335 1688; x_wconf 86' lang='grc' dir='ltr'>χειρί</span> <span class='ocrx_word' id='word_1_126' title='bbox 1366 1635 1458 1670; x_wconf 91' lang='grc' dir='ltr'><strong>σου</strong></span> <span class='ocrx_word' id='word_1_127' title='bbox 1489 1618 1695 1688; x_wconf 83' lang='grc' dir='ltr'>Κύριος</span> 
     </span>
    </p>
   </div>
   <div class='ocr_carea' id='block_1_17' title="bbox 170 1707 1696 1787">
    <p class='ocr_par' dir='ltr' id='par_1_17' title="bbox 170 1707 1696 1787">
     <span class='ocr_line' id='line_1_17' title="bbox 170 1707 1696 1787; baseline -0.007 -17"><span class='ocrx_word' id='word_1_128' title='bbox 170 1714 445 1787; x_wconf 77' lang='grc' dir='ltr'>παραδίδωσι</span> <span class='ocrx_word' id='word_1_129' title='bbox 468 1715 569 1783; x_wconf 85' lang='grc' dir='ltr'>τὴν</span> <span class='ocrx_word' id='word_1_130' title='bbox 596 1712 844 1782; x_wconf 81' lang='grc' dir='ltr'><strong>Μαδιάμ.</strong></span> <span class='ocrx_word' id='word_1_131' title='bbox 878 1729 897 1762; x_wconf 73' lang='grc' dir='ltr'><strong>ι</strong></span> <span class='ocrx_word' id='word_1_132' title='bbox 952 1712 1165 1783; x_wconf 79' lang='grc' dir='ltr'>’ῌτησε</span> <span class='ocrx_word' id='word_1_133' title='bbox 1206 1709 1273 1774; x_wconf 78' lang='grc' dir='ltr'>,δὲ</span> <span class='ocrx_word' id='word_1_134' title='bbox 1304 1707 1510 1762; x_wconf 81' lang='grc' dir='ltr'>Γεδεὼν</span> <span class='ocrx_word' id='word_1_135' title='bbox 1536 1708 1696 1776; x_wconf 84' lang='grc' dir='ltr'>γενέ-</span> 
     </span>
    </p>
   </div>
   <div class='ocr_carea' id='block_1_18' title="bbox 168 1798 1695 1875">
    <p class='ocr_par' dir='ltr' id='par_1_18' title="bbox 168 1798 1695 1875">
     <span class='ocr_line' id='line_1_18' title="bbox 168 1798 1695 1875; baseline -0.006 -16"><span class='ocrx_word' id='word_1_136' title='bbox 168 1810 256 1861; x_wconf 77' lang='grc' dir='ltr'>σθαι</span> <span class='ocrx_word' id='word_1_137' title='bbox 284 1807 461 1859; x_wconf 78' lang='grc' dir='ltr'><strong>Θυσίαν</strong></span> <span class='ocrx_word' id='word_1_138' title='bbox 514 1805 594 1875; x_wconf 83' lang='grc' dir='ltr'><strong>τῷ</strong></span> <span class='ocrx_word' id='word_1_139' title='bbox 644 1803 857 1875; x_wconf 80' lang='grc' dir='ltr'>Κυρίῳ,</span> <span class='ocrx_word' id='word_1_140' title='bbox 904 1804 999 1856; x_wconf 75' lang='grc' dir='ltr'><strong>καὶ</strong></span> <span class='ocrx_word' id='word_1_141' title='bbox 1032 1801 1210 1873; x_wconf 76' lang='grc' dir='ltr'>ἥψατο</span> <span class='ocrx_word' id='word_1_142' title='bbox 1258 1802 1286 1853; x_wconf 99' lang='lat'><strong>6</strong></span> <span class='ocrx_word' id='word_1_143' title='bbox 1338 1798 1570 1867; x_wconf 82' lang='grc' dir='ltr'>ἄγγελος</span> <span class='ocrx_word' id='word_1_144' title='bbox 1616 1798 1695 1869; x_wconf 85' lang='grc' dir='ltr'>τῷ</span> 
     </span>
    </p>
   </div>
   <div class='ocr_carea' id='block_1_19' title="bbox 166 1857 1767 1972">
    <p class='ocr_par' dir='ltr' id='par_1_19' title="bbox 166 1857 1767 1972">
     <span class='ocr_line' id='line_1_19' title="bbox 166 1857 1767 1972; baseline -0.007 -17"><span class='ocrx_word' id='word_1_145' title='bbox 166 1857 615 1972; x_wconf 21' lang='grc' dir='ltr'><strong>ιὲᾷρντῆξᾎάδδᾶυ</strong></span> <span class='ocrx_word' id='word_1_146' title='bbox 646 1857 819 1951; x_wconf 61' lang='grc' dir='ltr'>αὑτοέ</span> <span class='ocrx_word' id='word_1_147' title='bbox 844 1857 944 1965; x_wconf 68' lang='grc' dir='ltr'>τῆς</span> <span class='ocrx_word' id='word_1_148' title='bbox 980 1857 1195 1958; x_wconf 73' lang='grc' dir='ltr'>θυσίας,</span> <span class='ocrx_word' id='word_1_149' title='bbox 1220 1891 1318 1946; x_wconf 67' lang='grc' dir='ltr'><strong>καὶ</strong></span> <span class='ocrx_word' id='word_1_150' title='bbox 1361 1857 1692 1963; x_wconf 61' lang='grc' dir='ltr'>ι’ξῆλθέπῠρ</span> <span class='ocrx_word' id='word_1_151' title='bbox 1721 1857 1767 1916; x_wconf 78' lang='grc' dir='ltr'><strong>Β</strong></span> 
     </span>
    </p>
   </div>
   <div class='ocr_carea' id='block_1_20' title="bbox 165 1983 1694 2059">
    <p class='ocr_par' dir='ltr' id='par_1_20' title="bbox 165 1983 1694 2059">
     <span class='ocr_line' id='line_1_20' title="bbox 165 1983 1694 2059; baseline -0.007 -13"><span class='ocrx_word' id='word_1_152' title='bbox 165 1994 234 2046; x_wconf 73' lang='lat' dir='ltr'><strong>ul</strong></span> <span class='ocrx_word' id='word_1_153' title='bbox 264 1993 588 2056; x_wconf 72' lang='grc' dir='ltr'>κατέκαυσεν</span> <span class='ocrx_word' id='word_1_154' title='bbox 633 1990 828 2059; x_wconf 82' lang='grc' dir='ltr'>αὑτήν.</span> <span class='ocrx_word' id='word_1_155' title='bbox 880 1988 993 2040; x_wconf 80' lang='lat' dir='ltr'><strong>Kal</strong></span> <span class='ocrx_word' id='word_1_156' title='bbox 1046 1987 1294 2057; x_wconf 75' lang='grc' dir='ltr'>ἀπῆλθεν</span> <span class='ocrx_word' id='word_1_157' title='bbox 1344 1984 1439 2038; x_wconf 85' lang='grc' dir='ltr'><strong>ἀπ’</strong></span> <span class='ocrx_word' id='word_1_158' title='bbox 1468 1983 1632 2037; x_wconf 80' lang='grc' dir='ltr'>αὐτοῦ</span> <span class='ocrx_word' id='word_1_159' title='bbox 1666 1985 1694 2037; x_wconf 94' lang='lat'><strong>6</strong></span> 
     </span>
    </p>
   </div>
   <div class='ocr_carea' id='block_1_21' title="bbox 165 2074 1690 2152">
    <p class='ocr_par' dir='ltr' id='par_1_21' title="bbox 165 2074 1690 2152">
     <span class='ocr_line' id='line_1_21' title="bbox 165 2074 1690 2152; baseline -0.007 -15"><span class='ocrx_word' id='word_1_160' title='bbox 165 2084 366 2152; x_wconf 72' lang='grc' dir='ltr'>ἄγγελος.</span> <span class='ocrx_word' id='word_1_161' title='bbox 417 2083 555 2136; x_wconf 85' lang='grc' dir='ltr'>Τότε</span> <span class='ocrx_word' id='word_1_162' title='bbox 604 2080 747 2149; x_wconf 71' lang='grc' dir='ltr'>ἔγνω</span> <span class='ocrx_word' id='word_1_163' title='bbox 777 2078 984 2132; x_wconf 86' lang='grc' dir='ltr'>Γεδεὼν</span> <span class='ocrx_word' id='word_1_164' title='bbox 1012 2078 1095 2131; x_wconf 86' lang='grc' dir='ltr'>ὅτι</span> <span class='ocrx_word' id='word_1_165' title='bbox 1132 2076 1364 2146; x_wconf 79' lang='grc' dir='ltr'>ἄγγελος</span> <span class='ocrx_word' id='word_1_166' title='bbox 1391 2074 1690 2142; x_wconf 88' lang='grc' dir='ltr'>συνελάλει,</span> 
     </span>
    </p>
   </div>
   <div class='ocr_carea' id='block_1_22' title="bbox 166 2166 1692 2247">
    <p class='ocr_par' dir='ltr' id='par_1_22' title="bbox 166 2166 1692 2247">
     <span class='ocr_line' id='line_1_22' title="bbox 166 2166 1692 2247; baseline -0.006 -18"><span class='ocrx_word' id='word_1_167' title='bbox 166 2179 230 2229; x_wconf 73' lang='grc' dir='ltr'>καὶ</span> <span class='ocrx_word' id='word_1_168' title='bbox 251 2175 493 2247; x_wconf 77' lang='grc' dir='ltr'>ἐφοϐήθη.</span> <span class='ocrx_word' id='word_1_169' title='bbox 528 2170 664 2227; x_wconf 73' lang='grc' dir='ltr'>Εἶτα</span> <span class='ocrx_word' id='word_1_170' title='bbox 701 2174 844 2226; x_wconf 81' lang='grc' dir='ltr'>αίτεῖ</span> <span class='ocrx_word' id='word_1_171' title='bbox 868 2169 964 2242; x_wconf 79' lang='grc' dir='ltr'>τὴν</span> <span class='ocrx_word' id='word_1_172' title='bbox 984 2170 1172 2240; x_wconf 80' lang='grc' dir='ltr'>δισσὴν</span> <span class='ocrx_word' id='word_1_173' title='bbox 1202 2170 1418 2240; x_wconf 74' lang='grc' dir='ltr'>αἴτησιν</span> <span class='ocrx_word' id='word_1_174' title='bbox 1442 2169 1570 2239; x_wconf 71' lang='grc' dir='ltr'>περὶ</span> <span class='ocrx_word' id='word_1_175' title='bbox 1597 2166 1692 2221; x_wconf 83' lang='grc' dir='ltr'>τοῦ</span> 
     </span>
    </p>
   </div>
   <div class='ocr_carea' id='block_1_23' title="bbox 162 2258 1693 2336">
    <p class='ocr_par' dir='ltr' id='par_1_23' title="bbox 162 2258 1693 2336">
     <span class='ocr_line' id='line_1_23' title="bbox 162 2258 1693 2336; baseline -0.007 -15"><span class='ocrx_word' id='word_1_176' title='bbox 162 2268 311 2333; x_wconf 74' lang='grc' dir='ltr'>πόκου,</span> <span class='ocrx_word' id='word_1_177' title='bbox 340 2269 429 2322; x_wconf 77' lang='grc' dir='ltr'><strong>καὶ</strong></span> <span class='ocrx_word' id='word_1_178' title='bbox 449 2268 713 2336; x_wconf 73' lang='grc' dir='ltr'>τυγχάνει</span> <span class='ocrx_word' id='word_1_179' title='bbox 746 2266 845 2334; x_wconf 80' lang='grc' dir='ltr'>τῆς</span> <span class='ocrx_word' id='word_1_180' title='bbox 879 2264 1173 2333; x_wconf 73' lang='grc' dir='ltr'>αἰτήσεως.</span> <span class='ocrx_word' id='word_1_181' title='bbox 1214 2258 1349 2315; x_wconf 79' lang='grc' dir='ltr'>Εἶτα</span> <span class='ocrx_word' id='word_1_182' title='bbox 1377 2260 1693 2331; x_wconf 78' lang='grc' dir='ltr'>καταστρέ-</span> 
     </span>
    </p>
   </div>
   <div class='ocr_carea' id='block_1_24' title="bbox 162 2352 1694 2432">
    <p class='ocr_par' dir='ltr' id='par_1_24' title="bbox 162 2352 1694 2432">
     <span class='ocr_line' id='line_1_24' title="bbox 162 2352 1694 2432; baseline -0.005 -17"><span class='ocrx_word' id='word_1_183' title='bbox 162 2363 314 2429; x_wconf 57' lang='lat' dir='ltr'><strong>eum</strong></span> <span class='ocrx_word' id='word_1_184' title='bbox 350 2361 528 2432; x_wconf 73' lang='grc' dir='ltr'>βωμὸν</span> <span class='ocrx_word' id='word_1_185' title='bbox 553 2361 612 2413; x_wconf 87' lang='grc' dir='ltr'><strong>ἐν</strong></span> <span class='ocrx_word' id='word_1_186' title='bbox 636 2352 680 2427; x_wconf 83' lang='grc' dir='ltr'><strong>ᾧ</strong></span> <span class='ocrx_word' id='word_1_187' title='bbox 712 2358 1080 2429; x_wconf 75' lang='grc' dir='ltr'>ἐθεράπευσεν</span> <span class='ocrx_word' id='word_1_188' title='bbox 1112 2358 1140 2409; x_wconf 87' lang='lat'><strong>6</strong></span> <span class='ocrx_word' id='word_1_189' title='bbox 1182 2357 1372 2432; x_wconf 81' lang='grc' dir='ltr'>πατὴρ</span> <span class='ocrx_word' id='word_1_190' title='bbox 1399 2353 1567 2410; x_wconf 82' lang='grc' dir='ltr'>αὐτοῦ</span> <span class='ocrx_word' id='word_1_191' title='bbox 1602 2354 1694 2408; x_wconf 76' lang='grc' dir='ltr'><strong>τὸν</strong></span> 
     </span>
    </p>
   </div>
   <div class='ocr_carea' id='block_1_25' title="bbox 162 2430 1694 2519">
    <p class='ocr_par' dir='ltr' id='par_1_25' title="bbox 162 2430 1694 2519">
     <span class='ocr_line' id='line_1_25' title="bbox 162 2430 1694 2519; baseline -0.005 -12"><span class='ocrx_word' id='word_1_192' title='bbox 162 2454 289 2519; x_wconf 73' lang='grc' dir='ltr'>Βαάλ,</span> <span class='ocrx_word' id='word_1_193' title='bbox 321 2430 408 2507; x_wconf 78' lang='grc' dir='ltr'><strong>καὶ</strong></span> <span class='ocrx_word' id='word_1_194' title='bbox 428 2454 579 2505; x_wconf 82' lang='grc' dir='ltr'>ποιεῖ</span> <span class='ocrx_word' id='word_1_195' title='bbox 607 2452 725 2504; x_wconf 77' lang='grc' dir='ltr'>ἐκεῖ</span> <span class='ocrx_word' id='word_1_196' title='bbox 753 2450 1161 2519; x_wconf 81' lang='grc' dir='ltr'>Θυσιαστήριον,</span> <span class='ocrx_word' id='word_1_197' title='bbox 1202 2447 1301 2501; x_wconf 73' lang='grc' dir='ltr'><strong>καὶ</strong></span> <span class='ocrx_word' id='word_1_198' title='bbox 1324 2430 1445 2500; x_wconf 78' lang='grc' dir='ltr'>θῦει</span> <span class='ocrx_word' id='word_1_199' title='bbox 1468 2446 1545 2517; x_wconf 84' lang='grc' dir='ltr'>τῷ</span> <span class='ocrx_word' id='word_1_200' title='bbox 1574 2446 1694 2517; x_wconf 88' lang='grc' dir='ltr'><strong>Θεῷ</strong></span> 
     </span>
    </p>
   </div>
   <div class='ocr_carea' id='block_1_26' title="bbox 163 2540 1693 2619">
    <p class='ocr_par' dir='ltr' id='par_1_26' title="bbox 163 2540 1693 2619">
     <span class='ocr_line' id='line_1_26' title="bbox 163 2540 1693 2619; baseline -0.007 -16"><span class='ocrx_word' id='word_1_201' title='bbox 163 2550 364 2619; x_wconf 70' lang='grc' dir='ltr'>δάμαλιν.</span> <span class='ocrx_word' id='word_1_202' title='bbox 387 2544 523 2602; x_wconf 76' lang='grc' dir='ltr'>Εἶτα</span> <span class='ocrx_word' id='word_1_203' title='bbox 553 2546 912 2618; x_wconf 78' lang='grc' dir='ltr'>προκαλεῖται</span> <span class='ocrx_word' id='word_1_204' title='bbox 941 2542 1034 2597; x_wconf 76' lang='grc' dir='ltr'><strong>τὸν</strong></span> <span class='ocrx_word' id='word_1_205' title='bbox 1068 2543 1197 2597; x_wconf 79' lang='grc' dir='ltr'>λαὸν</span> <span class='ocrx_word' id='word_1_206' title='bbox 1232 2546 1327 2596; x_wconf 69' lang='grc' dir='ltr'><strong>καὶ</strong></span> <span class='ocrx_word' id='word_1_207' title='bbox 1358 2540 1693 2611; x_wconf 85' lang='grc' dir='ltr'>ἀποστρέφει</span> 
     </span>
    </p>
   </div>
   <div class='ocr_carea' id='block_1_27' title="bbox 161 2629 1695 2705">
    <p class='ocr_par' dir='ltr' id='par_1_27' title="bbox 161 2629 1695 2705">
     <span class='ocr_line' id='line_1_27' title="bbox 161 2629 1695 2705; baseline -0.005 -12"><span class='ocrx_word' id='word_1_208' title='bbox 161 2644 251 2702; x_wconf 62' lang='grc' dir='ltr'>τοὺς</span> <span class='ocrx_word' id='word_1_209' title='bbox 276 2641 526 2703; x_wconf 80' lang='grc' dir='ltr'>δεδιότας,</span> <span class='ocrx_word' id='word_1_210' title='bbox 552 2640 729 2691; x_wconf 86' lang='grc' dir='ltr'>εῐκοσι</span> <span class='ocrx_word' id='word_1_211' title='bbox 764 2636 857 2690; x_wconf 75' lang='grc' dir='ltr'>καὶ</span> <span class='ocrx_word' id='word_1_212' title='bbox 886 2635 981 2689; x_wconf 84' lang='grc' dir='ltr'><strong>δύο</strong></span> <span class='ocrx_word' id='word_1_213' title='bbox 1026 2634 1294 2705; x_wconf 78' lang='grc' dir='ltr'>χιλιάδας.</span> <span class='ocrx_word' id='word_1_214' title='bbox 1336 2629 1468 2701; x_wconf 75' lang='grc' dir='ltr'>Εἶτα</span> <span class='ocrx_word' id='word_1_215' title='bbox 1514 2650 1695 2702; x_wconf 87' lang='grc' dir='ltr'>παρα-</span> 
     </span>
    </p>
   </div>
   <div class='ocr_carea' id='block_1_28' title="bbox 161 2727 1697 2803">
    <p class='ocr_par' dir='ltr' id='par_1_28' title="bbox 161 2727 1697 2803">
     <span class='ocr_line' id='line_1_28' title="bbox 161 2727 1697 2803; baseline -0.005 -18"><span class='ocrx_word' id='word_1_216' title='bbox 161 2734 378 2803; x_wconf 75' lang='grc' dir='ltr'>λαμϐάνει</span> <span class='ocrx_word' id='word_1_217' title='bbox 397 2734 496 2793; x_wconf 79' lang='grc' dir='ltr'>τὰς</span> <span class='ocrx_word' id='word_1_218' title='bbox 521 2729 948 2799; x_wconf 82' lang='grc' dir='ltr'>άπολειφθείσας</span> <span class='ocrx_word' id='word_1_219' title='bbox 964 2728 1099 2781; x_wconf 74' lang='grc' dir='ltr'>δέκα</span> <span class='ocrx_word' id='word_1_220' title='bbox 1119 2727 1387 2797; x_wconf 83' lang='grc' dir='ltr'>χιλιάδας,</span> <span class='ocrx_word' id='word_1_221' title='bbox 1406 2728 1503 2779; x_wconf 75' lang='grc' dir='ltr'><strong>καὶ</strong></span> <span class='ocrx_word' id='word_1_222' title='bbox 1526 2742 1697 2796; x_wconf 82' lang='grc' dir='ltr'>προσ-</span> 
     </span>
    </p>
   </div>
   <div class='ocr_carea' id='block_1_29' title="bbox 160 2818 1696 2892">
    <p class='ocr_par' dir='ltr' id='par_1_29' title="bbox 160 2818 1696 2892">
     <span class='ocr_line' id='line_1_29' title="bbox 160 2818 1696 2892; baseline -0.003 -17"><span class='ocrx_word' id='word_1_223' title='bbox 160 2826 276 2891; x_wconf 74' lang='grc' dir='ltr'>τάξει</span> <span class='ocrx_word' id='word_1_224' title='bbox 294 2825 422 2879; x_wconf 79' lang='grc' dir='ltr'><strong>Θεοῦ</strong></span> <span class='ocrx_word' id='word_1_225' title='bbox 462 2824 715 2878; x_wconf 82' lang='grc' dir='ltr'>κάτεισιν</span> <span class='ocrx_word' id='word_1_226' title='bbox 738 2824 796 2875; x_wconf 83' lang='grc' dir='ltr'><strong>ἐν</strong></span> <span class='ocrx_word' id='word_1_227' title='bbox 816 2820 895 2892; x_wconf 83' lang='grc' dir='ltr'>τῷ</span> <span class='ocrx_word' id='word_1_228' title='bbox 921 2818 1180 2890; x_wconf 82' lang='grc' dir='ltr'>ποταμῷ,</span> <span class='ocrx_word' id='word_1_229' title='bbox 1212 2820 1306 2873; x_wconf 64' lang='grc' dir='ltr'><strong>καλ⁴</strong></span> <span class='ocrx_word' id='word_1_230' title='bbox 1334 2822 1461 2881; x_wconf 75' lang='grc' dir='ltr'>τοὺς</span> <span class='ocrx_word' id='word_1_231' title='bbox 1482 2818 1696 2888; x_wconf 83' lang='grc' dir='ltr'>λάψαν-</span> 
     </span>
    </p>
   </div>
   <div class='ocr_carea' id='block_1_30' title="bbox 159 2911 1695 2987">
    <p class='ocr_par' dir='ltr' id='par_1_30' title="bbox 159 2911 1695 2987">
     <span class='ocr_line' id='line_1_30' title="bbox 159 2911 1695 2987; baseline -0.003 -18"><span class='ocrx_word' id='word_1_232' title='bbox 159 2920 303 2987; x_wconf 54' lang='lat' dir='ltr'><strong>mnf;</strong></span> <span class='ocrx_word' id='word_1_233' title='bbox 349 2916 567 2987; x_wconf 74' lang='grc' dir='ltr'>γλώσσῃ</span> <span class='ocrx_word' id='word_1_234' title='bbox 619 2913 970 2984; x_wconf 81' lang='grc' dir='ltr'>τριακοσίους</span> <span class='ocrx_word' id='word_1_235' title='bbox 1000 2912 1245 2982; x_wconf 81' lang='grc' dir='ltr'>κατέχει,</span> <span class='ocrx_word' id='word_1_236' title='bbox 1281 2912 1602 2981; x_wconf 75' lang='grc' dir='ltr'>ἀποπέμπει</span> <span class='ocrx_word' id='word_1_237' title='bbox 1636 2911 1695 2964; x_wconf 86' lang='grc' dir='ltr'><strong>δέ</strong></span> 
     </span>
    </p>
   </div>
   <div class='ocr_carea' id='block_1_31' title="bbox 157 3001 1695 3072">
    <p class='ocr_par' dir='ltr' id='par_1_31' title="bbox 157 3001 1695 3072">
     <span class='ocr_line' id='line_1_31' title="bbox 157 3001 1695 3072; baseline -0.001 -16"><span class='ocrx_word' id='word_1_238' title='bbox 157 3007 251 3067; x_wconf 68' lang='grc' dir='ltr'>τοὺς</span> <span class='ocrx_word' id='word_1_239' title='bbox 288 3006 521 3069; x_wconf 74' lang='grc' dir='ltr'>λοιπούς.</span> <span class='ocrx_word' id='word_1_240' title='bbox 563 3004 653 3067; x_wconf 80' lang='grc' dir='ltr'>Ὠς</span> <span class='ocrx_word' id='word_1_241' title='bbox 704 3004 760 3056; x_wconf 85' lang='grc' dir='ltr'><strong>δέ</strong></span> <span class='ocrx_word' id='word_1_242' title='bbox 794 3003 1087 3071; x_wconf 71' lang='grc' dir='ltr'>ἐναγώνιος</span> <span class='ocrx_word' id='word_1_243' title='bbox 1138 3003 1357 3070; x_wconf 82' lang='grc' dir='ltr'>ἐγένετο</span> <span class='ocrx_word' id='word_1_244' title='bbox 1385 3004 1452 3072; x_wconf 85' lang='grc' dir='ltr'>τῇ</span> <span class='ocrx_word' id='word_1_245' title='bbox 1491 3001 1695 3072; x_wconf 80' lang='grc' dir='ltr'>βραχύ-</span> 
     </span>
    </p>
   </div>
   <div class='ocr_carea' id='block_1_32' title="bbox 158 3093 1693 3168">
    <p class='ocr_par' dir='ltr' id='par_1_32' title="bbox 158 3093 1693 3168">
     <span class='ocr_line' id='line_1_32' title="bbox 158 3093 1693 3168; baseline -0.003 -19"><span class='ocrx_word' id='word_1_246' title='bbox 158 3114 247 3166; x_wconf 63' lang='grc' dir='ltr'>τητι</span> <span class='ocrx_word' id='word_1_247' title='bbox 267 3097 363 3150; x_wconf 85' lang='grc' dir='ltr'><strong>τῶν</strong></span> <span class='ocrx_word' id='word_1_248' title='bbox 386 3098 721 3168; x_wconf 81' lang='grc' dir='ltr'>συμμάχων,</span> <span class='ocrx_word' id='word_1_249' title='bbox 745 3095 1106 3166; x_wconf 77' lang='grc' dir='ltr'>ἐπιτρέπεται</span> <span class='ocrx_word' id='word_1_250' title='bbox 1140 3094 1293 3164; x_wconf 83' lang='grc' dir='ltr'>παρὰ</span> <span class='ocrx_word' id='word_1_251' title='bbox 1322 3093 1458 3146; x_wconf 79' lang='grc' dir='ltr'>Θεοῦ</span> <span class='ocrx_word' id='word_1_252' title='bbox 1496 3096 1561 3164; x_wconf 85' lang='grc' dir='ltr'>τῇ</span> <span class='ocrx_word' id='word_1_253' title='bbox 1599 3110 1693 3146; x_wconf 91' lang='grc' dir='ltr'>νυ-</span> 
     </span>
    </p>
   </div>
   <div class='ocr_carea' id='block_1_33' title="bbox 1794 617 3375 688">
    <p class='ocr_par' dir='ltr' id='par_1_33' title="bbox 1794 617 3375 688">
     <span class='ocr_line' id='line_1_33' title="bbox 1794 617 3375 688; baseline 0.004 -18"><span class='ocrx_word' id='word_1_254' title='bbox 1794 617 1995 687; x_wconf 90' lang='lat' dir='ltr'><strong>populo</strong></span> <span class='ocrx_word' id='word_1_255' title='bbox 2054 620 2387 688; x_wconf 63' lang='lat' dir='ltr'><strong>praeerat&quot;,</strong></span> <span class='ocrx_word' id='word_1_256' title='bbox 2439 620 2651 676; x_wconf 78' lang='lat' dir='ltr'><strong>adscito</strong></span> <span class='ocrx_word' id='word_1_257' title='bbox 2698 621 2906 677; x_wconf 90' lang='lat' dir='ltr'><strong>Baraco</strong></span> <span class='ocrx_word' id='word_1_258' title='bbox 2956 639 3059 679; x_wconf 89' lang='lat' dir='ltr'><strong>una</strong></span> <span class='ocrx_word' id='word_1_259' title='bbox 3101 625 3168 678; x_wconf 92' lang='lat' dir='ltr'><strong>ad</strong></span> <span class='ocrx_word' id='word_1_260' title='bbox 3217 638 3375 677; x_wconf 85' lang='lat' dir='ltr'><strong>mon-</strong></span> 
     </span>
    </p>
   </div>
   <div class='ocr_carea' id='block_1_34' title="bbox 1799 707 3374 781">
    <p class='ocr_par' dir='ltr' id='par_1_34' title="bbox 1799 707 3374 781">
     <span class='ocr_line' id='line_1_34' title="bbox 1799 707 3374 781; baseline 0.001 -17"><span class='ocrx_word' id='word_1_261' title='bbox 1799 720 1902 764; x_wconf 86' lang='lat' dir='ltr'><strong>tem</strong></span> <span class='ocrx_word' id='word_1_262' title='bbox 1972 707 2277 764; x_wconf 86' lang='lat' dir='ltr'><strong>Thaborem</strong></span> <span class='ocrx_word' id='word_1_263' title='bbox 2334 710 2725 781; x_wconf 87' lang='lat' dir='ltr'><strong>proﬁciscitur,</strong></span> <span class='ocrx_word' id='word_1_264' title='bbox 2785 720 2980 767; x_wconf 87' lang='lat' dir='ltr'><strong>testata</strong></span> <span class='ocrx_word' id='word_1_265' title='bbox 3050 728 3174 769; x_wconf 93' lang='lat' dir='ltr'><strong>eum</strong></span> <span class='ocrx_word' id='word_1_266' title='bbox 3249 726 3374 766; x_wconf 89' lang='lat' dir='ltr'><strong>esse</strong></span> 
     </span>
    </p>
   </div>
   <div class='ocr_carea' id='block_1_35' title="bbox 1793 801 3373 873">
    <p class='ocr_par' dir='ltr' id='par_1_35' title="bbox 1793 801 3373 873">
     <span class='ocr_line' id='line_1_35' title="bbox 1793 801 3373 873; baseline 0.002 -16"><span class='ocrx_word' id='word_1_267' title='bbox 1793 803 1936 857; x_wconf 89' lang='lat' dir='ltr'><strong>diem</strong></span> <span class='ocrx_word' id='word_1_268' title='bbox 2005 818 2115 873; x_wconf 87' lang='lat' dir='ltr'><strong>quo</strong></span> <span class='ocrx_word' id='word_1_269' title='bbox 2189 801 2332 858; x_wconf 86' lang='lat' dir='ltr'><strong>Deus</strong></span> <span class='ocrx_word' id='word_1_270' title='bbox 2397 803 2659 859; x_wconf 87' lang='lat' dir='ltr'><strong>lsraelum</strong></span> <span class='ocrx_word' id='word_1_271' title='bbox 2742 814 2887 861; x_wconf 84' lang='lat' dir='ltr'><strong>esset</strong></span> <span class='ocrx_word' id='word_1_272' title='bbox 2955 822 2983 859; x_wconf 86' lang='lat' dir='ltr'><strong>a</strong></span> <span class='ocrx_word' id='word_1_273' title='bbox 3058 806 3373 861; x_wconf 84' lang='lat' dir='ltr'><strong>Madianitis</strong></span> 
     </span>
    </p>
   </div>
   <div class='ocr_carea' id='block_1_36' title="bbox 1792 897 3371 968">
    <p class='ocr_par' dir='ltr' id='par_1_36' title="bbox 1792 897 3371 968">
     <span class='ocr_line' id='line_1_36' title="bbox 1792 897 3371 968; baseline -0.001 -17"><span class='ocrx_word' id='word_1_274' title='bbox 1792 898 2147 953; x_wconf 88' lang='lat' dir='ltr'><strong>liberaturus.</strong></span> <span class='ocrx_word' id='word_1_275' title='bbox 2194 897 2385 955; x_wconf 87' lang='lat' dir='ltr'><strong>.Porro</strong></span> <span class='ocrx_word' id='word_1_276' title='bbox 2457 898 2695 954; x_wconf 86' lang='lat' dir='ltr'><strong>Baracus</strong></span> <span class='ocrx_word' id='word_1_277' title='bbox 2763 898 3008 952; x_wconf 85' lang='lat' dir='ltr'><strong>Siseram</strong></span> <span class='ocrx_word' id='word_1_278' title='bbox 3073 898 3128 951; x_wconf 91' lang='lat' dir='ltr'><strong>in</strong></span> <span class='ocrx_word' id='word_1_279' title='bbox 3188 897 3371 968; x_wconf 77' lang='lat' dir='ltr'><strong>fugam</strong></span> 
     </span>
    </p>
   </div>
   <div class='ocr_carea' id='block_1_37' title="bbox 1794 986 3372 1057">
    <p class='ocr_par' dir='ltr' id='par_1_37' title="bbox 1794 986 3372 1057">
     <span class='ocr_line' id='line_1_37' title="bbox 1794 986 3372 1057; baseline -0.003 -16"><span class='ocrx_word' id='word_1_280' title='bbox 1794 994 1977 1042; x_wconf 87' lang='lat' dir='ltr'><strong>actum</strong></span> <span class='ocrx_word' id='word_1_281' title='bbox 2038 990 2323 1044; x_wconf 87' lang='lat' dir='ltr'><strong>insecutus</strong></span> <span class='ocrx_word' id='word_1_282' title='bbox 2368 995 2476 1049; x_wconf 90' lang='lat' dir='ltr'><strong>est,</strong></span> <span class='ocrx_word' id='word_1_283' title='bbox 2509 995 2675 1056; x_wconf 83' lang='lat' dir='ltr'><strong>atque</strong></span> <span class='ocrx_word' id='word_1_284' title='bbox 2722 987 2843 1057; x_wconf 86' lang='lat' dir='ltr'><strong>ejus</strong></span> <span class='ocrx_word' id='word_1_285' title='bbox 2889 1000 3086 1040; x_wconf 90' lang='lat' dir='ltr'><strong>currus</strong></span> <span class='ocrx_word' id='word_1_286' title='bbox 3139 986 3372 1040; x_wconf 86' lang='lat' dir='ltr'><strong>connui-</strong></span> 
     </span>
    </p>
   </div>
   <div class='ocr_carea' id='block_1_38' title="bbox 1795 1077 3375 1152">
    <p class='ocr_par' dir='ltr' id='par_1_38' title="bbox 1795 1077 3375 1152">
     <span class='ocr_line' id='line_1_38' title="bbox 1795 1077 3375 1152; baseline -0.004 -18"><span class='ocrx_word' id='word_1_287' title='bbox 1795 1080 1930 1135; x_wconf 88' lang='lat' dir='ltr'><strong>nuit.</strong></span> <span class='ocrx_word' id='word_1_288' title='bbox 1965 1079 2085 1151; x_wconf 94' lang='lat' dir='ltr'><strong>lpse</strong></span> <span class='ocrx_word' id='word_1_289' title='bbox 2140 1080 2361 1152; x_wconf 79' lang='lat' dir='ltr'><strong>quidem</strong></span> <span class='ocrx_word' id='word_1_290' title='bbox 2415 1078 2600 1133; x_wconf 89' lang='lat' dir='ltr'><strong>Sisera</strong></span> <span class='ocrx_word' id='word_1_291' title='bbox 2647 1078 2714 1132; x_wconf 89' lang='lat' dir='ltr'><strong>de</strong></span> <span class='ocrx_word' id='word_1_292' title='bbox 2744 1094 2843 1133; x_wconf 90' lang='lat' dir='ltr'><strong>suo</strong></span> <span class='ocrx_word' id='word_1_293' title='bbox 2873 1094 3041 1133; x_wconf 90' lang='lat' dir='ltr'><strong>curru</strong></span> <span class='ocrx_word' id='word_1_294' title='bbox 3090 1077 3375 1133; x_wconf 77' lang='lat' dir='ltr'><strong>descendit</strong></span> 
     </span>
    </p>
   </div>
   <div class='ocr_carea' id='block_1_39' title="bbox 1794 1168 3378 1241">
    <p class='ocr_par' dir='ltr' id='par_1_39' title="bbox 1794 1168 3378 1241">
     <span class='ocr_line' id='line_1_39' title="bbox 1794 1168 3378 1241; baseline -0.003 -15"><span class='ocrx_word' id='word_1_295' title='bbox 1794 1173 2056 1240; x_wconf 90' lang='lat' dir='ltr'><strong>solusque</strong></span> <span class='ocrx_word' id='word_1_296' title='bbox 2116 1172 2275 1241; x_wconf 80' lang='lat' dir='ltr'><strong>fugit.</strong></span> <span class='ocrx_word' id='word_1_297' title='bbox 2336 1176 2510 1235; x_wconf 78' lang='lat' dir='ltr'><strong>Quem</strong></span> <span class='ocrx_word' id='word_1_298' title='bbox 2572 1168 2893 1238; x_wconf 82' lang='lat' dir='ltr'><strong>conspicata</strong></span> <span class='ocrx_word' id='word_1_299' title='bbox 2963 1170 3134 1232; x_wconf 82' lang='lat' dir='ltr'><strong>Jaela,</strong></span> <span class='ocrx_word' id='word_1_300' title='bbox 3182 1168 3378 1222; x_wconf 59' lang='lat' dir='ltr'><strong>ntulitr</strong></span> 
     </span>
    </p>
   </div>
   <div class='ocr_carea' id='block_1_40' title="bbox 1792 1260 3374 1332">
    <p class='ocr_par' dir='ltr' id='par_1_40' title="bbox 1792 1260 3374 1332">
     <span class='ocr_line' id='line_1_40' title="bbox 1792 1260 3374 1332; baseline -0.001 -17"><span class='ocrx_word' id='word_1_301' title='bbox 1792 1264 2031 1332; x_wconf 74' lang='lat' dir='ltr'><strong>egregia,</strong></span> <span class='ocrx_word' id='word_1_302' title='bbox 2066 1262 2131 1314; x_wconf 86' lang='lat' dir='ltr'><strong>ad</strong></span> <span class='ocrx_word' id='word_1_303' title='bbox 2176 1278 2235 1317; x_wconf 86' lang='lat' dir='ltr'><strong>se</strong></span> <span class='ocrx_word' id='word_1_304' title='bbox 2279 1261 2517 1323; x_wconf 84' lang='lat' dir='ltr'><strong>vocavit,</strong></span> <span class='ocrx_word' id='word_1_305' title='bbox 2564 1260 2783 1316; x_wconf 81' lang='lat' dir='ltr'><strong>hortata</strong></span> <span class='ocrx_word' id='word_1_306' title='bbox 2810 1267 2870 1313; x_wconf 93' lang='lat' dir='ltr'><strong>ut</strong></span> <span class='ocrx_word' id='word_1_307' title='bbox 2913 1270 3090 1315; x_wconf 88' lang='lat' dir='ltr'><strong>metus</strong></span> <span class='ocrx_word' id='word_1_308' title='bbox 3142 1275 3374 1316; x_wconf 82' lang='lat' dir='ltr'><strong>securus</strong></span> 
     </span>
    </p>
   </div>
   <div class='ocr_carea' id='block_1_41' title="bbox 1794 1351 3376 1423">
    <p class='ocr_par' dir='ltr' id='par_1_41' title="bbox 1794 1351 3376 1423">
     <span class='ocr_line' id='line_1_41' title="bbox 1794 1351 3376 1423; baseline -0.003 -16"><span class='ocrx_word' id='word_1_309' title='bbox 1794 1354 1860 1407; x_wconf 86' lang='lat' dir='ltr'><strong>ad</strong></span> <span class='ocrx_word' id='word_1_310' title='bbox 1901 1369 1961 1408; x_wconf 89' lang='lat' dir='ltr'><strong>se</strong></span> <span class='ocrx_word' id='word_1_311' title='bbox 1988 1354 2301 1409; x_wconf 82' lang='lat' dir='ltr'><strong>diverterct.</strong></span> <span class='ocrx_word' id='word_1_312' title='bbox 2339 1352 2596 1422; x_wconf 89' lang='lat' dir='ltr'><strong>Ingresso</strong></span> <span class='ocrx_word' id='word_1_313' title='bbox 2648 1353 2771 1408; x_wconf 87' lang='lat' dir='ltr'><strong>sitis</strong></span> <span class='ocrx_word' id='word_1_314' title='bbox 2818 1351 3221 1423; x_wconf 69' lang='lat' dir='ltr'><strong>restinguenda:</strong></span> <span class='ocrx_word' id='word_1_315' title='bbox 3252 1367 3376 1422; x_wconf 87' lang='lat' dir='ltr'><strong>gra-</strong></span> 
     </span>
    </p>
   </div>
   <div class='ocr_carea' id='block_1_42' title="bbox 1793 1442 3377 1513">
    <p class='ocr_par' dir='ltr' id='par_1_42' title="bbox 1793 1442 3377 1513">
     <span class='ocr_line' id='line_1_42' title="bbox 1793 1442 3377 1513; baseline -0.001 -16"><span class='ocrx_word' id='word_1_316' title='bbox 1793 1445 1867 1497; x_wconf 91' lang='lat' dir='ltr'><strong>tia</strong></span> <span class='ocrx_word' id='word_1_317' title='bbox 1902 1443 1985 1497; x_wconf 90' lang='lat' dir='ltr'><strong>lac</strong></span> <span class='ocrx_word' id='word_1_318' title='bbox 2038 1443 2333 1497; x_wconf 89' lang='lat' dir='ltr'><strong>bibendum</strong></span> <span class='ocrx_word' id='word_1_319' title='bbox 2376 1442 2647 1510; x_wconf 77' lang='lat' dir='ltr'><strong>exhibuit,</strong></span> <span class='ocrx_word' id='word_1_320' title='bbox 2692 1443 3040 1513; x_wconf 86' lang='lat' dir='ltr'><strong>snpitumque</strong></span> <span class='ocrx_word' id='word_1_321' title='bbox 3074 1444 3231 1496; x_wconf 70' lang='lat' dir='ltr'><strong>clavo</strong></span> <span class='ocrx_word' id='word_1_322' title='bbox 3257 1450 3377 1495; x_wconf 88' lang='lat' dir='ltr'><strong>tru-</strong></span> 
     </span>
    </p>
   </div>
   <div class='ocr_carea' id='block_1_43' title="bbox 1792 1529 3377 1603">
    <p class='ocr_par' dir='ltr' id='par_1_43' title="bbox 1792 1529 3377 1603">
     <span class='ocr_line' id='line_1_43' title="bbox 1792 1529 3377 1603; baseline 0 -17"><span class='ocrx_word' id='word_1_323' title='bbox 1792 1533 2017 1586; x_wconf 88' lang='lat' dir='ltr'><strong>cidavit.</strong></span> <span class='ocrx_word' id='word_1_324' title='bbox 2079 1529 2192 1585; x_wconf 90' lang='lat' dir='ltr'><strong>Sub</strong></span> <span class='ocrx_word' id='word_1_325' title='bbox 2248 1532 2459 1586; x_wconf 89' lang='lat' dir='ltr'><strong>Baraco</strong></span> <span class='ocrx_word' id='word_1_326' title='bbox 2503 1532 2629 1587; x_wconf 91' lang='lat' dir='ltr'><strong>inde</strong></span> <span class='ocrx_word' id='word_1_327' title='bbox 2682 1534 2883 1603; x_wconf 80' lang='lat' dir='ltr'><strong>pOpulo</strong></span> <span class='ocrx_word' id='word_1_328' title='bbox 2927 1549 3029 1601; x_wconf 78' lang='lat' dir='ltr'><strong>pax</strong></span> <span class='ocrx_word' id='word_1_329' title='bbox 3084 1532 3156 1588; x_wconf 73' lang='grc'>40</span> <span class='ocrx_word' id='word_1_330' title='bbox 3201 1546 3377 1586; x_wconf 79' lang='lat' dir='ltr'><strong>annos</strong></span> 
     </span>
    </p>
   </div>
   <div class='ocr_carea' id='block_1_44' title="bbox 1793 1619 3377 1687">
    <p class='ocr_par' dir='ltr' id='par_1_44' title="bbox 1793 1619 3377 1687">
     <span class='ocr_line' id='line_1_44' title="bbox 1793 1619 3377 1687; baseline 0 -12"><span class='ocrx_word' id='word_1_331' title='bbox 1793 1621 1916 1675; x_wconf 77' lang='lat' dir='ltr'><strong>fuit.</strong></span> <span class='ocrx_word' id='word_1_332' title='bbox 1952 1619 2101 1683; x_wconf 86' lang='lat' dir='ltr'><strong>Post,</strong></span> <span class='ocrx_word' id='word_1_333' title='bbox 2130 1634 2254 1674; x_wconf 87' lang='lat' dir='ltr'><strong>cum</strong></span> <span class='ocrx_word' id='word_1_334' title='bbox 2291 1622 2470 1675; x_wconf 89' lang='lat' dir='ltr'><strong>denuo</strong></span> <span class='ocrx_word' id='word_1_335' title='bbox 2502 1621 2569 1675; x_wconf 90' lang='lat' dir='ltr'><strong>ad</strong></span> <span class='ocrx_word' id='word_1_336' title='bbox 2602 1621 3031 1675; x_wconf 81' lang='lat' dir='ltr'><strong>simulacrorum</strong></span> <span class='ocrx_word' id='word_1_337' title='bbox 3078 1623 3287 1674; x_wconf 89' lang='lat' dir='ltr'><strong>cultum</strong></span> <span class='ocrx_word' id='word_1_338' title='bbox 3313 1636 3377 1687; x_wconf 75' lang='lat' dir='ltr'><strong>se</strong></span> 
     </span>
    </p>
   </div>
   <div class='ocr_carea' id='block_1_45' title="bbox 1797 1703 3377 1783">
    <p class='ocr_par' dir='ltr' id='par_1_45' title="bbox 1797 1703 3377 1783">
     <span class='ocr_line' id='line_1_45' title="bbox 1797 1703 3377 1783; baseline -0.001 -18"><span class='ocrx_word' id='word_1_339' title='bbox 1797 1711 2061 1775; x_wconf 87' lang='lat' dir='ltr'><strong>dedisset,</strong></span> <span class='ocrx_word' id='word_1_340' title='bbox 2100 1711 2154 1765; x_wconf 89' lang='lat' dir='ltr'><strong>in</strong></span> <span class='ocrx_word' id='word_1_341' title='bbox 2204 1709 2628 1766; x_wconf 82' lang='lat' dir='ltr'><strong>Madianitarum</strong></span> <span class='ocrx_word' id='word_1_342' title='bbox 2665 1728 2830 1766; x_wconf 88' lang='lat' dir='ltr'><strong>manu</strong></span> <span class='ocrx_word' id='word_1_343' title='bbox 2882 1726 2980 1782; x_wconf 92' lang='lat' dir='ltr'><strong>per</strong></span> <span class='ocrx_word' id='word_1_344' title='bbox 3031 1703 3377 1783; x_wconf 76' lang='lat' dir='ltr'><strong>septen‘ninnt</strong></span> 
     </span>
    </p>
   </div>
   <div class='ocr_carea' id='block_1_46' title="bbox 1797 1801 3378 1873">
    <p class='ocr_par' dir='ltr' id='par_1_46' title="bbox 1797 1801 3378 1873">
     <span class='ocr_line' id='line_1_46' title="bbox 1797 1801 3378 1873; baseline -0.001 -18"><span class='ocrx_word' id='word_1_345' title='bbox 1797 1802 1916 1856; x_wconf 78' lang='lat' dir='ltr'><strong>fuit.</strong></span> <span class='ocrx_word' id='word_1_346' title='bbox 1991 1803 2067 1857; x_wconf 90' lang='lat' dir='ltr'><strong>Ea</strong></span> <span class='ocrx_word' id='word_1_347' title='bbox 2130 1810 2452 1871; x_wconf 86' lang='lat' dir='ltr'><strong>tempestate</strong></span> <span class='ocrx_word' id='word_1_348' title='bbox 2483 1802 2528 1834; x_wconf 87' lang='grc'>³⁰</span> <span class='ocrx_word' id='word_1_349' title='bbox 2601 1804 2829 1873; x_wconf 77' lang='lat' dir='ltr'><strong>angelus</strong></span> <span class='ocrx_word' id='word_1_350' title='bbox 2899 1801 3143 1858; x_wconf 85' lang='lat' dir='ltr'><strong>Gedeoni</strong></span> <span class='ocrx_word' id='word_1_351' title='bbox 3211 1817 3378 1873; x_wconf 85' lang='lat' dir='ltr'><strong>appa-</strong></span> 
     </span>
    </p>
   </div>
   <div class='ocr_carea' id='block_1_47' title="bbox 1798 1892 3375 1964">
    <p class='ocr_par' dir='ltr' id='par_1_47' title="bbox 1798 1892 3375 1964">
     <span class='ocr_line' id='line_1_47' title="bbox 1798 1892 3375 1964; baseline -0.003 -15"><span class='ocrx_word' id='word_1_352' title='bbox 1798 1895 1927 1961; x_wconf 88' lang='lat' dir='ltr'><strong>ruit,</strong></span> <span class='ocrx_word' id='word_1_353' title='bbox 1978 1894 2071 1964; x_wconf 91' lang='lat' dir='ltr'><strong>qui</strong></span> <span class='ocrx_word' id='word_1_354' title='bbox 2118 1897 2167 1949; x_wconf 91' lang='lat' dir='ltr'><strong>ei</strong></span> <span class='ocrx_word' id='word_1_355' title='bbox 2227 1896 2495 1949; x_wconf 85' lang='lat' dir='ltr'><strong>indicaret</strong></span> <span class='ocrx_word' id='word_1_356' title='bbox 2542 1892 2661 1948; x_wconf 82' lang='lat' dir='ltr'><strong>fore</strong></span> <span class='ocrx_word' id='word_1_357' title='bbox 2706 1901 2765 1948; x_wconf 91' lang='lat' dir='ltr'><strong>ut</strong></span> <span class='ocrx_word' id='word_1_358' title='bbox 2810 1894 2865 1949; x_wconf 92' lang='lat' dir='ltr'><strong>in</strong></span> <span class='ocrx_word' id='word_1_359' title='bbox 2924 1894 3097 1963; x_wconf 88' lang='lat' dir='ltr'><strong>ipsius</strong></span> <span class='ocrx_word' id='word_1_360' title='bbox 3154 1908 3375 1948; x_wconf 89' lang='lat' dir='ltr'><strong>manum</strong></span> 
     </span>
    </p>
   </div>
   <div class='ocr_carea' id='block_1_48' title="bbox 1799 1982 3378 2054">
    <p class='ocr_par' dir='ltr' id='par_1_48' title="bbox 1799 1982 3378 2054">
     <span class='ocr_line' id='line_1_48' title="bbox 1799 1982 3378 2054; baseline -0.003 -15"><span class='ocrx_word' id='word_1_361' title='bbox 1799 1987 1941 2040; x_wconf 89' lang='lat' dir='ltr'><strong>Deus</strong></span> <span class='ocrx_word' id='word_1_362' title='bbox 1994 1984 2319 2041; x_wconf 82' lang='lat' dir='ltr'><strong>Madiauitas</strong></span> <span class='ocrx_word' id='word_1_363' title='bbox 2378 1985 2637 2040; x_wconf 84' lang='lat' dir='ltr'><strong>traderet.</strong></span> <span class='ocrx_word' id='word_1_364' title='bbox 2702 1982 2779 2039; x_wconf 88' lang='lat' dir='ltr'><strong>lbi</strong></span> <span class='ocrx_word' id='word_1_365' title='bbox 2838 1998 2963 2039; x_wconf 90' lang='lat' dir='ltr'><strong>cum</strong></span> <span class='ocrx_word' id='word_1_366' title='bbox 3021 1982 3239 2038; x_wconf 87' lang='lat' dir='ltr'><strong>Gedeon</strong></span> <span class='ocrx_word' id='word_1_367' title='bbox 3280 1998 3378 2054; x_wconf 84' lang='lat' dir='ltr'><strong>pe-</strong></span> 
     </span>
    </p>
   </div>
   <div class='ocr_carea' id='block_1_49' title="bbox 1797 2074 3379 2145">
    <p class='ocr_par' dir='ltr' id='par_1_49' title="bbox 1797 2074 3379 2145">
     <span class='ocr_line' id='line_1_49' title="bbox 1797 2074 3379 2145; baseline -0.002 -14"><span class='ocrx_word' id='word_1_368' title='bbox 1797 2079 1979 2133; x_wconf 88' lang='lat' dir='ltr'><strong>tiisset</strong></span> <span class='ocrx_word' id='word_1_369' title='bbox 2010 2084 2070 2131; x_wconf 92' lang='lat' dir='ltr'><strong>ut</strong></span> <span class='ocrx_word' id='word_1_370' title='bbox 2109 2078 2215 2133; x_wconf 89' lang='lat' dir='ltr'><strong>sibi</strong></span> <span class='ocrx_word' id='word_1_371' title='bbox 2272 2093 2385 2133; x_wconf 90' lang='lat' dir='ltr'><strong>rem</strong></span> <span class='ocrx_word' id='word_1_372' title='bbox 2438 2092 2652 2132; x_wconf 80' lang='lat' dir='ltr'><strong>sacram</strong></span> <span class='ocrx_word' id='word_1_373' title='bbox 2712 2076 2823 2132; x_wconf 89' lang='lat' dir='ltr'><strong>Deo</strong></span> <span class='ocrx_word' id='word_1_374' title='bbox 2869 2074 3054 2131; x_wconf 79' lang='lat' dir='ltr'><strong>facere</strong></span> <span class='ocrx_word' id='word_1_375' title='bbox 3095 2076 3379 2145; x_wconf 87' lang='lat' dir='ltr'><strong>permitte-</strong></span> 
     </span>
    </p>
   </div>
   <div class='ocr_carea' id='block_1_50' title="bbox 1795 2160 3375 2237">
    <p class='ocr_par' dir='ltr' id='par_1_50' title="bbox 1795 2160 3375 2237">
     <span class='ocr_line' id='line_1_50' title="bbox 1795 2160 3375 2237; baseline -0.004 -17"><span class='ocrx_word' id='word_1_376' title='bbox 1795 2174 1967 2230; x_wconf 86' lang='lat' dir='ltr'><strong>retur,</strong></span> <span class='ocrx_word' id='word_1_377' title='bbox 1996 2165 2224 2237; x_wconf 78' lang='lat' dir='ltr'><strong>angelus</strong></span> <span class='ocrx_word' id='word_1_378' title='bbox 2259 2165 2577 2221; x_wconf 82' lang='lat' dir='ltr'><strong>summitate</strong></span> <span class='ocrx_word' id='word_1_379' title='bbox 2608 2164 2774 2234; x_wconf 79' lang='lat' dir='ltr'><strong>virgae</strong></span> <span class='ocrx_word' id='word_1_380' title='bbox 2808 2162 3144 2223; x_wconf 86' lang='lat' dir='ltr'><strong>sacriﬁcium</strong></span> <span class='ocrx_word' id='word_1_381' title='bbox 3182 2160 3375 2230; x_wconf 88' lang='lat' dir='ltr'><strong>tetigit,</strong></span> 
     </span>
    </p>
   </div>
   <div class='ocr_carea' id='block_1_51' title="bbox 1797 2252 3380 2330">
    <p class='ocr_par' dir='ltr' id='par_1_51' title="bbox 1797 2252 3380 2330">
     <span class='ocr_line' id='line_1_51' title="bbox 1797 2252 3380 2330; baseline -0.004 -16"><span class='ocrx_word' id='word_1_382' title='bbox 1797 2259 2053 2330; x_wconf 78' lang='lat' dir='ltr'><strong>ignisque</strong></span> <span class='ocrx_word' id='word_1_383' title='bbox 2102 2257 2229 2313; x_wconf 89' lang='lat' dir='ltr'><strong>inde</strong></span> <span class='ocrx_word' id='word_1_384' title='bbox 2263 2257 2473 2312; x_wconf 79' lang='lat' dir='ltr'><strong>exarsit</strong></span> <span class='ocrx_word' id='word_1_385' title='bbox 2517 2255 2679 2324; x_wconf 86' lang='lat' dir='ltr'><strong>idque</strong></span> <span class='ocrx_word' id='word_1_386' title='bbox 2714 2254 3077 2324; x_wconf 83' lang='lat' dir='ltr'><strong>consumpsit,</strong></span> <span class='ocrx_word' id='word_1_387' title='bbox 3119 2268 3182 2307; x_wconf 87' lang='lat' dir='ltr'><strong>ac</strong></span> <span class='ocrx_word' id='word_1_388' title='bbox 3221 2252 3380 2322; x_wconf 83' lang='lat'><strong>100</strong></span> 
     </span>
    </p>
   </div>
   <div class='ocr_carea' id='block_1_52' title="bbox 1794 2340 3376 2416">
    <p class='ocr_par' dir='ltr' id='par_1_52' title="bbox 1794 2340 3376 2416">
     <span class='ocr_line' id='line_1_52' title="bbox 1794 2340 3376 2416; baseline -0.006 -14"><span class='ocrx_word' id='word_1_389' title='bbox 1794 2348 2049 2403; x_wconf 87' lang='lat' dir='ltr'><strong>discessit</strong></span> <span class='ocrx_word' id='word_1_390' title='bbox 2100 2344 2347 2416; x_wconf 78' lang='lat' dir='ltr'><strong>angelus.</strong></span> <span class='ocrx_word' id='word_1_391' title='bbox 2412 2343 2596 2399; x_wconf 89' lang='lat' dir='ltr'><strong>Sensit</strong></span> <span class='ocrx_word' id='word_1_392' title='bbox 2660 2357 2790 2413; x_wconf 87' lang='lat' dir='ltr'><strong>ergo</strong></span> <span class='ocrx_word' id='word_1_393' title='bbox 2839 2340 3062 2398; x_wconf 87' lang='lat' dir='ltr'><strong>Gedeon</strong></span> <span class='ocrx_word' id='word_1_394' title='bbox 3122 2343 3376 2410; x_wconf 86' lang='lat' dir='ltr'><strong>angelum</strong></span> 
     </span>
    </p>
   </div>
   <div class='ocr_carea' id='block_1_53' title="bbox 1796 2431 3379 2502">
    <p class='ocr_par' dir='ltr' id='par_1_53' title="bbox 1796 2431 3379 2502">
     <span class='ocr_line' id='line_1_53' title="bbox 1796 2431 3379 2502; baseline -0.006 -7"><span class='ocrx_word' id='word_1_395' title='bbox 1796 2453 1984 2495; x_wconf 90' lang='lat' dir='ltr'><strong>secum</strong></span> <span class='ocrx_word' id='word_1_396' title='bbox 2015 2438 2185 2492; x_wconf 82' lang='lat' dir='ltr'><strong>fuisse</strong></span> <span class='ocrx_word' id='word_1_397' title='bbox 2225 2436 2495 2501; x_wconf 87' lang='lat' dir='ltr'><strong>locutum,</strong></span> <span class='ocrx_word' id='word_1_398' title='bbox 2532 2450 2597 2489; x_wconf 87' lang='lat' dir='ltr'><strong>ac</strong></span> <span class='ocrx_word' id='word_1_399' title='bbox 2630 2436 2834 2489; x_wconf 88' lang='lat' dir='ltr'><strong>timuit.</strong></span> <span class='ocrx_word' id='word_1_400' title='bbox 2875 2434 3007 2488; x_wconf 87' lang='lat' dir='ltr'><strong>Inde</strong></span> <span class='ocrx_word' id='word_1_401' title='bbox 3041 2432 3278 2502; x_wconf 87' lang='lat' dir='ltr'><strong>duplicis</strong></span> <span class='ocrx_word' id='word_1_402' title='bbox 3312 2431 3379 2486; x_wconf 85' lang='lat' dir='ltr'><strong>de</strong></span> 
     </span>
    </p>
   </div>
   <div class='ocr_carea' id='block_1_54' title="bbox 1797 2523 3377 2605">
    <p class='ocr_par' dir='ltr' id='par_1_54' title="bbox 1797 2523 3377 2605">
     <span class='ocr_line' id='line_1_54' title="bbox 1797 2523 3377 2605; baseline -0.006 -19"><span class='ocrx_word' id='word_1_403' title='bbox 1797 2530 1997 2586; x_wconf 89' lang='lat' dir='ltr'><strong>vellere</strong></span> <span class='ocrx_word' id='word_1_404' title='bbox 2030 2529 2138 2583; x_wconf 85' lang='lat' dir='ltr'><strong>voti</strong></span> <span class='ocrx_word' id='word_1_405' title='bbox 2181 2527 2448 2583; x_wconf 91' lang='lat' dir='ltr'><strong>divinitus</strong></span> <span class='ocrx_word' id='word_1_406' title='bbox 2479 2542 2707 2597; x_wconf 91' lang='lat' dir='ltr'><strong>compos</strong></span> <span class='ocrx_word' id='word_1_407' title='bbox 2762 2526 2966 2590; x_wconf 80' lang='lat' dir='ltr'><strong>factus,</strong></span> <span class='ocrx_word' id='word_1_408' title='bbox 3014 2523 3377 2605; x_wconf 76' lang='lat' dir='ltr'><strong>altarequod</strong></span> 
     </span>
    </p>
   </div>
   <div class='ocr_carea' id='block_1_55' title="bbox 1797 2603 3380 2690">
    <p class='ocr_par' dir='ltr' id='par_1_55' title="bbox 1797 2603 3380 2690">
     <span class='ocr_line' id='line_1_55' title="bbox 1797 2603 3380 2690; baseline -0.006 -13"><span class='ocrx_word' id='word_1_409' title='bbox 1797 2623 1865 2677; x_wconf 90' lang='lat' dir='ltr'><strong>ad</strong></span> <span class='ocrx_word' id='word_1_410' title='bbox 1906 2621 2054 2676; x_wconf 87' lang='lat' dir='ltr'><strong>Baali</strong></span> <span class='ocrx_word' id='word_1_411' title='bbox 2085 2623 2295 2675; x_wconf 90' lang='lat' dir='ltr'><strong>cultum</strong></span> <span class='ocrx_word' id='word_1_412' title='bbox 2330 2629 2483 2690; x_wconf 89' lang='lat' dir='ltr'><strong>pater</strong></span> <span class='ocrx_word' id='word_1_413' title='bbox 2528 2618 2831 2689; x_wconf 85' lang='lat' dir='ltr'><strong>usurpabat</strong></span> <span class='ocrx_word' id='word_1_414' title='bbox 2882 2603 3175 2681; x_wconf 79' lang='lat' dir='ltr'><strong>subvertit,</strong></span> <span class='ocrx_word' id='word_1_415' title='bbox 3204 2628 3380 2687; x_wconf 87' lang='lat' dir='ltr'><strong>eoque</strong></span> 
     </span>
    </p>
   </div>
   <div class='ocr_carea' id='block_1_56' title="bbox 1797 2706 3381 2772">
    <p class='ocr_par' dir='ltr' id='par_1_56' title="bbox 1797 2706 3381 2772">
     <span class='ocr_line' id='line_1_56' title="bbox 1797 2706 3381 2772; baseline -0.01 -1"><span class='ocrx_word' id='word_1_416' title='bbox 1797 2716 1920 2771; x_wconf 92' lang='lat' dir='ltr'><strong>loco</strong></span> <span class='ocrx_word' id='word_1_417' title='bbox 1977 2729 2071 2769; x_wconf 87' lang='lat' dir='ltr'><strong>ara</strong></span> <span class='ocrx_word' id='word_1_418' title='bbox 2112 2722 2392 2768; x_wconf 70' lang='lat' dir='ltr'><strong>exstructa</strong></span> <span class='ocrx_word' id='word_1_419' title='bbox 2461 2712 2572 2766; x_wconf 88' lang='lat' dir='ltr'><strong>Deo</strong></span> <span class='ocrx_word' id='word_1_420' title='bbox 2618 2711 2874 2765; x_wconf 84' lang='lat' dir='ltr'><strong>buculam</strong></span> <span class='ocrx_word' id='word_1_421' title='bbox 2910 2708 3181 2763; x_wconf 88' lang='lat' dir='ltr'><strong>immolat.</strong></span> <span class='ocrx_word' id='word_1_422' title='bbox 3214 2706 3381 2772; x_wconf 86' lang='lat' dir='ltr'><strong>Tum,</strong></span> 
     </span>
    </p>
   </div>
   <div class='ocr_carea' id='block_1_57' title="bbox 1796 2801 3380 2875">
    <p class='ocr_par' dir='ltr' id='par_1_57' title="bbox 1796 2801 3380 2875">
     <span class='ocr_line' id='line_1_57' title="bbox 1796 2801 3380 2875; baseline -0.006 -13"><span class='ocrx_word' id='word_1_423' title='bbox 1796 2813 2100 2863; x_wconf 86' lang='lat' dir='ltr'><strong>convocato</strong></span> <span class='ocrx_word' id='word_1_424' title='bbox 2132 2806 2354 2875; x_wconf 87' lang='lat' dir='ltr'><strong>p0pulo,</strong></span> <span class='ocrx_word' id='word_1_425' title='bbox 2386 2802 2459 2857; x_wconf 73' lang='lat'><strong>22</strong></span> <span class='ocrx_word' id='word_1_426' title='bbox 2486 2804 2653 2857; x_wconf 89' lang='lat' dir='ltr'><strong>millia</strong></span> <span class='ocrx_word' id='word_1_427' title='bbox 2684 2817 2874 2857; x_wconf 85' lang='lat' dir='ltr'><strong>eorum</strong></span> <span class='ocrx_word' id='word_1_428' title='bbox 2898 2803 2989 2873; x_wconf 91' lang='lat' dir='ltr'><strong>qui</strong></span> <span class='ocrx_word' id='word_1_429' title='bbox 3032 2801 3135 2856; x_wconf 88' lang='lat' dir='ltr'><strong>sibi</strong></span> <span class='ocrx_word' id='word_1_430' title='bbox 3168 2808 3380 2854; x_wconf 84' lang='lat' dir='ltr'><strong>metue-</strong></span> 
     </span>
    </p>
   </div>
   <div class='ocr_carea' id='block_1_58' title="bbox 1794 2892 3375 2965">
    <p class='ocr_par' dir='ltr' id='par_1_58' title="bbox 1794 2892 3375 2965">
     <span class='ocr_line' id='line_1_58' title="bbox 1794 2892 3375 2965; baseline -0.006 -10"><span class='ocrx_word' id='word_1_431' title='bbox 1794 2900 1928 2955; x_wconf 90' lang='lat' dir='ltr'><strong>bant</strong></span> <span class='ocrx_word' id='word_1_432' title='bbox 1956 2899 2239 2955; x_wconf 87' lang='lat' dir='ltr'><strong>discedere</strong></span> <span class='ocrx_word' id='word_1_433' title='bbox 2286 2898 2504 2951; x_wconf 78' lang='lat' dir='ltr'><strong>tlomum</strong></span> <span class='ocrx_word' id='word_1_434' title='bbox 2548 2895 2728 2965; x_wconf 86' lang='lat' dir='ltr'><strong>jubet,</strong></span> <span class='ocrx_word' id='word_1_435' title='bbox 2757 2903 2811 2949; x_wconf 88' lang='lat' dir='ltr'><strong>et</strong></span> <span class='ocrx_word' id='word_1_436' title='bbox 2851 2896 3061 2964; x_wconf 88' lang='lat' dir='ltr'><strong>reliqua</strong></span> <span class='ocrx_word' id='word_1_437' title='bbox 3088 2892 3155 2947; x_wconf 85' lang='grc'>10</span> <span class='ocrx_word' id='word_1_438' title='bbox 3203 2892 3375 2948; x_wconf 81' lang='lat' dir='ltr'><strong>millia</strong></span> 
     </span>
    </p>
   </div>
   <div class='ocr_carea' id='block_1_59' title="bbox 1797 2985 3378 3058">
    <p class='ocr_par' dir='ltr' id='par_1_59' title="bbox 1797 2985 3378 3058">
     <span class='ocr_line' id='line_1_59' title="bbox 1797 2985 3378 3058; baseline -0.004 -13"><span class='ocrx_word' id='word_1_439' title='bbox 1797 2992 2037 3045; x_wconf 88' lang='lat' dir='ltr'><strong>virorum</strong></span> <span class='ocrx_word' id='word_1_440' title='bbox 2067 2990 2225 3058; x_wconf 90' lang='lat' dir='ltr'><strong>jussu</strong></span> <span class='ocrx_word' id='word_1_441' title='bbox 2258 2987 2352 3043; x_wconf 88' lang='lat' dir='ltr'><strong>Dei</strong></span> <span class='ocrx_word' id='word_1_442' title='bbox 2396 2988 2463 3042; x_wconf 89' lang='lat' dir='ltr'><strong>ad</strong></span> <span class='ocrx_word' id='word_1_443' title='bbox 2499 3002 2713 3042; x_wconf 87' lang='lat' dir='ltr'><strong>amnem</strong></span> <span class='ocrx_word' id='word_1_444' title='bbox 2746 2986 2989 3051; x_wconf 87' lang='lat' dir='ltr'><strong>deducit,</strong></span> <span class='ocrx_word' id='word_1_445' title='bbox 3025 2987 3117 3041; x_wconf 88' lang='lat' dir='ltr'><strong>ubi</strong></span> <span class='ocrx_word' id='word_1_446' title='bbox 3152 2985 3378 3055; x_wconf 88' lang='lat' dir='ltr'><strong>reliquis</strong></span> 
     </span>
    </p>
   </div>
   <div class='ocr_carea' id='block_1_60' title="bbox 1797 3076 3377 3148">
    <p class='ocr_par' dir='ltr' id='par_1_60' title="bbox 1797 3076 3377 3148">
     <span class='ocr_line' id='line_1_60' title="bbox 1797 3076 3377 3148; baseline -0.002 -16"><span class='ocrx_word' id='word_1_447' title='bbox 1797 3080 2057 3133; x_wconf 89' lang='lat' dir='ltr'><strong>omnibus</strong></span> <span class='ocrx_word' id='word_1_448' title='bbox 2107 3077 2410 3148; x_wconf 89' lang='lat' dir='ltr'><strong>repudiatis</strong></span> <span class='ocrx_word' id='word_1_449' title='bbox 2457 3084 2734 3132; x_wconf 89' lang='lat' dir='ltr'><strong>trecentos</strong></span> <span class='ocrx_word' id='word_1_450' title='bbox 2787 3084 3020 3140; x_wconf 89' lang='lat' dir='ltr'><strong>tantum,</strong></span> <span class='ocrx_word' id='word_1_451' title='bbox 3054 3076 3149 3147; x_wconf 90' lang='lat' dir='ltr'><strong>qui</strong></span> <span class='ocrx_word' id='word_1_452' title='bbox 3193 3076 3377 3144; x_wconf 85' lang='lat' dir='ltr'><strong>lingua</strong></span> 
     </span>
    </p>
   </div>
   <div class='ocr_carea' id='block_1_61' title="bbox 160 3165 1767 3262">
    <p class='ocr_par' dir='ltr' id='par_1_61' title="bbox 160 3165 1766 3262">
     <span class='ocr_line' id='line_1_61' title="bbox 160 3165 1766 3262; baseline -0.001 -21"><span class='ocrx_word' id='word_1_453' title='bbox 160 3192 222 3241; x_wconf 81' lang='grc' dir='ltr'><strong>κτί</strong></span> <span class='ocrx_word' id='word_1_454' title='bbox 245 3191 413 3259; x_wconf 78' lang='grc' dir='ltr'>ἐκείνῃ</span> <span class='ocrx_word' id='word_1_455' title='bbox 436 3165 729 3242; x_wconf 80' lang='grc' dir='ltr'>κατελθεῖν</span> <span class='ocrx_word' id='word_1_456' title='bbox 764 3188 823 3240; x_wconf 84' lang='grc' dir='ltr'><strong>ἐν</strong></span> <span class='ocrx_word' id='word_1_457' title='bbox 855 3165 921 3257; x_wconf 84' lang='grc' dir='ltr'>τῆ</span> <span class='ocrx_word' id='word_1_458' title='bbox 975 3185 1301 3257; x_wconf 84' lang='grc' dir='ltr'>παρεμϐολῇ</span> <span class='ocrx_word' id='word_1_459' title='bbox 1341 3184 1569 3255; x_wconf 79' lang='grc' dir='ltr'>Μαδιάμ</span> <span class='ocrx_word' id='word_1_460' title='bbox 1601 3183 1692 3255; x_wconf 81' lang='grc' dir='ltr'><strong>μό·</strong></span> <span class='ocrx_word' id='word_1_461' title='bbox 1721 3202 1766 3262; x_wconf 71' lang='grc' dir='ltr'>α</span> 
     </span>
    </p>
   </div>
   <div class='ocr_carea' id='block_1_62' title="bbox 1797 3165 3380 3262">
    <p class='ocr_par' dir='ltr' id='par_1_62' title="bbox 1800 3165 3380 3242">
     <span class='ocr_line' id='line_1_62' title="bbox 1800 3165 3380 3242; baseline -0.004 -16"><span class='ocrx_word' id='word_1_462' title='bbox 1800 3186 1996 3242; x_wconf 85' lang='lat' dir='ltr'><strong>aquam</strong></span> <span class='ocrx_word' id='word_1_463' title='bbox 2036 3185 2232 3225; x_wconf 84' lang='lat' dir='ltr'><strong>canum</strong></span> <span class='ocrx_word' id='word_1_464' title='bbox 2271 3168 2379 3222; x_wconf 91' lang='lat' dir='ltr'><strong>ritu</strong></span> <span class='ocrx_word' id='word_1_465' title='bbox 2407 3167 2697 3237; x_wconf 88' lang='lat' dir='ltr'><strong>lampendo</strong></span> <span class='ocrx_word' id='word_1_466' title='bbox 2731 3167 3023 3231; x_wconf 89' lang='lat' dir='ltr'><strong>bibissent,</strong></span> <span class='ocrx_word' id='word_1_467' title='bbox 3050 3166 3272 3223; x_wconf 85' lang='lat' dir='ltr'><strong>retinet.</strong></span> <span class='ocrx_word' id='word_1_468' title='bbox 3304 3165 3380 3219; x_wconf 87' lang='lat' dir='ltr'><strong>Ea</strong></span> 
     </span>
    </p>
   </div>
   <div class='ocr_carea' id='block_1_63' title="bbox 156 3258 1767 3350">
    <p class='ocr_par' dir='ltr' id='par_1_63' title="bbox 156 3258 1766 3350">
     <span class='ocr_line' id='line_1_63' title="bbox 156 3258 1766 3350; baseline -0.001 -18"><span class='ocrx_word' id='word_1_469' title='bbox 156 3298 217 3343; x_wconf 67' lang='lat' dir='ltr'><strong>vo;</strong></span> <span class='ocrx_word' id='word_1_470' title='bbox 260 3258 409 3350; x_wconf 70' lang='grc' dir='ltr'>μετά</span> <span class='ocrx_word' id='word_1_471' title='bbox 442 3280 767 3350; x_wconf 81' lang='grc' dir='ltr'>παιδαρίου.</span> <span class='ocrx_word' id='word_1_472' title='bbox 830 3277 1125 3332; x_wconf 78' lang='grc' dir='ltr'>Κατελθὼν</span> <span class='ocrx_word' id='word_1_473' title='bbox 1170 3276 1230 3330; x_wconf 85' lang='grc' dir='ltr'>δὲ</span> <span class='ocrx_word' id='word_1_474' title='bbox 1269 3276 1504 3346; x_wconf 78' lang='grc' dir='ltr'>ἧκουσεν</span> <span class='ocrx_word' id='word_1_475' title='bbox 1534 3278 1592 3331; x_wconf 81' lang='grc' dir='ltr'><strong>ἐν</strong></span> <span class='ocrx_word' id='word_1_476' title='bbox 1628 3279 1696 3347; x_wconf 80' lang='grc' dir='ltr'>τῇ</span> <span class='ocrx_word' id='word_1_477' title='bbox 1732 3258 1766 3262; x_wconf 35' lang='grc' dir='ltr'>Ἦ</span> 
     </span>
    </p>
   </div>
   <div class='ocr_carea' id='block_1_64' title="bbox 1797 3258 3380 3350">
    <p class='ocr_par' dir='ltr' id='par_1_64' title="bbox 1800 3258 3380 3333">
     <span class='ocr_line' id='line_1_64' title="bbox 1800 3258 3380 3333; baseline -0.004 -15"><span class='ocrx_word' id='word_1_478' title='bbox 1800 3276 1908 3319; x_wconf 90' lang='lat' dir='ltr'><strong>tam</strong></span> <span class='ocrx_word' id='word_1_479' title='bbox 1952 3278 2115 3333; x_wconf 86' lang='lat' dir='ltr'><strong>parva</strong></span> <span class='ocrx_word' id='word_1_480' title='bbox 2148 3276 2309 3315; x_wconf 89' lang='lat' dir='ltr'><strong>manu</strong></span> <span class='ocrx_word' id='word_1_481' title='bbox 2359 3260 2663 3315; x_wconf 91' lang='lat' dir='ltr'><strong>instructus</strong></span> <span class='ocrx_word' id='word_1_482' title='bbox 2691 3258 2953 3314; x_wconf 89' lang='lat' dir='ltr'><strong>mandato</strong></span> <span class='ocrx_word' id='word_1_483' title='bbox 2995 3260 3089 3315; x_wconf 89' lang='lat' dir='ltr'><strong>Dei</strong></span> <span class='ocrx_word' id='word_1_484' title='bbox 3134 3260 3286 3314; x_wconf 89' lang='lat' dir='ltr'><strong>solus</strong></span> <span class='ocrx_word' id='word_1_485' title='bbox 3314 3271 3380 3313; x_wconf 83' lang='lat' dir='ltr'><strong>ea</strong></span> 
     </span>
    </p>
   </div>
   <div class='ocr_carea' id='block_1_65' title="bbox 158 3368 1699 3443">
    <p class='ocr_par' dir='ltr' id='par_1_65' title="bbox 158 3368 1699 3443">
     <span class='ocr_line' id='line_1_65' title="bbox 158 3368 1699 3443; baseline -0.002 -21"><span class='ocrx_word' id='word_1_486' title='bbox 158 3374 431 3443; x_wconf 73' lang='grc' dir='ltr'>παρεμϐολῇ</span> <span class='ocrx_word' id='word_1_487' title='bbox 457 3372 732 3440; x_wconf 83' lang='grc' dir='ltr'>λεγόντων</span> <span class='ocrx_word' id='word_1_488' title='bbox 777 3370 980 3441; x_wconf 84' lang='grc' dir='ltr'>μαγίδα</span> <span class='ocrx_word' id='word_1_489' title='bbox 1006 3368 1256 3440; x_wconf 82' lang='grc' dir='ltr'>κριθίνην</span> <span class='ocrx_word' id='word_1_490' title='bbox 1286 3370 1413 3439; x_wconf 71' lang='grc' dir='ltr'><strong>(δι)</strong></span> <span class='ocrx_word' id='word_1_491' title='bbox 1454 3371 1513 3422; x_wconf 89' lang='grc' dir='ltr'><strong>ἐν</strong></span> <span class='ocrx_word' id='word_1_492' title='bbox 1548 3368 1699 3439; x_wconf 81' lang='grc' dir='ltr'>ὕπνῳ</span> 
     </span>
    </p>
   </div>
   <div class='ocr_carea' id='block_1_66' title="bbox 153 3460 1695 3531">
    <p class='ocr_par' dir='ltr' id='par_1_66' title="bbox 153 3460 1695 3531">
     <span class='ocr_line' id='line_1_66' title="bbox 153 3460 1695 3531; baseline -0.001 -17"><span class='ocrx_word' id='word_1_493' title='bbox 153 3465 395 3518; x_wconf 68' lang='grc' dir='ltr'>τεθεᾶσθαι</span> <span class='ocrx_word' id='word_1_494' title='bbox 444 3466 543 3517; x_wconf 67' lang='grc' dir='ltr'>τὸν</span> <span class='ocrx_word' id='word_1_495' title='bbox 599 3462 826 3525; x_wconf 82' lang='grc' dir='ltr'>λέγοντα</span> <span class='ocrx_word' id='word_1_496' title='bbox 859 3463 915 3514; x_wconf 86' lang='grc' dir='ltr'><strong>ἐν</strong></span> <span class='ocrx_word' id='word_1_497' title='bbox 974 3465 1038 3531; x_wconf 80' lang='grc' dir='ltr'>τῇ</span> <span class='ocrx_word' id='word_1_498' title='bbox 1094 3462 1416 3531; x_wconf 78' lang='grc' dir='ltr'>παρεμϐολῇ</span> <span class='ocrx_word' id='word_1_499' title='bbox 1448 3460 1695 3529; x_wconf 86' lang='grc' dir='ltr'>Μαδιάμ,</span> 
     </span>
    </p>
   </div>
   <div class='ocr_carea' id='block_1_67' title="bbox 154 3551 1698 3624">
    <p class='ocr_par' dir='ltr' id='par_1_67' title="bbox 154 3551 1698 3624">
     <span class='ocr_line' id='line_1_67' title="bbox 154 3551 1698 3624; baseline -0.002 -17"><span class='ocrx_word' id='word_1_500' title='bbox 154 3557 243 3624; x_wconf 72' lang='grc' dir='ltr'>ἣτις</span> <span class='ocrx_word' id='word_1_501' title='bbox 290 3556 693 3624; x_wconf 78' lang='grc' dir='ltr'>ἁνακυλιομένη</span> <span class='ocrx_word' id='word_1_502' title='bbox 758 3556 817 3607; x_wconf 88' lang='grc' dir='ltr'><strong>ἐν</strong></span> <span class='ocrx_word' id='word_1_503' title='bbox 865 3555 1031 3606; x_wconf 77' lang='grc' dir='ltr'>παντὶ</span> <span class='ocrx_word' id='word_1_504' title='bbox 1064 3552 1140 3623; x_wconf 84' lang='grc' dir='ltr'>τῷ</span> <span class='ocrx_word' id='word_1_505' title='bbox 1181 3551 1295 3621; x_wconf 88' lang='grc' dir='ltr'>λαῷ</span> <span class='ocrx_word' id='word_1_506' title='bbox 1330 3554 1565 3621; x_wconf 69' lang='grc' dir='ltr'>ἔφθασεν</span> <span class='ocrx_word' id='word_1_507' title='bbox 1593 3551 1698 3615; x_wconf 70' lang='grc' dir='ltr'><strong>ἕως</strong></span> 
     </span>
    </p>
   </div>
   <div class='ocr_carea' id='block_1_68' title="bbox 154 3644 1698 3720">
    <p class='ocr_par' dir='ltr' id='par_1_68' title="bbox 154 3644 1698 3720">
     <span class='ocr_line' id='line_1_68' title="bbox 154 3644 1698 3720; baseline -0.005 -18"><span class='ocrx_word' id='word_1_508' title='bbox 154 3648 223 3717; x_wconf 74' lang='grc' dir='ltr'>τῆς</span> <span class='ocrx_word' id='word_1_509' title='bbox 250 3649 441 3720; x_wconf 79' lang='grc' dir='ltr'>σκηνῆς</span> <span class='ocrx_word' id='word_1_510' title='bbox 478 3646 579 3701; x_wconf 80' lang='grc' dir='ltr'>τοῦ</span> <span class='ocrx_word' id='word_1_511' title='bbox 606 3645 891 3717; x_wconf 81' lang='grc' dir='ltr'>βασιλέως,</span> <span class='ocrx_word' id='word_1_512' title='bbox 918 3646 1015 3698; x_wconf 57' lang='grc' dir='ltr'><strong>καί⁵</strong></span> <span class='ocrx_word' id='word_1_513' title='bbox 1038 3646 1309 3708; x_wconf 82' lang='grc' dir='ltr'>ἐπάταξεν</span> <span class='ocrx_word' id='word_1_514' title='bbox 1342 3646 1375 3714; x_wconf 82' lang='grc' dir='ltr'>ή</span> <span class='ocrx_word' id='word_1_515' title='bbox 1405 3644 1569 3714; x_wconf 70' lang='grc' dir='ltr'>μαγις</span> <span class='ocrx_word' id='word_1_516' title='bbox 1598 3644 1698 3713; x_wconf 77' lang='grc' dir='ltr'><strong>τὴν</strong></span> 
     </span>
    </p>
   </div>
   <div class='ocr_carea' id='block_1_69' title="bbox 158 3733 1698 3811">
    <p class='ocr_par' dir='ltr' id='par_1_69' title="bbox 158 3733 1698 3811">
     <span class='ocr_line' id='line_1_69' title="bbox 158 3733 1698 3811; baseline -0.004 -18"><span class='ocrx_word' id='word_1_517' title='bbox 158 3742 320 3811; x_wconf 71' lang='grc' dir='ltr'>σκηνὴν</span> <span class='ocrx_word' id='word_1_518' title='bbox 342 3782 357 3805; x_wconf 92' lang='grc'><strong>,</strong></span> <span class='ocrx_word' id='word_1_519' title='bbox 401 3742 499 3795; x_wconf 77' lang='grc' dir='ltr'><strong>καὶ</strong></span> <span class='ocrx_word' id='word_1_520' title='bbox 534 3739 719 3792; x_wconf 76' lang='grc' dir='ltr'>ἔπεσε.</span> <span class='ocrx_word' id='word_1_521' title='bbox 758 3738 867 3791; x_wconf 83' lang='lat' dir='ltr'><strong>Kal</strong></span> <span class='ocrx_word' id='word_1_522' title='bbox 897 3733 1051 3790; x_wconf 81' lang='grc' dir='ltr'>εἶπον</span> <span class='ocrx_word' id='word_1_523' title='bbox 1100 3737 1149 3788; x_wconf 79' lang='lat' dir='ltr'><strong>oi</strong></span> <span class='ocrx_word' id='word_1_524' title='bbox 1177 3734 1498 3797; x_wconf 84' lang='grc' dir='ltr'>άκούοντες’</span> <span class='ocrx_word' id='word_1_525' title='bbox 1534 3752 1553 3786; x_wconf 83' lang='grc' dir='ltr'><strong>ι</strong></span> <span class='ocrx_word' id='word_1_526' title='bbox 1586 3735 1698 3789; x_wconf 82' lang='grc' dir='ltr'>Οὐκ</span> 
     </span>
    </p>
   </div>
   <div class='ocr_carea' id='block_1_70' title="bbox 154 3824 1698 3901">
    <p class='ocr_par' dir='ltr' id='par_1_70' title="bbox 154 3824 1698 3901">
     <span class='ocr_line' id='line_1_70' title="bbox 154 3824 1698 3901; baseline -0.003 -20"><span class='ocrx_word' id='word_1_527' title='bbox 154 3830 235 3884; x_wconf 64' lang='grc' dir='ltr'>ἔστι</span> <span class='ocrx_word' id='word_1_528' title='bbox 258 3833 427 3899; x_wconf 82' lang='grc' dir='ltr'>τοῦτο,</span> <span class='ocrx_word' id='word_1_529' title='bbox 460 3830 584 3884; x_wconf 81' lang='grc' dir='ltr'>ἀλλ’</span> <span class='ocrx_word' id='word_1_530' title='bbox 608 3831 642 3901; x_wconf 68' lang='grc' dir='ltr'>ἢ</span> <span class='ocrx_word' id='word_1_531' title='bbox 682 3831 715 3898; x_wconf 85' lang='grc' dir='ltr'><strong>ή</strong></span> <span class='ocrx_word' id='word_1_532' title='bbox 757 3829 1002 3898; x_wconf 73' lang='grc' dir='ltr'>ῥομφαία</span> <span class='ocrx_word' id='word_1_533' title='bbox 1042 3826 1135 3880; x_wconf 79' lang='grc' dir='ltr'>τοῦ</span> <span class='ocrx_word' id='word_1_534' title='bbox 1175 3828 1418 3881; x_wconf 56' lang='grc' dir='ltr'>Γεδεών</span> <span class='ocrx_word' id='word_1_535' title='bbox 1445 3824 1698 3896; x_wconf 84' lang='grc' dir='ltr'>παραδώ-</span> 
     </span>
    </p>
   </div>
   <div class='ocr_carea' id='block_1_71' title="bbox 155 3917 1698 3994">
    <p class='ocr_par' dir='ltr' id='par_1_71' title="bbox 155 3917 1698 3994">
     <span class='ocr_line' id='line_1_71' title="bbox 155 3917 1698 3994; baseline -0.004 -21"><span class='ocrx_word' id='word_1_536' title='bbox 155 3938 212 3974; x_wconf 77' lang='grc' dir='ltr'><strong>σει</strong></span> <span class='ocrx_word' id='word_1_537' title='bbox 236 3924 328 3994; x_wconf 69' lang='grc' dir='ltr'><strong>γὰρ</strong></span> <span class='ocrx_word' id='word_1_538' title='bbox 361 3925 390 3976; x_wconf 85' lang='lat'><strong>6</strong></span> <span class='ocrx_word' id='word_1_539' title='bbox 422 3924 637 3994; x_wconf 81' lang='grc' dir='ltr'>Κύριος</span> <span class='ocrx_word' id='word_1_540' title='bbox 669 3922 770 3990; x_wconf 81' lang='grc' dir='ltr'><strong>τὴν</strong></span> <span class='ocrx_word' id='word_1_541' title='bbox 807 3919 1162 3989; x_wconf 79' lang='grc' dir='ltr'>παρεμϐολὴν</span> <span class='ocrx_word' id='word_1_542' title='bbox 1212 3918 1401 3988; x_wconf 65' lang='grc' dir='ltr'>ταύτηι</span> <span class='ocrx_word' id='word_1_543' title='bbox 1450 3918 1510 3969; x_wconf 85' lang='grc' dir='ltr'><strong>ἐν</strong></span> <span class='ocrx_word' id='word_1_544' title='bbox 1554 3917 1698 3985; x_wconf 80' lang='grc' dir='ltr'>χειρὶ</span> 
     </span>
    </p>
   </div>
   <div class='ocr_carea' id='block_1_72' title="bbox 150 4011 1698 4087">
    <p class='ocr_par' dir='ltr' id='par_1_72' title="bbox 150 4011 1698 4087">
     <span class='ocr_line' id='line_1_72' title="bbox 150 4011 1698 4087; baseline -0.003 -20"><span class='ocrx_word' id='word_1_545' title='bbox 150 4018 297 4073; x_wconf 68' lang='grc' dir='ltr'>αὑτοῦ.</span> <span class='ocrx_word' id='word_1_546' title='bbox 338 4039 355 4070; x_wconf 75' lang='grc' dir='ltr'><strong>ι</strong></span> <span class='ocrx_word' id='word_1_547' title='bbox 408 4020 525 4073; x_wconf 84' lang='lat' dir='ltr'><strong>Kal</strong></span> <span class='ocrx_word' id='word_1_548' title='bbox 579 4017 782 4087; x_wconf 70' lang='grc' dir='ltr'>ἤκουσε</span> <span class='ocrx_word' id='word_1_549' title='bbox 850 4013 1059 4066; x_wconf 82' lang='grc' dir='ltr'>Γεδεὼν</span> <span class='ocrx_word' id='word_1_550' title='bbox 1115 4013 1212 4067; x_wconf 79' lang='grc' dir='ltr'>καὶ</span> <span class='ocrx_word' id='word_1_551' title='bbox 1256 4013 1529 4082; x_wconf 86' lang='grc' dir='ltr'>ἐνίσχυσε.</span> <span class='ocrx_word' id='word_1_552' title='bbox 1588 4011 1698 4064; x_wconf 90' lang='lat' dir='ltr'><strong>Kal</strong></span> 
     </span>
    </p>
   </div>
   <div class='ocr_carea' id='block_1_73' title="bbox 148 4099 1695 4179">
    <p class='ocr_par' dir='ltr' id='par_1_73' title="bbox 148 4099 1695 4179">
     <span class='ocr_line' id='line_1_73' title="bbox 148 4099 1695 4179; baseline -0.006 -18"><span class='ocrx_word' id='word_1_553' title='bbox 148 4108 337 4177; x_wconf 78' lang='grc' dir='ltr'>ἀνῆλθεν</span> <span class='ocrx_word' id='word_1_554' title='bbox 368 4112 426 4162; x_wconf 88' lang='grc' dir='ltr'><strong>ἐν</strong></span> <span class='ocrx_word' id='word_1_555' title='bbox 479 4109 555 4179; x_wconf 82' lang='grc' dir='ltr'>τῇ</span> <span class='ocrx_word' id='word_1_556' title='bbox 585 4106 771 4178; x_wconf 83' lang='grc' dir='ltr'>ἐκείνῃ</span> <span class='ocrx_word' id='word_1_557' title='bbox 801 4106 960 4157; x_wconf 70' lang='grc' dir='ltr'>νυκτὶ</span> <span class='ocrx_word' id='word_1_558' title='bbox 994 4103 1133 4174; x_wconf 75' lang='grc' dir='ltr'>πρὸς</span> <span class='ocrx_word' id='word_1_559' title='bbox 1168 4102 1267 4173; x_wconf 81' lang='grc' dir='ltr'><strong>τὴν</strong></span> <span class='ocrx_word' id='word_1_560' title='bbox 1316 4099 1695 4172; x_wconf 83' lang='grc' dir='ltr'>παρεμϐολὴν,</span> 
     </span>
    </p>
   </div>
   <div class='ocr_carea' id='block_1_74' title="bbox 150 4192 1700 4272">
    <p class='ocr_par' dir='ltr' id='par_1_74' title="bbox 150 4192 1700 4272">
     <span class='ocr_line' id='line_1_74' title="bbox 150 4192 1700 4272; baseline -0.004 -23"><span class='ocrx_word' id='word_1_561' title='bbox 150 4203 220 4253; x_wconf 77' lang='grc' dir='ltr'><strong>καὶ</strong></span> <span class='ocrx_word' id='word_1_562' title='bbox 242 4202 480 4272; x_wconf 77' lang='grc' dir='ltr'>ενίσχυσε</span> <span class='ocrx_word' id='word_1_563' title='bbox 512 4199 646 4261; x_wconf 82' lang='grc' dir='ltr'>τοὺς</span> <span class='ocrx_word' id='word_1_564' title='bbox 688 4196 1042 4268; x_wconf 75' lang='grc' dir='ltr'>τριακοσίους</span> <span class='ocrx_word' id='word_1_565' title='bbox 1080 4194 1279 4264; x_wconf 82' lang='grc' dir='ltr'>ἄνδρας</span> <span class='ocrx_word' id='word_1_566' title='bbox 1300 4193 1425 4255; x_wconf 80' lang='grc' dir='ltr'>τοὺς</span> <span class='ocrx_word' id='word_1_567' title='bbox 1458 4192 1575 4261; x_wconf 79' lang='grc' dir='ltr'>μετ’</span> <span class='ocrx_word' id='word_1_568' title='bbox 1602 4192 1700 4245; x_wconf 85' lang='grc' dir='ltr'>αὐ-</span> 
     </span>
    </p>
   </div>
   <div class='ocr_carea' id='block_1_75' title="bbox 148 4283 1699 4356">
    <p class='ocr_par' dir='ltr' id='par_1_75' title="bbox 148 4283 1699 4356">
     <span class='ocr_line' id='line_1_75' title="bbox 148 4283 1699 4356; baseline -0.005 -15"><span class='ocrx_word' id='word_1_569' title='bbox 148 4289 235 4353; x_wconf 70' lang='grc' dir='ltr'>τοῦ,</span> <span class='ocrx_word' id='word_1_570' title='bbox 260 4292 457 4345; x_wconf 80' lang='grc' dir='ltr'>δέδωκε</span> <span class='ocrx_word' id='word_1_571' title='bbox 499 4290 562 4343; x_wconf 84' lang='grc' dir='ltr'>δὲ</span> <span class='ocrx_word' id='word_1_572' title='bbox 600 4289 791 4349; x_wconf 84' lang='grc' dir='ltr'>αὐτοῖς</span> <span class='ocrx_word' id='word_1_573' title='bbox 837 4287 1107 4356; x_wconf 78' lang='grc' dir='ltr'>ἀμφορεῖς</span> <span class='ocrx_word' id='word_1_574' title='bbox 1139 4286 1237 4337; x_wconf 74' lang='grc' dir='ltr'><strong>καὶ</strong></span> <span class='ocrx_word' id='word_1_575' title='bbox 1278 4283 1569 4353; x_wconf 88' lang='grc' dir='ltr'>λαμπάδας</span> <span class='ocrx_word' id='word_1_576' title='bbox 1606 4283 1699 4335; x_wconf 80' lang='grc' dir='ltr'><strong>καὶ</strong></span> 
     </span>
    </p>
   </div>
   <div class='ocr_carea' id='block_1_76' title="bbox 150 4376 1695 4452">
    <p class='ocr_par' dir='ltr' id='par_1_76' title="bbox 150 4376 1695 4452">
     <span class='ocr_line' id='line_1_76' title="bbox 150 4376 1695 4452; baseline -0.003 -19"><span class='ocrx_word' id='word_1_577' title='bbox 150 4382 433 4452; x_wconf 68' lang='grc' dir='ltr'>σάλπιγγας.</span> <span class='ocrx_word' id='word_1_578' title='bbox 463 4383 580 4436; x_wconf 85' lang='lat' dir='ltr'><strong>Kal</strong></span> <span class='ocrx_word' id='word_1_579' title='bbox 615 4377 895 4433; x_wconf 83' lang='grc' dir='ltr'>κατελθὼν</span> <span class='ocrx_word' id='word_1_580' title='bbox 928 4378 1231 4448; x_wconf 86' lang='grc' dir='ltr'>πεποίηκεν</span> <span class='ocrx_word' id='word_1_581' title='bbox 1257 4376 1333 4439; x_wconf 84' lang='grc' dir='ltr'><strong>ὡς</strong></span> <span class='ocrx_word' id='word_1_582' title='bbox 1361 4376 1695 4445; x_wconf 83' lang='grc' dir='ltr'>γέγραπται.</span> 
     </span>
    </p>
   </div>
   <div class='ocr_carea' id='block_1_77' title="bbox 147 4466 1697 4543">
    <p class='ocr_par' dir='ltr' id='par_1_77' title="bbox 147 4466 1697 4543">
     <span class='ocr_line' id='line_1_77' title="bbox 147 4466 1697 4543; baseline -0.005 -17"><span class='ocrx_word' id='word_1_583' title='bbox 147 4466 226 4526; x_wconf 72' lang='grc' dir='ltr'>Ἦν</span> <span class='ocrx_word' id='word_1_584' title='bbox 249 4476 299 4528; x_wconf 77' lang='grc' dir='ltr'>δὲ</span> <span class='ocrx_word' id='word_1_585' title='bbox 333 4474 570 4543; x_wconf 74' lang='grc' dir='ltr'>Μαδιάμ</span> <span class='ocrx_word' id='word_1_586' title='bbox 632 4470 893 4542; x_wconf 80' lang='grc' dir='ltr'>μυριάδες</span> <span class='ocrx_word' id='word_1_587' title='bbox 948 4473 1260 4539; x_wconf 75' lang='grc' dir='ltr'>τριακόσιαι</span> <span class='ocrx_word' id='word_1_588' title='bbox 1299 4467 1528 4533; x_wconf 83' lang='grc' dir='ltr'>δώδεκα,</span> <span class='ocrx_word' id='word_1_589' title='bbox 1565 4467 1697 4520; x_wconf 77' lang='grc' dir='ltr'>ὡσεὶ</span> 
     </span>
    </p>
   </div>
   <div class='ocr_carea' id='block_1_78' title="bbox 1799 3352 3377 3424">
    <p class='ocr_par' dir='ltr' id='par_1_78' title="bbox 1799 3352 3377 3424">
     <span class='ocr_line' id='line_1_78' title="bbox 1799 3352 3377 3424; baseline -0.006 -11"><span class='ocrx_word' id='word_1_590' title='bbox 1799 3366 1961 3413; x_wconf 91' lang='lat' dir='ltr'><strong>nocte</strong></span> <span class='ocrx_word' id='word_1_591' title='bbox 1998 3370 2125 3410; x_wconf 90' lang='lat' dir='ltr'><strong>cum</strong></span> <span class='ocrx_word' id='word_1_592' title='bbox 2168 3369 2339 3424; x_wconf 91' lang='lat' dir='ltr'><strong>puero</strong></span> <span class='ocrx_word' id='word_1_593' title='bbox 2379 3353 2434 3408; x_wconf 90' lang='lat' dir='ltr'><strong>in</strong></span> <span class='ocrx_word' id='word_1_594' title='bbox 2491 3362 2671 3408; x_wconf 88' lang='lat' dir='ltr'><strong>castra</strong></span> <span class='ocrx_word' id='word_1_595' title='bbox 2721 3352 3021 3409; x_wconf 77' lang='lat' dir='ltr'><strong>Madianica</strong></span> <span class='ocrx_word' id='word_1_596' title='bbox 3073 3352 3377 3408; x_wconf 90' lang='lat' dir='ltr'><strong>descendit.</strong></span> 
     </span>
    </p>
   </div>
   <div class='ocr_carea' id='block_1_79' title="bbox 1800 3445 3378 3511">
    <p class='ocr_par' dir='ltr' id='par_1_79' title="bbox 1800 3445 3378 3511">
     <span class='ocr_line' id='line_1_79' title="bbox 1800 3445 3378 3511; baseline -0.003 -8"><span class='ocrx_word' id='word_1_597' title='bbox 1800 3451 1876 3505; x_wconf 86' lang='lat' dir='ltr'><strong>lbi</strong></span> <span class='ocrx_word' id='word_1_598' title='bbox 1936 3448 2147 3503; x_wconf 83' lang='lat' dir='ltr'><strong>audivit</strong></span> <span class='ocrx_word' id='word_1_599' title='bbox 2200 3445 2535 3501; x_wconf 88' lang='lat' dir='ltr'><strong>insomnium</strong></span> <span class='ocrx_word' id='word_1_600' title='bbox 2592 3445 2694 3500; x_wconf 87' lang='lat' dir='ltr'><strong>sibi</strong></span> <span class='ocrx_word' id='word_1_601' title='bbox 2764 3445 2993 3500; x_wconf 88' lang='lat' dir='ltr'><strong>invicem</strong></span> <span class='ocrx_word' id='word_1_602' title='bbox 3065 3453 3378 3511; x_wconf 87' lang='lat' dir='ltr'><strong>narrantes,</strong></span> 
     </span>
    </p>
   </div>
   <div class='ocr_carea' id='block_1_80' title="bbox 1800 3536 3382 3617">
    <p class='ocr_par' dir='ltr' id='par_1_80' title="bbox 1800 3536 3382 3617">
     <span class='ocr_line' id='line_1_80' title="bbox 1800 3536 3382 3617; baseline -0.008 -20"><span class='ocrx_word' id='word_1_603' title='bbox 1800 3542 2128 3611; x_wconf 88' lang='lat' dir='ltr'><strong>imaginatos</strong></span> <span class='ocrx_word' id='word_1_604' title='bbox 2189 3554 2272 3617; x_wconf 31' lang='lat' dir='ltr'><strong>se‘</strong></span> <span class='ocrx_word' id='word_1_605' title='bbox 2304 3554 2398 3609; x_wconf 91' lang='lat' dir='ltr'><strong>per</strong></span> <span class='ocrx_word' id='word_1_606' title='bbox 2461 3537 2699 3607; x_wconf 89' lang='lat' dir='ltr'><strong>quietem</strong></span> <span class='ocrx_word' id='word_1_607' title='bbox 2752 3536 2938 3591; x_wconf 88' lang='lat' dir='ltr'><strong>videre</strong></span> <span class='ocrx_word' id='word_1_608' title='bbox 2986 3546 3192 3607; x_wconf 83' lang='lat' dir='ltr'><strong>pastam</strong></span> <span class='ocrx_word' id='word_1_609' title='bbox 3249 3537 3382 3591; x_wconf 77' lang='lat' dir='ltr'><strong>bar.</strong></span> 
     </span>
    </p>
   </div>
   <div class='ocr_carea' id='block_1_81' title="bbox 1799 3628 3379 3701">
    <p class='ocr_par' dir='ltr' id='par_1_81' title="bbox 1799 3628 3379 3701">
     <span class='ocr_line' id='line_1_81' title="bbox 1799 3628 3379 3701; baseline -0.006 -10"><span class='ocrx_word' id='word_1_610' title='bbox 1799 3637 2053 3691; x_wconf 88' lang='lat' dir='ltr'><strong>deaceam</strong></span> <span class='ocrx_word' id='word_1_611' title='bbox 2078 3632 2307 3687; x_wconf 81' lang='lat' dir='ltr'><strong>volutari</strong></span> <span class='ocrx_word' id='word_1_612' title='bbox 2342 3645 2439 3701; x_wconf 89' lang='lat' dir='ltr'><strong>per</strong></span> <span class='ocrx_word' id='word_1_613' title='bbox 2455 3628 2757 3683; x_wconf 84' lang='lat' dir='ltr'><strong>Madianica</strong></span> <span class='ocrx_word' id='word_1_614' title='bbox 2782 3637 2990 3693; x_wconf 88' lang='lat' dir='ltr'><strong>castra,</strong></span> <span class='ocrx_word' id='word_1_615' title='bbox 3028 3644 3234 3698; x_wconf 86' lang='lat' dir='ltr'><strong>perque</strong></span> <span class='ocrx_word' id='word_1_616' title='bbox 3264 3636 3379 3681; x_wconf 87' lang='lat' dir='ltr'><strong>tota</strong></span> 
     </span>
    </p>
   </div>
   <div class='ocr_carea' id='block_1_82' title="bbox 1797 3719 3379 3793">
    <p class='ocr_par' dir='ltr' id='par_1_82' title="bbox 1797 3719 3379 3793">
     <span class='ocr_line' id='line_1_82' title="bbox 1797 3719 3379 3793; baseline -0.006 -11"><span class='ocrx_word' id='word_1_617' title='bbox 1797 3736 1982 3782; x_wconf 88' lang='lat' dir='ltr'><strong>castra</strong></span> <span class='ocrx_word' id='word_1_618' title='bbox 2028 3725 2326 3779; x_wconf 80' lang='lat' dir='ltr'><strong>volutatam</strong></span> <span class='ocrx_word' id='word_1_619' title='bbox 2360 3723 2426 3777; x_wconf 89' lang='lat' dir='ltr'><strong>ad</strong></span> <span class='ocrx_word' id='word_1_620' title='bbox 2475 3722 2620 3793; x_wconf 88' lang='lat' dir='ltr'><strong>regis</strong></span> <span class='ocrx_word' id='word_1_621' title='bbox 2657 3719 2879 3775; x_wconf 87' lang='lat' dir='ltr'><strong>tandem</strong></span> <span class='ocrx_word' id='word_1_622' title='bbox 2916 3722 3208 3774; x_wconf 71' lang='lat' dir='ltr'><strong>tentorium</strong></span> <span class='ocrx_word' id='word_1_623' title='bbox 3252 3735 3379 3789; x_wconf 81' lang='lat' dir='ltr'><strong>per-</strong></span> 
     </span>
    </p>
   </div>
   <div class='ocr_carea' id='block_1_83' title="bbox 1799 3810 3379 3887">
    <p class='ocr_par' dir='ltr' id='par_1_83' title="bbox 1799 3810 3379 3887">
     <span class='ocr_line' id='line_1_83' title="bbox 1799 3810 3379 3887; baseline -0.006 -14"><span class='ocrx_word' id='word_1_624' title='bbox 1799 3823 1962 3873; x_wconf 90' lang='lat' dir='ltr'><strong>latam</strong></span> <span class='ocrx_word' id='word_1_625' title='bbox 1996 3817 2278 3887; x_wconf 89' lang='lat' dir='ltr'><strong>impulisse</strong></span> <span class='ocrx_word' id='word_1_626' title='bbox 2312 3814 2363 3868; x_wconf 88' lang='lat' dir='ltr'><strong>id</strong></span> <span class='ocrx_word' id='word_1_627' title='bbox 2392 3823 2555 3883; x_wconf 83' lang='lat' dir='ltr'><strong>atque</strong></span> <span class='ocrx_word' id='word_1_628' title='bbox 2586 3811 2868 3881; x_wconf 88' lang='lat' dir='ltr'><strong>dejecisse.</strong></span> <span class='ocrx_word' id='word_1_629' title='bbox 2901 3810 2957 3863; x_wconf 92' lang='lat' dir='ltr'><strong>ld</strong></span> <span class='ocrx_word' id='word_1_630' title='bbox 2991 3810 3267 3864; x_wconf 88' lang='lat' dir='ltr'><strong>auditores</strong></span> <span class='ocrx_word' id='word_1_631' title='bbox 3304 3810 3379 3863; x_wconf 88' lang='lat' dir='ltr'><strong>ita</strong></span> 
     </span>
    </p>
   </div>
   <div class='ocr_carea' id='block_1_84' title="bbox 1800 3899 3378 3979">
    <p class='ocr_par' dir='ltr' id='par_1_84' title="bbox 1800 3899 3378 3979">
     <span class='ocr_line' id='line_1_84' title="bbox 1800 3899 3378 3979; baseline -0.008 -15"><span class='ocrx_word' id='word_1_632' title='bbox 1800 3908 2171 3979; x_wconf 90' lang='lat' dir='ltr'><strong>interpretari,</strong></span> <span class='ocrx_word' id='word_1_633' title='bbox 2204 3906 2339 3960; x_wconf 85' lang='lat' dir='ltr'><strong>nihil</strong></span> <span class='ocrx_word' id='word_1_634' title='bbox 2381 3903 2526 3957; x_wconf 89' lang='lat' dir='ltr'><strong>aliud</strong></span> <span class='ocrx_word' id='word_1_635' title='bbox 2585 3900 2951 3968; x_wconf 71' lang='lat' dir='ltr'><strong>signiﬁcatum</strong></span> <span class='ocrx_word' id='word_1_636' title='bbox 2999 3914 3064 3953; x_wconf 91' lang='lat' dir='ltr'><strong>eo</strong></span> <span class='ocrx_word' id='word_1_637' title='bbox 3101 3899 3378 3953; x_wconf 89' lang='lat' dir='ltr'><strong>insomnio</strong></span> 
     </span>
    </p>
   </div>
   <div class='ocr_carea' id='block_1_85' title="bbox 1799 3987 3377 4071">
    <p class='ocr_par' dir='ltr' id='par_1_85' title="bbox 1799 3987 3377 4071">
     <span class='ocr_line' id='line_1_85' title="bbox 1799 3987 3377 4071; baseline -0.01 -15"><span class='ocrx_word' id='word_1_638' title='bbox 1799 4016 1962 4071; x_wconf 89' lang='lat' dir='ltr'><strong>quam</strong></span> <span class='ocrx_word' id='word_1_639' title='bbox 1999 3996 2278 4053; x_wconf 82' lang='lat' dir='ltr'><strong>Gedeonis</strong></span> <span class='ocrx_word' id='word_1_640' title='bbox 2312 3994 2577 4062; x_wconf 86' lang='lat' dir='ltr'><strong>gladium,</strong></span> <span class='ocrx_word' id='word_1_641' title='bbox 2610 3990 2662 4042; x_wconf 92' lang='lat' dir='ltr'><strong>in</strong></span> <span class='ocrx_word' id='word_1_642' title='bbox 2710 3991 2868 4058; x_wconf 88' lang='lat' dir='ltr'><strong>cujus</strong></span> <span class='ocrx_word' id='word_1_643' title='bbox 2899 4003 3116 4042; x_wconf 89' lang='lat' dir='ltr'><strong>manum</strong></span> <span class='ocrx_word' id='word_1_644' title='bbox 3148 3987 3286 4042; x_wconf 88' lang='lat' dir='ltr'><strong>Deus</strong></span> <span class='ocrx_word' id='word_1_645' title='bbox 3313 4003 3377 4040; x_wconf 83' lang='lat' dir='ltr'><strong>ca</strong></span> 
     </span>
    </p>
   </div>
   <div class='ocr_carea' id='block_1_86' title="bbox 1799 4079 3378 4147">
    <p class='ocr_par' dir='ltr' id='par_1_86' title="bbox 1799 4079 3378 4147">
     <span class='ocr_line' id='line_1_86' title="bbox 1799 4079 3378 4147; baseline -0.011 0"><span class='ocrx_word' id='word_1_646' title='bbox 1799 4102 1980 4147; x_wconf 89' lang='lat' dir='ltr'><strong>castra</strong></span> <span class='ocrx_word' id='word_1_647' title='bbox 2015 4097 2159 4143; x_wconf 83' lang='lat' dir='ltr'><strong>esset</strong></span> <span class='ocrx_word' id='word_1_648' title='bbox 2216 4087 2548 4139; x_wconf 88' lang='lat' dir='ltr'><strong>traditurus.</strong></span> <span class='ocrx_word' id='word_1_649' title='bbox 2601 4081 2715 4136; x_wconf 91' lang='lat' dir='ltr'><strong>lloc</strong></span> <span class='ocrx_word' id='word_1_650' title='bbox 2766 4081 3071 4134; x_wconf 87' lang='lat' dir='ltr'><strong>inauditum</strong></span> <span class='ocrx_word' id='word_1_651' title='bbox 3108 4079 3378 4133; x_wconf 83' lang='lat' dir='ltr'><strong>cheouis</strong></span> 
     </span>
    </p>
   </div>
   <div class='ocr_carea' id='block_1_87' title="bbox 1801 4173 3380 4244">
    <p class='ocr_par' dir='ltr' id='par_1_87' title="bbox 1801 4173 3380 4244">
     <span class='ocr_line' id='line_1_87' title="bbox 1801 4173 3380 4244; baseline -0.008 -6"><span class='ocrx_word' id='word_1_652' title='bbox 1801 4185 2046 4238; x_wconf 90' lang='lat' dir='ltr'><strong>animum</strong></span> <span class='ocrx_word' id='word_1_653' title='bbox 2084 4177 2467 4241; x_wconf 88' lang='lat' dir='ltr'><strong>conﬁrmavit;</strong></span> <span class='ocrx_word' id='word_1_654' title='bbox 2500 4189 2674 4244; x_wconf 87' lang='lat' dir='ltr'><strong>eaque</strong></span> <span class='ocrx_word' id='word_1_655' title='bbox 2705 4182 2866 4227; x_wconf 91' lang='lat' dir='ltr'><strong>nocte</strong></span> <span class='ocrx_word' id='word_1_656' title='bbox 2896 4173 2948 4225; x_wconf 91' lang='lat' dir='ltr'><strong>in</strong></span> <span class='ocrx_word' id='word_1_657' title='bbox 2990 4188 3088 4226; x_wconf 89' lang='lat' dir='ltr'><strong>sua</strong></span> <span class='ocrx_word' id='word_1_658' title='bbox 3126 4187 3380 4225; x_wconf 89' lang='lat' dir='ltr'><strong>reversus</strong></span> 
     </span>
    </p>
   </div>
   <div class='ocr_carea' id='block_1_88' title="bbox 1800 4265 3380 4341">
    <p class='ocr_par' dir='ltr' id='par_1_88' title="bbox 1800 4265 3380 4341">
     <span class='ocr_line' id='line_1_88' title="bbox 1800 4265 3380 4341; baseline -0.009 -9"><span class='ocrx_word' id='word_1_659' title='bbox 1800 4286 2003 4341; x_wconf 85' lang='lat' dir='ltr'><strong>castra,</strong></span> <span class='ocrx_word' id='word_1_660' title='bbox 2029 4272 2222 4327; x_wconf 88' lang='lat' dir='ltr'><strong>ﬁducia</strong></span> <span class='ocrx_word' id='word_1_661' title='bbox 2244 4269 2347 4324; x_wconf 85' lang='grc'>’500</span> <span class='ocrx_word' id='word_1_662' title='bbox 2377 4268 2527 4322; x_wconf 92' lang='lat' dir='ltr'><strong>viros</strong></span> <span class='ocrx_word' id='word_1_663' title='bbox 2549 4281 2680 4322; x_wconf 89' lang='lat' dir='ltr'><strong>suos</strong></span> <span class='ocrx_word' id='word_1_664' title='bbox 2707 4266 2971 4335; x_wconf 81' lang='lat' dir='ltr'><strong>implevit,</strong></span> <span class='ocrx_word' id='word_1_665' title='bbox 3000 4280 3062 4318; x_wconf 91' lang='lat' dir='ltr'><strong>ac</strong></span> <span class='ocrx_word' id='word_1_666' title='bbox 3083 4265 3380 4317; x_wconf 86' lang='lat' dir='ltr'><strong>instructos</strong></span> 
     </span>
    </p>
   </div>
   <div class='ocr_carea' id='block_1_89' title="bbox 1800 4356 3378 4436">
    <p class='ocr_par' dir='ltr' id='par_1_89' title="bbox 1800 4356 3378 4436">
     <span class='ocr_line' id='line_1_89' title="bbox 1800 4356 3378 4436; baseline -0.009 -16"><span class='ocrx_word' id='word_1_667' title='bbox 1800 4364 2104 4436; x_wconf 87' lang='lat' dir='ltr'><strong>amphoris,</strong></span> <span class='ocrx_word' id='word_1_668' title='bbox 2143 4359 2485 4429; x_wconf 85' lang='lat' dir='ltr'><strong>lampadibus</strong></span> <span class='ocrx_word' id='word_1_669' title='bbox 2553 4366 2717 4426; x_wconf 90' lang='lat' dir='ltr'><strong>atque</strong></span> <span class='ocrx_word' id='word_1_670' title='bbox 2797 4357 2939 4410; x_wconf 88' lang='lat' dir='ltr'><strong>tubis</strong></span> <span class='ocrx_word' id='word_1_671' title='bbox 3000 4356 3065 4409; x_wconf 88' lang='lat' dir='ltr'><strong>ad</strong></span> <span class='ocrx_word' id='word_1_672' title='bbox 3140 4356 3378 4409; x_wconf 87' lang='lat' dir='ltr'><strong>hostium</strong></span> 
     </span>
    </p>
   </div>
   <div class='ocr_carea' id='block_1_90' title="bbox 1800 4447 3380 4515">
    <p class='ocr_par' dir='ltr' id='par_1_90' title="bbox 1800 4447 3380 4515">
     <span class='ocr_line' id='line_1_90' title="bbox 1800 4447 3380 4515; baseline -0.008 -3"><span class='ocrx_word' id='word_1_673' title='bbox 1800 4470 1983 4513; x_wconf 85' lang='lat' dir='ltr'><strong>castra</strong></span> <span class='ocrx_word' id='word_1_674' title='bbox 2031 4454 2300 4508; x_wconf 79' lang='lat' dir='ltr'><strong>deduxit:</strong></span> <span class='ocrx_word' id='word_1_675' title='bbox 2364 4449 2441 4505; x_wconf 88' lang='lat' dir='ltr'><strong>ibi</strong></span> <span class='ocrx_word' id='word_1_676' title='bbox 2494 4460 2606 4502; x_wconf 91' lang='lat' dir='ltr'><strong>tum</strong></span> <span class='ocrx_word' id='word_1_677' title='bbox 2662 4462 2747 4501; x_wconf 87' lang='lat' dir='ltr'><strong>res</strong></span> <span class='ocrx_word' id='word_1_678' title='bbox 2797 4454 2947 4515; x_wconf 89' lang='lat' dir='ltr'><strong>gesta</strong></span> <span class='ocrx_word' id='word_1_679' title='bbox 2980 4455 3066 4501; x_wconf 89' lang='lat' dir='ltr'><strong>est</strong></span> <span class='ocrx_word' id='word_1_680' title='bbox 3106 4447 3380 4515; x_wconf 85' lang='lat' dir='ltr'><strong>quomodo</strong></span> 
     </span>
    </p>
   </div>
   <div class='ocr_carea' id='block_1_91' title="bbox 150 4536 1767 4635">
    <p class='ocr_par' dir='ltr' id='par_1_91' title="bbox 150 4536 1767 4635">
     <span class='ocr_line' id='line_1_91' title="bbox 150 4536 1767 4635; baseline -0.003 -20"><span class='ocrx_word' id='word_1_681' title='bbox 150 4564 272 4633; x_wconf 68' lang='grc' dir='ltr'>ἀκρίς</span> <span class='ocrx_word' id='word_1_682' title='bbox 298 4569 351 4619; x_wconf 83' lang='grc' dir='ltr'><strong>ἐν</strong></span> <span class='ocrx_word' id='word_1_683' title='bbox 400 4536 583 4635; x_wconf 45' lang='grc' dir='ltr'>πεδί-ῳ</span> <span class='ocrx_word' id='word_1_684' title='bbox 633 4536 933 4633; x_wconf 76' lang='grc' dir='ltr'>κεχυμένη.</span> <span class='ocrx_word' id='word_1_685' title='bbox 973 4536 1068 4613; x_wconf 79' lang='grc' dir='ltr'>καὶ</span> <span class='ocrx_word' id='word_1_686' title='bbox 1113 4561 1214 4613; x_wconf 85' lang='grc' dir='ltr'><strong>οὐκ</strong></span> <span class='ocrx_word' id='word_1_687' title='bbox 1241 4555 1309 4629; x_wconf 82' lang='grc' dir='ltr'>ἦν</span> <span class='ocrx_word' id='word_1_688' title='bbox 1338 4558 1571 4628; x_wconf 82' lang='grc' dir='ltr'>ἀριθμὸς</span> <span class='ocrx_word' id='word_1_689' title='bbox 1600 4558 1693 4611; x_wconf 78' lang='grc' dir='ltr'>τοῦ</span> <span class='ocrx_word' id='word_1_690' title='bbox 1726 4536 1767 4593; x_wconf 69' lang='grc' dir='ltr'><strong>Β</strong></span> 
     </span>
    </p>
   </div>
   <div class='ocr_carea' id='block_1_92' title="bbox 1797 4536 3381 4635">
    <p class='ocr_par' dir='ltr' id='par_1_92' title="bbox 1803 4537 3381 4621">
     <span class='ocr_line' id='line_1_92' title="bbox 1803 4537 3381 4621; baseline -0.013 -12"><span class='ocrx_word' id='word_1_691' title='bbox 1803 4554 2086 4621; x_wconf 87' lang='lat' dir='ltr'><strong>Scriptura</strong></span> <span class='ocrx_word' id='word_1_692' title='bbox 2121 4544 2360 4614; x_wconf 77' lang='lat' dir='ltr'><strong>exp0nit.</strong></span> <span class='ocrx_word' id='word_1_693' title='bbox 2405 4542 2577 4596; x_wconf 84' lang='lat' dir='ltr'><strong>Erant</strong></span> <span class='ocrx_word' id='word_1_694' title='bbox 2630 4549 2681 4594; x_wconf 91' lang='lat' dir='ltr'><strong>:n</strong></span> <span class='ocrx_word' id='word_1_695' title='bbox 2744 4540 2943 4591; x_wconf 90' lang='lat' dir='ltr'><strong>castris</strong></span> <span class='ocrx_word' id='word_1_696' title='bbox 3004 4537 3240 4591; x_wconf 90' lang='lat' dir='ltr'><strong>hostium</strong></span> <span class='ocrx_word' id='word_1_697' title='bbox 3297 4544 3381 4588; x_wconf 86' lang='lat' dir='ltr'><strong>ter</strong></span> 
     </span>
    </p>
   </div>
   <div class='ocr_carea' id='block_1_93' title="bbox 147 4650 1695 4725">
    <p class='ocr_par' dir='ltr' id='par_1_93' title="bbox 147 4650 1695 4725">
     <span class='ocr_line' id='line_1_93' title="bbox 147 4650 1695 4725; baseline -0.003 -19"><span class='ocrx_word' id='word_1_698' title='bbox 147 4655 244 4708; x_wconf 72' lang='grc' dir='ltr'>λαοῦ</span> <span class='ocrx_word' id='word_1_699' title='bbox 269 4658 446 4710; x_wconf 73' lang='grc' dir='ltr'>αὐτῶν</span> <span class='ocrx_word' id='word_1_700' title='bbox 478 4658 516 4725; x_wconf 81' lang='grc' dir='ltr'><strong>ἦ</strong></span> <span class='ocrx_word' id='word_1_701' title='bbox 542 4654 657 4708; x_wconf 84' lang='grc' dir='ltr'><strong>τῶν</strong></span> <span class='ocrx_word' id='word_1_702' title='bbox 679 4653 946 4721; x_wconf 82' lang='grc' dir='ltr'>καμήλων</span> <span class='ocrx_word' id='word_1_703' title='bbox 968 4652 1170 4703; x_wconf 77' lang='grc' dir='ltr'>αὐτῶν.</span> <span class='ocrx_word' id='word_1_704' title='bbox 1196 4652 1305 4703; x_wconf 86' lang='lat' dir='ltr'><strong>Kal</strong></span> <span class='ocrx_word' id='word_1_705' title='bbox 1330 4650 1454 4702; x_wconf 80' lang='grc' dir='ltr'>ἐπεὶ</span> <span class='ocrx_word' id='word_1_706' title='bbox 1474 4650 1695 4719; x_wconf 80' lang='grc' dir='ltr'>ἐξέστη-</span> 
     </span>
    </p>
   </div>
   <div class='ocr_carea' id='block_1_94' title="bbox 150 4740 1691 4812">
    <p class='ocr_par' dir='ltr' id='par_1_94' title="bbox 150 4740 1691 4812">
     <span class='ocr_line' id='line_1_94' title="bbox 150 4740 1691 4812; baseline -0.001 -15"><span class='ocrx_word' id='word_1_707' title='bbox 150 4761 217 4799; x_wconf 75' lang='grc' dir='ltr'><strong>σεν</strong></span> <span class='ocrx_word' id='word_1_708' title='bbox 238 4750 423 4812; x_wconf 79' lang='grc' dir='ltr'>αὐτοὺς</span> <span class='ocrx_word' id='word_1_709' title='bbox 457 4749 488 4801; x_wconf 86' lang='lat'><strong>6</strong></span> <span class='ocrx_word' id='word_1_710' title='bbox 523 4746 686 4811; x_wconf 72' lang='grc' dir='ltr'>θεὸς,</span> <span class='ocrx_word' id='word_1_711' title='bbox 728 4742 1016 4807; x_wconf 79' lang='grc' dir='ltr'>κατεδίωξε</span> <span class='ocrx_word' id='word_1_712' title='bbox 1045 4740 1250 4795; x_wconf 80' lang='grc' dir='ltr'>Γεδεὼν</span> <span class='ocrx_word' id='word_1_713' title='bbox 1284 4741 1460 4794; x_wconf 82' lang='grc' dir='ltr'>ὀπίσω</span> <span class='ocrx_word' id='word_1_714' title='bbox 1487 4741 1691 4796; x_wconf 80' lang='grc' dir='ltr'>αὐτῶν.</span> 
     </span>
    </p>
   </div>
   <div class='ocr_carea' id='block_1_95' title="bbox 147 4835 1694 4913">
    <p class='ocr_par' dir='ltr' id='par_1_95' title="bbox 147 4835 1694 4913">
     <span class='ocr_line' id='line_1_95' title="bbox 147 4835 1694 4913; baseline -0.006 -16"><span class='ocrx_word' id='word_1_715' title='bbox 147 4841 329 4907; x_wconf 76' lang='grc' dir='ltr'>Γνόντες</span> <span class='ocrx_word' id='word_1_716' title='bbox 355 4845 421 4913; x_wconf 38' lang='grc' dir='ltr'>.δέ</span> <span class='ocrx_word' id='word_1_717' title='bbox 447 4844 505 4898; x_wconf 74' lang='lat' dir='ltr'><strong>oi</strong></span> <span class='ocrx_word' id='word_1_718' title='bbox 531 4841 814 4896; x_wconf 85' lang='grc' dir='ltr'>ἐπίλοιποι</span> <span class='ocrx_word' id='word_1_719' title='bbox 857 4836 1267 4908; x_wconf 77' lang='grc' dir='ltr'>προκατέλαϐον</span> <span class='ocrx_word' id='word_1_720' title='bbox 1288 4836 1385 4900; x_wconf 80' lang='grc' dir='ltr'>τὰς</span> <span class='ocrx_word' id='word_1_721' title='bbox 1414 4835 1694 4897; x_wconf 87' lang='grc' dir='ltr'>διαϐάσεις</span> 
     </span>
    </p>
   </div>
   <div class='ocr_carea' id='block_1_96' title="bbox 253 5015 1136 5087">
    <p class='ocr_par' dir='ltr' id='par_1_96' title="bbox 253 5015 1136 5087">
     <span class='ocr_line' id='line_1_96' title="bbox 253 5015 1136 5087; baseline -0.01 -7"><span class='ocrx_word' id='word_1_722' title='bbox 253 5027 294 5058; x_wconf 86' lang='grc'><strong>¹⁹</strong></span> <span class='ocrx_word' id='word_1_723' title='bbox 328 5023 514 5080; x_wconf 82' lang='lat' dir='ltr'><strong>Judic.</strong></span> <span class='ocrx_word' id='word_1_724' title='bbox 546 5038 626 5087; x_wconf 85' lang='lat' dir='ltr'><strong>tv,</strong></span> <span class='ocrx_word' id='word_1_725' title='bbox 776 5019 821 5051; x_wconf 81' lang='grc'><strong><em>³⁸</em></strong></span> <span class='ocrx_word' id='word_1_726' title='bbox 848 5015 1001 5073; x_wconf 74' lang='lat' dir='ltr'><strong>ludi:</strong></span> <span class='ocrx_word' id='word_1_727' title='bbox 1063 5032 1136 5072; x_wconf 77' lang='lat' dir='ltr'><strong>vr.</strong></span> 
     </span>
    </p>
   </div>
   <div class='ocr_carea' id='block_1_97' title="bbox 1803 4628 3378 4703">
    <p class='ocr_par' dir='ltr' id='par_1_97' title="bbox 1803 4628 3378 4703">
     <span class='ocr_line' id='line_1_97' title="bbox 1803 4628 3378 4703; baseline -0.015 -4"><span class='ocrx_word' id='word_1_728' title='bbox 1803 4645 2020 4699; x_wconf 85' lang='lat' dir='ltr'><strong>tnillena</strong></span> <span class='ocrx_word' id='word_1_729' title='bbox 2076 4646 2408 4703; x_wconf 90' lang='lat' dir='ltr'><strong>centumque</strong></span> <span class='ocrx_word' id='word_1_730' title='bbox 2465 4645 2529 4685; x_wconf 89' lang='lat' dir='ltr'><strong>ac</strong></span> <span class='ocrx_word' id='word_1_731' title='bbox 2587 4628 2777 4698; x_wconf 84' lang='lat' dir='ltr'><strong>viginti</strong></span> <span class='ocrx_word' id='word_1_732' title='bbox 2850 4628 3015 4682; x_wconf 89' lang='lat' dir='ltr'><strong>millia</strong></span> <span class='ocrx_word' id='word_1_733' title='bbox 3072 4628 3378 4691; x_wconf 86' lang='lat' dir='ltr'><strong>hominum,</strong></span> 
     </span>
    </p>
   </div>
   <div class='ocr_carea' id='block_1_98' title="bbox 1803 4716 3375 4792">
    <p class='ocr_par' dir='ltr' id='par_1_98' title="bbox 1803 4716 3375 4792">
     <span class='ocr_line' id='line_1_98' title="bbox 1803 4716 3375 4792; baseline -0.017 0"><span class='ocrx_word' id='word_1_734' title='bbox 1803 4735 1968 4792; x_wconf 88' lang='lat' dir='ltr'><strong>veluti</strong></span> <span class='ocrx_word' id='word_1_735' title='bbox 2026 4732 2362 4785; x_wconf 88' lang='lat' dir='ltr'><strong>locustarum</strong></span> <span class='ocrx_word' id='word_1_736' title='bbox 2422 4721 2716 4777; x_wconf 85' lang='lat' dir='ltr'><strong>multitudo</strong></span> <span class='ocrx_word' id='word_1_737' title='bbox 2782 4735 2879 4789; x_wconf 87' lang='lat' dir='ltr'><strong>per</strong></span> <span class='ocrx_word' id='word_1_738' title='bbox 2929 4734 3090 4788; x_wconf 82' lang='lat' dir='ltr'><strong>agros</strong></span> <span class='ocrx_word' id='word_1_739' title='bbox 3135 4716 3375 4779; x_wconf 75' lang='lat' dir='ltr'><strong>dilfnsa;</strong></span> 
     </span>
    </p>
   </div>
   <div class='ocr_carea' id='block_1_99' title="bbox 1803 4806 3380 4897">
    <p class='ocr_par' dir='ltr' id='par_1_99' title="bbox 1803 4806 3380 4897">
     <span class='ocr_line' id='line_1_99' title="bbox 1803 4806 3380 4897; baseline -0.015 -14"><span class='ocrx_word' id='word_1_740' title='bbox 1803 4840 1978 4897; x_wconf 83' lang='lat' dir='ltr'><strong>neque</strong></span> <span class='ocrx_word' id='word_1_741' title='bbox 2012 4831 2276 4877; x_wconf 89' lang='lat' dir='ltr'><strong>numerus</strong></span> <span class='ocrx_word' id='word_1_742' title='bbox 2309 4812 2641 4869; x_wconf 86' lang='lat' dir='ltr'><strong>camelorum</strong></span> <span class='ocrx_word' id='word_1_743' title='bbox 2670 4807 2795 4862; x_wconf 87' lang='lat' dir='ltr'><strong>iniri</strong></span> <span class='ocrx_word' id='word_1_744' title='bbox 2822 4815 3055 4879; x_wconf 87' lang='lat' dir='ltr'><strong>poterat.</strong></span> <span class='ocrx_word' id='word_1_745' title='bbox 3084 4806 3380 4874; x_wconf 83' lang='lat' dir='ltr'><strong>Postquam</strong></span> 
     </span>
    </p>
   </div>
   <div class='ocr_carea' id='block_1_100' title="bbox 1164 5134 2236 5207">
    <p class='ocr_par' dir='ltr' id='par_1_100' title="bbox 1164 5134 2236 5207">
     <span class='ocr_line' id='line_1_100' title="bbox 1164 5134 2236 5207; baseline -0.017 0"><span class='ocrx_word' id='word_1_746' title='bbox 1164 5149 1523 5207; x_wconf 76' lang='lat' dir='ltr'><strong>XYLANDRI</strong></span> <span class='ocrx_word' id='word_1_747' title='bbox 1601 5148 1687 5206; x_wconf 83' lang='lat' dir='ltr'>ET</span> <span class='ocrx_word' id='word_1_748' title='bbox 1726 5142 1938 5204; x_wconf 78' lang='lat' dir='ltr'>GOARI</span> <span class='ocrx_word' id='word_1_749' title='bbox 2005 5134 2236 5193; x_wconf 61' lang='grc' dir='ltr'><strong>ΝΟΤᾸΕ.</strong></span> 
     </span>
    </p>
   </div>
   <div class='ocr_carea' id='block_1_101' title="bbox 1240 5266 1693 5324">
    <p class='ocr_par' dir='ltr' id='par_1_101' title="bbox 1240 5266 1693 5324">
     <span class='ocr_line' id='line_1_101' title="bbox 1240 5266 1693 5324; baseline -0.004 -1"><span class='ocrx_word' id='word_1_750' title='bbox 1240 5266 1543 5324; x_wconf 80' lang='lat' dir='ltr'><strong>Cedrenus.</strong></span> <span class='ocrx_word' id='word_1_751' title='bbox 1584 5268 1693 5322; x_wconf 80' lang='lat' dir='ltr'><strong>Res</strong></span> 
     </span>
    </p>
   </div>
   <div class='ocr_carea' id='block_1_102' title="bbox 197 5268 1179 5347">
    <p class='ocr_par' dir='ltr' id='par_1_102' title="bbox 197 5268 1179 5347">
     <span class='ocr_line' id='line_1_102' title="bbox 197 5268 1179 5347; baseline -0.011 -14"><span class='ocrx_word' id='word_1_752' title='bbox 197 5277 290 5347; x_wconf 77' lang='lat'><strong>(53)</strong></span> <span class='ocrx_word' id='word_1_753' title='bbox 330 5276 537 5334; x_wconf 75' lang='lat' dir='ltr'><strong>Nescio</strong></span> <span class='ocrx_word' id='word_1_754' title='bbox 584 5288 657 5329; x_wconf 84' lang='lat' dir='ltr'><strong>an</strong></span> <span class='ocrx_word' id='word_1_755' title='bbox 718 5272 801 5327; x_wconf 90' lang='lat' dir='ltr'><strong>sic</strong></span> <span class='ocrx_word' id='word_1_756' title='bbox 840 5268 1179 5347; x_wconf 46' lang='lat' dir='ltr'><strong>locutus‘sit</strong></span> 
     </span>
    </p>
   </div>
   <div class='ocr_carea' id='block_1_103' title="bbox 1243 5337 1694 5395">
    <p class='ocr_par' dir='ltr' id='par_1_103' title="bbox 1243 5337 1694 5395">
     <span class='ocr_line' id='line_1_103' title="bbox 1243 5337 1694 5395; baseline -0.002 -2"><span class='ocrx_word' id='word_1_757' title='bbox 1243 5339 1471 5395; x_wconf 84' lang='lat' dir='ltr'><strong>historia</strong></span> <span class='ocrx_word' id='word_1_758' title='bbox 1520 5337 1694 5393; x_wconf 82' lang='lat' dir='ltr'><strong>fretus</strong></span> 
     </span>
    </p>
   </div>
   <div class='ocr_carea' id='block_1_104' title="bbox 142 5337 1181 5413">
    <p class='ocr_par' dir='ltr' id='par_1_104' title="bbox 142 5337 1181 5413">
     <span class='ocr_line' id='line_1_104' title="bbox 142 5337 1181 5413; baseline -0.012 -12"><span class='ocrx_word' id='word_1_759' title='bbox 142 5337 211 5401; x_wconf 70' lang='lat' dir='ltr'><strong>est</strong></span> <span class='ocrx_word' id='word_1_760' title='bbox 239 5337 545 5413; x_wconf 77' lang='lat' dir='ltr'><strong>manilesta,</strong></span> <span class='ocrx_word' id='word_1_761' title='bbox 600 5350 660 5400; x_wconf 89' lang='lat' dir='ltr'><strong>et</strong></span> <span class='ocrx_word' id='word_1_762' title='bbox 711 5357 811 5413; x_wconf 70' lang='lat' dir='ltr'><strong>pro</strong></span> <span class='ocrx_word' id='word_1_763' title='bbox 878 5337 1181 5408; x_wconf 85' lang='grc' dir='ltr'>Ἐλιθαϐώρ</span> 
     </span>
    </p>
   </div>
   <div class='ocr_carea' id='block_1_105' title="bbox 143 5411 1221 5495">
    <p class='ocr_par' dir='ltr' id='par_1_105' title="bbox 143 5411 1221 5495">
     <span class='ocr_line' id='line_1_105' title="bbox 143 5411 1221 5495; baseline -0.006 -28"><span class='ocrx_word' id='word_1_764' title='bbox 143 5429 309 5495; x_wconf 74' lang='lat' dir='ltr'><strong>repono</strong></span> <span class='ocrx_word' id='word_1_765' title='bbox 335 5418 431 5495; x_wconf 60' lang='grc' dir='ltr'>ἐπὶ</span> <span class='ocrx_word' id='word_1_766' title='bbox 714 5411 864 5495; x_wconf 43' lang='grc' dir='ltr'>ξπ..</span> <span class='ocrx_word' id='word_1_767' title='bbox 1183 5479 1221 5495; x_wconf 37' lang='grc' dir='ltr'><strong>Δ.</strong></span> 
     </span>
    </p>
   </div>
   <div class='ocr_carea' id='block_1_106' title="bbox 195 5478 1698 5556">
    <p class='ocr_par' dir='ltr' id='par_1_106' title="bbox 195 5478 1698 5556">
     <span class='ocr_line' id='line_1_106' title="bbox 195 5478 1698 5556; baseline -0.007 -15"><span class='ocrx_word' id='word_1_768' title='bbox 195 5478 290 5555; x_wconf 71' lang='grc'><strong>(54)</strong></span> <span class='ocrx_word' id='word_1_769' title='bbox 328 5487 485 5554; x_wconf 84' lang='lat' dir='ltr'><strong>Quod</strong></span> <span class='ocrx_word' id='word_1_770' title='bbox 515 5478 663 5556; x_wconf 82' lang='lat' dir='ltr'><strong>quid</strong></span> <span class='ocrx_word' id='word_1_771' title='bbox 693 5483 786 5548; x_wconf 90' lang='lat' dir='ltr'><strong>sit,</strong></span> <span class='ocrx_word' id='word_1_772' title='bbox 816 5496 928 5535; x_wconf 89' lang='lat' dir='ltr'><strong>non</strong></span> <span class='ocrx_word' id='word_1_773' title='bbox 962 5479 1281 5550; x_wconf 88' lang='lat' dir='ltr'><strong>pronuntio.</strong></span> <span class='ocrx_word' id='word_1_774' title='bbox 1320 5478 1464 5533; x_wconf 91' lang='lat' dir='ltr'><strong>Sane</strong></span> <span class='ocrx_word' id='word_1_775' title='bbox 1520 5491 1698 5546; x_wconf 89' lang='lat' dir='ltr'><strong>neque</strong></span> 
     </span>
    </p>
   </div>
   <div class='ocr_carea' id='block_1_107' title="bbox 141 5556 1697 5651">
    <p class='ocr_par' dir='ltr' id='par_1_107' title="bbox 141 5556 1697 5651">
     <span class='ocr_line' id='line_1_107' title="bbox 141 5556 1697 5651; baseline 0.003 -22"><span class='ocrx_word' id='word_1_776' title='bbox 141 5591 163 5629; x_wconf 74' lang='grc' dir='ltr'><strong>ι</strong></span> <span class='ocrx_word' id='word_1_777' title='bbox 188 5578 352 5636; x_wconf 69' lang='lat' dir='ltr'><strong>Grazco</strong></span> <span class='ocrx_word' id='word_1_778' title='bbox 382 5595 571 5651; x_wconf 88' lang='lat' dir='ltr'><strong>neque</strong></span> <span class='ocrx_word' id='word_1_779' title='bbox 620 5577 692 5631; x_wconf 87' lang='lat' dir='ltr'><strong>ab</strong></span> <span class='ocrx_word' id='word_1_780' title='bbox 729 5579 852 5645; x_wconf 92' lang='lat' dir='ltr'><strong>ipso</strong></span> <span class='ocrx_word' id='word_1_781' title='bbox 885 5570 1153 5651; x_wconf 80' lang='lat' dir='ltr'><strong>Hebraico</strong></span> <span class='ocrx_word' id='word_1_782' title='bbox 1327 5557 1454 5633; x_wconf 61' lang='lat'><strong>5153:</strong></span> <span class='ocrx_word' id='word_1_783' title='bbox 1477 5582 1697 5651; x_wconf 55' lang='lat' dir='ltr'><strong>nti-tim</strong></span> 
     </span>
    </p>
   </div>
   <div class='ocr_carea' id='block_1_108' title="bbox 140 5644 1698 5715">
    <p class='ocr_par' dir='ltr' id='par_1_108' title="bbox 140 5644 1698 5715">
     <span class='ocr_line' id='line_1_108' title="bbox 140 5644 1698 5715; baseline -0.004 -11"><span class='ocrx_word' id='word_1_784' title='bbox 140 5652 294 5715; x_wconf 80' lang='lat' dir='ltr'><strong>procul</strong></span> <span class='ocrx_word' id='word_1_785' title='bbox 323 5662 452 5715; x_wconf 90' lang='lat' dir='ltr'><strong>puto</strong></span> <span class='ocrx_word' id='word_1_786' title='bbox 474 5644 694 5704; x_wconf 60' lang='lat' dir='ltr'><strong>&#39;abesse</strong></span> <span class='ocrx_word' id='word_1_787' title='bbox 721 5659 903 5715; x_wconf 79' lang='lat' dir='ltr'><strong>meam</strong></span> <span class='ocrx_word' id='word_1_788' title='bbox 954 5644 1483 5715; x_wconf 84' lang='lat' dir='ltr'><strong>interpretationem.</strong></span> <span class='ocrx_word' id='word_1_789' title='bbox 1523 5646 1698 5698; x_wconf 80' lang='lat' dir='ltr'><strong>Zona-</strong></span> 
     </span>
    </p>
   </div>
   <div class='ocr_carea' id='block_1_109' title="bbox 141 5712 1697 5790">
    <p class='ocr_par' dir='ltr' id='par_1_109' title="bbox 141 5712 1697 5790">
     <span class='ocr_line' id='line_1_109' title="bbox 141 5712 1697 5790; baseline -0.003 -19"><span class='ocrx_word' id='word_1_790' title='bbox 141 5712 211 5790; x_wconf 67' lang='lat' dir='ltr'><strong>ias</strong></span> <span class='ocrx_word' id='word_1_791' title='bbox 243 5712 415 5790; x_wconf 76' lang='lat' dir='ltr'><strong>habet</strong></span> <span class='ocrx_word' id='word_1_792' title='bbox 486 5718 683 5790; x_wconf 78' lang='grc' dir='ltr'>μᾶζαν</span> <span class='ocrx_word' id='word_1_793' title='bbox 755 5713 1027 5790; x_wconf 75' lang='grc' dir='ltr'>κριθίνην.</span> <span class='ocrx_word' id='word_1_794' title='bbox 1091 5712 1559 5790; x_wconf 72' lang='lat' dir='ltr'><strong>Jusephus__addit</strong></span> <span class='ocrx_word' id='word_1_795' title='bbox 1607 5715 1697 5790; x_wconf 70' lang='grc' dir='ltr'>ὑπ’</span> 
     </span>
    </p>
   </div>
   <div class='ocr_carea' id='block_1_110' title="bbox 1798 5248 3375 5325">
    <p class='ocr_par' dir='ltr' id='par_1_110' title="bbox 1798 5248 3375 5325">
     <span class='ocr_line' id='line_1_110' title="bbox 1798 5248 3375 5325; baseline -0.01 -11"><span class='ocrx_word' id='word_1_796' title='bbox 1798 5260 1970 5314; x_wconf 89' lang='lat' dir='ltr'><strong>Porro</strong></span> <span class='ocrx_word' id='word_1_797' title='bbox 2012 5254 2106 5325; x_wconf 91' lang='lat' dir='ltr'><strong>qui</strong></span> <span class='ocrx_word' id='word_1_798' title='bbox 2137 5252 2388 5325; x_wconf 87' lang='lat' dir='ltr'><strong>sequitur</strong></span> <span class='ocrx_word' id='word_1_799' title='bbox 2430 5248 2858 5325; x_wconf 47' lang='lat' dir='ltr'><strong>lladianitarum</strong></span> <span class='ocrx_word' id='word_1_800' title='bbox 2922 5261 3209 5325; x_wconf 77' lang='lat' dir='ltr'><strong>numerus,</strong></span> <span class='ocrx_word' id='word_1_801' title='bbox 3250 5261 3375 5300; x_wconf 90' lang='lat' dir='ltr'><strong>eum</strong></span> 
     </span>
    </p>
   </div>
   <div class='ocr_carea' id='block_1_111' title="bbox 1801 5317 3374 5397">
    <p class='ocr_par' dir='ltr' id='par_1_111' title="bbox 1801 5317 3374 5397">
     <span class='ocr_line' id='line_1_111' title="bbox 1801 5317 3374 5397; baseline -0.008 -14"><span class='ocrx_word' id='word_1_802' title='bbox 1801 5317 2048 5397; x_wconf 81' lang='lat' dir='ltr'><strong>expressi</strong></span> <span class='ocrx_word' id='word_1_803' title='bbox 2082 5333 2139 5397; x_wconf 86' lang='lat' dir='ltr'><strong>ut</strong></span> <span class='ocrx_word' id='word_1_804' title='bbox 2182 5317 2379 5397; x_wconf 82' lang='lat' dir='ltr'><strong>reperi,</strong></span> <span class='ocrx_word' id='word_1_805' title='bbox 2430 5318 2665 5397; x_wconf 62' lang='grc'>512000.</span> <span class='ocrx_word' id='word_1_806' title='bbox 2700 5317 2976 5397; x_wconf 48' lang='lat' dir='ltr'><strong>Verumnis</strong></span> <span class='ocrx_word' id='word_1_807' title='bbox 3012 5331 3229 5397; x_wconf 78' lang='lat' dir='ltr'><strong>omnem</strong></span> <span class='ocrx_word' id='word_1_808' title='bbox 3264 5332 3374 5397; x_wconf 79' lang='lat' dir='ltr'><strong>non</strong></span> 
     </span>
    </p>
   </div>
   <div class='ocr_carea' id='block_1_112' title="bbox 1804 5386 3377 5463">
    <p class='ocr_par' dir='ltr' id='par_1_112' title="bbox 1804 5386 3377 5463">
     <span class='ocr_line' id='line_1_112' title="bbox 1804 5386 3377 5463; baseline -0.008 -10"><span class='ocrx_word' id='word_1_809' title='bbox 1804 5386 1964 5463; x_wconf 70' lang='lat' dir='ltr'><strong>ﬁdem</strong></span> <span class='ocrx_word' id='word_1_810' title='bbox 1994 5394 2154 5448; x_wconf 91' lang='lat' dir='ltr'><strong>modo</strong></span> <span class='ocrx_word' id='word_1_811' title='bbox 2178 5386 2271 5446; x_wconf 85' lang='lat' dir='ltr'><strong>sed</strong></span> <span class='ocrx_word' id='word_1_812' title='bbox 2303 5399 2357 5444; x_wconf 93' lang='lat' dir='ltr'><strong>et</strong></span> <span class='ocrx_word' id='word_1_813' title='bbox 2386 5391 2702 5463; x_wconf 11' lang='lat' dir='ltr'><strong>veritatem,</strong></span> <span class='ocrx_word' id='word_1_814' title='bbox 2732 5387 2976 5463; x_wconf 57' lang='lat' dir='ltr'><strong>excedit</strong></span> <span class='ocrx_word' id='word_1_815' title='bbox 3007 5401 3022 5439; x_wconf 90' lang='lat'><strong>:</strong></span> <span class='ocrx_word' id='word_1_816' title='bbox 3081 5386 3215 5456; x_wconf 88' lang='lat' dir='ltr'><strong>quin</strong></span> <span class='ocrx_word' id='word_1_817' title='bbox 3266 5388 3377 5463; x_wconf 78' lang='lat' dir='ltr'><strong>imo</strong></span> 
     </span>
    </p>
   </div>
   <div class='ocr_carea' id='block_1_113' title="bbox 1803 5456 3377 5532">
    <p class='ocr_par' dir='ltr' id='par_1_113' title="bbox 1803 5456 3377 5532">
     <span class='ocr_line' id='line_1_113' title="bbox 1803 5456 3377 5532; baseline -0.009 -9"><span class='ocrx_word' id='word_1_818' title='bbox 1803 5456 1966 5524; x_wconf 84' lang='lat' dir='ltr'><strong>etiam</strong></span> <span class='ocrx_word' id='word_1_819' title='bbox 2000 5466 2044 5521; x_wconf 87' lang='lat' dir='ltr'><strong>si</strong></span> <span class='ocrx_word' id='word_1_820' title='bbox 2103 5478 2202 5532; x_wconf 90' lang='lat' dir='ltr'><strong>pro</strong></span> <span class='ocrx_word' id='word_1_821' title='bbox 2263 5457 2918 5532; x_wconf 62' lang='lat' dir='ltr'><strong>myriadibuschiliades</strong></span> <span class='ocrx_word' id='word_1_822' title='bbox 2964 5457 3133 5532; x_wconf 80' lang='lat' dir='ltr'><strong>legas,</strong></span> <span class='ocrx_word' id='word_1_823' title='bbox 3195 5464 3254 5532; x_wconf 78' lang='lat' dir='ltr'><strong>ut</strong></span> <span class='ocrx_word' id='word_1_824' title='bbox 3303 5456 3377 5532; x_wconf 71' lang='lat' dir='ltr'><strong>sit</strong></span> 
     </span>
    </p>
   </div>
   <div class='ocr_carea' id='block_1_114' title="bbox 1804 5523 3373 5601">
    <p class='ocr_par' dir='ltr' id='par_1_114' title="bbox 1804 5523 3373 5601">
     <span class='ocr_line' id='line_1_114' title="bbox 1804 5523 3373 5601; baseline -0.01 -8"><span class='ocrx_word' id='word_1_825' title='bbox 1804 5523 2039 5601; x_wconf 67' lang='grc'>312000,</span> <span class='ocrx_word' id='word_1_826' title='bbox 2104 5523 2288 5588; x_wconf 79' lang='grc' dir='ltr'>ἱεηιεη</span> <span class='ocrx_word' id='word_1_827' title='bbox 2319 5523 2575 5601; x_wconf 67' lang='grc' dir='ltr'>ἐπιριίοιδ</span> <span class='ocrx_word' id='word_1_828' title='bbox 2618 5528 2769 5597; x_wconf 93' lang='lat' dir='ltr'><strong>justo</strong></span> <span class='ocrx_word' id='word_1_829' title='bbox 2823 5523 3263 5596; x_wconf 58' lang='lat' dir='ltr'><strong>videri&#39;possit.</strong></span> <span class='ocrx_word' id='word_1_830' title='bbox 3314 5523 3373 5601; x_wconf 81' lang='lat' dir='ltr'><strong>In</strong></span> 
     </span>
    </p>
   </div>
   <div class='ocr_carea' id='block_1_115' title="bbox 1809 5598 3376 5677">
    <p class='ocr_par' dir='ltr' id='par_1_115' title="bbox 1809 5598 3376 5677">
     <span class='ocr_line' id='line_1_115' title="bbox 1809 5598 3376 5677; baseline -0.01 -13"><span class='ocrx_word' id='word_1_831' title='bbox 1809 5598 2097 5677; x_wconf 84' lang='lat' dir='ltr'><strong>Scriptura</strong></span> <span class='ocrx_word' id='word_1_832' title='bbox 2127 5615 2287 5677; x_wconf 76' lang='lat' dir='ltr'><strong>sacra</strong></span> <span class='ocrx_word' id='word_1_833' title='bbox 2320 5600 2597 5677; x_wconf 75' lang='lat' dir='ltr'><strong>exercitus</strong></span> <span class='ocrx_word' id='word_1_834' title='bbox 2633 5613 2741 5651; x_wconf 89' lang='lat' dir='ltr'><strong>non</strong></span> <span class='ocrx_word' id='word_1_835' title='bbox 2777 5604 3120 5675; x_wconf 84' lang='lat' dir='ltr'><strong>numeratur,</strong></span> <span class='ocrx_word' id='word_1_836' title='bbox 3149 5598 3376 5677; x_wconf 35' lang='lat' dir='ltr'><strong>ntarnetsi</strong></span> 
     </span>
    </p>
   </div>
   <div class='ocr_carea' id='block_1_116' title="bbox 1815 5664 3373 5736">
    <p class='ocr_par' dir='ltr' id='par_1_116' title="bbox 1815 5664 3373 5736">
     <span class='ocr_line' id='line_1_116' title="bbox 1815 5664 3373 5736; baseline -0.008 -5"><span class='ocrx_word' id='word_1_837' title='bbox 1815 5664 2112 5732; x_wconf 69' lang='lat' dir='ltr'><strong>maximum</strong></span> <span class='ocrx_word' id='word_1_838' title='bbox 2170 5672 2344 5727; x_wconf 83' lang='lat' dir='ltr'><strong>fuisse</strong></span> <span class='ocrx_word' id='word_1_839' title='bbox 2380 5671 2717 5724; x_wconf 90' lang='lat' dir='ltr'><strong>locustarum</strong></span> <span class='ocrx_word' id='word_1_840' title='bbox 2746 5668 3087 5736; x_wconf 84' lang='lat' dir='ltr'><strong>comparatio</strong></span> <span class='ocrx_word' id='word_1_841' title='bbox 3148 5664 3373 5720; x_wconf 83' lang='lat' dir='ltr'><strong>indicat.</strong></span> 
     </span>
    </p>
   </div>
   <div class='ocr_carea' id='block_1_117' title="bbox 1808 5736 3389 5817">
    <p class='ocr_par' dir='ltr' id='par_1_117' title="bbox 1808 5736 3389 5817">
     <span class='ocr_line' id='line_1_117' title="bbox 1808 5736 3389 5817; baseline -0.01 -13"><span class='ocrx_word' id='word_1_842' title='bbox 1808 5747 2082 5817; x_wconf 81' lang='lat' dir='ltr'><strong>Josephus</strong></span> <span class='ocrx_word' id='word_1_843' title='bbox 2118 5744 2559 5817; x_wconf 32' lang='lat' dir='ltr'><strong>quidem‘auctlor</strong></span> <span class='ocrx_word' id='word_1_844' title='bbox 2607 5745 2694 5817; x_wconf 72' lang='lat' dir='ltr'><strong>est</strong></span> <span class='ocrx_word' id='word_1_845' title='bbox 2734 5737 3065 5793; x_wconf 87' lang='lat' dir='ltr'><strong>occubuisse</strong></span> <span class='ocrx_word' id='word_1_846' title='bbox 3098 5736 3152 5789; x_wconf 91' lang='lat' dir='ltr'><strong>in</strong></span> <span class='ocrx_word' id='word_1_847' title='bbox 3198 5748 3389 5803; x_wconf 67' lang='lat' dir='ltr'><strong>pugna</strong></span> 
     </span>
    </p>
   </div>
   <div class='ocr_carea' id='block_1_118' title="bbox 143 5784 1767 5873">
    <p class='ocr_par' dir='ltr' id='par_1_118' title="bbox 143 5784 1702 5873">
     <span class='ocr_line' id='line_1_118' title="bbox 143 5784 1702 5873; baseline -0.002 -33"><span class='ocrx_word' id='word_1_848' title='bbox 143 5788 373 5873; x_wconf 60' lang='grc' dir='ltr'>εὐτελείας</span> <span class='ocrx_word' id='word_1_849' title='bbox 390 5784 719 5873; x_wconf 61' lang='grc' dir='ltr'>ἀνθρώποις</span> <span class='ocrx_word' id='word_1_850' title='bbox 760 5784 1027 5852; x_wconf 80' lang='grc' dir='ltr'>ἄϐρωτον,</span> <span class='ocrx_word' id='word_1_851' title='bbox 1055 5798 1177 5851; x_wconf 60' lang='lat' dir='ltr'><strong>quae</strong></span> <span class='ocrx_word' id='word_1_852' title='bbox 1226 5785 1297 5839; x_wconf 92' lang='lat' dir='ltr'><strong>ob</strong></span> <span class='ocrx_word' id='word_1_853' title='bbox 1326 5784 1586 5873; x_wconf 64' lang='lat' dir='ltr'><strong>vilitatem</strong></span> <span class='ocrx_word' id='word_1_854' title='bbox 1634 5787 1702 5873; x_wconf 62' lang='lat' dir='ltr'><strong>al)</strong></span> 
     </span>
    </p>
   </div>
   <div class='ocr_carea' id='block_1_119' title="bbox 1797 5784 2738 5873">
    <p class='ocr_par' dir='ltr' id='par_1_119' title="bbox 1808 5784 2738 5873">
     <span class='ocr_line' id='line_1_119' title="bbox 1808 5784 2738 5873; baseline -0.011 -1"><span class='ocrx_word' id='word_1_855' title='bbox 1808 5784 2581 5873; x_wconf 53' lang='lat' dir='ltr'><strong>imiimi.:3.1&#39;.;:&#39;T§o&quot;.:.?m;..</strong></span> <span class='ocrx_word' id='word_1_856' title='bbox 2608 5784 2738 5862; x_wconf 66' lang='grc' dir='ltr'>ῐιῖι.</span> 
     </span>
    </p>
   </div>
   <div class='ocr_carea' id='block_1_120' title="bbox 146 5856 1700 5931">
    <p class='ocr_par' dir='ltr' id='par_1_120' title="bbox 146 5856 1700 5931">
     <span class='ocr_line' id='line_1_120' title="bbox 146 5856 1700 5931; baseline 0.001 -23"><span class='ocrx_word' id='word_1_857' title='bbox 146 5858 421 5917; x_wconf 81' lang='lat' dir='ltr'><strong>hominibus</strong></span> <span class='ocrx_word' id='word_1_858' title='bbox 487 5856 596 5931; x_wconf 81' lang='lat' dir='ltr'><strong>pro</strong></span> <span class='ocrx_word' id='word_1_859' title='bbox 632 5859 759 5913; x_wconf 90' lang='lat' dir='ltr'><strong>cibo</strong></span> <span class='ocrx_word' id='word_1_860' title='bbox 825 5871 935 5910; x_wconf 88' lang='lat' dir='ltr'><strong>non</strong></span> <span class='ocrx_word' id='word_1_861' title='bbox 992 5864 1370 5923; x_wconf 68' lang='lat' dir='ltr'><strong>usurparetur,</strong></span> <span class='ocrx_word' id='word_1_862' title='bbox 1414 5856 1449 5912; x_wconf 91' lang='lat' dir='ltr'><strong>l.</strong></span> <span class='ocrx_word' id='word_1_863' title='bbox 1483 5873 1531 5921; x_wconf 90' lang='lat' dir='ltr'><strong>v,</strong></span> <span class='ocrx_word' id='word_1_864' title='bbox 1564 5871 1613 5909; x_wconf 79' lang='grc' dir='ltr'>ς.</span> <span class='ocrx_word' id='word_1_865' title='bbox 1647 5856 1700 5910; x_wconf 87' lang='grc'>8.</span> 
     </span>
    </p>
   </div>
  </div>
