4184 6436
735 417 832 482 131

2033 400 2357 464 GEORGII
2397 399 2732 460 CEDRENI

3886 397 3994 463 132

731 529 874 582 Deus
903 528 954 579 iu
989 529 1166 594 l'ugam
1199 536 1295 576 eos
1338 519 1594 589 cohjecit,
1629 517 1917 570 insecutus
1964 522 2047 568 est
2071 511 2307 566 Gedeun.

2421 508 2528 561 τῶν
2558 509 2765 562 ὑδάτων
2791 507 2896 571 ἕως
2935 504 3030 560 τοῦ
3092 506 3378 578 Ἰορδάνου,
3413 506 3508 560 καὶ
3539 507 3832 564 συνέλαϐον
3859 513 3996 578 φεύ-

735 619 888 689 ιοι
953 614 1016 669 Ει
1086 613 1283 683 reliqui
1351 627 1410 666 re
1463 609 1678 680 cognita
1744 606 2009 674 trajectus
2067 602 2309 656 amnium

730 726 902 780 usque
957 707 1022 761 ad
1073 705 1371 760 Jordanem
1428 708 1860 766 occupaverunt.
1917 696 2313 764 Principesque

731 801 1063 855 Madiauicos
1110 797 1350 852 Orebum
1393 803 1446 849 et
1495 793 1700 848 Zebum
1763 793 1818 845 in
1879 790 2004 860 fuga
2057 801 2310 855 compre-

729 895 930 948 hensos
981 893 1251 961 capitibus
1288 895 1704 952 truncaverunt,
1766 899 1941 953 eaque
1985 883 2051 937 ad
2103 880 2312 934 Gedeo-

728 1001 852 1043 nem
885 985 1207 1038 attulerunt.
1261 980 1311 1035 is
1342 979 1671 1034 transmisso
1713 973 1948 1030 Jordane
1991 981 2172 1028 castra
2200 970 2312 1026 Ma-

729 1077 943 1130 dianica
968 1077 1111 1144 cepit
1139 1091 1152 1138 ;
1177 1073 1416 1143 fugaque
1446 1087 1511 1126 ex
1544 1070 1610 1125 iis
1642 1069 1859 1138 elapsos
1887 1082 2044 1137 reges
2078 1065 2310 1118 Zebeam

727 1174 784 1222 et
844 1165 1155 1220 Salmanam
1234 1174 1554 1233 persecutus
1633 1160 1930 1213 interfecit.
1989 1157 2067 1211 Ex
2131 1156 2310 1224 praeda

731 1267 910 1312 autem
948 1257 1170 1311 inaures
1201 1270 1395 1309 aureas
1432 1253 1645 1322 accepit
1691 1251 1934 1314 Gedeou,
1965 1248 2311 1316 confecitque

729 1350 1037 1418 Ephodum,
1087 1347 1232 1417 quod
1282 1348 1338 1400 in
1380 1345 1517 1400 urbe
1551 1359 1648 1399 sua
1693 1344 1870 1413 Ephra
1917 1341 2221 1408 collocavit,
2254 1342 2306 1394 in

731 1442 936 1497 ditioue
963 1441 1284 1495 Manassaza.
1315 1439 1394 1492 Ad
1427 1436 1560 1492 illud
1585 1435 1866 1507 Ephodum
1903 1442 2050 1488 totus
2075 1434 2307 1504 populus

730 1534 1012 1591 lsraelicus
1061 1535 1306 1605 impegit,
1371 1533 1593 1587 illicitos
1643 1530 1827 1585 cultus
1874 1529 1924 1584 ei
1976 1527 2303 1584 exhibendo.

732 1627 845 1680 Sub
877 1626 979 1679 hoc
1004 1625 1280 1688 Gedeone,
1331 1623 1424 1693 qui
1469 1631 1522 1678 et
1553 1621 1878 1677 Jerobaalus
1917 1619 2140 1684 dicitur,
2175 1636 2309 1688 qua-

730 1718 982 1786 draginta
1009 1731 1183 1770 annos
1208 1714 1525 1783 conquievit
1560 1714 1817 1784 populus.
1854 1711 2128 1766 Gedeonis
2150 1720 2307 1766 aetate

730 1809 833 1863 fuit
863 1808 1118 1879 Orpheus
1150 1808 1333 1861 Thrax
1389 1807 1612 1878 lyricus,
1647 1805 1928 1875 Bryosius,
1959 1803 2304 1872 sapientissi-

726 1915 852 1954 mus
894 1914 957 1952 ac
987 1899 1382 1954 celeberrimus
1421 1904 1601 1965 poeta.
1633 1893 1685 1950 ls
1708 1895 2081 1965 theogoniam,
2115 1894 2300 1948 mundi

727 1990 1084 2055 creationem,
1138 1988 1379 2043 hominis
1424 1986 1743 2043 eﬂictionem
1813 1987 2093 2056 exposuit,
2146 1987 2304 2041 initio

725 2081 910 2148 operis
961 2079 1221 2148 prazl‘atus
1272 2081 1411 2134 nihil
1459 2095 1522 2136 se
1577 2081 1808 2135 istarum
1864 2095 2046 2135 rerum
2081 2079 2148 2133 de
2204 2093 2303 2133 sua

726 2169 1002 2226 sententia
1044 2169 1359 2240 scripsisse,
1412 2185 1600 2225 verum
1664 2185 1722 2226 se
1769 2184 1834 2224 ex
1867 2169 2074 2224 Phoebo
2109 2169 2303 2224 Titano

729 2261 846 2318 sole
876 2261 1199 2330 quaesivisse
1230 2275 1402 2329 genus
1436 2260 1664 2315 deorum
1701 2259 1844 2329 quod
1889 2268 2057 2322 esset,
2089 2275 2152 2314 ac
2179 2260 2305 2328 quis

729 2353 994 2406 mundum
1034 2351 1394 2407 condidisset.
1445 2349 1675 2407 Exstant
1721 2352 1772 2404 in
1823 2349 1943 2418 ejus
1987 2351 2093 2405 isto
2141 2365 2306 2420 opere

729 2445 787 2498 hi
819 2461 1042 2500 versus:

728 2662 840 2717 Rea:
875 2660 1082 2730 Phoebe,
1113 2664 1424 2723 arcitenens,
1459 2661 1676 2717 Latome
1702 2663 1875 2717 vivida
1900 2663 2072 2731 proles

730 2735 1066 2801 Lucipotens,
1098 2750 1128 2786 ο
1158 2734 1246 2803 qui
1282 2735 1451 2788 radiis
1471 2733 1739 2803 jacularis
1780 2736 1844 2786 ab
1895 2735 2006 2787 alto

729 2870 933 2927 Cuncta
957 2870 1085 2933 tuis,
1126 2869 1216 2935 qui
1247 2879 1436 2921 cuncta
1467 2870 1634 2922 oculis
1657 2871 1937 2936 purissime
1973 2872 2197 2935 lustras,

729 2941 830 2994 Res
868 2941 1138 2992 hominum
1173 2940 1450 3007 divumque
1477 2940 1652 2993 ridens
1671 2950 1718 2992 et
1754 2951 1944 2992 cuncta
1967 2950 2261 3007 gubernans
2287 2956 2308 2996 :

733 3011 892 3080 102
933 3009 977 3065 0
1006 3010 1105 3073 sol,
1128 3011 1334 3061 auratis
1361 3009 1449 3078 qui
1488 3026 1697 3063 sursum
1729 3009 1989 3064 attolleris
2015 3012 2118 3064 alis

730 3143 800 3214 Et
832 3145 1088 3214 liquidum
1115 3144 1328 3197 intactis
1352 3145 1499 3198 velox
1515 3146 1645 3213 petis
1665 3161 1792 3198 aera
1818 3147 2022 3212 pennis,

731 3213 848 3285 Istc
885 3213 1224 3267 duodecimus
1263 3215 1391 3266 mihi
1433 3225 1479 3268 te
1505 3230 1639 3267 nunc
1681 3231 1850 3267 sermo
1883 3218 2127 3285 loquente

727 3284 962 3338 Auditur
997 3303 1011 3334 :
1042 3300 1156 3337 mea
1187 3293 1232 3336 te
1265 3286 1421 3350 ﬁrma
1456 3293 1531 3337 est
1559 3288 1732 3337 oratio
1774 3294 1918 3337 teste.

726 3526 904 3594 Atque
933 3523 1122 3580 eadem
1158 3523 1226 3578 de
1272 3538 1328 3578 re
1387 3524 1545 3578 multi
1585 3524 1750 3578 etiam
1809 3538 2000 3579 versus
2033 3535 2162 3579 sunt
2207 3524 2307 3581 Or-

730 3618 852 3687 phei
887 3635 902 3672 :
933 3615 1028 3672 sed
1077 3624 1130 3670 et
1175 3615 1230 3669 in
1273 3614 1356 3670 his
1403 3631 1542 3683 quos
1591 3615 1882 3670 retulimus
1930 3615 2156 3678 indicat,
2186 3633 2307 3688 qua:

729 3707 839 3760 voti
903 3721 1130 3775 compos
1189 3708 1389 3770 factus,
1451 3721 1573 3776 qua:
1614 3706 1682 3761 de
1740 3706 1967 3762 deorum
2029 3723 2227 3778 genere
2255 3719 2308 3764 et

731 3797 918 3850 mundi
953 3796 1164 3866 origine
1190 3795 1497 3849 audivisset
1528 3796 1923 3865 conscripserit
1966 3813 1980 3850 :
2015 3798 2211 3868 reliqui
2239 3798 2308 3855 ob

729 3887 1140 3942 multitudinem
1190 3895 1318 3943 sunt
1373 3886 1588 3941 omissi.
1622 3885 1767 3940 inter
1827 3888 1932 3941 alia
1987 3888 2094 3944 hoc
2143 3890 2308 3946 etiam

731 3975 886 4040 dicit,
945 3977 1218 4046 principio
1274 3977 1528 4031 aetherem
1598 3978 1736 4043 (sive
1782 3977 1836 4032 id
1887 3980 2085 4034 malum
2127 3981 2309 4037 dicere

728 4065 900 4136 voles)
934 4067 988 4121 in
1041 4069 1248 4123 mundo
1281 4067 1562 4124 exstitisse
1601 4083 1629 4121 a
1685 4069 1792 4122 Deo
1839 4069 2194 4126 fabricatum.
2226 4073 2308 4128 Ab

731 4165 966 4228 utraque
1000 4168 1182 4212 autem
1231 4158 1452 4212 aetheris
1488 4165 1641 4227 parte
1688 4158 1856 4215 fuisse
1889 4163 2057 4219 chaos
2089 4171 2144 4219 et
2173 4166 2308 4220 cali-

732 4251 981 4317 ginosam
1013 4259 1252 4315 noctem,
1303 4264 1408 4320 qua
1443 4249 1708 4320 quidquid
1737 4259 1821 4306 est
1871 4252 2012 4308 infra
2049 4257 2305 4311 aetherem

730 4339 898 4394 fuerit
943 4341 1298 4405 occultatum,
1352 4357 1417 4396 eo
1477 4342 1754 4409 iudicans,
1803 4353 2020 4401 noctem
2075 4363 2308 4417 praees-

730 4435 889 4490 sisse.
923 4433 979 4488 In
1009 4435 1200 4490 eodem
1253 4450 1416 4506 opere
1468 4435 1683 4491 dixerat
1719 4451 1841 4492 esse
1880 4441 2171 4508 quemdam
2221 4441 2307 4494 in-

2425 617 2624 668 γοντας
2652 599 2775 662 τοὺς
2806 599 3074 662 δυνάστας
3103 598 3331 668 Μαδιάμ
3389 598 3554 670 Ὡρὴὸ
3591 600 3681 653 καὶ
3713 602 3846 671 Ζὴό,
3903 603 4000 657 καὶ

2415 691 2678 760 τεμόντες
2734 689 2834 753 τὰς
2869 689 3112 758 κεφαλὰς
3142 690 3323 744 αὐτῶν
3378 693 3761 761 προσήνεγκαν
3790 693 3872 762 τῷ
3898 695 4000 746 Γε-

2412 779 2568 837 δεών.
2604 781 2806 844 Διαὸὰς
2833 781 2890 834 δὲ
2910 782 2999 834 τὸν
3030 781 3300 851 Ἰορδάνην
3327 783 3355 834 ὁ
3393 780 3598 834 Γεδεὼν
3629 783 3866 847 ἐπάταξε
3901 784 4002 854 τὴν

2414 870 2766 941 παρεμῦολὴν
2812 869 3062 938 Μαδιὰμ,
3093 870 3186 923 καὶ
3235 870 3496 938 ἐξέφυγον
3518 871 3564 922 οἱ
3599 868 3841 940 βασιλεῖς
3873 873 3998 925 Μα-

2412 962 2546 1033 διὰμ
2599 962 2762 1015 Ζεϐεέ
2810 963 2906 1014 καὶ
2944 962 3207 1031 Σαλμανᾶ
3249 963 3314 1014 ἐκ
3344 962 3441 1031 τῆς
3479 963 3855 1034 παρεμόολῆς.
3887 966 4000 1019 Καὶ

2413 1055 2498 1128 μ’.
2539 1057 2632 1128 57]
2675 1056 2970 1122 κατεδίωξε
3029 1055 3236 1108 Γεδεὼν
3263 1055 3490 1108 ὄπισθεν
3545 1057 3745 1121 αὐτῶν,
3776 1058 3869 1110 καὶ
3899 1059 4000 1112 ἀπο

2411 1149 2651 1202 έκτεινεν
2679 1149 2899 1212 αὐτούς.
2962 1147 3162 1202 Ἔλαϐε
3187 1147 3243 1200 δέ
3278 1147 3345 1201 τὰ
3373 1147 3573 1202 ἐνώτια
3614 1149 3684 1202 τὰ
3721 1153 3902 1220 χρυσᾶ
3931 1153 3997 1203 ἐκ

2412 1246 2518 1298 τῶν
2543 1243 2775 1307 σκύλων,
2811 1243 2905 1297 καὶ
2935 1244 3192 1312 ἐποίησεν
3236 1241 3427 1310 Ἐφοὺδ
3461 1241 3597 1311 (55),
3645 1244 3740 1296 καὶ
3767 1242 3995 1313 ἔστησεν

2411 1337 2542 1392 αὐτὸ
2569 1338 2625 1389 ἐν
2653 1337 2719 1407 τῇ
2757 1337 2910 1388 πόλει
2937 1334 3102 1388 αὑτοῦ
3128 1335 3186 1386 ἐν
3237 1334 3503 1406 Ἐφραθᾷ,
3545 1337 3624 1399 εἰς
3653 1336 3753 1405 τὴν
3791 1337 3996 1405 κληροο

2411 1427 2602 1498 νομίαν
2623 1427 2916 1496 Μανασσῆ.
2975 1427 3086 1480 Καὶ
3115 1425 3474 1495 ἐξεπόρνευσε
3503 1425 3611 1484 πᾶς
3660 1425 3875 1496 Ἰσραὴλ
3907 1426 3996 1478 ἐπ’

2410 1514 2579 1584 αὐτῷ,
2614 1514 2707 1566 καὶ
2755 1513 2946 1581 γέγονε
2974 1514 3270 1567 σκάνδαλον
3299 1514 3376 1581 τῷ
3403 1515 3542 1584 λαῷ.
3588 1514 3698 1567 Καὶ
3720 1516 3998 1584 ἡσύχασεν

2407 1607 2440 1676 ἡ
2479 1607 2549 1674 γῆ
2581 1607 2672 1658 ἐπὶ
2698 1603 2928 1670 Γεδεὼν,
2964 1605 3024 1668 ὃς
3058 1606 3152 1658 καὶ
3195 1605 3470 1674 Ἰεροϐἀαλ
3509 1606 3743 1674 ἐλέγετο,
3778 1607 3869 1658 ἐπὶ
3899 1607 3997 1678 ἐτη

2411 1705 2482 1769 μ’.
2530 1700 2616 1751 Ἑν
2646 1698 2855 1760 τούτοις
2885 1699 2996 1760 τοῖς
3031 1699 3245 1768 χρόνοις
3273 1698 3366 1750 τοῦ
3409 1697 3618 1751 Γεδεὼν
3659 1694 3727 1769 ἦν
3763 1699 3997 1768 Ὀρφεὺς

2407 1793 2435 1843 ὁ
2463 1789 2615 1861 Θρᾲξ
2640 1791 2667 1842 ὁ
2692 1789 2958 1860 λυρικὸςὸ
2984 1787 3283 1860 Βρυώσιος,
3317 1792 3345 1842 δ
3377 1790 3686 1858 σοφώτατος
3721 1793 3812 1844 καὶ
3841 1808 3903 1842 πε
3915 1809 3999 1860 ρι-

2408 1883 2601 1954 ϐόητος
2638 1883 2888 1954 ποιητὴς,
2917 1883 3065 1944 ὅστις
3093 1881 3308 1945 ἐξέθετο
3336 1882 3615 1950 θεογονίας
3652 1883 3750 1936 καὶ
3785 1883 3993 1948 κόσμου

2407 1977 2584 2030 κτίσιν
2613 1975 2708 2028 καὶ
2736 1974 3042 2045 ἀνθρώπων
3074 1974 3506 2045 πλαστουργίαν,
3558 1973 3796 2046 εἰρηκὼς
3837 1976 3897 2028 ἐν
3926 1977 3993 2044 τῇ

2406 2069 2546 2138 ἀρχῇ
2570 2064 2662 2120 τοῦ
2700 2066 3081 2136 συντάγματος
3130 2066 3296 2119 αὐτοῦ
3361 2065 3448 2118 ὄτι
3500 2063 3562 2130 ἐξ
3593 2066 3731 2128 ιδίας
3756 2065 3998 2135 ἐνθυμή-

2409 2175 2546 2221 σεως
2573 2157 2672 2209 οὑκ
2697 2155 2915 2220 segem
2963 2173 3017 2208 τι
3047 2156 3176 2227 περὶ
3203 2149 3342 2208 Θεοῦ
3372 2155 3403 2225 ἢ
3436 2157 3535 2224 τῆς
3566 2157 3841 2226 κοσμικῆς
3874 2156 3998 2208 uti-

2408 2267 2565 2313 σεως,
2596 2248 2710 2302 ἀλλ’
2739 2247 3113 2318 αἰτησαμένου
3149 2247 3319 2301 αὑτοῦ
3348 2247 3542 2318 μαθεῖν
3569 2249 3719 2320 παρὰ
3751 2247 3845 2302 τοῦ
3873 2247 3998 2301 Φοί-

2408 2342 2504 2396 δου
2533 2342 2761 2404 Τιτᾶνος
2790 2340 2942 2410 ῄλίου
2972 2339 3070 2410 τὴν
3120 2339 3398 2406 Θεογονίαν
3426 2341 3519 2393 καὶ
3543 2343 3641 2410 τὴν
3666 2340 3760 2394 τοῦ
3788 2342 3995 2412 κόσμου

2410 2433 2609 2495 κτίσιν,
2649 2433 2744 2484 καὶ
2781 2434 2865 2494 τίς
2885 2432 3144 2499 ἐποίησεν
3180 2430 3371 2500 αὐτὴν.
3423 2430 3747 2499 Ἐκφέρεται
3798 2431 3906 2502 γὰρ
3931 2434 3994 2484 ἐν

2409 2527 2476 2595 τῇ
2511 2523 2681 2578 αὐτοῦ
2722 2522 2937 2576 ἐκθέσει
2972 2521 3060 2574 διὰ
3083 2521 3386 2592 ποιητικῶν
3416 2521 3616 2591 στίχων
3649 2521 3846 2586 οὓτωςο

2407 2651 2484 2711 Ὠ
2514 2656 2632 2710 ἄνα
2668 2654 2902 2722 Λητοῦς
2927 2654 3041 2717 vis,
3067 2655 3415 2720 ἑκατηϐόλε,
3458 2653 3651 2718 Φοῖϐε,
3687 2651 3952 2720 κραταιέ-

2407 2722 2483 2782 Ὠ
2511 2726 2777 2780 δέσποτα
2809 2724 3033 2793 ἡμέρας
3064 2725 3178 2787 υἱὲ,
3215 2728 3247 2778 ό
3273 2726 3342 2778 τὰ
3371 2725 3570 2778 πάντα
3593 2727 3894 2791 πόρῤωθεν
3927 2723 4001 2774 ἐν

3387 2793 3540 2866 [ταῖς
3568 2794 3771 2848 ἀκτῖσι
3802 2811 3918 2846 σου

2418 2867 2702 2930 Τοξεύων,
2743 2865 2992 2932 (ip/arte
3020 2861 3377 2928 καὶβυνατέ·

2409 2931 3070 3004 Πάνδερκες,θνητοῖσε
3101 2933 3199 2984 καὶ
3223 2931 3618 3004 ἀθανάτοισιν
3652 2933 3966 3004 ἀνάσσων,

2425 3004 2488 3059 '0
2519 3008 2589 3059 τὰ
2605 3001 2818 3058 ’πάντα
2862 3001 3226 3067 ἐπιϐλέπων,
3277 3003 3514 3070 θνητῶν
3543 3005 3640 3055 καὶ
3679 3001 3996 3056 ἀθανάτων

3529 3073 3917 3141 [βασιλεύων

2425 3145 2610 3199 Ἠέλιε
2641 3141 3335 3214 χρυσέοισινλωιρόμενε
3383 3144 3810 3214 πτερύγεσσιν,

2333 3207 2376 3265 C
2414 3215 2579 3269 ’Ἠλιε
2605 3207 3064 3283 τὶῖιίαιςίείςλτόᾲν
3093 3207 3236 3278 ἀέρα
3259 3207 3856 3283 ὺψρύμένεπτέρυξι,

2405 3280 2759 3350 Δωδεκὰτην
2781 3282 2858 3349 δὴ
2887 3280 3070 3346 τήνδε
3098 3283 3230 3349 περὶ
3259 3281 3374 3334 σοῦ
3403 3284 3629 3335 ἔκλυον
3659 3282 3885 3349 ὀμφὴν,

2410 3355 2544 3409 Σεῐο
2603 3353 2894 3424 φαμένου·
2927 3350 3003 3404 σὲ
3042 3350 3094 3404 δ’
3146 3353 3351 3416 αὑτὸν,
3386 3354 3660 3418 ἐκηὸόλε,
3701 3352 3994 3492 ἱςιὶρτιιρα

3761 3438 3916 3489 ειην.

3761 3438 3916 3489 ειην.

2409 3542 2517 3594 Καὶ
2557 3541 2747 3608 ἄλλους
2780 3543 2835 3597 δέ
2858 3544 3088 3606 πολλοὺς
3125 3541 3256 3613 περὶ
3288 3541 3494 3594 τούτων
3543 3534 3665 3592 εἷπε
3706 3540 3925 3609 στίχους
3962 3539 3991 3590 ὁ

2409 3631 2571 3695 αὐτὸς
2637 3632 2892 3704 Ὀρςςεύς.
2923 3634 3174 3701 Ἔφρασε
3233 3631 3290 3684 δὲ
3334 3631 3398 3683 ἐκ
3438 3630 3547 3682 τῶν
3575 3629 3994 3700 προειρημένων

2410 3723 2612 3794 στίχων
2639 3727 2720 3779 ὅτι
2754 3727 2827 3789 ὡς
2857 3729 2920 3780 ἐκ
2949 3728 3047 3796 τῆς
3077 3726 3242 3796 εὐχῆς
3273 3725 3518 3788 ἀκούσας
3557 3725 3686 3794 περὶ
3709 3723 3994 3792 θεογονίας

2408 3816 2502 3869 καὶ
2526 3818 2756 3880 κτίσεως
2781 3819 2986 3888 κόσμου
3016 3817 3410 3887 συνεγράψατο.
3443 3816 3791 3888 Παρείθησαν
3822 3818 3878 3868 δέ
3902 3817 3996 3868 διὰ

2410 3906 2471 3960 τὸ
2502 3907 2728 3974 πλῆθος.
2773 3907 2936 3973 Λέγει
2956 3906 3013 3959 δέ
3047 3908 3184 3974 πρὸς
3205 3909 3316 3969 τοῖς
3345 3905 3526 3968 ἄλλοις
3563 3905 3874 3968 καὶταῦτα,
3909 3906 3995 3957 ὅτι

2410 3998 2469 4063 ἐξ
2499 3997 2674 4068 ἀρχῆς
2696 3998 2980 4068 ἀνεδείχθη
3010 3997 3088 4068 τῷ
3110 3997 3297 4066 κόσμῳ
3345 3999 3372 4050 ὁ
3395 3998 3558 4065 αἰθὴρ
3591 3996 3694 4048 ὑπὸ
3718 3997 3811 4048 τοῦ
3849 3995 3996 4049 Θεοῦ

2408 4086 2858 4156 δημιουργηθεὶς,
2889 4086 3141 4140 ἐντεῦθεν
3159 4085 3214 4138 δὲ
3243 4085 3335 4139 καὶ
3371 4084 3620 4137 ἐντεῦθεν
3650 4085 3742 4137 τοῦ
3772 4084 3998 4152 αἰθέρος

2411 4173 2480 4246 ἦν
2506 4176 2638 4246 χάος
2668 4177 2763 4229 καὶ
2794 4177 2890 4241 νὺξ
2921 4177 3146 4246 (ccepi,
3176 4176 3355 4230 πάντα
3387 4176 3429 4229 δ’
3466 4175 3736 4229 ἐκάλυπτε
3784 4175 3852 4228 τὰ
3884 4178 3999 4228 ὑπὸ

2408 4269 2501 4320 τὸν
2531 4267 2744 4338 αἰθέρα,
2789 4271 3073 4339 σημαίνω-ν
3099 4272 3199 4342 τὴν
3232 4271 3404 4325 νύκτα
3435 4271 3808 4340 προτερεύειν,
3836 4271 4001 4339 εἰρη-

2410 4357 2520 4421 κὼς
2541 4360 2596 4411 ἐν
2627 4363 2694 4428 τῇ
2724 4360 2888 4414 αὑτοῦ
2924 4361 3137 4415 ἐκθέσει
3163 4363 3552 4432 ἀκατάληπτόν
3581 4379 3703 4414 τινα
3731 4364 3825 4415 καὶ
3850 4363 3997 4414 πάνυ

2410 4465 2516 4500 των
2545 4449 2844 4520 ὑπέρτατον
2867 4451 3029 4515 εἶναι,
3055 4454 3482 4523 προγενέστερόν
3511 4470 3569 4506 τε
3599 4455 3692 4506 καὶ
3722 4453 3998 4523 δημιουρ-

730 4525 1275 4595 comprehensibilem
1318 4528 1684 4599 omnibusque
1731 4529 1896 4584 rebus
1956 4533 2200 4601 priorem.
2245 4547 2307 4588 ac

2412 4539 2504 4606 γδν
2540 4541 2818 4606 ἁπάντων,
2847 4545 2943 4596 καὶ
2963 4544 3128 4596 αὑτοῦ
3154 4545 3247 4598 τοῦ
3273 4543 3492 4614 αἰθέρος
3526 4545 3618 4597 καὶ
3641 4545 3855 4597 πάντων
3879 4547 4000 4596 τῶν

733 4617 1093 4686 superiorem,
1123 4626 1288 4687 atque
1318 4620 1560 4673 omnium
1592 4621 1958 4686 conditorem,
1985 4637 2108 4676 cum
2133 4625 2305 4694 ipsius

731 4709 950 4764 aetheris
982 4717 1094 4763 tum
1122 4710 1502 4764 universorum
1535 4727 1657 4780 qua:
1705 4711 1845 4765 infra
1895 4722 2042 4768 sunt.
2080 4713 2305 4770 Terram

2414 4631 2504 4683 ὑπ’
2537 4633 2700 4686 αὐτὸν
2749 4635 2841 4687 τὸν
2892 4635 3110 4707 αἰθέρα.
3143 4636 3253 4706 Τὴν
3311 4637 3368 4689 δέ
3425 4637 3528 4705 γῆν
3569 4631 3720 4688 εἶπεν
3756 4635 3860 4687 ὑπὸ
3894 4637 3995 4688 τοῦ

2417 4722 2642 4787 σκότους
2665 4725 2896 4793 ἀόρατον
2926 4722 3114 4782 οὖσαν.
3151 4729 3398 4798 Ἕφρασε
3426 4727 3483 4780 δὲ
3511 4729 3595 4780 ὃτι
3653 4726 3713 4778 τὸ
3742 4727 3854 4794 φῶς
3889 4728 3999 4796 ρἧ

1825 4849 2178 4907 XYLANDRI
2245 4855 2333 4909 ET
2389 4857 2602 4914 GOARI
2630 4859 2862 4916 ΝΟΤᾸΞ.

804 4961 916 5036 (55)
957 4959 1149 5036 Ephod
1182 4963 1275 5031 qui
1310 4965 1387 5018 rei
1419 4966 1490 5018 sit
1510 4974 1565 5019 et
1595 4981 1756 5034 quem
1785 4982 1943 5021 usum
1969 4979 2200 5036 spectet,
2225 4972 2313 5024 hic

731 5031 1008 5100 explicare
1031 5031 1250 5097 omitto,
1281 5049 1405 5087 cum
1437 5036 1504 5088 iis
1535 5031 1627 5102 qui
1661 5051 1850 5090 sacras
1890 5031 2125 5092 Litteras
2186 5031 2309 5094 dili-

732 5109 928 5170 genter
957 5104 1205 5169 legerunt
1231 5119 1336 5157 non
1367 5105 1439 5158 sit
1483 5105 1802 5169 obscurum,
1859 5117 1911 5159 et
1963 5124 2069 5161 non
2137 5112 2309 5166 multo

733 5180 855 5248 post
884 5171 938 5223 in
967 5170 1450 5248 Michaeljiistoria
1488 5190 1676 5248 vocem
1715 5176 2002 5230 Cedrenus
2031 5189 2310 5248 uteturque

731 5244 1150 5318 interpretetur.
1205 5242 1329 5318 _Post
1413 5244 1690 5318 Orpheus
1726 5256 1954 5300 vocatur
2026 5242 2308 5318 Bryosius.

733 5311 1148 5384 mihi,prorsus_
1190 5314 1385 5384 ignota
1443 5311 1847 5384 appellatione;
1917 5311 2307 5384 quam'tameu

733 5389 949 5457 mutare
977 5397 1084 5457 non
1117 5381 1304 5457 debui.
1344 5386 1408 5438 Et
1444 5381 1635 5437 versus
1665 5381 1966 5457 hexametri
2009 5390 2100 5457 qui
2141 5406 2203 5442 ex
2245 5406 2310 5444 eo

733 5451 976 5527 citantur
1002 5451 1393 5527 miserabiliter
1431 5462 1562 5507 sunt
1596 5455 1836 5521 confusi,
1871 5451 2048 5527 neque
2092 5457 2311 5516 dillicile

735 5531 820 5573 est
852 5520 1091 5584 primum
1126 5523 1206 5576 sic
1239 5524 1519 5576 scribere:

837 5587 1002 5653 ὦναξ
1036 5593 1264 5664 Αῃτοῦς
1287 5594 1360 5646 υὶ’
1387 5593 1919 5660 ἐκατηϐόλε,ψοῖὅε
1943 5599 2202 5664 separate.

739 5657 864 5714 Post
895 5675 929 5738 a_
965 5660 1267 5738 πανδερκές
1293 5665 1498 5738 integer
1529 5657 1740 5733 incipit.
1788 5664 1920 5720 item
1974 5657 2042 5722 ab
2083 5671 2222 5738 ἥλιε,
2265 5672 2312 5726 si

738 5733 1076 5798 χρυσείοισιν
1143 5733 1374 5786 scribas.
1429 5733 1526 5788 Est
1589 5747 1642 5788 et
1703 5745 1936 5790 metrum
1994 5753 2024 5790 a
2073 5733 2316 5794 δωδεκὰ-

743 5815 844 5869 την
877 5810 1152 5870 utcunque
1173 5814 1458 5870 constans,
1501 5811 1555 5858 et
1579 5804 1669 5860 cui
1703 5807 1949 5876 proclive
1981 5809 2053 5863 sit
2085 5825 2312 5866 succur-

2416 4991 2556 5052 rere.
2609 4978 2950 5052 Postremum
3013 4983 3118 5036 erit
3181 4982 3273 5052 σοῦ
3310 4987 3588 5052 φαμένοιο,
3647 4986 3706 5038 σὲ
3759 4985 3825 5046 δ’,
3878 4995 3997 5040 etc.

2418 5044 2616 5124 Verum
2646 5050 3164 5124 reliqualanguent.
3198 5044 3332 5118 Quae
3359 5044 3423 5108 ex
3454 5057 3671 5124 ingenio
3698 5044 4004 5113 emendare

2417 5119 2556 5191 velle
2618 5134 2721 5172 non
2788 5119 3081 5174 videbatur
3137 5121 3192 5176 in
3266 5119 3554 5191 praesentia
3615 5127 3999 5181 Commodum.

2419 5184 2673 5262 Exstant,
2723 5204 2851 5262 sane
2883 5194 3050 5262 multa
3101 5192 3230 5246 hinc
3266 5184 3408 5247 'inde
3460 5196 3602 5262 apud
3632 5196 3996 5261 Clementem,

2416 5253 2713 5334 _Justinum,
2742 5259 3040 5334 Eusebium
3072 5271 3132 5334 _et
3164 5263 3322 5334 alios
3354 5253 3610 5332 Orphica.
3656 5264 3709 5317 Si
3751 5267 3876 5334 quis
3940 5253 4005 5322 in

2421 5326 2536 5379 haec
2567 5344 2788 5396 quoque
2824 5330 3026 5383 alit-ubi
3069 5332 3292 5395 incidet,
3347 5350 3408 5387 ex
3433 5326 3782 5388 'melioribus'
3839 5335 4008 5388 dete-

2421 5398 2563 5471 riora
2594 5400 2854 5471 corrigat.
2889 5402 3025 5471 Ego,
3051 5403 3153 5456 nisi
3194 5403 3518 5468 hallucinor,
3548 5408 3832 5459 sententia
3867 5406 4006 5458 nui-

2421 5467 2546 5542 Lunr
2567 5469 2722 5542 attuli
2747 5467 3158 5542 detrimentum.
3183 5471 3314 5537 Quae
3334 5485 3454 5541 post
3471 5467 3662 5529 versus
3684 5488 4006 5542 sequuntur

2418 5533 2678 5615 Orphica,
2737 5543 2901 5615 etiam
2961 5541 3105 5615 apud
3142 5533 3390 5598 .Suidain
3446 5546 3699 5612 leguntur
3751 5533 3804 5597 in
3866 5545 4009 5615 Ὀρ-

2423 5608 2608 5684 φειύςη
2637 5608 3200 5684 paulo_licet_aliter.
3241 5615 3346 5684 Sed
3382 5622 3435 5665 et
3480 5608 3570 5684 qui
3632 5616 3699 5667 de
3750 5608 4006 5669 humana

2421 5678 2645 5754 miseria
2679 5680 2910 5734 inferius
2942 5683 3185 5754 citantur
3241 5678 3736 5754 ejusdemiversus,
3790 5686 4008 5754 partim

2421 5748 2622 5867 ixntegri
2688 5754 2886 5818 partim
2971 5753 3150 5807 mutili
3215 5748 3412 5822 partim
3483 5748 4003 5824 depravati'sunt.

2471 5832 2550 5867 τι.

2471 5832 2550 5869 \‘L.
