4184 6436
764 400 866 468 135

2021 391 2341 454 GEORGII
2381 393 2680 454 CEDREN
2687 394 2711 452 Ι

3924 403 4028 471 136

763 510 962 566 llabuit
1012 508 1155 564 enim
1201 506 1291 562 liic
1339 503 1564 563 Gedeon
1617 521 1682 561 ex
1735 506 1922 561 multis
1970 504 2234 559 uxoribus
2273 516 2338 556 ac

2442 501 2718 575 λόθρευαιν
2761 503 2846 556 τοῐ
2905 504 3054 558 οἷκον
3106 505 3294 561 αὐτοῦ.
3353 500 3524 572 Οὗτος
3555 508 3664 576 γὰρ
3689 512 3716 564 6
3755 510 3962 566 Γεδεὼν
3982 512 4027 568 ο⁶

757 600 1045 672 pellicibus
1089 597 1160 652 70
1209 597 1373 654 filios.
1418 595 1492 652 Ex
1531 597 1722 650 barum
1771 609 1879 650 una
1909 595 2070 649 etiam
2123 591 2343 647 Abime-

764 691 980 748 lechum
1014 689 1268 756 sustulit,
1289 691 1382 760 qui
1413 690 1656 759 reliquos
1683 701 1815 742 suos
1858 687 2053 740 fratres
2077 683 2142 738 ad
2170 697 2340 738 unum

660 775 663 777 ’
753 797 954 838 omnes
987 795 1153 852 super
1197 796 1309 836 uno
1369 779 1547 850 lapide
1594 777 1834 843 necavit,
1889 775 2006 829 solo
2054 771 2341 828 Joathamo

752 874 944 942 elapso
996 871 1154 928 cazdi.
1218 869 1484 942 Populum
1543 869 1691 924 enim
1751 865 2067 922 adulatione
2117 864 2342 919 Abime-

760 966 955 1022 leclius
1018 965 1229 1035 decepit
1289 975 1634 1032 regnumque
1704 958 1962 1016 obtinuit.
2016 954 2341 1011 Joatliamus

761 1066 942 1112 autem
999 1057 1164 1111 frater
1197 1055 1318 1123 ejus
1351 1068 1660 1109 conscenso
1689 1050 1928 1123 quodatn
1973 1056 2159 1104 monte
2191 1047 2344 1103 Sice-

757 1148 916 1202 mitis
949 1146 1119 1217 patris
1168 1145 1254 1202 sui
1296 1145 1559 1201 beneﬁcia
1607 1142 1978 1213 exprobravit,
2008 1155 2073 1196 ac
2099 1140 2339 1195 fabulam

761 1239 826 1292 iis
855 1237 923 1291 de
950 1237 1091 1304 olea,
1127 1237 1254 1302 ficu,
1295 1237 1403 1291 vite
1436 1235 1736 1290 etrhamno
1754 1233 2015 1288 narravit.
2051 1232 2149 1288 Cui
2184 1229 2342 1301 105

751 1338 988 1385 eventus
1051 1345 1236 1385 eorum
1297 1328 1634 1400 respondit:
1676 1343 1835 1400 reges
1886 1327 2033 1382 enim
2097 1328 2340 1397 ipsormn

757 1421 986 1489 spiritus
1041 1419 1256 1474 Domini
1330 1420 1700 1482 conturbavit,
1764 1419 1975 1488 fuitque
2051 1419 2105 1472 in
2191 1418 2343 1486 ipsos

753 1510 944 1566 efﬁcax
974 1509 1308 1566 Abimelecbi
1338 1510 1572 1579 gladius.
1601 1517 1656 1562 et
1685 1508 1899 1580 gladius
1930 1507 2174 1577 ipsorum
2203 1522 2342 1560 con-

759 1615 842 1658 tra
927 1619 1074 1658 eum.
1157 1601 1522 1674 Tyrannidem
1585 1599 1974 1657 Abimeleclius
2044 1599 2339 1654 triennium

753 1697 957 1760 tenuit,
994 1695 1268 1766 urbesque
1320 1693 1702 1749 Sicemitarum
1749 1693 1968 1749 evertit.
2003 1691 2175 1747 Unam
2211 1705 2341 1746 vero

749 1788 940 1842 adhuc
996 1803 1184 1842 eorum
1234 1787 1424 1841 urbem
1470 1791 1876 1855 oppugnantem
1909 1797 2176 1852 muroque
2207 1782 2343 1838 sub-

2444 596 2592 658 υἰοὺς
2622 595 2768 665 ἔσχε,
2796 595 3021 660 πολλαῖς
3050 598 3267 665 γυναιξὶ
3297 599 3394 652 καὶ
3416 600 3721 664 παλλακαῖς
3750 603 4025 675 μιγνύμεο

2443 702 2552 749 νος..
2591 687 2688 739 Ἐκ
2724 687 2853 756 μιᾶς
2884 687 2938 740 δὲ
2977 689 3184 743 τούτων
3213 691 3413 763 ἐτέχθη
3433 693 3582 764 αὐτῷ
3619 695 3928 767 Ἀϐιμέλεχ.
3963 699 4025 763 δς

2441 777 2726 846 ἀπέσφαξε
2781 779 2908 842 τοὺς
2957 779 3178 846 λοιποὺς
3231 783 3496 852 ἀδελφοὺς
3531 787 3696 840 αὑτοῦ
3755 791 3847 842 ἐπ’.
3874 790 4025 843 λίθον

2441 867 2558 935 ἕνα,
2610 871 2729 934 ἑνὸς
2763 871 2859 924 καὶ
2907 871 3069 941 μόνου
3106 873 3460 944 διαφυγόντος
3499 878 3756 950 Ἰωάθαμ,
3809 881 4024 952 θωπείᾳ.

2440 961 2494 1014 δὲ
2532 964 2890 1035 ἀπεπλάνησε
2935 964 3027 1018 τὸν
3081 965 3211 1021 λαὸν
3265 969 3360 1022 καλ⁵
3419 969 3771 1027 ἐϐασίλευσεν
3816 974 4019 1031 αὐτῶν.

2456 1051 2692 1125 Ίωάθαμ
2715 1056 2772 1110 δὲ
2797 1057 2824 1109 6
2851 1057 3076 1124 ἀδελφὸς
3104 1059 3269 1113 αὑτοῦ
3296 1063 3380 1131 ἐφ’
3412 1062 3470 1115 ἓν
3498 1063 3607 1116 τῶν
3650 1064 3822 1134 ὀρέων
3859 1067 4022 1120 ἀνελ-

2445 1144 2552 1199 θὼν
2576 1149 2917 1216 προσεφώνει
2946 1150 3028 1224 [Ρ.
3061 1149 3157 1223 59]
3191 1155 3305 1214 τοῖς
3335 1154 3644 1223 Σικιμίταις
3668 1155 3769 1218 τὰς
3797 1158 4020 1227 εὐεργε-

2445 1235 2566 1298 σίας
2593 1235 2688 1290 τοῦ
2717 1239 2921 1307 πατρὸς
2944 1241 3132 1303 αὐτοῦ,
3165 1240 3337 1294 εἰπὼν
3355 1243 3538 1308 αὐτοῖς
3560 1247 3689 1318 περὶ
3710 1249 3807 1315 τῆς
3835 1248 4024 1313 ἐλαίας

2445 1327 2541 1380 καὶ
2577 1329 2674 1398 τῆς
2709 1329 2879 1398 συκῆς
2901 1331 2995 1383 καὶ
3023 1334 3122 1402 τῆς
3153 1334 3401 1403 ἀμπέλου
3423 1335 3519 1388 καὶ
3550 1337 3649 1405 τῆς
3680 1339 3882 1409 ῥάμνον
3911 1359 4024 1392 πα-

2447 1418 2700 1490 ραϐολήν.
2745 1423 2853 1474 Καὶ
2875 1422 3016 1475 κατά
3056 1424 3262 1494 ταύτην
3308 1425 3404 1496 τὴν
3455 1428 3769 1499 παραϐολὴν
3822 1431 4020 1500 συνέσῃ

2443 1510 2629 1574 αὐτοῖς
2651 1527 2664 1539 ·
2692 1514 2909 1583 πνεῦμα
2957 1514 3066 1585 γάρ
3100 1516 3304 1584 Κυρίου
3340 1517 3670 1587 συνετάραξε
3707 1523 3832 1584 τοὺς
3862 1523 4025 1592 βασι-

2441 1599 2740 1666 λεύσαντας
2799 1605 2997 1670 αὐτῶν,
3053 1608 3210 1676 καὶή
3257 1609 3508 1679 ῥομφαία
3548 1611 3835 1681 Ἀδιμέλεχ
3870 1616 4027 1682 ἔνερ-

2441 1693 2612 1758 γοῦσα
2638 1694 2762 1747 κατ’
2791 1696 2996 1760 αὐτῶν,
3020 1699 3117 1751 καὶ
3143 1699 3176 1770 ἡ
3211 1699 3454 1768 ῥομφαία
3482 1700 3660 1754 αὐτῶν
3689 1703 3809 1755 κατ’
3831 1703 4021 1757 αὑτοῦ.

2445 1784 2556 1837 Καὶ
2589 1786 2956 1858 ἐτυράννησεν
3021 1789 3310 1859 Ἀδιμέλεχ
3347 1790 3442 1860 ἐτη
3499 1791 3650 1860 τρία,
3689 1794 3778 1844 καὶ
3806 1795 4025 1848 καθεῖλε

757 1886 976 1954 euntem
1008 1877 1246 1946 desuper
1276 1875 1449 1932 frusto
1494 1876 1652 1928 molae
1699 1875 1946 1943 conjecto
1976 1873 2175 1928 mulier
2215 1888 2338 1943 per-

2447 1878 2628 1943 πόλεις
2647 1881 2970 1950 Σικιμιτῶν.
3002 1883 3123 1936 Ἔτι
3151 1883 3208 1938 δὲ
3253 1886 3385 1954 μίαν
3418 1885 3526 1937 τῶν
3556 1885 3762 1938 πόλεων
3803 1887 4030 1959 πολιορ-

746 1970 950 2032 cussit,
979 1982 1044 2022 ac
1075 1968 1365 2023 calvariam
1399 1963 1452 2022 ei
1479 1963 1770 2036 confregit.

827 2241 1106 2297 Successit
1138 2241 1725 2304 AbimeleclioTbolas,
1754 2242 2032 2310 iudexque
2065 2240 2339 2298 lsraeliris

759 2334 859 2386 luit
883 2333 952 2386 25
983 2348 1176 2387 annos.
1213 2331 1342 2387 Post
1398 2332 1542 2386 hunc
1596 2332 1778 2387 Jairus
1819 2331 2134 2388 Galaadites
2165 2348 2339 2390 annos

755 2426 846 2480 22.
881 2424 1018 2480 Huic
1048 2426 1141 2479 lilii
1187 2423 1411 2481 fuerunt
1457 2423 1546 2479 50.
1571 2424 1785 2480 Mortuo
1818 2439 1884 2481 eo
1939 2441 2135 2480 rursus
2169 2426 2338 2481 Deum

758 2519 991 2588 pupulus
1057 2519 1294 2586 peccatis
1351 2517 1598 2584 offendit,
1631 2517 1994 2572 barbarorum
2044 2519 2338 2573 simulacra

753 2610 1006 2664 colendo.
1040 2608 1228 2677 Itaque
1279 2623 1377 2678 per
1410 2623 1586 2662 annos
1643 2607 1711 2662 18
1743 2621 1835 2662 rex
1868 2605 2174 2670 Moabicus,
2206 2611 2338 2660 Am-

760 2701 1044 2763 mouicus.
1101 2708 1156 2754 et
1224 2715 1347 2769 quae
1411 2699 1883 2768 circunijacobant
1943 2706 2162 2768 gentes,
2213 2714 2335 2753 eum

755 2789 1174 2845 divexaverunt.
1218 2790 1350 2845 Inde
1380 2806 1504 2844 cum
1551 2791 1746 2845 alienis
1781 2790 1886 2845 diis
1943 2791 2212 2844 submotis
2272 2789 2339 2843 ad

760 2879 1048 2934 Dominum
1088 2896 1209 2936 sese
1253 2882 1642 2944 convertisset,
1676 2881 1724 2935 is
1751 2884 1832 2935 eis
1856 2880 2097 2949 judicem
2129 2881 2336 2933 excita-

757 2972 836 3025 vit
869 2971 1150 3040 leplitliam
1180 2970 1519 3026 Galaaditetn
1555 2979 1742 3024 scorto
1769 2981 1978 3025 natum.
2009 2970 2106 3024 llic
2140 2980 2336 3025 auctus

758 3065 956 3119 robore
1014 3063 1258 3118 Moabico
1283 3065 1487 3134 populo
1518 3073 1571 3117 ct
1607 3063 1718 3133 regi
1749 3078 1967 3132 gravem
2011 3063 2219 3117 cladem
2251 3063 2339 3115 in-

2442 1967 2556 2020 κῶν
2582 1969 2890 2039 πλησιάσας
2937 1972 3016 2042 τῷ
3047 1973 3236 2044 τείχει,
3295 1975 3573 2044 κλάσματι
3629 1977 3798 2046 μύλου
3828 1979 4028 2032 ἑὸαλεν

2443 2060 2607 2113 αὑτὸν
2641 2060 2847 2117 ἀνωθεν
2892 2065 3052 2136 γυνὴ,
3089 2066 3186 2118 καὶ
3239 2067 3527 2138 συνέτριψε
3567 2069 3628 2121 τὸ
3671 2071 3892 2139 κρανίον
3923 2073 4030 2122 οὐ·

2444 2167 2562 2204 του.

2512 2244 2668 2297 Μετά
2720 2245 2779 2298 δὲ
2821 2246 3105 2316 ’Δειμέλεχ
3148 2249 3350 2320 ἀνέστη
3384 2252 3548 2315 Θόλα,
3605 2252 3699 2304 καὶ
3726 2253 3904 2319 ἔκρινε
3931 2254 4028 2303 τὸν

2455 2332 2670 2403 Ἰσραὴλ
2703 2334 2876 2388 εἴκοσι
2930 2337 3057 2407 τρία
3087 2339 3202 2408 ἐτη.
3255 2341 3366 2393 Καὶ
3422 2345 3540 2411 μετ’
3593 2343 3755 2395 αὐτὸν
3805 2343 3968 2411 Ἰαεὶρ
3998 2345 4032 2394 6

2443 2421 2778 2494 Γαλααδίτης
2811 2426 2905 2493 ἐτη
2937 2427 3109 2480 εἴκοσι
3155 2428 3269 2492 δύο,
3319 2429 3377 2493 δς
3408 2427 3522 2501 εἶχε
3559 2433 3851 2500 τριάκοντα
3879 2430 4025 2502 [δύο]

2442 2513 2613 2576 υἱούς.
2654 2514 2767 2569 Καὶ
2803 2517 2939 2584 μετὰ
2961 2517 3152 2571 τοῦτον
3179 2519 3494 2590 ἐξήμαρτεν
3544 2523 3756 2592 Ἰσραὴλ
3787 2523 3863 2592 τῷ
3902 2526 4031 2577 Κυ-

2443 2602 2562 2671 ρίῳ,
2615 2603 2713 2654 καὶ
2768 2604 3050 2658 ἐδούλευσε
3111 2611 3225 2671 τοῖς
3252 2611 3512 2676 γλυπτοῖς
3546 2613 3654 2664 τῶν
3680 2611 3867 2666 ἐθνῶν.
3910 2613 4032 2666 Καὶ

2439 2694 2802 2749 ἐταπείνωσεν
2850 2697 3016 2751 αὑτὸν
3067 2699 3322 2768 βασιλεὺς
3359 2704 3536 2756 Μωάϐ
3586 2708 3679 2758 καὶ
3720 2705 3898 2776 ’Δμὼν
3928 2709 4033 2760 καὶ

2443 2786 2620 2838 πάντα
2635 2786 2702 2843 τὰ
2740 2789 2865 2859 περὶ
2897 2790 3085 2861 κύκλῳ
3124 2793 3290 2846 αὑτοῦ
3327 2794 3454 2862 ἔθνη
3488 2795 3583 2865 ἐτη
3615 2803 3701 2864 ιη’.
3754 2793 3885 2850 Εἶτα
3919 2801 4032 2852 έπυ

2440 2877 2668 2946 έστρεψε
2703 2881 2838 2950 πρὸς
2869 2883 2958 2935 τὸν
2981 2884 3136 2948 Θεὸν,
3162 2887 3258 2938 καὶ
3300 2887 3530 2957 περιῆρε
3560 2892 3682 2950 τοὺς
3712 2888 3866 2952 θεοὺς
3893 2891 4030 2953 τοὺς

2439 2966 2772 3036 ἀλλοτρίους.
2803 2974 2914 3024 Καὶ
2931 2974 3231 3045 ἀνέστησεν
3255 2978 3443 3040 αὐτοῖς
3474 2978 3664 3048 κριτὴν
3693 2981 3784 3031 τὸν
3807 2981 4031 3048 Ἰεφθάε

2438 3055 2530 3107 τὸν
2565 3056 2924 3130 Γαλααδίτην,
2958 3061 3075 3114 υἱὸν
3106 3064 3367 3130 γυναικὸς
3398 3066 3622 3134 πόρνης,
3667 3068 3724 3128 ὃς
3752 3065 3819 3135 ἦν
3844 3071 4033 3138 ἐπηρ-

761 3159 902 3212 tulit.
927 3156 1182 3227 Idemque
1209 3166 1394 3212 votum
1421 3173 1581 3213 suum
1619 3172 1809 3225 parum
1847 3157 1933 3226 pie
1965 3158 2189 3226 prepria
2230 3159 2335 3212 lilia

2445 3148 2604 3216 μένος
2657 3151 2714 3202 ὲν
2761 3151 3012 3221 δυνάμει,
3065 3155 3162 3207 καὶ
3192 3157 3433 3222 ἐπάταξε
3454 3156 3549 3208 τὸν
3582 3155 3806 3225 βασιλέα
3843 3159 4033 3211 Μωάὄ

755 3248 1036 3305 immolata
1058 3249 1336 3317 persolvit.
1361 3248 1626 3313 Excessit,
1651 3251 1772 3300 cunt
1799 3248 2116 3301 sexennium
2141 3250 2338 3315 populo

2447 3240 2540 3292 καὶ
2578 3240 2668 3294 τὸν
2700 3241 2826 3294 λαὸν
2851 3242 3017 3295 αὐτοῦ
3059 3246 3359 3313 κραταιῶς.
3411 3240 3576 3307 Οὗτος
3608 3248 3889 3315 ἐπλήρωσε
3919 3248 4032 3317 τὴν

762 3341 1089 3410 praefuisset.
1128 3337 1256 3393 Post
1312 3341 1461 3394 hunc
1503 3340 1743 3394 Essebon
1794 3341 1847 3404 7,
1883 3338 2054 3409 Eglon
2102 3339 2339 3392 Zabulo-

764 3432 889 3484 n'.us
927 3429 1010 3492 l0,
1046 3429 1237 3484 Abdun
1280 3428 1648 3487 Pbaratouius
1679 3427 1712 3480 8
1746 3443 1922 3482 annos
1952 3427 2136 3496 populi
2173 3425 2338 3479 duces

761 3521 1005 3584 fuerunt,
1037 3522 1270 3590 quisque
1315 3534 1504 3573 eorum
1563 3518 1731 3587 priori
1787 3525 1998 3571 mortuo
2055 3518 2334 3574 suffectus.

760 3615 953 3668 Abdon
1013 3614 1149 3669 filios
1210 3614 1399 3667 habuit
1449 3613 1539 3675 40,
1600 3619 1825 3680 nepotes
1872 3609 1959 3663 50.
2023 3609 2125 3663 Sec
2173 3610 2334 3662 mlunt

763 3707 875 3760 haec
901 3707 1100 3775 populo
1135 3721 1351 3760 rursum
1384 3704 1449 3757 ad
1485 3704 1681 3772 impios
1705 3704 2124 3756 simulacrorum
2157 3703 2335 3754 cultus

761 3812 822 3851 se
860 3799 1046 3862 dante,
1079 3796 1220 3851 Deus
1259 3812 1380 3849 eum
1413 3794 1706 3848 Pliilistaeis
1730 3808 1823 3862 per
1860 3793 1928 3847 60
1952 3807 2124 3847 annos
2155 3792 2338 3861 oppri-

764 3887 1020 3942 mendum
1041 3887 1323 3956 permittit.
1349 3887 1506 3955 106
1526 3887 1599 3939 Eo
1617 3893 1857 3955 tempore
1873 3887 2099 3955 angelus
2124 3884 2336 3937 Domini

767 3978 982 4030 mulieri
1047 3977 1242 4042 sterili,
1299 3993 1420 4045 quae
1458 3975 1666 4030 Manoae
1707 3985 1826 4030 erat
1886 3993 2044 4041 uxor,
2087 3985 2335 4046 apparet,

761 4067 1153 4136 gravidamque
1190 4067 1305 4121 fore
1336 4075 1389 4121 et
1446 4066 1732 4122 Samsonis
1764 4075 1991 4120 matrem
2024 4067 2334 4134 pollicetur.

762 4160 994 4215 Adultus
1043 4160 1273 4214 Samson
1331 4160 1396 4214 ad
1455 4161 1763 4215 ducendum
1813 4159 1916 4215 sibi
1976 4160 2337 4230 alienigenam

765 4267 990 4305 uxorem
1019 4254 1264 4307 animum
1307 4251 1533 4322 adjecit,
1563 4251 1880 4321 parentibus
1919 4252 2335 4316 reluctantibus,

762 4344 909 4412 quod
961 4344 1237 4398 nescirent
1287 4344 1519 4398 consilio
1551 4341 1644 4397 Dei
1697 4343 1836 4398 hanc
1874 4344 1922 4398 ei
1984 4344 2338 4412 cupiditatem

763 4434 1061 4504 injectam,
1119 4449 1239 4503 qua:
1302 4435 1662 4490 internecioni
1729 4436 2088 4490 barbarorum
2146 4451 2334 4491 ansam

2445 3329 2580 3382 ἰδίαν
2635 3332 2803 3401 εὐχὴν
2853 3333 2954 3385 οὐκ
3013 3335 3226 3402 εὐαγῶς
3284 3337 3377 3387 ἐπὶ
3438 3339 3502 3406 τῇ
3552 3336 3783 3404 θυγατρὶ
3830 3339 4029 3392 αὑτοῦ.

2445 3422 2668 3490 Ἐκρινε
2729 3421 2786 3474 δὲ
2836 3423 2929 3474 τὸν
2992 3425 3210 3494 Ἰσραὴλ
3270 3427 3363 3477 ἐπὶ
3386 3426 3478 3495 ἐτη
3509 3426 3569 3490 ἒξ
3605 3428 3698 3479 καὶ
3728 3426 4029 3481 ἀπέθανεν.

2442 3506 2574 3564 Εἶτα
2597 3513 2775 3581 κρίνει
2798 3515 2959 3567 αὑτὸν
3003 3516 3273 3568 Ἐσσεὸὼν
3312 3516 3408 3586 ἔτη
3440 3517 3582 3570 ἐτττά
3611 3517 3703 3568 καὶ
3724 3518 4030 3571 ἀπέθανεν.

2441 3600 2576 3656 Εἶτα
2597 3604 2774 3674 κρίνει
2806 3605 2872 3656 αὑ
2909 3606 2967 3657 ὸν
3003 3606 3205 3673 Ἑλγὼν
3247 3609 3274 3659 6
3307 3608 3710 3678 Ζαϐουλωνίτης
3759 3609 3853 3678 ἐτη
3888 3609 4038 3663 δέκα

2440 3697 2536 3750 καὶ⁵
2567 3697 2859 3750 ἀπέθανεν.
2895 3693 3023 3752 Εἶτα
3053 3699 3223 3768 κρῖνεν
3259 3699 3423 3753 αὑτὸν
3473 3700 3674 3752 Ἀὁδὼν
3704 3702 3731 3751 6
3757 3701 4039 3770 Φαραθω-

2442 3789 2593 3854 vitri;
2625 3788 2718 3858 ἔτη
2752 3789 2894 3842 όκτώ
2916 3810 2927 3820 ·
2984 3793 3041 3853 ὃς
3072 3792 3230 3861 ἔσχεν
3259 3794 3410 3856 υἱοὺς
3465 3793 3892 3863 τεσσαράκοντα,
3931 3796 4036 3846 καὶ

2438 3881 2740 3948 τριάκοντα
2774 3883 2926 3945 υἱοὺς
2957 3885 3064 3936 τῶν
3102 3887 3232 3936 υἱῶν
3258 3885 3447 3938 αὑτοῦ.
3479 3882 3612 3938 Εἶτα
3635 3884 3963 3954 ἐκπορνεύει
4001 3888 4038 3937 ὁ

2439 3972 2565 4036 λαὸς
2595 3975 2651 4026 ὲν
2678 3975 2791 4037 τοῖς
2840 3975 3100 4040 εἰδώλοις,
3133 3977 3226 4028 καὶ
3269 3976 3637 4047 παραδίδωσιν
3671 3977 3866 4039 αὐτοὺς
3905 3977 4038 4030 Κύ-

2443 4081 2558 4134 ριος
2615 4067 2670 4116 ὲν
2723 4068 2869 4136 χειρὶ
2926 4067 3234 4135 Φιλιστιεὶμ
3280 4069 3376 4136 ἔτη
3413 4070 3839 4137 τεσσαράκοντα.
3883 4069 4036 4123 Τότε

2441 4155 2598 4224 ὤφθη
2623 4158 2854 4222 ἄγγελος
2879 4159 3088 4227 Κυρίου
3123 4159 3482 4230 στειρευούσῃ
3525 4163 3589 4229 τῇ
3625 4160 3844 4225 γυναικὶ
3893 4162 4035 4213 Μα-

2441 4249 2566 4314 νωὲ,
2609 4248 2704 4301 καὶ
2736 4251 3130 4317 ἐπαγγέλλεται
3168 4252 3304 4320 αὐτῇ
3335 4254 3434 4319 τὴν
3467 4251 3726 4320 σύλληψιν
3757 4253 4036 4321 Σαμψών.

2461 4340 2850 4408 Ἀνδρωθέντος
2888 4343 2942 4395 δὲ
2974 4341 3233 4410 Σαμψὼν,
3275 4344 3426 4396 ἔθετο
3459 4343 3556 4410 τὴν
3589 4344 3816 4412 καρδίαν
3855 4345 4035 4397 αὐτοῦ

2443 4431 2499 4482 ὲν
2531 4429 2798 4501 ἐπιθυμίᾳ
2826 4432 3086 4499 γυναικὸς
3117 4431 3440 4499 ἀλλοφύλου.
3508 4433 3741 4485 Ἐκώλυε
3773 4434 3826 4486 δὲ
3858 4435 4039 4486 αὑτὸν

761 4526 1048 4596 praeberet.
1083 4523 1354 4580 Successu
1384 4527 1647 4595 temporis
1672 4526 1866 4580 illusus
1885 4526 1954 4581 ab
1985 4540 2152 4581 uxore
2175 4526 2336 4581 Sam-

2445 4523 2641 4574 Μανωὲ
2693 4523 2789 4573 καὶ
2846 4522 3096 4590 ἡμήτηρ
3145 4523 3337 4585 αὐτοῦ,
3393 4523 3468 4590 μὴ
3496 4523 3691 4580 εἰδότες
3728 4524 3802 4584 ὼς
3827 4524 4039 4595 γνώμῃ

762 4631 864 4672 son
900 4617 1046 4686 (cum
1079 4617 1382 4687 quaestione
1406 4617 1457 4686 ζα
1487 4619 1684 4672 marito
1719 4619 1820 4672 sibi
1848 4621 2148 4688 proposita,
2177 4620 2342 4689 quid'

761 4721 887 4760 nam
917 4707 1022 4762 sibi
1066 4708 1171 4762 boc
1198 4707 1392 4763 vellet:
1418 4727 1436 4758 ι
1468 4709 1544 4764 Ex
1585 4722 1681 4762 ore
1718 4710 1965 4764 vorantis
1999 4710 2158 4765 cibus
2187 4712 2338 4765 exiit-

766 4806 932 4867 atque
990 4797 1224 4854 dulcedo
1295 4813 1326 4853 a
1403 4800 1668 4864 robusto,
1739 4818 1758 4850 ι
1814 4815 1878 4856 ea
1918 4802 2333 4872 respondisset:

769 4905 788 4939 ι
827 4886 1097 4942 Numnam
1149 4888 1356 4959 aliquid
1415 4890 1573 4944 leone
1644 4891 1968 4954 robustius,
2029 4899 2123 4945 aut
2179 4892 2340 4946 melle

761 4980 1020 5036 dulcius?
1053 4999 1070 5032 ο
1112 4982 1131 5051 )
1163 4980 1558 5036 consuetudine
1587 4982 1706 5051 ejus
1755 4997 1814 5036 se
1861 4982 2160 5047 abstinuit;
2193 4997 2340 5037 eam-

760 5089 868 5141 que
898 5087 1056 5127 socer
1092 5074 1180 5126 alii
1238 5075 1353 5126 viro
1398 5075 1452 5127 in
1499 5075 1905 5128 matrimonium
1940 5075 2184 5129 tradidit.
2220 5076 2337 5142 Qua

761 5181 820 5219 re
855 5167 912 5219 in
950 5167 1216 5220 barbaros
1238 5179 1595 5236 exasperatus
1625 5169 1884 5233 Samson,
1908 5169 2054 5223 inille
2081 5170 2334 5238 vulpibus

762 5256 1046 5313 adornatis
1079 5273 1271 5313 eorum
1303 5272 1516 5328 segetes
1570 5259 1836 5315 incendit.
1869 5259 2055 5330 Itaque
2114 5261 2334 5315 barbari

766 5351 1050 5404 Samsonis
1090 5365 1316 5405 uxorem
1350 5351 1624 5420 liujusque
1658 5361 1908 5421 parentes
1939 5361 1992 5407 et
2026 5351 2318 5407 universan

763 5440 1021 5494 familiam
1051 5442 1159 5512 igui
1189 5443 1635 5509 eombusseruut,
1663 5443 1808 5512 quod
1848 5458 2016 5512 penes
2051 5459 2148 5498 eos
2180 5459 2310 5498 acce

763 5533 838 5602 pti
868 5532 1053 5586 damni
1088 5548 1252 5586 causa
1283 5533 1496 5589 fuisset.
1527 5533 1722 5590 Postea
1757 5535 2011 5590 Samsoni
2056 5537 2162 5588 alia
2218 5551 2337 5591 eve-

762 5634 964 5677 nerunt
993 5630 1215 5693 propter
1237 5638 1462 5679 uxorem
1488 5638 1607 5693 quae
1650 5625 1705 5680 in
1742 5625 1876 5680 urbe
1906 5624 2335 5695 alienigenarum

761 5713 1031 5784 degebat;
1062 5728 1188 5770 cum
1241 5714 1463 5780 quidem
1499 5723 1688 5787 portas
1718 5716 1870 5771 urbis
1925 5715 2171 5771 humeris
2221 5717 2336 5772 suis

765 5807 1007 5862 suulatas
1063 5807 1116 5860 in
1173 5816 1412 5864 montem
1463 5808 1678 5864 extulit.
1739 5807 2002 5868 Similiter
2049 5817 2104 5864 et
2154 5807 2336 5864 Dalilae

2443 4612 2578 4664 Θεοῦ
2605 4611 2825 4679 γέγονεν
2855 4611 3002 4679 αὐτῷ
3025 4611 3184 4663 τοῦτο
3211 4612 3304 4663 ἐπὶ
3340 4612 3631 4680 ἀφανισμῷ
3654 4612 3760 4663 τῶν
3791 4612 4043 4680 ἀλλοφύ-

2440 4705 2566 4757 λων.
2592 4702 2925 4766 Χλευασθεὶς
2952 4702 3007 4754 δὲ
3038 4702 3276 4771 Σαμψὼν
3307 4702 3413 4756 ὑπὸ
3444 4704 3540 4772 τῆς
3570 4703 3828 4769 γυναικὸς
3851 4705 4037 4758 αὑτοῦ

2439 4800 2498 4852 ἐν
2531 4797 2610 4866 τῷ
2639 4797 2990 4866 προϐλήματι
3011 4797 3040 4849 6
3079 4793 3256 4862 εἶπεν,
3295 4814 3314 4846 ι
3365 4797 3459 4848 Ἐκ
3485 4797 3750 4864 στόματος
3770 4798 4039 4863 ἔσθοντος

2441 4891 2632 4960 ἐξῆλθε
2673 4891 2876 4962 βρῶσις
2932 4893 3027 4944 καὶ
3091 4890 3199 4944 ἀπὸ
3244 4889 3466 4959 ισχυροῦ
3493 4890 3687 4956 γλυκὺ,
3748 4908 3766 4942 ι
3802 4891 4037 4962 ἀπέστη

2440 4983 2535 5034 ἀπ’
2563 4982 2734 5051 αὐτῆς
2764 4983 3051 5052 εἰπούσης·
3082 5001 3099 5032 ι
3133 4982 3196 5033 Ti
3225 4981 3572 5051 ἰσχυρότερον
3589 4981 3822 5044 λέοντος,
3843 4984 3939 5035 καὶ
3970 4985 4037 5037 τί

2440 5072 2777 5142 γλυκύτερον
2816 5073 3060 5142 μέλιτοςς
3119 5088 3136 5121 ι
3176 5071 3284 5122 Καὶ
3319 5072 3345 5122 6
3390 5073 3570 5138 πατὴρ
3607 5071 3774 5139 αὐτῆς
3803 5069 4039 5133 ἐξέδοτο

2439 5164 2612 5234 αὐτὴν
2655 5163 2807 5232 ἀνδρὶ
2856 5162 3047 5231 ἑτέρῳ.
3086 5163 3194 5214 Καὶ
3233 5161 3322 5215 διὰ
3361 5161 3518 5212 τοῦτο
3550 5161 3828 5229 ὀργίζεται
3867 5163 4037 5233 Σαμ-

2439 5255 2556 5324 ψὼν
2600 5255 2799 5325 μᾶλλον
2838 5255 2952 5316 τοῖς
2995 5252 3336 5320 ἀλλοφύλοις,
3373 5254 3466 5305 καὶ
3497 5255 3751 5323 ἐμπιπρᾷ
3786 5253 3883 5315 τάς
3911 5255 4039 5323 χώ-

2445 5365 2541 5419 ρας
2564 5347 2740 5400 αύτῶν
2772 5346 2860 5398 διὰ
2889 5346 2996 5398 τῶν
3029 5345 3214 5415 χιλίων
3251 5344 3570 5399 ἀλωπέκων.
3607 5346 3667 5396 Οἱ
3700 5344 3755 5397 δὲ
3780 5344 4037 5413 ἀλλόφυ-

2440 5441 2519 5493 λοι
2551 5439 2897 5492 κατέκαυσαν
2925 5437 3024 5507 τὴν
3046 5437 3277 5504 γυναῖκα
3302 5435 3539 5504 Σαμψὼν
3563 5434 3657 5486 καὶ
3686 5435 3810 5496 τοὺς
3833 5438 4037 5502 γονεῖς

2440 5533 2631 5602 αὐτῆς,
2665 5532 2756 5584 καὶ
2790 5530 2968 5584 πάντα
3007 5529 3097 5580 τὸν
3140 5522 3287 5581 οἶκον
3313 5528 3494 5580 αὐτῶν
3523 5525 3932 5593 ἐξωλόθρευσαν
3962 5532 4034 5582 ὲν

2441 5624 2595 5694 πυρὶ,
2657 5623 2738 5676 ὅτι
2787 5620 2856 5675 δι’
2886 5620 3083 5682 aurci);
3145 5619 3366 5672 τοιαῦτα
3414 5617 3612 5688 συνέϐη
3640 5617 3846 5679 αὐτοῖς.
3880 5615 4034 5672 Εἶτα

2443 5717 2638 5786 συνέϐη
2667 5714 2815 5785 αὐτῷ
2868 5715 2938 5767 τὰ
2966 5712 3095 5783 περὶ
3125 5712 3223 5780 τὴν
3253 5711 3486 5778 γυναῖκα
3528 5709 3628 5779 τὴν
3660 5703 3824 5762 οὖσαν
3853 5709 3912 5760 ὲν
3950 5713 4034 5780 τῇ

2441 5810 2591 5862 πόλει
2625 5808 2731 5861 τῶν
2760 5806 3095 5876 ἀλλοφύλων,
3121 5805 3208 5856 ὅτε
3231 5803 3323 5856 καὶ
3347 5803 3444 5864 τὰς
3480 5801 3651 5865 πύλας
3683 5799 3781 5869 τῆς
3809 5799 4036 5866 πυλοως
