4184 6436
765 381 870 445 129

2055 383 2377 446 GEORGII
2413 387 2746 453 CEDBENI

3921 400 4027 468 140

755 502 920 562 atque
957 506 1151 550 eorum
1203 488 1296 561 qui
1333 488 1575 545 Annales
1615 489 1982 562 appellantur,
2011 504 2334 560 argumenta

2441 514 2495 551 τε
2527 499 2826 553 Βασιλειῶν
2859 503 2952 556 καὶ
3004 504 3116 558 τῶν
3146 504 3650 578 Παραλειπομένων
3686 510 3742 564 ἐν
3773 511 4025 585 ἐπιτόμῳ

755 583 1077 654 compendio
1135 581 1393 646 referam,
1433 590 1495 636 ut
1542 596 1604 636 ea
1644 589 1834 637 nostro
1883 583 2072 637 lectori
2109 586 2162 637 in
2219 603 2334 640 me-

758 685 984 738 moriam
1020 683 1121 735 ista
1155 682 1372 736 ratione
1411 681 1750 750 redigantur.

826 776 1057 830 Eleanas
1110 790 1234 828 cum
1285 773 1552 826 ttxoriotts
1582 771 1698 825 suis
1746 771 1902 824 Anna
1935 779 1990 824 et
2037 769 2334 825 Pltcnanna

755 869 995 923 Siloncm
1038 866 1302 928 ascendit,
1337 863 1444 915 Deo
1493 862 1923 916 sacriﬁcaturus.
1952 863 2106 916 Anna
2151 870 2331 916 autem

753 975 879 1013 cunt
928 958 1134 1028 prolem
1171 971 1280 1009 non
1311 953 1558 1014 haberet,
1587 968 1617 1008 a
1652 953 1761 1009 Deo
1810 954 2019 1008 intimis
2079 954 2337 1024 precibus

747 1050 1034 1105 contendit
1065 1057 1124 1101 ut
1182 1063 1241 1102 se
1276 1048 1565 1102 sterilitate
1615 1042 1891 1108 liberaret,
1934 1047 2196 1115 pollicens
2233 1047 2335 1115 ipsi

755 1160 813 1198 se
873 1142 1079 1211 prolem
1112 1155 1276 1209 quam
1332 1137 1568 1193 dedisset
1598 1145 2073 1190 consecratttram.
2109 1135 2186 1190 Ita
2235 1137 2336 1191 Sa-

753 1234 920 1288 mucli
992 1240 1168 1286 mater
1225 1232 1363 1284 facta
1416 1237 1520 1292 est,
1546 1243 1784 1298 eumque
1841 1229 2198 1284 tabernaculo
2245 1229 2336 1284 Dei

753 1327 970 1380 obtulit.
1047 1327 1293 1393 Cumque
1357 1321 1468 1375 Elis
1525 1321 1626 1391 ipsi
1685 1331 2066 1391 comprecatus
2112 1331 2259 1378 esset
2307 1337 2337 1375 a

754 1419 862 1471 lli-0
903 1418 1041 1469 alios
1075 1415 1278 1468 liberos
1317 1413 1435 1466 dari
1473 1413 1593 1467 loco
1650 1411 1916 1477 Samueli,
1949 1429 2011 1466 ea
2053 1415 2338 1483 postmodo

753 1509 892 1564 ﬁlios
941 1517 1051 1561 tres
1107 1523 1169 1560 ac
1220 1506 1356 1559 tilias
1388 1505 1525 1560 duas
1552 1506 1786 1574 peperit.
1823 1504 2098 1558 Cmterum
2127 1503 2337 1573 Ophnis

751 1613 815 1650 ae
877 1596 1132 1652 l'hincas.
1212 1594 1320 1649 Elis
1371 1594 1673 1648 sacerdotis
1718 1593 1850 1659 filii,
1899 1610 2008 1648 non
2069 1593 2339 1650 sacriﬁcia

754 1685 917 1740 modo
937 1683 1151 1739 delictis
1177 1684 1293 1738 suis
1312 1681 1649 1751 polluebant,
1672 1683 1768 1738 sed
1786 1691 1842 1737 et
1871 1693 1994 1737 cum
2015 1685 2339 1740 mulieribus

752 1773 1046 1843 trtnpliDei
1092 1772 1444 1841 janitricibus
1480 1775 1655 1842 stupri
1690 1775 2146 1828 consuetudinem
2181 1777 2340 1830 habe-

751 1865 901 1918 bant.
928 1861 1125 1916 Narrat
1153 1877 1314 1931 porro
1341 1864 1552 1932 primus
1573 1863 1883 1932 Regnorum
1909 1863 2044 1917 liber
2067 1862 2337 1920 Barbaros
2365 1850 2413 1908 B

754 1958 913 2028 109
950 1957 1228 2010 lsraclicis
1248 1956 1452 2010 bellum
1481 1955 1750 2020 intulisse,
1776 1956 2116 2028 victoriaque
2137 1959 2338 2027 potitos

748 2066 930 2104 arcam
959 2047 1048 2102 Dei
1074 2047 1306 2101 lsraelici
1332 2047 1627 2103 abstulisse
1655 2063 1670 2101 :
1698 2045 1855 2111 Elim,
1882 2063 1946 2101 eo
1978 2049 2185 2113 audito,
2216 2064 2341 2104 cor-

751 2139 928 2194 ruisse
960 2147 1123 2208 atque
1152 2138 1486 2208 exspirasse.
1536 2138 1812 2194 Barbaros
1863 2155 2046 2193 arcam
2102 2140 2332 2194 Azotum

750 2233 1021 2296 attulisse,
1055 2232 1340 2284 donarium
1393 2231 1595 2300 Dagoni
1639 2231 1741 2285 deo
1800 2246 1923 2295 suo,
1957 2241 2122 2301 atque
2160 2232 2227 2287 ad
2261 2233 2338 2288 si-

749 2326 982 2379 mulacri
1037 2322 1205 2393 pedes
1240 2323 1615 2377 constituisse.
1663 2323 1717 2377 Id
1765 2324 2120 2378 simulacrum
2171 2334 2334 2380 noctu

749 2417 1084 2482 concidisse,
1128 2431 1400 2484 maneque
1445 2416 1513 2469 ab
1563 2417 1631 2470 iis
1663 2416 1942 2470 inventum
1977 2427 2102 2472 ante
2151 2433 2335 2472 arcam

750 2519 1111 2582 prostratum.
1149 2507 1360 2562 Rursus
1385 2515 1650 2572 erectum,
1685 2509 1990 2576 inscquerti
2031 2520 2190 2563 nocte
2237 2510 2334 2563 de-

753 2617 863 2656 nuo
901 2601 1217 2654 devolutum
1252 2613 1376 2654 esse
1413 2606 1578 2668 atque
1612 2598 1955 2653 confractum
1992 2620 2005 2654 :
2042 2602 2225 2670 itaque
2257 2603 2336 2657 fa-

753 2709 882 2746 num
921 2692 1044 2759 ejus
1078 2705 1199 2743 esse
1235 2689 1287 2742 in
1344 2689 1552 2743 honore
1600 2688 1853 2743 desiisse.
1913 2691 2020 2745 Sed
2051 2701 2104 2746 et
2139 2694 2191 2745 in
2227 2709 2330 2746 anu

754 2784 1004 2837 morbum
1040 2782 1308 2834 inﬂiclunt
1351 2781 1572 2836 Barbari
1603 2790 1916 2843 senserunt,
1950 2791 2003 2835 et
2041 2798 2135 2852 per
2165 2794 2328 2838 totam

753 2875 1069 2943 Pentapolin
1109 2874 1281 2945 (regio
1320 2882 1403 2929 est
1429 2889 1457 2926 a
1485 2875 1726 2944 quinque
1745 2875 1974 2928 urbibus
2010 2877 2111 2929 hoc
2136 2893 2328 2930 nomen

755 2967 980 3029 habens,
1006 2965 1392 3030 Azoto,Gaz:t,
1449 2965 1736 3027 Ascalone,
1789 2964 1991 3029 Gellia,
2027 2966 2329 3036 Accarouc)

757 3060 1102 3112 habitantes:
1135 3059 1311 3126 Sisque
1338 3059 1390 3110 itt
1423 3058 1654 3111 urbibus
1689 3072 1883 3126 magna
1913 3057 2018 3110 fuit
2065 3059 2328 3126 pestilen-

764 3153 861 3204 tia.
893 3149 1062 3202 Terra
1093 3165 1310 3218 quoque
1345 3164 1533 3203 eorum
1572 3164 1756 3203 mures
1805 3148 1996 3203 edidit.
2051 3151 2183 3204 Post
2241 3166 2326 3205 se-

755 3255 902 3316 ptem
927 3261 1143 3300 menses
1172 3245 1469 3314 (Josephtts
1499 3247 1639 3299 duos
1671 3254 1878 3299 tantum
1906 3247 2174 3315 perhibet)
2202 3246 2329 3299 Bar-

753 3341 892 3406 bari,
925 3355 1063 3410 quos
1091 3355 1234 3392 nunc
1275 3338 1597 3391 Palaestinos
1617 3337 1976 3407 appellamus,
2002 3352 2182 3392 arcam
2210 3354 2330 3392 ettut

754 3435 913 3487 donis
949 3443 1002 3486 et
1040 3433 1231 3485 hostiis
1269 3431 1577 3484 emiserunt
1610 3429 1768 3482 novis
1791 3429 2072 3498 quadrigis
2108 3431 2334 3498 imposi-

755 3536 886 3589 tam,
918 3523 1005 3578 cui
1039 3538 1233 3576 vaccas
1263 3523 1504 3576 delectas
1526 3529 1581 3574 et
1613 3521 1846 3575 intactas
1871 3521 2186 3589 iunxerant.
2223 3520 2332 3583 E113,

768 3618 987 3671 nemine
1019 3615 1307 3683 dirigente,
1351 3613 1492 3665 viam
1535 3609 1912 3665 confecerunt.
1943 3609 2173 3679 Fuitquc
2233 3612 2335 3665 hoc

768 3708 1024 3763 lsraelico
1061 3705 1260 3774 populo
1294 3704 1508 3766 honori,
1542 3717 1665 3756 cum
1701 3701 1941 3764 Barbari,
1969 3718 2028 3757 re
2064 3704 2199 3767 visa,
2225 3717 2338 3754 tua.

765 3813 872 3867 gno
900 3806 1043 3851 metu
1079 3795 1534 3866 percellerentur.
1587 3792 1789 3850 Mansit
1845 3801 2028 3849 autem
2085 3808 2213 3848 arca
2278 3795 2333 3847 in

761 3893 925 3944 domo
957 3886 1300 3942 Aminadabi.
1331 3885 1492 3941 Prius
1509 3887 1730 3956 quidem
1756 3901 1817 3940 ea
1849 3886 1902 3939 in
1929 3885 2152 3940 domum
2179 3885 2334 3942 Oseze

758 3984 813 4036 in
843 3982 1030 4035 urbem
1056 3979 1530 4035 Bethscbemcsam
1563 3990 1884 4044 pervenerat
1914 3997 1928 4043 ;
1958 3981 2074 4048 qui,
2109 3978 2336 4047 quadri-

757 4074 841 4143 gis
872 4071 1066 4128 scissis
1095 4079 1148 4126 et
1182 4069 1439 4125 accensis
1495 4083 1692 4124 vaccas
1747 4069 1859 4139 igni
1904 4069 2192 4139 impositas
2232 4069 2338 4123 Do-

756 4164 909 4218 mino
938 4164 1049 4218 Deo
1079 4162 1338 4216 adolevit.
1357 4194 1364 4204 κ
1383 4161 1452 4214 At
1473 4176 1602 4215 vero
1632 4161 1726 4214 lilii
1748 4160 2031 4216 Jechoniaa
2084 4177 2208 4215 cttm
2268 4162 2334 4216 ad

756 4271 940 4311 arcam
971 4255 1153 4311 minus
1183 4255 1438 4325 religiose
1461 4254 1850 4317 accessissent,
1891 4254 1962 4308 70
1989 4255 2056 4310 de
2083 4256 2148 4310 iis
2187 4270 2336 4310 mor-

759 4349 841 4402 tui
868 4355 996 4402 sunt
1029 4363 1048 4409 ς
1076 4353 1236 4401 erant
1252 4346 1398 4401 enim
1434 4345 1584 4416 impii
1613 4354 1662 4400 el
1723 4345 1992 4400 falsorum
2046 4347 2333 4400 numinum

756 4439 1021 4501 cultores,
1053 4437 1197 4493 sicut
1248 4446 1303 4492 et
1332 4436 1578 4505 plerique
1604 4435 1764 4505 uo
1790 4450 1980 4490 omnes
2042 4435 2337 4490 Betltsclte-

2439 592 2701 656 ἀνατάξαι
2737 596 2815 657 εἰς
2866 595 3174 666 ἀνάμνησιν
3225 599 3336 652 τῶν
3367 599 3809 670 ἐντυγχανόντων
3841 607 4022 676 ταύτῃ

2437 687 2502 753 τῇ
2534 684 2722 755 βίϐλῳ.
3526 701 3528 703 ’

2525 775 2582 826 Ὀ
2635 776 2895 841 Ἑλκανᾶς
2925 780 3019 832 καὶ
3051 781 3221 833 ’Ἅννα
3251 785 3348 835 καὶ
3377 785 3619 839 Φενάννα
3665 789 3718 840 αἱ
3758 794 4020 856 γυναῖκες

2441 866 2607 920 αὑτοῦ
2654 868 2953 937 ἀνὴρχοντο
3004 873 3062 924 ὲν
3108 871 3308 942 Σηλὼμ
3354 874 3505 928 Ούειν
3536 877 3749 947 Κυρέῳ.
3792 881 3899 930 Ka‘:
3947 881 4016 946 τῇ

2447 959 2615 1028 Ἀννη
2651 958 2750 1011 οὐκ
2776 954 2846 1029 ἦν
2878 961 3091 1015 τέκνον.
3131 965 3242 1016 Καὶ
3270 965 3516 1034 ᾐτήσατο
3558 969 3727 1020 ’Ἄννα
3772 969 4020 1022 κατωδύη

2439 1071 2546 1117 νως
2588 1056 2774 1126 Κυρίῳ
2803 1057 2899 1108 τοῦ
2931 1058 3214 1128 ἀνοιγῆναι
3249 1061 3421 1131 αὐτῆς
3449 1061 3549 1132 τὴν
3580 1066 3791 1134 μήτραν
3823 1070 3916 1120 καὶ
3958 1070 4022 1119 τὸ

2440 1141 2632 1216 τεχθὲν
2663 1149 2814 1200 δοτὸν
2836 1147 3090 1217 γενέσθαι
3110 1152 3277 1221 αὐτῷ.
3310 1155 3420 1208 Kal
3443 1154 3599 1208 ἔτεκε
3631 1155 3720 1209 τὸν
3744 1159 4020 1227 Σαμουὴλ,

2443 1237 2536 1291 καὶ
2591 1241 2964 1310 προσήνεγκεν
3016 1243 3179 1295 αὐτὸν
3226 1248 3291 1314 τῇ
3355 1251 3528 1318 σκηνῇ
3575 1247 3669 1301 τοῦ
3702 1249 3861 1304 Θεοῦ.
3905 1252 4020 1303 Kal

2443 1329 2604 1382 πάλιν
2647 1329 2851 1400 ηύξατο
2887 1333 3036 1386 Ἡλεὶ
3073 1334 3213 1404 ὑπὲρ
3250 1335 3422 1402 αὐτῆς
3455 1338 3675 1406 δοθῆναι
3733 1338 3870 1408 αύτῇ
3899 1342 4023 1392 ἀντὶ

2441 1419 2697 1491 Σαμουὴλ
2724 1421 2914 1485 τέκνα,
2945 1425 3040 1476 καὶ
3075 1424 3260 1476 ἔτεκεν
3291 1427 3440 1488 υἱοὺς
3471 1432 3620 1496 τρεῖς
3652 1429 3745 1481 καὶ
3782 1429 4018 1497 Θυγατὲ-

2445 1524 2544 1578 ρας
2586 1509 2698 1564 δύο.
2748 1513 2931 1581 Ὀφνεὶ
2959 1515 3015 1567 δὲ
3047 1516 3138 1570 καὶ
3167 1516 3353 1580 Φινεὲς
3382 1519 3430 1568 οἱ
3472 1519 3577 1570 υἱοὶ
3632 1520 3780 1572 Ἠλεὶ
3811 1522 3908 1573 οὐκ
3962 1523 4020 1572 ἐν

2441 1603 2562 1664 ταῖς
2589 1601 2804 1667 Θυσίαις
2861 1605 3024 1674 μόνον
3061 1608 3462 1677 ἐξημάρτανον,
3510 1608 3645 1661 ἀλλά
3683 1611 3774 1662 καὶ
3816 1614 3870 1663 ἐν
3899 1614 4019 1672 ταῖς

2444 1692 2693 1760 γυναιξὶν
2736 1695 3090 1766 ἑξεπόρνευον
3139 1702 3257 1761 ταῖς
3300 1702 3732 1770 παρεστηκυίαις
3789 1703 3847 1752 ἐν
3898 1709 4022 1767 ταῖς

2445 1783 2643 1840 πύλαις
2671 1787 2764 1838 τοῦ
2796 1787 2923 1840 ναοῦ
2963 1791 3193 1860 Κυρίου.
3244 1790 3473 1859 Ἱστορεῖ
3514 1791 3692 1845 τοίνυν
3741 1794 3775 1863 ἡ
3823 1794 4018 1863 πρώτη

2441 1873 2552 1925 τῶν
2590 1875 2895 1930 Βασιλειῶν
2934 1880 3169 1948 πόλεμον
3233 1881 3496 1949 συστῆναι
3544 1885 3657 1946 τοῖς
3700 1883 4024 1952 ἀλλοφύλοις

2443 1964 2580 2034 πρὸς
2629 1967 2720 2017 τὸν
2770 1955 3011 2038 Ἰσρατῖλ.
3072 1971 3181 2022 Kal
3233 1974 3559 2037 νικήσαντες
3621 1972 3671 2023 οἱ
3728 1973 4019 2042 ἀλλόφυλος

2443 2054 2660 2126 αἴρουσι
2715 2058 2814 2128 τὴν
2876 2059 3108 2112 κιϐωτὸν
3153 2061 3248 2113 τοῦ
3318 2063 3554 2132 Ἰσραήλ.
3613 2065 3722 2117 Kal
3775 2067 4024 2128 ἀκούσας

2455 2147 2602 2199 Ἠλεὶ
2647 2149 2878 2218 ὁὶερεὺς
2925 2150 3108 2202 πεσὼν
3155 2152 3417 2208 ἀπέθανε.
3471 2155 3847 2224 Προσφέρουσι
3877 2156 3934 2208 6‘2
3969 2159 4021 2208 οἱ

2439 2239 2728 2307 ἀλλόφυλοι
2755 2241 2854 2310 τὴν
2886 2240 3121 2292 κιϐωτὸν
3147 2242 3320 2312 δῶρον
3364 2244 3441 2312 τῷ
3474 2244 3582 2312 θεῷ
3612 2247 3792 2298 αὐτῶν
3827 2248 4023 2312 Δαγὼθ

2438 2334 2518 2396 εἰς
2549 2333 2814 2397 Ἄζωτον,
2861 2338 2956 2387 καὶ
3005 2335 3229 2389 ἱστῶσιν
3261 2337 3432 2406 αὐτὴν
3480 2337 3632 2408 παρά
3680 2341 3806 2400 τοὺς
3852 2341 4023 2403 πόδας

2436 2424 2530 2477 τοῦ
2564 2425 2808 2479 εἰδώλου.
2845 2427 2932 2478 Ἑν
2965 2426 3020 2479 δὲ
3052 2430 3117 2497 τῇ
3174 2430 3332 2481 νυκτὶ
3385 2431 3575 2482 πίπτει
3609 2433 3636 2484 6
3668 2431 3787 2493 θεὸς
3836 2431 4021 2483 αἰτῶν

2437 2515 2649 2584 Δαγὼν,
2702 2521 2798 2570 καὶ
2847 2517 3202 2588 ὀρθρίσαντες
3273 2514 3431 2590 εὗρον
3480 2521 3644 2573 αὑτὸν
3689 2524 4023 2574 πεπτωκότα,

2437 2608 2747 2678 ἔμπροσθεν
2777 2610 2875 2677 τῆς
2908 2609 3166 2663 κιϐωτοῦ.
3223 2612 3552 2680 ’Λνέστησᾶν
3591 2630 3649 2664 τε
3676 2613 3868 2673 αὑτὸν,
3922 2615 4023 2664 καὶ

2435 2703 2500 2766 τῇ
2547 2702 2710 2770 ἑτέρᾳ
2751 2705 2906 2754 νυκτὶ
2932 2703 3097 2755 πάλιν
3131 2703 3300 2754 ἔπεσε
3327 2704 3518 2771 Δαγὼν
3570 2706 3664 2758 καὶ
3697 2707 4016 2773 συνετρίϐη,

2436 2792 2526 2842 καὶ
2549 2793 2730 2844 οὐκέτι
2761 2796 2787 2844 6
2818 2793 2944 2858 ναὸς
2968 2794 3134 2846 αὐτοῦ
3167 2794 3460 2865 ἐσεϐάσθη.
3486 2796 3596 2850 Καὶ
3624 2797 4020 2866 ὲπατάχθησαν

2434 2883 2484 2932 οἱ
2525 2883 2814 2950 ἀλλόφυλοι
2836 2885 2914 2947 εἰς
2961 2886 3060 2947 τὰς
3107 2886 3266 2953 ἕδρας
3324 2887 3504 2938 αὐτῶν
3536 2889 3629 2939 καὶ
3665 2891 3712 2939 οἱ
3754 2890 3814 2939 ἐν
3851 2891 4019 2940 παντὶ

2433 2972 2672 3042 ὁρίῳτῆς
2693 2975 3078 3039 Πενταπύλεως
3095 2978 3294 3040 αὐτῶν,
3312 2975 3570 3043 Ἀζώτου,
3595 2980 3795 3047 Γάζης,
3814 2981 4020 3032 Ἀσκὰ-

2433 3061 2620 3128 λωνοε,
2647 3063 2769 3128 Γὲθ,
2808 3067 3126 3137 Ἀκκάρωνο
3151 3069 3246 3121 καὶ
3266 3069 3482 3136 ἐγένετο
3524 3070 3784 3138 σύγχυσις
3805 3072 4019 3139 μεγάλη

2437 3155 2965 3220 θανάτουὲναύταῖς,
2996 3160 3092 3211 καὶ
3124 3161 3156 3228 ἡ
3180 3161 3250 3228 γῆ
3268 3161 3444 3213 αὐτῶν
3465 3161 3723 3228 ὲξέϐραζε
3758 3163 3880 3230 μῦς.
3907 3163 4021 3214 Kal

2441 3248 2578 3315 μετὰ
2623 3248 2762 3299 ἑπτὰ
2817 3250 2992 3318 μῆνας
3033 3250 3130 3319 (ώς
3161 3251 3216 3302 δὲ
3255 3252 3542 3318 Ἰώσηπος,
3575 3253 3748 3320 μῆνας
3783 3253 3876 3304 δύο
3920 3254 4018 3321 μο-

2437 3353 2557 3398 νους
2576 3335 2683 3405 (58)
2707 3337 2932 3402 ποιῆσαι
2952 3337 3046 3406 τὴν
3069 3339 3299 3390 κιϐωτὸν
3317 3339 3464 3409 παρὰ
3481 3342 3591 3400 τοῖς
3614 3338 4020 3406 ἀλλοφύλοις,οἳ

2439 3430 2529 3479 καὶ
2581 3427 2926 3480 Παλαιστινοὶ
2952 3428 3047 3478 νῦν
3090 3427 3408 3484 καλοῦνται)
3442 3429 3756 3498 ἐξέπεμψαν
3792 3427 3892 3497 τὴν
3930 3447 4018 3481 κι-

2440 3522 2610 3572 ϐωτὸν
2637 3520 2773 3589 μετά
2792 3519 2977 3589 δώρων
3003 3522 3094 3572 καὶ
3113 3520 3336 3584 Θυσιῶν,
3362 3521 3722 3589 ὲπιθήσαντες
3743 3521 3913 3590 αὐτὴν
3930 3520 4018 3587 ἐφ’

2442 3612 2660 3682 ἄμαξαν
2694 3614 2908 3682 καινὴν,
2967 3613 3254 3678 ζεύξαντες
3306 3613 3435 3683 βόας
3476 3613 3783 3675 ἐκλεκτοὺς,
3818 3615 4020 3666 ἀσκύλ-

2439 3721 2586 3766 τους,
2620 3707 2713 3757 καὶ
2747 3703 2991 3775 ηύυυναν
3038 3705 3086 3756 οἱ
3143 3704 3262 3773 βόες
3309 3707 3402 3772 ἀφ’
3444 3704 3680 3756 ἑαυτῶν.
3717 3706 3825 3758 Kal
3854 3701 4021 3772 ἦλθεν

2452 3797 2670 3868 Ἰσραὴλ
2685 3799 2766 3862 εἰς
2788 3799 2976 3868 τιμήν;
3021 3797 3244 3860 Ἰδόντες
3269 3797 3324 3849 δὲ
3349 3797 3398 3848 οἱ
3429 3797 3720 3866 ἀλλόφυλοι
3742 3797 4020 3867 ἐφοϐήθη-

2441 3907 2540 3942 σαν
2571 3889 2734 3958 φόϐον
2768 3890 2960 3959 μέγαν.
2990 3889 3104 3942 Kal
3127 3888 3342 3958 ἔμεινεν
3378 3889 3410 3958 ἡ
3453 3889 3683 3951 κιϐωτὸς
3730 3891 3810 3950 εἰς
3859 3888 4018 3942 οἷκον

2451 3981 2758 4050 Ἀμιναδὰμ.
2805 3982 2900 4051 ἔτη
2963 3988 3030 4033 κ’.
3087 3981 3198 4049 Πρὸ
3223 3981 3416 4033 τούτου
3466 3982 3523 4033 δὲ
3587 3983 3929 4051 κατήντησεν
3986 3984 4021 4046 ἡ

2440 4073 2669 4137 κιϐωτὸς
2694 4076 2751 4124 ὲν
2780 4073 3082 4142 Βεθσαμοῖς
3117 4074 3196 4135 εἰς
3258 4069 3416 4125 οἶκον
3457 4072 3636 4142 Ὠσηὲ,
3687 4073 3744 4134 ὂς
3777 4072 3870 4140 τὴν
3920 4073 4022 4140 μὲν

2440 4162 2657 4234 ἄμαξαν
2716 4162 3004 4232 διασχίσας
3043 4166 3140 4216 καὶ
3197 4164 3410 4232 ἀνάψας
3468 4165 3526 4215 ἐν
3566 4163 3721 4232 πυρὶ,
3774 4165 3899 4224 τοὺς
3960 4164 4022 4216 δὲ

2441 4255 2570 4325 βόας
2603 4256 2662 4308 ὲν
2707 4254 2844 4322 αὖτῇ
2881 4254 3192 4322 ἀνενεγκὼν
3226 4256 3567 4324 προσήνεγκε
3601 4254 3790 4306 θυσίαν
3828 4255 4023 4325 Κυρίῳ

2439 4348 2514 4417 τῷ
2540 4347 2678 4418 Θεῷ.
2710 4349 2773 4401 Οἱ
2807 4348 2863 4401 δὲ
2901 4348 3008 4400 υἱοὶ
3049 4348 3321 4417 Ἰεχωνίου
3353 4346 3591 4412 ἀναξίως
3637 4348 4021 4417 προσήγγισαν

2437 4443 2503 4510 τῇ
2541 4441 2780 4510 κιϐωτῷ,
2805 4443 2898 4493 καὶ
2929 4441 3210 4494 ἀπώλοντο
3247 4439 3308 4504 ἐξ
3344 4440 3524 4492 αὐτῶν
3553 4447 3593 4492 o’
3642 4441 3855 4510 ἄνδρες,
3879 4442 4021 4492 οἵτι-

758 4529 963 4583 mesani
994 4529 1182 4594 cives;
1212 4533 1545 4597 quapropter
1571 4529 1738 4580 etiam
1771 4527 1841 4582 50
1895 4527 2064 4580 millia
2091 4527 2332 4580 virorum

2440 4549 2528 4594 νες
2562 4533 2807 4602 ὑπῆρχον
2836 4531 3119 4593 δυσσεϐεῖς
3168 4531 3264 4583 καὶ
3309 4529 3719 4598 εἰδωλολάτραι,
3755 4530 3891 4581 ἀλλά
3923 4533 4022 4583 καὶ

757 4627 824 4681 de
853 4625 948 4680 illo
984 4621 1184 4694 populo
1215 4620 1521 4691 perierunt.
1549 4619 1740 4690 Itaque
1775 4621 1826 4673 Iti
1856 4635 2040 4674 arcam
2077 4635 2106 4673 a
2141 4635 2200 4675 se
2229 4619 2330 4675 Ca-

761 4717 1154 4772 riatiareitnam
1185 4713 1512 4778 dimittunt;
1557 4712 1714 4780 cujus
1775 4713 1925 4767 cives
1980 4727 2098 4766 eam
2125 4713 2333 4766 alacres

759 4817 1114 4880 exceperunt,
1143 4809 1312 4876 inque
1355 4805 1518 4858 domo
1578 4805 1905 4859 Aminadabi
1965 4805 2068 4859 sita
2099 4806 2154 4858 in
2191 4806 2333 4860 colle

762 4909 1166 4970 reposuerunt;
1198 4897 1633 4966 Eleazarumqtte
1668 4896 1715 4950 is
1748 4896 1914 4948 (ilium
1943 4912 2102 4950 suum
2135 4911 2334 4950 conse-

760 4993 961 5057 crarit,
1019 4991 1111 5059 (lui
1161 5004 1344 5042 arcam
1389 4987 1615 5043 foederis
1655 4987 1822 5041 divini
1873 4987 2196 5042 custodiret.
2255 4987 2329 5043 lbi

758 5101 879 5138 arca
912 5097 1086 5137 annos
1113 5083 1182 5135 ‘20
1206 5089 1288 5135 est
1312 5091 1670 5134 commorata.
1703 5079 1856 5134 Tunc
1889 5080 2120 5150 populus
2150 5082 2330 5136 denuo

765 5177 853 5224 llei
879 5173 1166 5242 pra-crpus
1200 5170 1652 5238 obtemperabat;
1685 5185 1824 5240 quos
1858 5170 2156 5241 .llasipham
2199 5188 2328 5226 con-

761 5277 984 5319 vocatos
1017 5266 1234 5318 Samuel
1258 5265 1580 5316 exhortatus
1612 5265 1790 5316 estttti
1827 5264 2124 5318 simulacra
2150 5267 2328 5319 Omnia

759 5358 1058 5412 abolerent.
1087 5355 1325 5423 Eiusque
1363 5353 1591 5408 monitui
1641 5354 1871 5422 popttlus
1907 5356 2325 5426 obtemperavit.

1868 5490 2219 5546 XYLANDRI
2284 5490 2374 5547 ET

834 5591 947 5654 (58)
993 5585 1084 5641 Vel
1125 5586 1210 5640 hic
1243 5586 1395 5640 locus
1419 5597 1502 5641 est
1529 5597 1842 5655 corruptus,
1875 5587 2019 5656 quod
2065 5595 2218 5656 puto,
2248 5589 2331 5641 vcl

762 5659 980 5722 Jnsephi
1014 5656 1206 5720 codex,
1237 5657 1388 5730 quiq
1419 5673 1634 5730 incuses
1659 5658 1842 5720 habet,
1879 5660 2152 5730 ποιήσασα
2177 5660 2328 5730 παρὰ

758 5734 868 5789 τοῖς
898 5730 1270 5787 ΙΙειῗαιστινοῖς
1325 5727 1499 5797 μῆνας
1547 5727 1838 5796 τέσσαρας.
1894 5727 2056 5781 Liber
2103 5727 2325 5797 quidem

759 5800 1016 5856 Jtnlicum
1056 5797 1344 5865 perspicue
1383 5796 1544 5852 habet
1583 5807 1636 5851 ct
1667 5799 1872 5868 absque
1913 5799 2018 5850 ulla
2075 5796 2326 5851 Ιιιιτιὶιηιίε

2445 4626 2631 4694 σχεδὸν
2651 4625 2889 4688 ἅπαντες
2919 4625 3044 4676 οῑὲν
3081 4623 3404 4693 Βεθσαμοῐς,
3459 4621 3600 4675 ὥστε
3635 4623 3727 4674 καὶ
3761 4623 4021 4691 πνιγῆναι

2441 4719 2504 4770 ὲκ
2533 4717 2628 4770 τοῦ
2667 4715 2797 4770 λαοῦ
2851 4714 3018 4768 αὑτοῦ
3067 4715 3409 4784 πεντήκοντα
3441 4715 3708 4784 χιλιάδας.
3753 4711 3921 4776 Αὖθις
3958 4715 4020 4769 δὲ

2444 4808 2604 4862 πάλιν
2635 4807 3024 4876 ἀποπέμπουσι
3055 4806 3149 4857 καὶ
3195 4799 3340 4857 οὗτοι
3373 4803 3459 4875 [Ρ.
3490 4803 3581 4876 (52]
3618 4807 3716 4871 τὴν
3776 4806 4019 4858 κιϐωτὸν

2443 4901 2521 4962 εἰς
2551 4895 2991 4970 Καριαθιαρείμ⁸
3019 4896 3068 4948 oi
3093 4896 3150 4948 δὲ
3182 4898 3240 4948 ὲν
3263 4897 3399 4965 αὑτῇ
3421 4895 3647 4964 ἄσμενοι
3681 4895 4016 4958 ἀπεδέξαντο

2440 4991 2541 5060 τὴν
2574 4989 2832 5053 κιϐωτὸν,
2866 4991 2960 5042 καὶ
3008 4989 3354 5057 κατέστησαν
3387 4989 3554 5058 αὐτὴν
3595 4991 3674 5049 εἰς
3722 4988 3812 5039 τὸν
3866 4984 4019 5040 οἷκον

2453 5081 2761 5153 ’Δμιναδὰμ
2792 5080 2881 5133 τὸν
2916 5083 2972 5132 ἐν
3003 5079 3094 5178 np?
3115 5079 3312 5151 βουνῷ,
3351 5081 3444 5132 καὶ
3476 5081 3702 5148 ἡγίασεν
3752 5079 4016 5149 Ἐλεάζαρ

2437 5175 2528 5227 τὸν
2565 5175 2676 5226 υἱὸν
2709 5172 2874 5226 αὑτοῦ
2919 5170 3216 5240 φυλάσσειν
3270 5173 3368 5240 τὴν
3403 5170 3637 5224 κιϐωτὸν
3681 5173 3778 5238 τῆς
3820 5171 4018 5239 διαϐή-

2439 5285 2539 5336 κης
2573 5267 2811 5335 Κυρίου.
2855 5264 3110 5333 Ἐποέησε
3140 5264 3198 5316 δὲ
3246 5265 3279 5334 ἡ
3327 5263 3560 5326 κιϐωτὸς
3608 5265 3786 5314 ἐκεῖσε
3811 5262 3906 5328 ἔτη
3940 5269 4012 5325 κ’,

2439 5359 2532 5410 καὶ
2581 5361 2608 5411 6
2653 5358 2781 5420 λαὸς
2834 5356 2957 5427 ἄρτι
3015 5355 3286 5425 ἐπορεύθη
3335 5355 3562 5408 δπισθεν
3616 5355 3844 5422 Κυρίου.
3905 5355 4018 5407 Kal

2443 5495 2653 5551 ϐΟᾹΙὶΙ
2693 5492 2926 5549 ΝΟΤᾸΕ.

2445 5594 2708 5646 varietate
2740 5597 2956 5647 menses
2989 5592 3042 5655 7,
3071 5605 3122 5645 c.
3153 5607 3200 5644 vr
3229 5609 3245 5655 ;
3275 5590 3369 5646 sed
3397 5598 3450 5644 et
3498 5591 3592 5645 [iiii
3645 5588 3925 5644 Jechonire
3959 5590 4012 5643 in

2442 5664 2675 5716 historia
2727 5678 2835 5715 non
2889 5665 3278 5717 nominantur:
3333 5669 3542 5716 tantum
3593 5662 3796 5716 dicitur
3848 5659 4015 5714 Beth-

2439 5735 2787 5788 schemenses
2810 5729 3000 5788 fuisse.
3027 5731 3159 5785 Xrt.
