  <div class='ocr_page' id='page_1' title='image "/cluster/home/n/w/nwhite01/storage/ocr_20150623/121/nnc1.0046980032/078.png"; bbox 0 0 4184 6436; ppageno 0'>
   <div class='ocr_carea' id='block_1_1' title="bbox 173 358 2317 434">
    <p class='ocr_par' dir='ltr' id='par_1_1' title="bbox 173 358 2317 434">
     <span class='ocr_line' id='line_1_1' title="bbox 173 358 2317 434; baseline -0.005 -1"><span class='ocrx_word' id='word_1_1' title='bbox 173 376 239 434; x_wconf 78' lang='lat' dir='ltr'><strong>ltl</strong></span> <span class='ocrx_word' id='word_1_2' title='bbox 1201 358 1739 422; x_wconf 74' lang='lat' dir='ltr'><strong>HISTORIARUM</strong></span> <span class='ocrx_word' id='word_1_3' title='bbox 1786 358 2317 422; x_wconf 83' lang='lat' dir='ltr'><strong>COMPENDIUM.</strong></span> 
     </span>
    </p>
   </div>
   <div class='ocr_carea' id='block_1_2' title="bbox 3278 352 3379 419">
    <p class='ocr_par' dir='ltr' id='par_1_2' title="bbox 3278 352 3379 419">
     <span class='ocr_line' id='line_1_2' title="bbox 3278 352 3379 419; baseline 0 -1"><span class='ocrx_word' id='word_1_4' title='bbox 3278 352 3379 419; x_wconf 73' lang='grc'><strong>142</strong></span> 
     </span>
    </p>
   </div>
   <div class='ocr_carea' id='block_1_3' title="bbox 174 474 1708 553">
    <p class='ocr_par' dir='ltr' id='par_1_3' title="bbox 174 475 1687 553">
     <span class='ocr_line' id='line_1_3' title="bbox 174 475 1687 553; baseline -0.009 -14"><span class='ocrx_word' id='word_1_5' title='bbox 174 485 337 551; x_wconf 74' lang='grc' dir='ltr'><strong>συνάγει</strong></span> <span class='ocrx_word' id='word_1_6' title='bbox 359 479 611 553; x_wconf 79' lang='grc' dir='ltr'><strong>Σαμουὴλ</strong></span> <span class='ocrx_word' id='word_1_7' title='bbox 649 478 858 541; x_wconf 79' lang='grc' dir='ltr'><strong>πάντας</strong></span> <span class='ocrx_word' id='word_1_8' title='bbox 883 475 966 541; x_wconf 74' lang='grc' dir='ltr'><strong>εἰς</strong></span> <span class='ocrx_word' id='word_1_9' title='bbox 992 476 1246 544; x_wconf 79' lang='grc' dir='ltr'><strong>Μασιφᾶ,</strong></span> <span class='ocrx_word' id='word_1_10' title='bbox 1282 475 1376 527; x_wconf 68' lang='grc' dir='ltr'><strong>καὶ</strong></span> <span class='ocrx_word' id='word_1_11' title='bbox 1424 475 1687 542; x_wconf 79' lang='grc' dir='ltr'><strong>παραινεῖ</strong></span> 
     </span>
    </p>
   </div>
   <div class='ocr_carea' id='block_1_4' title="bbox 1806 474 3377 553">
    <p class='ocr_par' dir='ltr' id='par_1_4' title="bbox 1806 474 3377 546">
     <span class='ocr_line' id='line_1_4' title="bbox 1806 474 3377 546; baseline 0.001 -17"><span class='ocrx_word' id='word_1_12' title='bbox 1806 475 1994 531; x_wconf 80' lang='lat' dir='ltr'><strong>Statim</strong></span> <span class='ocrx_word' id='word_1_13' title='bbox 2020 476 2249 532; x_wconf 80' lang='lat' dir='ltr'><strong>Barbari</strong></span> <span class='ocrx_word' id='word_1_14' title='bbox 2287 474 2547 532; x_wconf 89' lang='lat' dir='ltr'><strong>omnibus</strong></span> <span class='ocrx_word' id='word_1_15' title='bbox 2585 476 2761 546; x_wconf 87' lang='lat' dir='ltr'><strong>c0piis</strong></span> <span class='ocrx_word' id='word_1_16' title='bbox 2796 474 3064 532; x_wconf 86' lang='lat' dir='ltr'><strong>adversus</strong></span> <span class='ocrx_word' id='word_1_17' title='bbox 3115 475 3377 546; x_wconf 81' lang='lat' dir='ltr'><strong>populum</strong></span> 
     </span>
    </p>
   </div>
   <div class='ocr_carea' id='block_1_5' title="bbox 172 564 1688 646">
    <p class='ocr_par' dir='ltr' id='par_1_5' title="bbox 172 564 1688 646">
     <span class='ocr_line' id='line_1_5' title="bbox 172 564 1688 646; baseline -0.01 -17"><span class='ocrx_word' id='word_1_18' title='bbox 172 573 460 646; x_wconf 73' lang='grc' dir='ltr'><strong>περιελέσθαι</strong></span> <span class='ocrx_word' id='word_1_19' title='bbox 495 570 694 634; x_wconf 71' lang='grc' dir='ltr'><strong>αὐτοὺς</strong></span> <span class='ocrx_word' id='word_1_20' title='bbox 719 570 898 623; x_wconf 72' lang='grc' dir='ltr'><strong>πάντα</strong></span> <span class='ocrx_word' id='word_1_21' title='bbox 922 566 994 621; x_wconf 85' lang='grc' dir='ltr'><strong>τὰ</strong></span> <span class='ocrx_word' id='word_1_22' title='bbox 1027 564 1251 631; x_wconf 81' lang='grc' dir='ltr'><strong>εἴδωλα,</strong></span> <span class='ocrx_word' id='word_1_23' title='bbox 1296 568 1391 617; x_wconf 71' lang='grc' dir='ltr'><strong>καὶ</strong></span> <span class='ocrx_word' id='word_1_24' title='bbox 1425 566 1688 634; x_wconf 76' lang='grc' dir='ltr'><strong>ἐποίησαν</strong></span> 
     </span>
    </p>
   </div>
   <div class='ocr_carea' id='block_1_6' title="bbox 172 656 1688 729">
    <p class='ocr_par' dir='ltr' id='par_1_6' title="bbox 172 656 1688 729">
     <span class='ocr_line' id='line_1_6' title="bbox 172 656 1688 729; baseline -0.008 -9"><span class='ocrx_word' id='word_1_25' title='bbox 172 668 313 728; x_wconf 68' lang='grc' dir='ltr'><strong>οὕτως.</strong></span> <span class='ocrx_word' id='word_1_26' title='bbox 342 664 402 717; x_wconf 74' lang='lat' dir='ltr'><strong>Ol</strong></span> <span class='ocrx_word' id='word_1_27' title='bbox 423 663 482 715; x_wconf 80' lang='grc' dir='ltr'><strong>δὲ</strong></span> <span class='ocrx_word' id='word_1_28' title='bbox 503 659 798 728; x_wconf 81' lang='grc' dir='ltr'><strong>ἀλλόφυλοι</strong></span> <span class='ocrx_word' id='word_1_29' title='bbox 828 657 1152 729; x_wconf 76' lang='grc' dir='ltr'><strong>παμπληθεὶ</strong></span> <span class='ocrx_word' id='word_1_30' title='bbox 1186 656 1560 727; x_wconf 75' lang='grc' dir='ltr'><strong>παρενέϐαλον</strong></span> <span class='ocrx_word' id='word_1_31' title='bbox 1602 658 1688 708; x_wconf 81' lang='grc' dir='ltr'><strong>ἐπ’</strong></span> 
     </span>
    </p>
   </div>
   <div class='ocr_carea' id='block_1_7' title="bbox 171 749 1692 824">
    <p class='ocr_par' dir='ltr' id='par_1_7' title="bbox 171 749 1692 824">
     <span class='ocr_line' id='line_1_7' title="bbox 171 749 1692 824; baseline -0.008 -11"><span class='ocrx_word' id='word_1_32' title='bbox 171 758 340 821; x_wconf 72' lang='grc' dir='ltr'><strong>αὐτούς.</strong></span> <span class='ocrx_word' id='word_1_33' title='bbox 403 756 515 810; x_wconf 75' lang='grc' dir='ltr'><strong>Καὶ</strong></span> <span class='ocrx_word' id='word_1_34' title='bbox 572 753 780 824; x_wconf 78' lang='grc' dir='ltr'><strong>ηὒξατο</strong></span> <span class='ocrx_word' id='word_1_35' title='bbox 836 751 976 823; x_wconf 79' lang='grc' dir='ltr'><strong>ὑπὲρ</strong></span> <span class='ocrx_word' id='word_1_36' title='bbox 1030 749 1212 803; x_wconf 80' lang='grc' dir='ltr'><strong>αὐτῶν</strong></span> <span class='ocrx_word' id='word_1_37' title='bbox 1267 749 1540 820; x_wconf 76' lang='grc' dir='ltr'><strong>Σαμουὴλ,</strong></span> <span class='ocrx_word' id='word_1_38' title='bbox 1598 752 1692 802; x_wconf 69' lang='grc' dir='ltr'><strong>καὶ</strong></span> 
     </span>
    </p>
   </div>
   <div class='ocr_carea' id='block_1_8' title="bbox 170 843 1693 920">
    <p class='ocr_par' dir='ltr' id='par_1_8' title="bbox 170 843 1693 920">
     <span class='ocr_line' id='line_1_8' title="bbox 170 843 1693 920; baseline -0.004 -17"><span class='ocrx_word' id='word_1_39' title='bbox 170 851 405 920; x_wconf 69' lang='grc' dir='ltr'><strong>ἱερόντησε</strong></span> <span class='ocrx_word' id='word_1_40' title='bbox 459 846 686 916; x_wconf 79' lang='grc' dir='ltr'><strong>Κύριος,</strong></span> <span class='ocrx_word' id='word_1_41' title='bbox 739 845 974 899; x_wconf 76' lang='grc' dir='ltr'><strong>κινεῖται</strong></span> <span class='ocrx_word' id='word_1_42' title='bbox 1016 843 1074 896; x_wconf 79' lang='grc' dir='ltr'><strong>δὲ</strong></span> <span class='ocrx_word' id='word_1_43' title='bbox 1117 844 1226 906; x_wconf 81' lang='grc' dir='ltr'><strong>πᾶς</strong></span> <span class='ocrx_word' id='word_1_44' title='bbox 1285 844 1506 914; x_wconf 81' lang='grc' dir='ltr'><strong>Ἰσραὴλ</strong></span> <span class='ocrx_word' id='word_1_45' title='bbox 1554 846 1693 897; x_wconf 81' lang='grc' dir='ltr'><strong>κατᾶ</strong></span> 
     </span>
    </p>
   </div>
   <div class='ocr_carea' id='block_1_9' title="bbox 170 933 1694 1008">
    <p class='ocr_par' dir='ltr' id='par_1_9' title="bbox 170 933 1694 1008">
     <span class='ocr_line' id='line_1_9' title="bbox 170 933 1694 1008; baseline -0.007 -15"><span class='ocrx_word' id='word_1_46' title='bbox 170 943 247 993; x_wconf 77' lang='grc' dir='ltr'><strong>τῶν</strong></span> <span class='ocrx_word' id='word_1_47' title='bbox 272 939 592 1008; x_wconf 67' lang='grc' dir='ltr'><strong>ἀλλοφύλων,</strong></span> <span class='ocrx_word' id='word_1_48' title='bbox 647 936 743 990; x_wconf 76' lang='grc' dir='ltr'><strong>καὶ</strong></span> <span class='ocrx_word' id='word_1_49' title='bbox 776 933 1050 999; x_wconf 77' lang='grc' dir='ltr'><strong>ἐπάταξεν</strong></span> <span class='ocrx_word' id='word_1_50' title='bbox 1108 935 1309 996; x_wconf 73' lang='grc' dir='ltr'><strong>αὐτοὺς</strong></span> <span class='ocrx_word' id='word_1_51' title='bbox 1359 933 1563 1003; x_wconf 81' lang='grc' dir='ltr'><strong>Κύριος</strong></span> <span class='ocrx_word' id='word_1_52' title='bbox 1606 933 1694 984; x_wconf 81' lang='grc' dir='ltr'><strong>διὰ</strong></span> 
     </span>
    </p>
   </div>
   <div class='ocr_carea' id='block_1_10' title="bbox 170 1025 1695 1103">
    <p class='ocr_par' dir='ltr' id='par_1_10' title="bbox 170 1025 1695 1103">
     <span class='ocr_line' id='line_1_10' title="bbox 170 1025 1695 1103; baseline -0.005 -18"><span class='ocrx_word' id='word_1_53' title='bbox 170 1034 303 1103; x_wconf 68' lang='grc' dir='ltr'><strong>χειρὸς</strong></span> <span class='ocrx_word' id='word_1_54' title='bbox 356 1031 574 1101; x_wconf 80' lang='grc' dir='ltr'><strong>Ἰσραὴλ</strong></span> <span class='ocrx_word' id='word_1_55' title='bbox 627 1029 848 1098; x_wconf 77' lang='grc' dir='ltr'><strong>πληγὴν</strong></span> <span class='ocrx_word' id='word_1_56' title='bbox 881 1027 1151 1098; x_wconf 84' lang='grc' dir='ltr'><strong>μεγάλην.</strong></span> <span class='ocrx_word' id='word_1_57' title='bbox 1183 1027 1296 1080; x_wconf 70' lang='grc' dir='ltr'><strong>Καὶ</strong></span> <span class='ocrx_word' id='word_1_58' title='bbox 1343 1027 1483 1095; x_wconf 74' lang='grc' dir='ltr'><strong>μετὰ</strong></span> <span class='ocrx_word' id='word_1_59' title='bbox 1537 1025 1695 1079; x_wconf 77' lang='grc' dir='ltr'><strong>τοῦτο</strong></span> 
     </span>
    </p>
   </div>
   <div class='ocr_carea' id='block_1_11' title="bbox 171 1117 1692 1190">
    <p class='ocr_par' dir='ltr' id='par_1_11' title="bbox 171 1117 1692 1190">
     <span class='ocr_line' id='line_1_11' title="bbox 171 1117 1692 1190; baseline -0.003 -16"><span class='ocrx_word' id='word_1_60' title='bbox 171 1125 405 1190; x_wconf 61' lang='grc' dir='ltr'><strong>συνάγεται</strong></span> <span class='ocrx_word' id='word_1_61' title='bbox 475 1125 583 1185; x_wconf 62' lang='lat' dir='ltr'><strong>sti;</strong></span> <span class='ocrx_word' id='word_1_62' title='bbox 647 1123 677 1173; x_wconf 84' lang='grc' dir='ltr'><strong>ὁ</strong></span> <span class='ocrx_word' id='word_1_63' title='bbox 752 1120 882 1183; x_wconf 80' lang='grc' dir='ltr'><strong>λαὸς</strong></span> <span class='ocrx_word' id='word_1_64' title='bbox 942 1119 1080 1190; x_wconf 72' lang='grc' dir='ltr'><strong>πρὸς</strong></span> <span class='ocrx_word' id='word_1_65' title='bbox 1131 1118 1389 1188; x_wconf 75' lang='grc' dir='ltr'><strong>Σαμουὴλ</strong></span> <span class='ocrx_word' id='word_1_66' title='bbox 1418 1117 1692 1184; x_wconf 80' lang='grc' dir='ltr'><strong>λέγοντες·</strong></span> 
     </span>
    </p>
   </div>
   <div class='ocr_carea' id='block_1_12' title="bbox 172 1210 1696 1285">
    <p class='ocr_par' dir='ltr' id='par_1_12' title="bbox 172 1210 1696 1285">
     <span class='ocr_line' id='line_1_12' title="bbox 172 1210 1696 1285; baseline -0.004 -18"><span class='ocrx_word' id='word_1_67' title='bbox 172 1236 185 1267; x_wconf 84' lang='grc' dir='ltr'><strong>ι</strong></span> <span class='ocrx_word' id='word_1_68' title='bbox 220 1216 406 1285; x_wconf 76' lang='grc' dir='ltr'><strong>Ἐπειδὴ</strong></span> <span class='ocrx_word' id='word_1_69' title='bbox 436 1216 484 1268; x_wconf 80' lang='grc' dir='ltr'><strong>οἱ</strong></span> <span class='ocrx_word' id='word_1_70' title='bbox 524 1214 631 1268; x_wconf 83' lang='grc' dir='ltr'><strong>υἱοὶ</strong></span> <span class='ocrx_word' id='word_1_71' title='bbox 662 1229 759 1265; x_wconf 90' lang='grc' dir='ltr'><strong>σου</strong></span> <span class='ocrx_word' id='word_1_72' title='bbox 803 1212 958 1282; x_wconf 84' lang='grc' dir='ltr'><strong>Ἰωὴλ</strong></span> <span class='ocrx_word' id='word_1_73' title='bbox 1001 1212 1099 1267; x_wconf 74' lang='grc' dir='ltr'><strong>καὶ</strong></span> <span class='ocrx_word' id='word_1_74' title='bbox 1149 1211 1309 1264; x_wconf 72' lang='grc' dir='ltr'><strong>Ἀὃιᾶ</strong></span> <span class='ocrx_word' id='word_1_75' title='bbox 1339 1212 1401 1263; x_wconf 86' lang='grc' dir='ltr'><strong>οὐ</strong></span> <span class='ocrx_word' id='word_1_76' title='bbox 1425 1210 1568 1263; x_wconf 73' lang='grc' dir='ltr'><strong>κατὰ</strong></span> <span class='ocrx_word' id='word_1_77' title='bbox 1596 1210 1696 1272; x_wconf 74' lang='grc' dir='ltr'><strong>τὰς</strong></span> 
     </span>
    </p>
   </div>
   <div class='ocr_carea' id='block_1_13' title="bbox 169 1302 1699 1375">
    <p class='ocr_par' dir='ltr' id='par_1_13' title="bbox 169 1302 1699 1375">
     <span class='ocr_line' id='line_1_13' title="bbox 169 1302 1699 1375; baseline -0.004 -17"><span class='ocrx_word' id='word_1_78' title='bbox 169 1309 242 1368; x_wconf 72' lang='lat' dir='ltr'><strong>ci;</strong></span> <span class='ocrx_word' id='word_1_79' title='bbox 270 1305 580 1375; x_wconf 75' lang='grc' dir='ltr'><strong>πορεύονται</strong></span> <span class='ocrx_word' id='word_1_80' title='bbox 632 1304 809 1370; x_wconf 78' lang='grc' dir='ltr'><strong>ὁδοὺς,</strong></span> <span class='ocrx_word' id='word_1_81' title='bbox 859 1304 997 1359; x_wconf 81' lang='grc' dir='ltr'><strong>ἀλλὰ</strong></span> <span class='ocrx_word' id='word_1_82' title='bbox 1043 1303 1241 1373; x_wconf 79' lang='grc' dir='ltr'>δώροις</span> <span class='ocrx_word' id='word_1_83' title='bbox 1290 1302 1601 1355; x_wconf 79' lang='grc' dir='ltr'><strong>ἐκκλίνουσι</strong></span> <span class='ocrx_word' id='word_1_84' title='bbox 1639 1303 1699 1353; x_wconf 72' lang='grc' dir='ltr'><strong>τὸ</strong></span> 
     </span>
    </p>
   </div>
   <div class='ocr_carea' id='block_1_14' title="bbox 166 1395 1690 1467">
    <p class='ocr_par' dir='ltr' id='par_1_14' title="bbox 166 1395 1690 1467">
     <span class='ocr_line' id='line_1_14' title="bbox 166 1395 1690 1467; baseline -0.007 -15"><span class='ocrx_word' id='word_1_85' title='bbox 166 1403 349 1463; x_wconf 76' lang='grc' dir='ltr'><strong>ὃῖκαιον,</strong></span> <span class='ocrx_word' id='word_1_86' title='bbox 386 1399 616 1467; x_wconf 79' lang='grc' dir='ltr'><strong>ποίησον</strong></span> <span class='ocrx_word' id='word_1_87' title='bbox 674 1400 807 1466; x_wconf 78' lang='grc' dir='ltr'><strong>ἡμῖν</strong></span> <span class='ocrx_word' id='word_1_88' title='bbox 852 1395 1102 1466; x_wconf 80' lang='grc' dir='ltr'><strong>βασιλέα,</strong></span> <span class='ocrx_word' id='word_1_89' title='bbox 1143 1395 1204 1457; x_wconf 84' lang='grc' dir='ltr'><strong>ὃς</strong></span> <span class='ocrx_word' id='word_1_90' title='bbox 1256 1396 1434 1464; x_wconf 82' lang='grc' dir='ltr'><strong>κρινεῖ</strong></span> <span class='ocrx_word' id='word_1_91' title='bbox 1463 1395 1629 1463; x_wconf 81' lang='grc' dir='ltr'><strong>ἡμᾶς,</strong></span> <span class='ocrx_word' id='word_1_92' title='bbox 1673 1412 1690 1442; x_wconf 78' lang='grc' dir='ltr'><strong>ι</strong></span> 
     </span>
    </p>
   </div>
   <div class='ocr_carea' id='block_1_15' title="bbox 168 1483 1697 1561">
    <p class='ocr_par' dir='ltr' id='par_1_15' title="bbox 168 1483 1697 1561">
     <span class='ocr_line' id='line_1_15' title="bbox 168 1483 1697 1561; baseline -0.003 -18"><span class='ocrx_word' id='word_1_93' title='bbox 168 1492 360 1561; x_wconf 58' lang='lat' dir='ltr'><strong>[Ian-,pr</strong></span> <span class='ocrx_word' id='word_1_94' title='bbox 386 1490 442 1544; x_wconf 82' lang='grc' dir='ltr'><strong>δὲ</strong></span> <span class='ocrx_word' id='word_1_95' title='bbox 470 1490 634 1544; x_wconf 75' lang='grc' dir='ltr'><strong>τοῦτο</strong></span> <span class='ocrx_word' id='word_1_96' title='bbox 674 1490 849 1558; x_wconf 74' lang='grc' dir='ltr'><strong>ἐφάνη</strong></span> <span class='ocrx_word' id='word_1_97' title='bbox 902 1488 979 1559; x_wconf 80' lang='grc' dir='ltr'><strong>τῷ</strong></span> <span class='ocrx_word' id='word_1_98' title='bbox 1013 1488 1287 1559; x_wconf 76' lang='grc' dir='ltr'><strong>Σαμουὴλ..</strong></span> <span class='ocrx_word' id='word_1_99' title='bbox 1322 1489 1515 1557; x_wconf 80' lang='grc' dir='ltr'><strong>Ὅμως</strong></span> <span class='ocrx_word' id='word_1_100' title='bbox 1544 1483 1697 1540; x_wconf 72' lang='grc' dir='ltr'><strong>εἶπεν</strong></span> 
     </span>
    </p>
   </div>
   <div class='ocr_carea' id='block_1_16' title="bbox 165 1579 1698 1653">
    <p class='ocr_par' dir='ltr' id='par_1_16' title="bbox 165 1579 1698 1653">
     <span class='ocr_line' id='line_1_16' title="bbox 165 1579 1698 1653; baseline -0.001 -18"><span class='ocrx_word' id='word_1_101' title='bbox 165 1585 326 1653; x_wconf 67' lang='grc' dir='ltr'><strong>αὑτῷὸ</strong></span> <span class='ocrx_word' id='word_1_102' title='bbox 382 1584 515 1646; x_wconf 75' lang='grc' dir='ltr'><strong>Θεὸς</strong></span> <span class='ocrx_word' id='word_1_103' title='bbox 565 1582 878 1635; x_wconf 77' lang='grc' dir='ltr'><strong>ὑπακούσαι</strong></span> <span class='ocrx_word' id='word_1_104' title='bbox 921 1580 1016 1634; x_wconf 80' lang='grc' dir='ltr'><strong>τοῦ</strong></span> <span class='ocrx_word' id='word_1_105' title='bbox 1046 1580 1197 1647; x_wconf 78' lang='grc' dir='ltr'><strong>λαοῦ,</strong></span> <span class='ocrx_word' id='word_1_106' title='bbox 1235 1581 1330 1633; x_wconf 74' lang='grc' dir='ltr'><strong>καὶ</strong></span> <span class='ocrx_word' id='word_1_107' title='bbox 1395 1582 1480 1632; x_wconf 83' lang='grc' dir='ltr'><strong>ὅτι</strong></span> <span class='ocrx_word' id='word_1_108' title='bbox 1523 1579 1599 1633; x_wconf 83' lang='grc' dir='ltr'><strong>Οὐ</strong></span> <span class='ocrx_word' id='word_1_109' title='bbox 1637 1579 1698 1633; x_wconf 80' lang='grc' dir='ltr'><strong>σὲ</strong></span> 
     </span>
    </p>
   </div>
   <div class='ocr_carea' id='block_1_17' title="bbox 166 1672 1699 1746">
    <p class='ocr_par' dir='ltr' id='par_1_17' title="bbox 166 1672 1699 1746">
     <span class='ocr_line' id='line_1_17' title="bbox 166 1672 1699 1746; baseline -0.001 -19"><span class='ocrx_word' id='word_1_110' title='bbox 166 1674 547 1740; x_wconf 73' lang='grc' dir='ltr'><strong>ἑξουόενώκασιν</strong></span> <span class='ocrx_word' id='word_1_111' title='bbox 597 1675 715 1728; x_wconf 81' lang='grc' dir='ltr'><strong>ἀλλ’</strong></span> <span class='ocrx_word' id='word_1_112' title='bbox 749 1674 873 1744; x_wconf 80' lang='grc' dir='ltr'><strong>ἐμὲ,</strong></span> <span class='ocrx_word' id='word_1_113' title='bbox 1013 1676 1089 1744; x_wconf 82' lang='grc' dir='ltr'><strong>μὴ</strong></span> <span class='ocrx_word' id='word_1_114' title='bbox 1114 1673 1293 1726; x_wconf 81' lang='grc' dir='ltr'><strong>θέλειν</strong></span> <span class='ocrx_word' id='word_1_115' title='bbox 1311 1672 1699 1742; x_wconf 85' lang='grc' dir='ltr'><strong>βασιλεύεσθαι</strong></span> 
     </span>
    </p>
   </div>
   <div class='ocr_carea' id='block_1_18' title="bbox 167 1764 1700 1836">
    <p class='ocr_par' dir='ltr' id='par_1_18' title="bbox 167 1764 1700 1836">
     <span class='ocr_line' id='line_1_18' title="bbox 167 1764 1700 1836; baseline -0.002 -19"><span class='ocrx_word' id='word_1_116' title='bbox 167 1768 236 1818; x_wconf 77' lang='grc' dir='ltr'><strong>ὑπ’</strong></span> <span class='ocrx_word' id='word_1_117' title='bbox 273 1767 429 1836; x_wconf 75' lang='grc' dir='ltr'><strong>ἐμοῦο</strong></span> <span class='ocrx_word' id='word_1_118' title='bbox 488 1766 633 1819; x_wconf 80' lang='grc' dir='ltr'><strong>κατὰ</strong></span> <span class='ocrx_word' id='word_1_119' title='bbox 694 1764 868 1819; x_wconf 79' lang='grc' dir='ltr'><strong>ταῦτα</strong></span> <span class='ocrx_word' id='word_1_120' title='bbox 930 1764 1307 1835; x_wconf 79' lang='grc' dir='ltr'><strong>πεποιήκασιν</strong></span> <span class='ocrx_word' id='word_1_121' title='bbox 1354 1765 1405 1817; x_wconf 77' lang='grc' dir='ltr'><strong>οἱ</strong></span> <span class='ocrx_word' id='word_1_122' title='bbox 1460 1764 1700 1835; x_wconf 82' lang='grc' dir='ltr'><strong>πατέρες</strong></span> 
     </span>
    </p>
   </div>
   <div class='ocr_carea' id='block_1_19' title="bbox 1794 563 3377 636">
    <p class='ocr_par' dir='ltr' id='par_1_19' title="bbox 1794 563 3377 636">
     <span class='ocr_line' id='line_1_19' title="bbox 1794 563 3377 636; baseline -0.001 -16"><span class='ocrx_word' id='word_1_123' title='bbox 1794 567 2111 621; x_wconf 81' lang='lat' dir='ltr'><strong>lsraelieum</strong></span> <span class='ocrx_word' id='word_1_124' title='bbox 2144 575 2276 622; x_wconf 87' lang='lat' dir='ltr'><strong>sunt</strong></span> <span class='ocrx_word' id='word_1_125' title='bbox 2310 565 2570 636; x_wconf 82' lang='lat' dir='ltr'><strong>profecti.</strong></span> <span class='ocrx_word' id='word_1_126' title='bbox 2609 563 2716 621; x_wconf 86' lang='lat' dir='ltr'><strong>Pro</strong></span> <span class='ocrx_word' id='word_1_127' title='bbox 2761 580 3020 636; x_wconf 88' lang='lat' dir='ltr'><strong>quocum</strong></span> <span class='ocrx_word' id='word_1_128' title='bbox 3077 565 3145 620; x_wconf 80' lang='lat' dir='ltr'><strong>ad</strong></span> <span class='ocrx_word' id='word_1_129' title='bbox 3201 563 3377 620; x_wconf 89' lang='lat' dir='ltr'><strong>Deum</strong></span> 
     </span>
    </p>
   </div>
   <div class='ocr_carea' id='block_1_20' title="bbox 1793 657 3381 729">
    <p class='ocr_par' dir='ltr' id='par_1_20' title="bbox 1793 657 3381 729">
     <span class='ocr_line' id='line_1_20' title="bbox 1793 657 3381 729; baseline 0.001 -18"><span class='ocrx_word' id='word_1_130' title='bbox 1793 659 2050 729; x_wconf 90' lang='lat' dir='ltr'><strong>precibus</strong></span> <span class='ocrx_word' id='word_1_131' title='bbox 2080 658 2301 713; x_wconf 90' lang='lat' dir='ltr'><strong>Samuel</strong></span> <span class='ocrx_word' id='word_1_132' title='bbox 2359 658 2742 726; x_wconf 75' lang='lat' dir='ltr'><strong>intercederet,</strong></span> <span class='ocrx_word' id='word_1_133' title='bbox 2797 659 3037 714; x_wconf 90' lang='lat' dir='ltr'><strong>intonuit</strong></span> <span class='ocrx_word' id='word_1_134' title='bbox 3082 657 3250 715; x_wconf 87' lang='lat' dir='ltr'><strong>Deus.</strong></span> <span class='ocrx_word' id='word_1_135' title='bbox 3302 657 3381 713; x_wconf 82' lang='lat' dir='ltr'><strong>Ac</strong></span> 
     </span>
    </p>
   </div>
   <div class='ocr_carea' id='block_1_21' title="bbox 1795 751 3378 820">
    <p class='ocr_par' dir='ltr' id='par_1_21' title="bbox 1795 751 3378 820">
     <span class='ocr_line' id='line_1_21' title="bbox 1795 751 3378 820; baseline 0.001 -17"><span class='ocrx_word' id='word_1_136' title='bbox 1795 759 1909 804; x_wconf 92' lang='lat' dir='ltr'><strong>toto</strong></span> <span class='ocrx_word' id='word_1_137' title='bbox 1927 751 2126 820; x_wconf 83' lang='lat' dir='ltr'><strong>populo</strong></span> <span class='ocrx_word' id='word_1_138' title='bbox 2149 751 2202 804; x_wconf 92' lang='lat' dir='ltr'><strong>in</strong></span> <span class='ocrx_word' id='word_1_139' title='bbox 2224 752 2398 806; x_wconf 90' lang='lat' dir='ltr'><strong>aciem</strong></span> <span class='ocrx_word' id='word_1_140' title='bbox 2421 762 2611 808; x_wconf 86' lang='lat' dir='ltr'><strong>contra</strong></span> <span class='ocrx_word' id='word_1_141' title='bbox 2637 752 2911 808; x_wconf 79' lang='lat' dir='ltr'><strong>Barbaros</strong></span> <span class='ocrx_word' id='word_1_142' title='bbox 2935 767 3178 820; x_wconf 80' lang='lat' dir='ltr'><strong>egresso,</strong></span> <span class='ocrx_word' id='word_1_143' title='bbox 3213 765 3378 806; x_wconf 85' lang='lat' dir='ltr'><strong>manu</strong></span> 
     </span>
    </p>
   </div>
   <div class='ocr_carea' id='block_1_22' title="bbox 1793 841 3381 915">
    <p class='ocr_par' dir='ltr' id='par_1_22' title="bbox 1793 841 3381 915">
     <span class='ocr_line' id='line_1_22' title="bbox 1793 841 3381 915; baseline 0.003 -22"><span class='ocrx_word' id='word_1_144' title='bbox 1793 844 1915 914; x_wconf 87' lang='lat' dir='ltr'><strong>ejus</strong></span> <span class='ocrx_word' id='word_1_145' title='bbox 1947 842 2089 899; x_wconf 81' lang='lat' dir='ltr'><strong>Deus</strong></span> <span class='ocrx_word' id='word_1_146' title='bbox 2108 844 2381 914; x_wconf 77' lang='lat' dir='ltr'><strong>ingentem</strong></span> <span class='ocrx_word' id='word_1_147' title='bbox 2409 853 2643 915; x_wconf 83' lang='lat' dir='ltr'><strong>stragem</strong></span> <span class='ocrx_word' id='word_1_148' title='bbox 2667 845 3038 900; x_wconf 89' lang='lat' dir='ltr'><strong>Barbarorum</strong></span> <span class='ocrx_word' id='word_1_149' title='bbox 3066 843 3254 898; x_wconf 79' lang='lat' dir='ltr'><strong>edidit.</strong></span> <span class='ocrx_word' id='word_1_150' title='bbox 3282 841 3381 897; x_wconf 74' lang='lat' dir='ltr'><strong>His</strong></span> 
     </span>
    </p>
   </div>
   <div class='ocr_carea' id='block_1_23' title="bbox 1790 935 3377 1008">
    <p class='ocr_par' dir='ltr' id='par_1_23' title="bbox 1790 935 3377 1008">
     <span class='ocr_line' id='line_1_23' title="bbox 1790 935 3377 1008; baseline -0.001 -18"><span class='ocrx_word' id='word_1_151' title='bbox 1790 937 1870 991; x_wconf 63' lang='lat' dir='ltr'><strong>ita</strong></span> <span class='ocrx_word' id='word_1_152' title='bbox 1894 937 2065 1007; x_wconf 83' lang='lat' dir='ltr'><strong>gestis</strong></span> <span class='ocrx_word' id='word_1_153' title='bbox 2086 940 2375 993; x_wconf 86' lang='lat' dir='ltr'><strong>universus</strong></span> <span class='ocrx_word' id='word_1_154' title='bbox 2399 938 2635 1008; x_wconf 89' lang='lat' dir='ltr'><strong>populus</strong></span> <span class='ocrx_word' id='word_1_155' title='bbox 2666 940 2730 993; x_wconf 89' lang='lat' dir='ltr'><strong>ad</strong></span> <span class='ocrx_word' id='word_1_156' title='bbox 2752 937 3071 993; x_wconf 85' lang='lat' dir='ltr'><strong>Samuelunt</strong></span> <span class='ocrx_word' id='word_1_157' title='bbox 3091 935 3377 997; x_wconf 77' lang='lat' dir='ltr'><strong>conﬂuxit.</strong></span> 
     </span>
    </p>
   </div>
   <div class='ocr_carea' id='block_1_24' title="bbox 1796 1027 3380 1100">
    <p class='ocr_par' dir='ltr' id='par_1_24' title="bbox 1796 1027 3380 1100">
     <span class='ocr_line' id='line_1_24' title="bbox 1796 1027 3380 1100; baseline 0 -18"><span class='ocrx_word' id='word_1_158' title='bbox 1796 1044 2030 1099; x_wconf 86' lang='lat' dir='ltr'><strong>eumque</strong></span> <span class='ocrx_word' id='word_1_159' title='bbox 2098 1030 2181 1085; x_wconf 91' lang='lat' dir='ltr'><strong>sic</strong></span> <span class='ocrx_word' id='word_1_160' title='bbox 2250 1031 2665 1100; x_wconf 82' lang='lat' dir='ltr'><strong>appellaverunt</strong></span> <span class='ocrx_word' id='word_1_161' title='bbox 2696 1031 2762 1083; x_wconf 70' lang='grc' dir='ltr'><strong>η.</strong></span> <span class='ocrx_word' id='word_1_162' title='bbox 2835 1049 2854 1082; x_wconf 82' lang='grc' dir='ltr'><strong>ι</strong></span> <span class='ocrx_word' id='word_1_163' title='bbox 2885 1030 3117 1097; x_wconf 85' lang='lat' dir='ltr'><strong>Quando</strong></span> <span class='ocrx_word' id='word_1_164' title='bbox 3157 1027 3380 1099; x_wconf 87' lang='lat' dir='ltr'><strong>quidem</strong></span> 
     </span>
    </p>
   </div>
   <div class='ocr_carea' id='block_1_25' title="bbox 1799 1122 3382 1193">
    <p class='ocr_par' dir='ltr' id='par_1_25' title="bbox 1799 1122 3382 1193">
     <span class='ocr_line' id='line_1_25' title="bbox 1799 1122 3382 1193; baseline -0.001 -17"><span class='ocrx_word' id='word_1_165' title='bbox 1799 1123 1894 1177; x_wconf 85' lang='lat' dir='ltr'><strong>lilii</strong></span> <span class='ocrx_word' id='word_1_166' title='bbox 1970 1124 2052 1177; x_wconf 92' lang='lat' dir='ltr'><strong>tui</strong></span> <span class='ocrx_word' id='word_1_167' title='bbox 2129 1122 2315 1179; x_wconf 91' lang='lat' dir='ltr'><strong>Joelns</strong></span> <span class='ocrx_word' id='word_1_168' title='bbox 2386 1133 2439 1179; x_wconf 90' lang='lat' dir='ltr'><strong>et</strong></span> <span class='ocrx_word' id='word_1_169' title='bbox 2504 1123 2674 1180; x_wconf 72' lang='lat' dir='ltr'><strong>Abias</strong></span> <span class='ocrx_word' id='word_1_170' title='bbox 2748 1124 2858 1178; x_wconf 87' lang='lat' dir='ltr'><strong>tuis</strong></span> <span class='ocrx_word' id='word_1_171' title='bbox 2941 1123 3188 1193; x_wconf 80' lang='lat' dir='ltr'><strong>vestigiis</strong></span> <span class='ocrx_word' id='word_1_172' title='bbox 3272 1135 3382 1176; x_wconf 91' lang='lat' dir='ltr'><strong>non</strong></span> 
     </span>
    </p>
   </div>
   <div class='ocr_carea' id='block_1_26' title="bbox 1800 1214 3380 1286">
    <p class='ocr_par' dir='ltr' id='par_1_26' title="bbox 1800 1214 3380 1286">
     <span class='ocr_line' id='line_1_26' title="bbox 1800 1214 3380 1286; baseline 0.001 -18"><span class='ocrx_word' id='word_1_173' title='bbox 1800 1215 2086 1279; x_wconf 84' lang='lat' dir='ltr'><strong>insistunt,</strong></span> <span class='ocrx_word' id='word_1_174' title='bbox 2120 1215 2215 1270; x_wconf 77' lang='lat' dir='ltr'><strong>sed</strong></span> <span class='ocrx_word' id='word_1_175' title='bbox 2244 1216 2297 1269; x_wconf 91' lang='lat' dir='ltr'><strong>in</strong></span> <span class='ocrx_word' id='word_1_176' title='bbox 2331 1216 2631 1285; x_wconf 73' lang='lat' dir='ltr'><strong>iudicando</strong></span> <span class='ocrx_word' id='word_1_177' title='bbox 2662 1216 2940 1286; x_wconf 88' lang='lat' dir='ltr'><strong>corrumpi</strong></span> <span class='ocrx_word' id='word_1_178' title='bbox 2971 1230 3030 1270; x_wconf 86' lang='lat' dir='ltr'><strong>se</strong></span> <span class='ocrx_word' id='word_1_179' title='bbox 3065 1214 3225 1270; x_wconf 90' lang='lat' dir='ltr'><strong>donis</strong></span> <span class='ocrx_word' id='word_1_180' title='bbox 3280 1230 3380 1285; x_wconf 84' lang='lat' dir='ltr'><strong>pa-</strong></span> 
     </span>
    </p>
   </div>
   <div class='ocr_carea' id='block_1_27' title="bbox 1801 1308 3383 1381">
    <p class='ocr_par' dir='ltr' id='par_1_27' title="bbox 1801 1308 3383 1381">
     <span class='ocr_line' id='line_1_27' title="bbox 1801 1308 3383 1381; baseline -0.001 -19"><span class='ocrx_word' id='word_1_181' title='bbox 1801 1310 2037 1373; x_wconf 86' lang='lat' dir='ltr'><strong>tiuntur,</strong></span> <span class='ocrx_word' id='word_1_182' title='bbox 2071 1308 2305 1379; x_wconf 84' lang='lat' dir='ltr'><strong>agedum</strong></span> <span class='ocrx_word' id='word_1_183' title='bbox 2332 1325 2513 1381; x_wconf 89' lang='lat' dir='ltr'><strong>regem</strong></span> <span class='ocrx_word' id='word_1_184' title='bbox 2537 1311 2699 1366; x_wconf 89' lang='lat' dir='ltr'><strong>nobis</strong></span> <span class='ocrx_word' id='word_1_185' title='bbox 2728 1311 3033 1371; x_wconf 88' lang='lat' dir='ltr'><strong>constitue,</strong></span> <span class='ocrx_word' id='word_1_186' title='bbox 3067 1308 3159 1376; x_wconf 93' lang='lat' dir='ltr'><strong>qui</strong></span> <span class='ocrx_word' id='word_1_187' title='bbox 3194 1317 3383 1363; x_wconf 88' lang='lat' dir='ltr'><strong>noster</strong></span> 
     </span>
    </p>
   </div>
   <div class='ocr_carea' id='block_1_28' title="bbox 1798 1401 3382 1474">
    <p class='ocr_par' dir='ltr' id='par_1_28' title="bbox 1798 1401 3382 1474">
     <span class='ocr_line' id='line_1_28' title="bbox 1798 1401 3382 1474; baseline 0 -18"><span class='ocrx_word' id='word_1_188' title='bbox 1798 1404 1872 1456; x_wconf 90' lang='lat' dir='ltr'><strong>sit</strong></span> <span class='ocrx_word' id='word_1_189' title='bbox 1906 1402 2097 1472; x_wconf 82' lang='lat' dir='ltr'><strong>judex.</strong></span> <span class='ocrx_word' id='word_1_190' title='bbox 2141 1423 2159 1454; x_wconf 75' lang='grc' dir='ltr'><strong>ι</strong></span> <span class='ocrx_word' id='word_1_191' title='bbox 2213 1402 2507 1474; x_wconf 89' lang='lat' dir='ltr'><strong>Displicuit</strong></span> <span class='ocrx_word' id='word_1_192' title='bbox 2558 1403 2610 1458; x_wconf 89' lang='lat' dir='ltr'><strong>id</strong></span> <span class='ocrx_word' id='word_1_193' title='bbox 2659 1404 2996 1473; x_wconf 86' lang='lat' dir='ltr'><strong>postulatum</strong></span> <span class='ocrx_word' id='word_1_194' title='bbox 3060 1401 3324 1458; x_wconf 88' lang='lat' dir='ltr'><strong>Samuelo</strong></span> <span class='ocrx_word' id='word_1_195' title='bbox 3368 1417 3382 1456; x_wconf 92' lang='lat'>:</span> 
     </span>
    </p>
   </div>
   <div class='ocr_carea' id='block_1_29' title="bbox 1801 1490 3383 1566">
    <p class='ocr_par' dir='ltr' id='par_1_29' title="bbox 1801 1490 3383 1566">
     <span class='ocr_line' id='line_1_29' title="bbox 1801 1490 3383 1566; baseline 0.002 -21"><span class='ocrx_word' id='word_1_196' title='bbox 1801 1508 1988 1547; x_wconf 88' lang='lat' dir='ltr'><strong>verum</strong></span> <span class='ocrx_word' id='word_1_197' title='bbox 2019 1505 2204 1550; x_wconf 84' lang='lat' dir='ltr'><strong>tamen</strong></span> <span class='ocrx_word' id='word_1_198' title='bbox 2242 1509 2274 1549; x_wconf 87' lang='lat' dir='ltr'><strong>a</strong></span> <span class='ocrx_word' id='word_1_199' title='bbox 2306 1495 2413 1550; x_wconf 91' lang='lat' dir='ltr'><strong>Deo</strong></span> <span class='ocrx_word' id='word_1_200' title='bbox 2463 1494 2658 1566; x_wconf 83' lang='lat' dir='ltr'><strong>jussus</strong></span> <span class='ocrx_word' id='word_1_201' title='bbox 2692 1494 2828 1564; x_wconf 80' lang='lat' dir='ltr'><strong>ipsis</strong></span> <span class='ocrx_word' id='word_1_202' title='bbox 2857 1495 3115 1562; x_wconf 85' lang='lat' dir='ltr'><strong>obsequi,</strong></span> <span class='ocrx_word' id='word_1_203' title='bbox 3159 1490 3383 1563; x_wconf 82' lang='lat' dir='ltr'><strong>quando</strong></span> 
     </span>
    </p>
   </div>
   <div class='ocr_carea' id='block_1_30' title="bbox 1802 1584 3382 1657">
    <p class='ocr_par' dir='ltr' id='par_1_30' title="bbox 1802 1584 3382 1657">
     <span class='ocr_line' id='line_1_30' title="bbox 1802 1584 3382 1657; baseline 0.001 -19"><span class='ocrx_word' id='word_1_204' title='bbox 1802 1599 1913 1639; x_wconf 91' lang='lat' dir='ltr'><strong>non</strong></span> <span class='ocrx_word' id='word_1_205' title='bbox 1947 1584 2290 1654; x_wconf 88' lang='lat' dir='ltr'><strong>Samuelum,</strong></span> <span class='ocrx_word' id='word_1_206' title='bbox 2331 1588 2425 1642; x_wconf 87' lang='lat' dir='ltr'><strong>sed</strong></span> <span class='ocrx_word' id='word_1_207' title='bbox 2462 1603 2520 1644; x_wconf 87' lang='lat' dir='ltr'><strong>se</strong></span> <span class='ocrx_word' id='word_1_208' title='bbox 2557 1586 2728 1643; x_wconf 85' lang='lat' dir='ltr'><strong>Deum</strong></span> <span class='ocrx_word' id='word_1_209' title='bbox 2768 1586 3127 1657; x_wconf 84' lang='lat' dir='ltr'><strong>sprevissent,</strong></span> <span class='ocrx_word' id='word_1_210' title='bbox 3163 1599 3382 1656; x_wconf 84' lang='lat' dir='ltr'><strong>regem-</strong></span> 
     </span>
    </p>
   </div>
   <div class='ocr_carea' id='block_1_31' title="bbox 1803 1676 3381 1750">
    <p class='ocr_par' dir='ltr' id='par_1_31' title="bbox 1803 1676 3381 1750">
     <span class='ocr_line' id='line_1_31' title="bbox 1803 1676 3381 1750; baseline 0 -21"><span class='ocrx_word' id='word_1_211' title='bbox 1803 1690 1909 1745; x_wconf 89' lang='lat' dir='ltr'><strong>que</strong></span> <span class='ocrx_word' id='word_1_212' title='bbox 1934 1676 2068 1745; x_wconf 88' lang='lat' dir='ltr'><strong>ipsis</strong></span> <span class='ocrx_word' id='word_1_213' title='bbox 2096 1692 2225 1734; x_wconf 89' lang='lat' dir='ltr'><strong>esse</strong></span> <span class='ocrx_word' id='word_1_214' title='bbox 2254 1693 2378 1733; x_wconf 90' lang='lat' dir='ltr'><strong>eum</strong></span> <span class='ocrx_word' id='word_1_215' title='bbox 2420 1679 2703 1750; x_wconf 84' lang='lat' dir='ltr'><strong>dedignati</strong></span> <span class='ocrx_word' id='word_1_216' title='bbox 2732 1686 2944 1741; x_wconf 86' lang='lat' dir='ltr'><strong>essent,</strong></span> <span class='ocrx_word' id='word_1_217' title='bbox 2965 1676 3162 1731; x_wconf 83' lang='lat' dir='ltr'><strong>imitati</strong></span> <span class='ocrx_word' id='word_1_218' title='bbox 3188 1676 3254 1731; x_wconf 73' lang='lat' dir='ltr'><strong>in</strong></span> <span class='ocrx_word' id='word_1_219' title='bbox 3276 1676 3381 1730; x_wconf 91' lang='lat' dir='ltr'><strong>boc</strong></span> 
     </span>
    </p>
   </div>
   <div class='ocr_carea' id='block_1_32' title="bbox 1804 1770 3383 1842">
    <p class='ocr_par' dir='ltr' id='par_1_32' title="bbox 1804 1770 3383 1842">
     <span class='ocr_line' id='line_1_32' title="bbox 1804 1770 3383 1842; baseline 0.001 -20"><span class='ocrx_word' id='word_1_220' title='bbox 1804 1770 2077 1838; x_wconf 82' lang='lat' dir='ltr'><strong>majorum</strong></span> <span class='ocrx_word' id='word_1_221' title='bbox 2141 1787 2369 1827; x_wconf 88' lang='lat' dir='ltr'><strong>suorum</strong></span> <span class='ocrx_word' id='word_1_222' title='bbox 2430 1772 2595 1834; x_wconf 80' lang='lat' dir='ltr'><strong>facta,</strong></span> <span class='ocrx_word' id='word_1_223' title='bbox 2645 1773 2738 1842; x_wconf 89' lang='lat' dir='ltr'><strong>qui</strong></span> <span class='ocrx_word' id='word_1_224' title='bbox 2791 1772 2859 1825; x_wconf 87' lang='lat' dir='ltr'><strong>ab</strong></span> <span class='ocrx_word' id='word_1_225' title='bbox 2903 1787 2970 1825; x_wconf 89' lang='lat' dir='ltr'><strong>eo</strong></span> <span class='ocrx_word' id='word_1_226' title='bbox 3016 1772 3104 1825; x_wconf 87' lang='lat' dir='ltr'><strong>die</strong></span> <span class='ocrx_word' id='word_1_227' title='bbox 3150 1785 3261 1838; x_wconf 87' lang='lat' dir='ltr'><strong>quo</strong></span> <span class='ocrx_word' id='word_1_228' title='bbox 3318 1786 3383 1824; x_wconf 82' lang='lat' dir='ltr'><strong>ex</strong></span> 
     </span>
    </p>
   </div>
   <div class='ocr_carea' id='block_1_33' title="bbox 162 1837 1708 1934">
    <p class='ocr_par' dir='ltr' id='par_1_33' title="bbox 162 1857 1697 1933">
     <span class='ocr_line' id='line_1_33' title="bbox 162 1857 1697 1933; baseline -0.002 -20"><span class='ocrx_word' id='word_1_229' title='bbox 162 1861 324 1923; x_wconf 67' lang='grc' dir='ltr'><strong>αὐτῶν,</strong></span> <span class='ocrx_word' id='word_1_230' title='bbox 358 1861 450 1930; x_wconf 61' lang='grc' dir='ltr'><strong>ἀφ’</strong></span> <span class='ocrx_word' id='word_1_231' title='bbox 490 1857 559 1933; x_wconf 75' lang='grc' dir='ltr'><strong>ἧς</strong></span> <span class='ocrx_word' id='word_1_232' title='bbox 591 1859 809 1932; x_wconf 80' lang='grc' dir='ltr'><strong>ἡμέρας</strong></span> <span class='ocrx_word' id='word_1_233' title='bbox 869 1859 1144 1928; x_wconf 75' lang='grc' dir='ltr'><strong>ἐξήγαγον</strong></span> <span class='ocrx_word' id='word_1_234' title='bbox 1185 1860 1385 1923; x_wconf 82' lang='grc' dir='ltr'><strong>αὐτοὺς</strong></span> <span class='ocrx_word' id='word_1_235' title='bbox 1437 1858 1496 1926; x_wconf 76' lang='grc' dir='ltr'><strong>ἐξ</strong></span> <span class='ocrx_word' id='word_1_236' title='bbox 1527 1857 1697 1926; x_wconf 80' lang='grc' dir='ltr'><strong>Αἰγύ-</strong></span> 
     </span>
    </p>
   </div>
   <div class='ocr_carea' id='block_1_34' title="bbox 1806 1837 3384 1934">
    <p class='ocr_par' dir='ltr' id='par_1_34' title="bbox 1806 1837 3384 1934">
     <span class='ocr_line' id='line_1_34' title="bbox 1806 1837 3384 1934; baseline -0.003 -15"><span class='ocrx_word' id='word_1_237' title='bbox 1806 1862 2032 1934; x_wconf 66' lang='lat' dir='ltr'><strong>Aﬁgypto</strong></span> <span class='ocrx_word' id='word_1_238' title='bbox 2058 1865 2240 1920; x_wconf 89' lang='lat' dir='ltr'><strong>educti</strong></span> <span class='ocrx_word' id='word_1_239' title='bbox 2267 1864 2537 1919; x_wconf 89' lang='lat' dir='ltr'><strong>divinitus</strong></span> <span class='ocrx_word' id='word_1_240' title='bbox 2566 1837 2808 1928; x_wconf 65' lang='lat' dir='ltr'><strong>l‘ueiunt,</strong></span> <span class='ocrx_word' id='word_1_241' title='bbox 2838 1865 2978 1917; x_wconf 81' lang='lat' dir='ltr'><strong>tales</strong></span> <span class='ocrx_word' id='word_1_242' title='bbox 3009 1877 3132 1917; x_wconf 88' lang='lat' dir='ltr'><strong>sese</strong></span> <span class='ocrx_word' id='word_1_243' title='bbox 3169 1837 3352 1931; x_wconf 80' lang='lat' dir='ltr'><strong>gessis</strong></span> <span class='ocrx_word' id='word_1_244' title='bbox 3372 1892 3384 1901; x_wconf 88' lang='lat'><strong>-</strong></span> 
     </span>
    </p>
   </div>
   <div class='ocr_carea' id='block_1_35' title="bbox 163 1952 1698 2025">
    <p class='ocr_par' dir='ltr' id='par_1_35' title="bbox 163 1952 1698 2025">
     <span class='ocr_line' id='line_1_35' title="bbox 163 1952 1698 2025; baseline -0.001 -19"><span class='ocrx_word' id='word_1_245' title='bbox 163 1971 285 2007; x_wconf 76' lang='grc' dir='ltr'><strong>πτου.</strong></span> <span class='ocrx_word' id='word_1_246' title='bbox 332 1956 589 2025; x_wconf 78' lang='grc' dir='ltr'><strong>Ἐχρισεν</strong></span> <span class='ocrx_word' id='word_1_247' title='bbox 643 1953 737 2007; x_wconf 78' lang='grc' dir='ltr'><strong>οὖν</strong></span> <span class='ocrx_word' id='word_1_248' title='bbox 791 1954 978 2015; x_wconf 80' lang='grc' dir='ltr'><strong>αὐτοῖς</strong></span> <span class='ocrx_word' id='word_1_249' title='bbox 1029 1953 1285 2024; x_wconf 78' lang='grc' dir='ltr'><strong>Σαμουὴλ</strong></span> <span class='ocrx_word' id='word_1_250' title='bbox 1345 1952 1571 2025; x_wconf 78' lang='grc' dir='ltr'><strong>βασιλέα</strong></span> <span class='ocrx_word' id='word_1_251' title='bbox 1604 1952 1698 2006; x_wconf 77' lang='grc' dir='ltr'><strong>τὸν</strong></span> 
     </span>
    </p>
   </div>
   <div class='ocr_carea' id='block_1_36' title="bbox 163 2045 1697 2118">
    <p class='ocr_par' dir='ltr' id='par_1_36' title="bbox 163 2045 1697 2118">
     <span class='ocr_line' id='line_1_36' title="bbox 163 2045 1697 2118; baseline 0.002 -21"><span class='ocrx_word' id='word_1_252' title='bbox 163 2046 318 2109; x_wconf 73' lang='grc' dir='ltr'><strong>Σαοὺλ,</strong></span> <span class='ocrx_word' id='word_1_253' title='bbox 343 2047 512 2118; x_wconf 77' lang='grc' dir='ltr'><strong>ἄνδρα</strong></span> <span class='ocrx_word' id='word_1_254' title='bbox 539 2045 894 2116; x_wconf 78' lang='grc' dir='ltr'><strong>Βενιαμίτην.</strong></span> <span class='ocrx_word' id='word_1_255' title='bbox 917 2047 1026 2099; x_wconf 71' lang='grc' dir='ltr'><strong>Καὶ</strong></span> <span class='ocrx_word' id='word_1_256' title='bbox 1043 2048 1070 2098; x_wconf 79' lang='grc' dir='ltr'>ὁ</span> <span class='ocrx_word' id='word_1_257' title='bbox 1094 2045 1350 2116; x_wconf 73' lang='grc' dir='ltr'><strong>βασιλεὺς</strong></span> <span class='ocrx_word' id='word_1_258' title='bbox 1391 2045 1697 2114; x_wconf 79' lang='grc' dir='ltr'><strong>Ἀμανιτῶν</strong></span> 
     </span>
    </p>
   </div>
   <div class='ocr_carea' id='block_1_37' title="bbox 161 2138 1698 2211">
    <p class='ocr_par' dir='ltr' id='par_1_37' title="bbox 161 2138 1698 2211">
     <span class='ocr_line' id='line_1_37' title="bbox 161 2138 1698 2211; baseline 0.003 -22"><span class='ocrx_word' id='word_1_259' title='bbox 161 2138 570 2209; x_wconf 78' lang='grc' dir='ltr'><strong>Ναᾱςὲπανέστη</strong></span> <span class='ocrx_word' id='word_1_260' title='bbox 606 2142 673 2210; x_wconf 79' lang='grc' dir='ltr'><strong>τῇ</strong></span> <span class='ocrx_word' id='word_1_261' title='bbox 716 2139 951 2193; x_wconf 79' lang='grc' dir='ltr'><strong>Γαλαὰδ.</strong></span> <span class='ocrx_word' id='word_1_262' title='bbox 1002 2141 1066 2192; x_wconf 82' lang='lat' dir='ltr'><strong>Oi</strong></span> <span class='ocrx_word' id='word_1_263' title='bbox 1096 2139 1153 2193; x_wconf 82' lang='grc' dir='ltr'><strong>δὲ</strong></span> <span class='ocrx_word' id='word_1_264' title='bbox 1184 2138 1374 2203; x_wconf 69' lang='grc' dir='ltr'><strong>ἠθελον</strong></span> <span class='ocrx_word' id='word_1_265' title='bbox 1402 2139 1496 2192; x_wconf 74' lang='grc' dir='ltr'><strong>ἐπὶ</strong></span> <span class='ocrx_word' id='word_1_266' title='bbox 1520 2155 1698 2211; x_wconf 84' lang='grc' dir='ltr'><strong>σωτη-</strong></span> 
     </span>
    </p>
   </div>
   <div class='ocr_carea' id='block_1_38' title="bbox 161 2226 1699 2301">
    <p class='ocr_par' dir='ltr' id='par_1_38' title="bbox 161 2226 1699 2301">
     <span class='ocr_line' id='line_1_38' title="bbox 161 2226 1699 2301; baseline 0.001 -20"><span class='ocrx_word' id='word_1_267' title='bbox 161 2232 230 2298; x_wconf 70' lang='lat' dir='ltr'><strong>pi;</strong></span> <span class='ocrx_word' id='word_1_268' title='bbox 254 2231 519 2284; x_wconf 76' lang='grc' dir='ltr'><strong>δουλεύειν</strong></span> <span class='ocrx_word' id='word_1_269' title='bbox 568 2230 740 2300; x_wconf 77' lang='grc' dir='ltr'><strong>αὐτῷ.</strong></span> <span class='ocrx_word' id='word_1_270' title='bbox 782 2232 894 2285; x_wconf 75' lang='grc' dir='ltr'><strong>Καὶ</strong></span> <span class='ocrx_word' id='word_1_271' title='bbox 933 2226 1055 2284; x_wconf 78' lang='grc' dir='ltr'><strong>εἷπε</strong></span> <span class='ocrx_word' id='word_1_272' title='bbox 1097 2231 1272 2293; x_wconf 82' lang='grc' dir='ltr'><strong>Ναᾶς·</strong></span> <span class='ocrx_word' id='word_1_273' title='bbox 1309 2250 1328 2280; x_wconf 74' lang='grc' dir='ltr'><strong>ι</strong></span> <span class='ocrx_word' id='word_1_274' title='bbox 1363 2232 1473 2301; x_wconf 80' lang='grc' dir='ltr'>Οὐχ</span> <span class='ocrx_word' id='word_1_275' title='bbox 1502 2229 1699 2297; x_wconf 78' lang='grc' dir='ltr'><strong>οὕτως,</strong></span> 
     </span>
    </p>
   </div>
   <div class='ocr_carea' id='block_1_39' title="bbox 158 2322 1701 2395">
    <p class='ocr_par' dir='ltr' id='par_1_39' title="bbox 158 2322 1701 2395">
     <span class='ocr_line' id='line_1_39' title="bbox 158 2322 1701 2395; baseline 0.001 -23"><span class='ocrx_word' id='word_1_276' title='bbox 158 2322 247 2372; x_wconf 73' lang='grc' dir='ltr'><strong>ἀλλ’</strong></span> <span class='ocrx_word' id='word_1_277' title='bbox 269 2323 412 2376; x_wconf 77' lang='grc' dir='ltr'><strong>ἔσται</strong></span> <span class='ocrx_word' id='word_1_278' title='bbox 441 2324 576 2394; x_wconf 79' lang='grc' dir='ltr'><strong>ὑμῖν</strong></span> <span class='ocrx_word' id='word_1_279' title='bbox 614 2327 647 2393; x_wconf 81' lang='grc' dir='ltr'><strong>ἡ</strong></span> <span class='ocrx_word' id='word_1_280' title='bbox 683 2323 931 2394; x_wconf 76' lang='grc' dir='ltr'><strong>σωτηρία</strong></span> <span class='ocrx_word' id='word_1_281' title='bbox 965 2324 1022 2375; x_wconf 79' lang='grc' dir='ltr'><strong>ἐν</strong></span> <span class='ocrx_word' id='word_1_282' title='bbox 1051 2322 1130 2393; x_wconf 86' lang='grc' dir='ltr'><strong>τῷ</strong></span> <span class='ocrx_word' id='word_1_283' title='bbox 1156 2322 1410 2395; x_wconf 74' lang='grc' dir='ltr'><strong>ἐξορύξαι</strong></span> <span class='ocrx_word' id='word_1_284' title='bbox 1465 2340 1533 2393; x_wconf 88' lang='grc' dir='ltr'><strong>με</strong></span> <span class='ocrx_word' id='word_1_285' title='bbox 1562 2338 1701 2376; x_wconf 87' lang='grc' dir='ltr'><strong>παν-</strong></span> 
     </span>
    </p>
   </div>
   <div class='ocr_carea' id='block_1_40' title="bbox 155 2412 1693 2484">
    <p class='ocr_par' dir='ltr' id='par_1_40' title="bbox 155 2412 1693 2484">
     <span class='ocr_line' id='line_1_40' title="bbox 155 2412 1693 2484; baseline 0.001 -23"><span class='ocrx_word' id='word_1_286' title='bbox 155 2413 223 2472; x_wconf 62' lang='grc' dir='ltr'><strong>τθδς</strong></span> <span class='ocrx_word' id='word_1_287' title='bbox 247 2413 424 2483; x_wconf 65' lang='grc' dir='ltr'><strong>ἀνδρὸς</strong></span> <span class='ocrx_word' id='word_1_288' title='bbox 465 2413 751 2482; x_wconf 75' lang='grc' dir='ltr'><strong>ὀφθαλμὸν</strong></span> <span class='ocrx_word' id='word_1_289' title='bbox 799 2413 975 2477; x_wconf 70' lang='grc' dir='ltr'><strong>δεξιον</strong></span> <span class='ocrx_word' id='word_1_290' title='bbox 1025 2417 1105 2476; x_wconf 85' lang='grc' dir='ltr'><strong>εἰς</strong></span> <span class='ocrx_word' id='word_1_291' title='bbox 1146 2413 1349 2477; x_wconf 75' lang='grc' dir='ltr'><strong>ὄνειδος</strong></span> <span class='ocrx_word' id='word_1_292' title='bbox 1393 2412 1632 2484; x_wconf 83' lang='grc' dir='ltr'><strong>Ἰσραήλ.</strong></span> <span class='ocrx_word' id='word_1_293' title='bbox 1673 2430 1693 2463; x_wconf 70' lang='grc' dir='ltr'><strong>ι</strong></span> 
     </span>
    </p>
   </div>
   <div class='ocr_carea' id='block_1_41' title="bbox 159 2504 1697 2579">
    <p class='ocr_par' dir='ltr' id='par_1_41' title="bbox 159 2504 1697 2579">
     <span class='ocr_line' id='line_1_41' title="bbox 159 2504 1697 2579; baseline 0.004 -26"><span class='ocrx_word' id='word_1_294' title='bbox 159 2504 241 2555; x_wconf 72' lang='grc' dir='ltr'><strong>Καὶ</strong></span> <span class='ocrx_word' id='word_1_295' title='bbox 267 2504 568 2577; x_wconf 71' lang='grc' dir='ltr'><strong>ἑθρήνησαν</strong></span> <span class='ocrx_word' id='word_1_296' title='bbox 608 2507 658 2558; x_wconf 80' lang='grc' dir='ltr'><strong>οἱ</strong></span> <span class='ocrx_word' id='word_1_297' title='bbox 692 2506 886 2579; x_wconf 75' lang='grc' dir='ltr'><strong>ἄνδρες</strong></span> <span class='ocrx_word' id='word_1_298' title='bbox 918 2507 967 2559; x_wconf 85' lang='grc' dir='ltr'><strong>οἱ</strong></span> <span class='ocrx_word' id='word_1_299' title='bbox 1000 2510 1058 2560; x_wconf 82' lang='grc' dir='ltr'><strong>ὲν</strong></span> <span class='ocrx_word' id='word_1_300' title='bbox 1089 2506 1320 2561; x_wconf 76' lang='grc' dir='ltr'><strong>Γαλαὰδ.</strong></span> <span class='ocrx_word' id='word_1_301' title='bbox 1368 2507 1611 2560; x_wconf 84' lang='grc' dir='ltr'><strong>Ἤκουσε</strong></span> <span class='ocrx_word' id='word_1_302' title='bbox 1638 2507 1697 2560; x_wconf 75' lang='grc' dir='ltr'><strong>δὲ</strong></span> 
     </span>
    </p>
   </div>
   <div class='ocr_carea' id='block_1_42' title="bbox 156 2595 1702 2671">
    <p class='ocr_par' dir='ltr' id='par_1_42' title="bbox 156 2595 1702 2671">
     <span class='ocr_line' id='line_1_42' title="bbox 156 2595 1702 2671; baseline 0.003 -24"><span class='ocrx_word' id='word_1_303' title='bbox 156 2595 312 2659; x_wconf 64' lang='grc' dir='ltr'><strong>Σαοὺλ,</strong></span> <span class='ocrx_word' id='word_1_304' title='bbox 354 2601 449 2651; x_wconf 74' lang='grc' dir='ltr'><strong>καὶ</strong></span> <span class='ocrx_word' id='word_1_305' title='bbox 488 2600 889 2667; x_wconf 80' lang='grc' dir='ltr'><strong>προσκαλεῖται</strong></span> <span class='ocrx_word' id='word_1_306' title='bbox 942 2599 1123 2653; x_wconf 83' lang='grc' dir='ltr'><strong>πάντα</strong></span> <span class='ocrx_word' id='word_1_307' title='bbox 1175 2599 1413 2671; x_wconf 83' lang='grc' dir='ltr'><strong>Ἰσραὴλ,</strong></span> <span class='ocrx_word' id='word_1_308' title='bbox 1447 2599 1544 2654; x_wconf 75' lang='grc' dir='ltr'><strong>καὶ</strong></span> <span class='ocrx_word' id='word_1_309' title='bbox 1576 2599 1702 2665; x_wconf 74' lang='grc' dir='ltr'><strong>ἑξα-</strong></span> 
     </span>
    </p>
   </div>
   <div class='ocr_carea' id='block_1_43' title="bbox 158 2686 1693 2763">
    <p class='ocr_par' dir='ltr' id='par_1_43' title="bbox 158 2686 1693 2763">
     <span class='ocr_line' id='line_1_43' title="bbox 158 2686 1693 2763; baseline 0.007 -26"><span class='ocrx_word' id='word_1_310' title='bbox 158 2686 391 2757; x_wconf 81' lang='grc' dir='ltr'><strong>ριθμείται</strong></span> <span class='ocrx_word' id='word_1_311' title='bbox 418 2692 588 2743; x_wconf 60' lang='grc' dir='ltr'><strong>αὐτὴν</strong></span> <span class='ocrx_word' id='word_1_312' title='bbox 620 2694 702 2754; x_wconf 80' lang='grc' dir='ltr'><strong>εἰς</strong></span> <span class='ocrx_word' id='word_1_313' title='bbox 731 2690 809 2760; x_wconf 83' lang='grc' dir='ltr'><strong>χο’</strong></span> <span class='ocrx_word' id='word_1_314' title='bbox 842 2691 1108 2760; x_wconf 74' lang='grc' dir='ltr'><strong>χιλιάδας.</strong></span> <span class='ocrx_word' id='word_1_315' title='bbox 1132 2691 1379 2763; x_wconf 82' lang='grc' dir='ltr'><strong>Ποιήσας</strong></span> <span class='ocrx_word' id='word_1_316' title='bbox 1411 2692 1467 2746; x_wconf 81' lang='grc' dir='ltr'><strong>δὲ</strong></span> <span class='ocrx_word' id='word_1_317' title='bbox 1490 2694 1693 2757; x_wconf 80' lang='grc' dir='ltr'><strong>αὐτοὺς</strong></span> 
     </span>
    </p>
   </div>
   <div class='ocr_carea' id='block_1_44' title="bbox 155 2783 1702 2855">
    <p class='ocr_par' dir='ltr' id='par_1_44' title="bbox 155 2783 1702 2855">
     <span class='ocr_line' id='line_1_44' title="bbox 155 2783 1702 2855; baseline -0.002 -14"><span class='ocrx_word' id='word_1_318' title='bbox 155 2783 215 2841; x_wconf 71' lang='grc' dir='ltr'><strong>εἰς</strong></span> <span class='ocrx_word' id='word_1_319' title='bbox 235 2786 372 2850; x_wconf 79' lang='grc' dir='ltr'><strong>τρεῖς</strong></span> <span class='ocrx_word' id='word_1_320' title='bbox 414 2785 596 2855; x_wconf 70' lang='grc' dir='ltr'><strong>ἀρχὰς</strong></span> <span class='ocrx_word' id='word_1_321' title='bbox 624 2784 854 2837; x_wconf 69' lang='grc' dir='ltr'><strong>ἐπέθετο</strong></span> <span class='ocrx_word' id='word_1_322' title='bbox 880 2786 995 2847; x_wconf 76' lang='grc' dir='ltr'><strong>τοῖς</strong></span> <span class='ocrx_word' id='word_1_323' title='bbox 1048 2784 1369 2854; x_wconf 83' lang='grc' dir='ltr'><strong>Ἀμανίταις</strong></span> <span class='ocrx_word' id='word_1_324' title='bbox 1424 2785 1518 2838; x_wconf 81' lang='grc' dir='ltr'><strong>καὶ</strong></span> <span class='ocrx_word' id='word_1_325' title='bbox 1562 2785 1702 2839; x_wconf 80' lang='grc' dir='ltr'><strong>ὠλὸο</strong></span> 
     </span>
    </p>
   </div>
   <div class='ocr_carea' id='block_1_45' title="bbox 154 2872 1702 2948">
    <p class='ocr_par' dir='ltr' id='par_1_45' title="bbox 154 2872 1702 2948">
     <span class='ocr_line' id='line_1_45' title="bbox 154 2872 1702 2948; baseline 0.003 -22"><span class='ocrx_word' id='word_1_326' title='bbox 154 2872 345 2942; x_wconf 77' lang='grc' dir='ltr'><strong>θρευσεν</strong></span> <span class='ocrx_word' id='word_1_327' title='bbox 374 2879 599 2940; x_wconf 75' lang='grc' dir='ltr'><strong>αὐτούς.</strong></span> <span class='ocrx_word' id='word_1_328' title='bbox 644 2878 703 2930; x_wconf 88' lang='grc' dir='ltr'>Ὀ</span> <span class='ocrx_word' id='word_1_329' title='bbox 745 2878 802 2932; x_wconf 83' lang='grc' dir='ltr'><strong>δὲ</strong></span> <span class='ocrx_word' id='word_1_330' title='bbox 847 2878 1101 2947; x_wconf 73' lang='grc' dir='ltr'><strong>Σαμουὴλ</strong></span> <span class='ocrx_word' id='word_1_331' title='bbox 1142 2878 1409 2948; x_wconf 77' lang='grc' dir='ltr'><strong>λαμϐάνει</strong></span> <span class='ocrx_word' id='word_1_332' title='bbox 1444 2879 1533 2931; x_wconf 77' lang='grc' dir='ltr'><strong>τὸν</strong></span> <span class='ocrx_word' id='word_1_333' title='bbox 1574 2878 1702 2932; x_wconf 74' lang='grc' dir='ltr'><strong>λαὸν</strong></span> 
     </span>
    </p>
   </div>
   <div class='ocr_carea' id='block_1_46' title="bbox 154 2964 1704 3038">
    <p class='ocr_par' dir='ltr' id='par_1_46' title="bbox 154 2964 1704 3038">
     <span class='ocr_line' id='line_1_46' title="bbox 154 2964 1704 3038; baseline 0.003 -25"><span class='ocrx_word' id='word_1_334' title='bbox 154 2964 228 3015; x_wconf 71' lang='grc' dir='ltr'><strong>καὶ</strong></span> <span class='ocrx_word' id='word_1_335' title='bbox 251 2965 437 3025; x_wconf 63' lang='grc' dir='ltr'><strong>Σαοὺλ.</strong></span> <span class='ocrx_word' id='word_1_336' title='bbox 472 2966 574 3020; x_wconf 64' lang='grc' dir='ltr'><strong>καλ⁵</strong></span> <span class='ocrx_word' id='word_1_337' title='bbox 608 2967 937 3038; x_wconf 79' lang='grc' dir='ltr'><strong>κατέρχεται</strong></span> <span class='ocrx_word' id='word_1_338' title='bbox 964 2969 1041 3027; x_wconf 77' lang='grc' dir='ltr'><strong>εἰς</strong></span> <span class='ocrx_word' id='word_1_339' title='bbox 1066 2967 1339 3035; x_wconf 77' lang='grc' dir='ltr'><strong>Γάλγαλα.</strong></span> <span class='ocrx_word' id='word_1_340' title='bbox 1392 2968 1487 3019; x_wconf 74' lang='grc' dir='ltr'><strong>καὶ</strong></span> <span class='ocrx_word' id='word_1_341' title='bbox 1517 2969 1704 3033; x_wconf 77' lang='grc' dir='ltr'><strong>ἐγκαι-</strong></span> 
     </span>
    </p>
   </div>
   <div class='ocr_carea' id='block_1_47' title="bbox 150 3052 1706 3129">
    <p class='ocr_par' dir='ltr' id='par_1_47' title="bbox 150 3052 1706 3129">
     <span class='ocr_line' id='line_1_47' title="bbox 150 3052 1706 3129; baseline -0.003 -15"><span class='ocrx_word' id='word_1_342' title='bbox 150 3052 379 3127; x_wconf 43' lang='lat' dir='ltr'><strong>Vlia-.2139</strong></span> <span class='ocrx_word' id='word_1_343' title='bbox 415 3057 703 3126; x_wconf 74' lang='grc' dir='ltr'><strong>βασιλειαν</strong></span> <span class='ocrx_word' id='word_1_344' title='bbox 751 3058 950 3121; x_wconf 72' lang='grc' dir='ltr'><strong>Σαοὺλ,</strong></span> <span class='ocrx_word' id='word_1_345' title='bbox 978 3058 1077 3112; x_wconf 75' lang='grc' dir='ltr'><strong>καὶ</strong></span> <span class='ocrx_word' id='word_1_346' title='bbox 1128 3059 1349 3113; x_wconf 79' lang='grc' dir='ltr'><strong>ἄπεισιν</strong></span> <span class='ocrx_word' id='word_1_347' title='bbox 1376 3058 1456 3120; x_wconf 77' lang='grc' dir='ltr'><strong>εἰς</strong></span> <span class='ocrx_word' id='word_1_348' title='bbox 1500 3059 1706 3129; x_wconf 80' lang='grc' dir='ltr'><strong>Ἀρμα-</strong></span> 
     </span>
    </p>
   </div>
   <div class='ocr_carea' id='block_1_48' title="bbox 152 3144 1703 3221">
    <p class='ocr_par' dir='ltr' id='par_1_48' title="bbox 152 3144 1703 3221">
     <span class='ocr_line' id='line_1_48' title="bbox 152 3144 1703 3221; baseline 0.003 -26"><span class='ocrx_word' id='word_1_349' title='bbox 152 3144 281 3213; x_wconf 75' lang='grc' dir='ltr'><strong>θιῖμ.</strong></span> <span class='ocrx_word' id='word_1_350' title='bbox 305 3148 737 3220; x_wconf 77' lang='grc' dir='ltr'><strong>Συναθροξζεται</strong></span> <span class='ocrx_word' id='word_1_351' title='bbox 760 3150 819 3203; x_wconf 83' lang='grc' dir='ltr'><strong>δὲ</strong></span> <span class='ocrx_word' id='word_1_352' title='bbox 841 3150 1043 3221; x_wconf 79' lang='grc' dir='ltr'><strong>πλῆθος</strong></span> <span class='ocrx_word' id='word_1_353' title='bbox 1071 3149 1388 3216; x_wconf 78' lang='grc' dir='ltr'><strong>ἀλλοφύλων</strong></span> <span class='ocrx_word' id='word_1_354' title='bbox 1420 3150 1475 3200; x_wconf 81' lang='grc' dir='ltr'><strong>ἒν</strong></span> <span class='ocrx_word' id='word_1_355' title='bbox 1490 3148 1703 3215; x_wconf 79' lang='grc' dir='ltr'><strong>Γαλγά-</strong></span> 
     </span>
    </p>
   </div>
   <div class='ocr_carea' id='block_1_49' title="bbox 148 3238 1704 3314">
    <p class='ocr_par' dir='ltr' id='par_1_49' title="bbox 148 3238 1704 3314">
     <span class='ocr_line' id='line_1_49' title="bbox 148 3238 1704 3314; baseline -0.001 -20"><span class='ocrx_word' id='word_1_356' title='bbox 148 3238 257 3301; x_wconf 65' lang='grc' dir='ltr'><strong>ἰοι;.</strong></span> <span class='ocrx_word' id='word_1_357' title='bbox 288 3247 380 3295; x_wconf 79' lang='grc' dir='ltr'><strong>καὶ</strong></span> <span class='ocrx_word' id='word_1_358' title='bbox 402 3243 507 3314; x_wconf 72' lang='grc' dir='ltr'><strong>οὐχ</strong></span> <span class='ocrx_word' id='word_1_359' title='bbox 538 3242 850 3312; x_wconf 75' lang='grc' dir='ltr'><strong>εὑρέθησαν</strong></span> <span class='ocrx_word' id='word_1_360' title='bbox 884 3243 1022 3313; x_wconf 71' lang='grc' dir='ltr'><strong>μετὰ</strong></span> <span class='ocrx_word' id='word_1_361' title='bbox 1046 3242 1220 3297; x_wconf 77' lang='grc' dir='ltr'><strong>Σαοὺλ</strong></span> <span class='ocrx_word' id='word_1_362' title='bbox 1243 3244 1293 3295; x_wconf 78' lang='grc' dir='ltr'><strong>εξ</strong></span> <span class='ocrx_word' id='word_1_363' title='bbox 1318 3242 1392 3312; x_wconf 84' lang='grc' dir='ltr'><strong>μὴ</strong></span> <span class='ocrx_word' id='word_1_364' title='bbox 1429 3239 1704 3304; x_wconf 78' lang='grc' dir='ltr'><strong>ἑξακόσιοι</strong></span> 
     </span>
    </p>
   </div>
   <div class='ocr_carea' id='block_1_50' title="bbox 149 3327 1706 3407">
    <p class='ocr_par' dir='ltr' id='par_1_50' title="bbox 149 3327 1706 3407">
     <span class='ocr_line' id='line_1_50' title="bbox 149 3327 1706 3407; baseline 0.003 -26"><span class='ocrx_word' id='word_1_365' title='bbox 149 3327 330 3399; x_wconf 73' lang='grc' dir='ltr'><strong>ἄνδρες,</strong></span> <span class='ocrx_word' id='word_1_366' title='bbox 357 3335 455 3387; x_wconf 76' lang='grc' dir='ltr'><strong>καὶ</strong></span> <span class='ocrx_word' id='word_1_367' title='bbox 488 3335 618 3388; x_wconf 72' lang='grc' dir='ltr'><strong>οὐδὲ</strong></span> <span class='ocrx_word' id='word_1_368' title='bbox 638 3334 852 3398; x_wconf 84' lang='grc' dir='ltr'><strong>τούτοις</strong></span> <span class='ocrx_word' id='word_1_369' title='bbox 881 3329 948 3407; x_wconf 86' lang='grc' dir='ltr'><strong>ἦν</strong></span> <span class='ocrx_word' id='word_1_370' title='bbox 978 3335 1140 3389; x_wconf 86' lang='grc' dir='ltr'><strong>ὅπλα.</strong></span> <span class='ocrx_word' id='word_1_371' title='bbox 1165 3334 1336 3387; x_wconf 78' lang='grc' dir='ltr'><strong>Σαοὺλ</strong></span> <span class='ocrx_word' id='word_1_372' title='bbox 1359 3333 1415 3386; x_wconf 78' lang='grc' dir='ltr'><strong>δὲ</strong></span> <span class='ocrx_word' id='word_1_373' title='bbox 1440 3333 1706 3400; x_wconf 78' lang='grc' dir='ltr'><strong>διαπορη-</strong></span> 
     </span>
    </p>
   </div>
   <div class='ocr_carea' id='block_1_51' title="bbox 148 3423 1706 3500">
    <p class='ocr_par' dir='ltr' id='par_1_51' title="bbox 148 3423 1706 3500">
     <span class='ocr_line' id='line_1_51' title="bbox 148 3423 1706 3500; baseline 0.003 -27"><span class='ocrx_word' id='word_1_374' title='bbox 148 3423 237 3488; x_wconf 67' lang='grc' dir='ltr'><strong>θεὶς</strong></span> <span class='ocrx_word' id='word_1_375' title='bbox 264 3427 355 3482; x_wconf 69' lang='grc' dir='ltr'><strong>καῖ.</strong></span> <span class='ocrx_word' id='word_1_376' title='bbox 384 3428 910 3500; x_wconf 76' lang='grc' dir='ltr'><strong>ἑτκρατευσὰμενος</strong></span> <span class='ocrx_word' id='word_1_377' title='bbox 928 3428 1039 3499; x_wconf 83' lang='lat'><strong>(59)</strong></span> <span class='ocrx_word' id='word_1_378' title='bbox 1065 3429 1365 3498; x_wconf 81' lang='grc' dir='ltr'><strong>ἀνήνεγκεν</strong></span> <span class='ocrx_word' id='word_1_379' title='bbox 1401 3426 1593 3479; x_wconf 79' lang='grc' dir='ltr'><strong>θυσίαν</strong></span> <span class='ocrx_word' id='word_1_380' title='bbox 1627 3425 1706 3497; x_wconf 81' lang='grc' dir='ltr'><strong>τῷ</strong></span> 
     </span>
    </p>
   </div>
   <div class='ocr_carea' id='block_1_52' title="bbox 148 3515 1703 3590">
    <p class='ocr_par' dir='ltr' id='par_1_52' title="bbox 148 3515 1703 3590">
     <span class='ocr_line' id='line_1_52' title="bbox 148 3515 1703 3590; baseline 0.001 -23"><span class='ocrx_word' id='word_1_381' title='bbox 148 3515 325 3589; x_wconf 75' lang='grc' dir='ltr'><strong>Κνρέῳ.</strong></span> <span class='ocrx_word' id='word_1_382' title='bbox 364 3520 479 3573; x_wconf 72' lang='grc' dir='ltr'><strong>Καὶ</strong></span> <span class='ocrx_word' id='word_1_383' title='bbox 520 3519 636 3572; x_wconf 73' lang='grc' dir='ltr'><strong>ἰδοὺ</strong></span> <span class='ocrx_word' id='word_1_384' title='bbox 668 3520 1035 3590; x_wconf 81' lang='grc' dir='ltr'><strong>παραγίνεται</strong></span> <span class='ocrx_word' id='word_1_385' title='bbox 1058 3517 1316 3587; x_wconf 79' lang='grc' dir='ltr'><strong>Σαμουὴλ</strong></span> <span class='ocrx_word' id='word_1_386' title='bbox 1349 3517 1486 3588; x_wconf 82' lang='grc' dir='ltr'><strong>πρὸς</strong></span> <span class='ocrx_word' id='word_1_387' title='bbox 1521 3516 1703 3580; x_wconf 73' lang='grc' dir='ltr'><strong>αὐτὸν,</strong></span> 
     </span>
    </p>
   </div>
   <div class='ocr_carea' id='block_1_53' title="bbox 147 3609 1707 3682">
    <p class='ocr_par' dir='ltr' id='par_1_53' title="bbox 147 3609 1707 3682">
     <span class='ocr_line' id='line_1_53' title="bbox 147 3609 1707 3682; baseline 0.002 -23"><span class='ocrx_word' id='word_1_388' title='bbox 147 3611 219 3660; x_wconf 73' lang='grc' dir='ltr'><strong>καὶ</strong></span> <span class='ocrx_word' id='word_1_389' title='bbox 244 3612 387 3679; x_wconf 76' lang='grc' dir='ltr'><strong>λέγει</strong></span> <span class='ocrx_word' id='word_1_390' title='bbox 426 3611 611 3682; x_wconf 75' lang='grc' dir='ltr'><strong>αὐτῷ·</strong></span> <span class='ocrx_word' id='word_1_391' title='bbox 661 3632 678 3664; x_wconf 81' lang='grc' dir='ltr'><strong>ι</strong></span> <span class='ocrx_word' id='word_1_392' title='bbox 712 3612 777 3664; x_wconf 80' lang='grc' dir='ltr'><strong>Τί</strong></span> <span class='ocrx_word' id='word_1_393' title='bbox 822 3612 980 3665; x_wconf 82' lang='grc' dir='ltr'><strong>τοῦτο</strong></span> <span class='ocrx_word' id='word_1_394' title='bbox 1015 3611 1310 3679; x_wconf 70' lang='grc' dir='ltr'><strong>ἐποίησαςς</strong></span> <span class='ocrx_word' id='word_1_395' title='bbox 1354 3629 1372 3661; x_wconf 77' lang='grc' dir='ltr'><strong>ι</strong></span> <span class='ocrx_word' id='word_1_396' title='bbox 1423 3611 1483 3664; x_wconf 85' lang='grc' dir='ltr'>Ὀ</span> <span class='ocrx_word' id='word_1_397' title='bbox 1510 3609 1567 3663; x_wconf 76' lang='grc' dir='ltr'><strong>δὲ</strong></span> <span class='ocrx_word' id='word_1_398' title='bbox 1609 3610 1707 3677; x_wconf 81' lang='grc' dir='ltr'><strong>τὴν</strong></span> 
     </span>
    </p>
   </div>
   <div class='ocr_carea' id='block_1_54' title="bbox 144 3701 1706 3773">
    <p class='ocr_par' dir='ltr' id='par_1_54' title="bbox 144 3701 1706 3773">
     <span class='ocr_line' id='line_1_54' title="bbox 144 3701 1706 3773; baseline 0.001 -21"><span class='ocrx_word' id='word_1_399' title='bbox 144 3702 349 3771; x_wconf 72' lang='grc' dir='ltr'><strong>ἀπορίαν</strong></span> <span class='ocrx_word' id='word_1_400' title='bbox 372 3704 475 3757; x_wconf 75' lang='grc' dir='ltr'><strong>τοῦ</strong></span> <span class='ocrx_word' id='word_1_401' title='bbox 501 3702 643 3758; x_wconf 79' lang='grc' dir='ltr'><strong>λαοῦ</strong></span> <span class='ocrx_word' id='word_1_402' title='bbox 674 3703 853 3756; x_wconf 77' lang='grc' dir='ltr'><strong>καὶτὸ</strong></span> <span class='ocrx_word' id='word_1_403' title='bbox 888 3702 1074 3757; x_wconf 67' lang='grc' dir='ltr'><strong>στενὸν</strong></span> <span class='ocrx_word' id='word_1_404' title='bbox 1114 3702 1206 3756; x_wconf 80' lang='grc' dir='ltr'><strong>τοῦ</strong></span> <span class='ocrx_word' id='word_1_405' title='bbox 1239 3702 1433 3773; x_wconf 83' lang='grc' dir='ltr'><strong>καιροῦ</strong></span> <span class='ocrx_word' id='word_1_406' title='bbox 1467 3701 1706 3771; x_wconf 71' lang='grc' dir='ltr'><strong>προϐάλ-</strong></span> 
     </span>
    </p>
   </div>
   <div class='ocr_carea' id='block_1_55' title="bbox 144 3790 1703 3865">
    <p class='ocr_par' dir='ltr' id='par_1_55' title="bbox 144 3790 1703 3865">
     <span class='ocr_line' id='line_1_55' title="bbox 144 3790 1703 3865; baseline 0.003 -22"><span class='ocrx_word' id='word_1_407' title='bbox 144 3790 288 3847; x_wconf 80' lang='grc' dir='ltr'><strong>λεται.</strong></span> <span class='ocrx_word' id='word_1_408' title='bbox 315 3796 585 3865; x_wconf 73' lang='grc' dir='ltr'><strong>Σαμουὴλ</strong></span> <span class='ocrx_word' id='word_1_409' title='bbox 612 3795 669 3849; x_wconf 79' lang='grc' dir='ltr'><strong>δὲ</strong></span> <span class='ocrx_word' id='word_1_410' title='bbox 702 3795 866 3865; x_wconf 79' lang='grc' dir='ltr'><strong>ἀραῖς</strong></span> <span class='ocrx_word' id='word_1_411' title='bbox 888 3794 1052 3847; x_wconf 77' lang='grc' dir='ltr'><strong>αὐτὸν</strong></span> <span class='ocrx_word' id='word_1_412' title='bbox 1085 3793 1393 3864; x_wconf 78' lang='grc' dir='ltr'><strong>ἀπειλήσας</strong></span> <span class='ocrx_word' id='word_1_413' title='bbox 1416 3793 1516 3862; x_wconf 79' lang='grc' dir='ltr'><strong>τὴν</strong></span> <span class='ocrx_word' id='word_1_414' title='bbox 1542 3792 1703 3862; x_wconf 87' lang='grc' dir='ltr'><strong>βασι-</strong></span> 
     </span>
    </p>
   </div>
   <div class='ocr_carea' id='block_1_56' title="bbox 143 3883 1705 3958">
    <p class='ocr_par' dir='ltr' id='par_1_56' title="bbox 143 3883 1705 3958">
     <span class='ocr_line' id='line_1_56' title="bbox 143 3883 1705 3958; baseline 0.003 -23"><span class='ocrx_word' id='word_1_415' title='bbox 143 3883 263 3936; x_wconf 73' lang='grc' dir='ltr'><strong>λείαν</strong></span> <span class='ocrx_word' id='word_1_416' title='bbox 286 3887 460 3957; x_wconf 76' lang='grc' dir='ltr'><strong>ἑτέρῳ</strong></span> <span class='ocrx_word' id='word_1_417' title='bbox 514 3886 599 3956; x_wconf 85' lang='grc' dir='ltr'><strong>τῷ</strong></span> <span class='ocrx_word' id='word_1_418' title='bbox 634 3888 777 3958; x_wconf 78' lang='grc' dir='ltr'><strong>ὑπὲρ</strong></span> <span class='ocrx_word' id='word_1_419' title='bbox 833 3885 996 3940; x_wconf 74' lang='grc' dir='ltr'><strong>αὐτὸν</strong></span> <span class='ocrx_word' id='word_1_420' title='bbox 1051 3886 1326 3956; x_wconf 79' lang='grc' dir='ltr'><strong>κρείττονι</strong></span> <span class='ocrx_word' id='word_1_421' title='bbox 1373 3884 1705 3954; x_wconf 78' lang='grc' dir='ltr'><strong>δοθήσεσθαι</strong></span> 
     </span>
    </p>
   </div>
   <div class='ocr_carea' id='block_1_57' title="bbox 141 3976 1708 4048">
    <p class='ocr_par' dir='ltr' id='par_1_57' title="bbox 141 3976 1708 4048">
     <span class='ocr_line' id='line_1_57' title="bbox 141 3976 1708 4048; baseline 0.003 -22"><span class='ocrx_word' id='word_1_422' title='bbox 141 3981 449 4046; x_wconf 70' lang='grc' dir='ltr'><strong>προφητεύει</strong></span> <span class='ocrx_word' id='word_1_423' title='bbox 476 4019 493 4042; x_wconf 84' lang='grc'>,</span> <span class='ocrx_word' id='word_1_424' title='bbox 552 3979 652 4032; x_wconf 73' lang='grc' dir='ltr'><strong>καὶ</strong></span> <span class='ocrx_word' id='word_1_425' title='bbox 691 3978 928 4032; x_wconf 81' lang='grc' dir='ltr'><strong>ἄπεισιν.</strong></span> <span class='ocrx_word' id='word_1_426' title='bbox 978 3976 1239 4032; x_wconf 81' lang='grc' dir='ltr'><strong>Ἰωνάθαν</strong></span> <span class='ocrx_word' id='word_1_427' title='bbox 1268 3977 1326 4030; x_wconf 73' lang='grc' dir='ltr'><strong>δὲ</strong></span> <span class='ocrx_word' id='word_1_428' title='bbox 1361 3977 1522 4048; x_wconf 77' lang='grc' dir='ltr'><strong>μόνος</strong></span> <span class='ocrx_word' id='word_1_429' title='bbox 1569 3976 1708 4046; x_wconf 82' lang='grc' dir='ltr'><strong>μετὰ</strong></span> 
     </span>
    </p>
   </div>
   <div class='ocr_carea' id='block_1_58' title="bbox 138 4069 1702 4142">
    <p class='ocr_par' dir='ltr' id='par_1_58' title="bbox 138 4069 1702 4142">
     <span class='ocr_line' id='line_1_58' title="bbox 138 4069 1702 4142; baseline 0.003 -22"><span class='ocrx_word' id='word_1_430' title='bbox 138 4072 213 4122; x_wconf 69' lang='grc' dir='ltr'><strong>τοῦ</strong></span> <span class='ocrx_word' id='word_1_431' title='bbox 242 4076 487 4142; x_wconf 80' lang='grc' dir='ltr'><strong>αἴροντος</strong></span> <span class='ocrx_word' id='word_1_432' title='bbox 544 4073 619 4126; x_wconf 74' lang='grc' dir='ltr'><strong>τὰ</strong></span> <span class='ocrx_word' id='word_1_433' title='bbox 654 4071 827 4141; x_wconf 83' lang='grc' dir='ltr'><strong>σκεύη</strong></span> <span class='ocrx_word' id='word_1_434' title='bbox 867 4071 1032 4125; x_wconf 79' lang='grc' dir='ltr'><strong>αὐτοῦ</strong></span> <span class='ocrx_word' id='word_1_435' title='bbox 1067 4069 1554 4142; x_wconf 80' lang='grc' dir='ltr'><strong>παραϐιασάμενος</strong></span> <span class='ocrx_word' id='word_1_436' title='bbox 1599 4087 1702 4124; x_wconf 83' lang='grc' dir='ltr'><strong>κα-</strong></span> 
     </span>
    </p>
   </div>
   <div class='ocr_carea' id='block_1_59' title="bbox 139 4165 1705 4239">
    <p class='ocr_par' dir='ltr' id='par_1_59' title="bbox 139 4165 1705 4239">
     <span class='ocr_line' id='line_1_59' title="bbox 139 4165 1705 4239; baseline 0.001 -24"><span class='ocrx_word' id='word_1_437' title='bbox 139 4166 305 4235; x_wconf 69' lang='grc' dir='ltr'><strong>τῆλθεν</strong></span> <span class='ocrx_word' id='word_1_438' title='bbox 342 4172 426 4232; x_wconf 80' lang='grc' dir='ltr'><strong>εἰς</strong></span> <span class='ocrx_word' id='word_1_439' title='bbox 483 4168 595 4239; x_wconf 75' lang='grc' dir='ltr'><strong>τὴν</strong></span> <span class='ocrx_word' id='word_1_440' title='bbox 630 4168 930 4221; x_wconf 74' lang='grc' dir='ltr'><strong>ὑπόστασιν</strong></span> <span class='ocrx_word' id='word_1_441' title='bbox 962 4165 1047 4239; x_wconf 85' lang='grc' dir='ltr'><strong>[Ρ.</strong></span> <span class='ocrx_word' id='word_1_442' title='bbox 1073 4166 1167 4239; x_wconf 76' lang='grc'><strong>65]</strong></span> <span class='ocrx_word' id='word_1_443' title='bbox 1227 4166 1336 4219; x_wconf 82' lang='grc' dir='ltr'><strong>τῶν</strong></span> <span class='ocrx_word' id='word_1_444' title='bbox 1370 4166 1705 4233; x_wconf 83' lang='grc' dir='ltr'><strong>ἀλλοφύλων,</strong></span> 
     </span>
    </p>
   </div>
   <div class='ocr_carea' id='block_1_60' title="bbox 138 4258 1710 4332">
    <p class='ocr_par' dir='ltr' id='par_1_60' title="bbox 138 4258 1710 4332">
     <span class='ocr_line' id='line_1_60' title="bbox 138 4258 1710 4332; baseline 0.001 -22"><span class='ocrx_word' id='word_1_445' title='bbox 138 4261 212 4310; x_wconf 67' lang='grc' dir='ltr'><strong>καὶ</strong></span> <span class='ocrx_word' id='word_1_446' title='bbox 235 4261 502 4332; x_wconf 68' lang='grc' dir='ltr'><strong>σύμϐολον</strong></span> <span class='ocrx_word' id='word_1_447' title='bbox 541 4261 672 4322; x_wconf 80' lang='grc' dir='ltr'><strong>δοὺς</strong></span> <span class='ocrx_word' id='word_1_448' title='bbox 723 4260 803 4329; x_wconf 82' lang='grc' dir='ltr'><strong>τῷ</strong></span> <span class='ocrx_word' id='word_1_449' title='bbox 832 4259 1042 4329; x_wconf 78' lang='grc' dir='ltr'><strong>αἴροντι</strong></span> <span class='ocrx_word' id='word_1_450' title='bbox 1075 4261 1143 4313; x_wconf 75' lang='grc' dir='ltr'><strong>τὰ</strong></span> <span class='ocrx_word' id='word_1_451' title='bbox 1178 4259 1349 4329; x_wconf 83' lang='grc' dir='ltr'><strong>σκεύη</strong></span> <span class='ocrx_word' id='word_1_452' title='bbox 1388 4258 1553 4312; x_wconf 78' lang='grc' dir='ltr'><strong>αὐτοῦ</strong></span> <span class='ocrx_word' id='word_1_453' title='bbox 1582 4258 1710 4311; x_wconf 74' lang='grc' dir='ltr'><strong>ἐπέ-</strong></span> 
     </span>
    </p>
   </div>
   <div class='ocr_carea' id='block_1_61' title="bbox 138 4345 1707 4424">
    <p class='ocr_par' dir='ltr' id='par_1_61' title="bbox 138 4345 1707 4424">
     <span class='ocr_line' id='line_1_61' title="bbox 138 4345 1707 4424; baseline 0.001 -25"><span class='ocrx_word' id='word_1_454' title='bbox 138 4346 237 4401; x_wconf 74' lang='grc' dir='ltr'><strong>θετο</strong></span> <span class='ocrx_word' id='word_1_455' title='bbox 288 4353 404 4415; x_wconf 79' lang='grc' dir='ltr'><strong>τοῖς</strong></span> <span class='ocrx_word' id='word_1_456' title='bbox 441 4351 929 4424; x_wconf 71' lang='grc' dir='ltr'><strong>προτρυλάσσουσι,</strong></span> <span class='ocrx_word' id='word_1_457' title='bbox 985 4349 1081 4403; x_wconf 77' lang='grc' dir='ltr'><strong>καὶ</strong></span> <span class='ocrx_word' id='word_1_458' title='bbox 1142 4348 1414 4413; x_wconf 76' lang='grc' dir='ltr'><strong>ἐπάταξεν</strong></span> <span class='ocrx_word' id='word_1_459' title='bbox 1471 4349 1604 4402; x_wconf 74' lang='grc' dir='ltr'><strong>ὡσεὶ</strong></span> <span class='ocrx_word' id='word_1_460' title='bbox 1659 4345 1707 4400; x_wconf 81' lang='grc' dir='ltr'><strong>κ’</strong></span> 
     </span>
    </p>
   </div>
   <div class='ocr_carea' id='block_1_62' title="bbox 136 4440 1704 4516">
    <p class='ocr_par' dir='ltr' id='par_1_62' title="bbox 136 4440 1704 4516">
     <span class='ocr_line' id='line_1_62' title="bbox 136 4440 1704 4516; baseline -0.001 -22"><span class='ocrx_word' id='word_1_461' title='bbox 136 4440 327 4514; x_wconf 77' lang='grc' dir='ltr'><strong>ἄνδρας.</strong></span> <span class='ocrx_word' id='word_1_462' title='bbox 344 4446 456 4499; x_wconf 67' lang='grc' dir='ltr'><strong>Καὶ</strong></span> <span class='ocrx_word' id='word_1_463' title='bbox 476 4445 764 4516; x_wconf 72' lang='grc' dir='ltr'><strong>ἐπήνεγκε</strong></span> <span class='ocrx_word' id='word_1_464' title='bbox 788 4443 994 4514; x_wconf 78' lang='grc' dir='ltr'><strong>Κύριος</strong></span> <span class='ocrx_word' id='word_1_465' title='bbox 1010 4443 1268 4496; x_wconf 73' lang='grc' dir='ltr'><strong>ἔκστασιν</strong></span> <span class='ocrx_word' id='word_1_466' title='bbox 1298 4443 1359 4495; x_wconf 83' lang='grc' dir='ltr'><strong>ὲν</strong></span> <span class='ocrx_word' id='word_1_467' title='bbox 1385 4444 1452 4513; x_wconf 79' lang='grc' dir='ltr'><strong>τῇ</strong></span> <span class='ocrx_word' id='word_1_468' title='bbox 1479 4458 1621 4513; x_wconf 86' lang='grc' dir='ltr'><strong>παρε</strong></span> <span class='ocrx_word' id='word_1_469' title='bbox 1636 4460 1704 4511; x_wconf 85' lang='grc' dir='ltr'><strong>μ-</strong></span> 
     </span>
    </p>
   </div>
   <div class='ocr_carea' id='block_1_63' title="bbox 1802 1952 3385 2027">
    <p class='ocr_par' dir='ltr' id='par_1_63' title="bbox 1802 1952 3385 2027">
     <span class='ocr_line' id='line_1_63' title="bbox 1802 1952 3385 2027; baseline -0.006 -14"><span class='ocrx_word' id='word_1_470' title='bbox 1802 1956 2048 2019; x_wconf 86' lang='lat' dir='ltr'><strong>sent,ita</strong></span> <span class='ocrx_word' id='word_1_471' title='bbox 2081 1971 2212 2027; x_wconf 86' lang='lat' dir='ltr'><strong>ergo</strong></span> <span class='ocrx_word' id='word_1_472' title='bbox 2263 1956 2518 2020; x_wconf 87' lang='lat' dir='ltr'><strong>Saulum,</strong></span> <span class='ocrx_word' id='word_1_473' title='bbox 2572 1956 2859 2010; x_wconf 88' lang='lat' dir='ltr'><strong>hominem</strong></span> <span class='ocrx_word' id='word_1_474' title='bbox 2925 1955 3068 2008; x_wconf 88' lang='lat' dir='ltr'><strong>tribu</strong></span> <span class='ocrx_word' id='word_1_475' title='bbox 3112 1952 3385 2023; x_wconf 37' lang='lat' dir='ltr'><strong>Benjanti&#39;</strong></span> 
     </span>
    </p>
   </div>
   <div class='ocr_carea' id='block_1_64' title="bbox 1800 2043 3382 2117">
    <p class='ocr_par' dir='ltr' id='par_1_64' title="bbox 1800 2043 3382 2117">
     <span class='ocr_line' id='line_1_64' title="bbox 1800 2043 3382 2117; baseline -0.004 -14"><span class='ocrx_word' id='word_1_476' title='bbox 1800 2062 2005 2113; x_wconf 78' lang='lat' dir='ltr'><strong>meum,</strong></span> <span class='ocrx_word' id='word_1_477' title='bbox 2060 2047 2320 2102; x_wconf 85' lang='lat' dir='ltr'><strong>unetione</strong></span> <span class='ocrx_word' id='word_1_478' title='bbox 2348 2062 2531 2117; x_wconf 80' lang='lat' dir='ltr'><strong>regem</strong></span> <span class='ocrx_word' id='word_1_479' title='bbox 2575 2047 2644 2102; x_wconf 90' lang='lat' dir='ltr'><strong>iis</strong></span> <span class='ocrx_word' id='word_1_480' title='bbox 2673 2045 3008 2117; x_wconf 77' lang='lat' dir='ltr'><strong>designavit.</strong></span> <span class='ocrx_word' id='word_1_481' title='bbox 3068 2043 3382 2099; x_wconf 87' lang='lat' dir='ltr'><strong>Secundum</strong></span> 
     </span>
    </p>
   </div>
   <div class='ocr_carea' id='block_1_65' title="bbox 1801 2136 3385 2195">
    <p class='ocr_par' dir='ltr' id='par_1_65' title="bbox 1801 2136 3385 2195">
     <span class='ocr_line' id='line_1_65' title="bbox 1801 2136 3385 2195; baseline -0.005 0"><span class='ocrx_word' id='word_1_482' title='bbox 1801 2141 1919 2195; x_wconf 65' lang='lat' dir='ltr'><strong>haec</strong></span> <span class='ocrx_word' id='word_1_483' title='bbox 1963 2139 2404 2194; x_wconf 88' lang='lat' dir='ltr'><strong>Ammonitarum</strong></span> <span class='ocrx_word' id='word_1_484' title='bbox 2454 2153 2549 2195; x_wconf 76' lang='lat' dir='ltr'><strong>rex</strong></span> <span class='ocrx_word' id='word_1_485' title='bbox 2597 2138 2814 2194; x_wconf 86' lang='lat' dir='ltr'><strong>Naasus</strong></span> <span class='ocrx_word' id='word_1_486' title='bbox 2857 2136 3139 2193; x_wconf 86' lang='lat' dir='ltr'><strong>Gileadam</strong></span> <span class='ocrx_word' id='word_1_487' title='bbox 3194 2137 3385 2190; x_wconf 84' lang='lat' dir='ltr'><strong>urbem</strong></span> 
     </span>
    </p>
   </div>
   <div class='ocr_carea' id='block_1_66' title="bbox 1802 2215 3381 2304">
    <p class='ocr_par' dir='ltr' id='par_1_66' title="bbox 1802 2215 3381 2304">
     <span class='ocr_line' id='line_1_66' title="bbox 1802 2215 3381 2304; baseline -0.001 -18"><span class='ocrx_word' id='word_1_488' title='bbox 1802 2232 2157 2304; x_wconf 77' lang='lat' dir='ltr'><strong>oppugnavit.</strong></span> <span class='ocrx_word' id='word_1_489' title='bbox 2188 2230 2328 2288; x_wconf 88' lang='lat' dir='ltr'><strong>Cum</strong></span> <span class='ocrx_word' id='word_1_490' title='bbox 2377 2246 2509 2287; x_wconf 91' lang='lat' dir='ltr'><strong>vero</strong></span> <span class='ocrx_word' id='word_1_491' title='bbox 2540 2230 2578 2285; x_wconf 92' lang='lat' dir='ltr'><strong>ii</strong></span> <span class='ocrx_word' id='word_1_492' title='bbox 2624 2231 2821 2286; x_wconf 86' lang='lat' dir='ltr'><strong>salutis</strong></span> <span class='ocrx_word' id='word_1_493' title='bbox 2879 2215 3192 2285; x_wconf 65' lang='lat' dir='ltr'><strong>obtinendae</strong></span> <span class='ocrx_word' id='word_1_494' title='bbox 3225 2227 3381 2297; x_wconf 86' lang='grc' dir='ltr'><strong>ιιι</strong></span> 
     </span>
    </p>
   </div>
   <div class='ocr_carea' id='block_1_67' title="bbox 1802 2307 3386 2391">
    <p class='ocr_par' dir='ltr' id='par_1_67' title="bbox 1802 2307 3386 2391">
     <span class='ocr_line' id='line_1_67' title="bbox 1802 2307 3386 2391; baseline -0.004 -14"><span class='ocrx_word' id='word_1_495' title='bbox 1802 2336 1969 2379; x_wconf 88' lang='lat' dir='ltr'><strong>causa</strong></span> <span class='ocrx_word' id='word_1_496' title='bbox 1998 2323 2325 2379; x_wconf 80' lang='lat' dir='ltr'><strong>servitutem</strong></span> <span class='ocrx_word' id='word_1_497' title='bbox 2355 2337 2419 2378; x_wconf 91' lang='lat' dir='ltr'><strong>se</strong></span> <span class='ocrx_word' id='word_1_498' title='bbox 2444 2323 2492 2378; x_wconf 90' lang='lat' dir='ltr'><strong>ei</strong></span> <span class='ocrx_word' id='word_1_499' title='bbox 2525 2307 2829 2379; x_wconf 70' lang='lat' dir='ltr'><strong>servituros</strong></span> <span class='ocrx_word' id='word_1_500' title='bbox 2851 2320 3256 2391; x_wconf 83' lang='lat' dir='ltr'><strong>promitterent,</strong></span> <span class='ocrx_word' id='word_1_501' title='bbox 3281 2320 3386 2375; x_wconf 87' lang='lat' dir='ltr'><strong>ali-</strong></span> 
     </span>
    </p>
   </div>
   <div class='ocr_carea' id='block_1_68' title="bbox 1802 2412 3387 2485">
    <p class='ocr_par' dir='ltr' id='par_1_68' title="bbox 1802 2412 3387 2485">
     <span class='ocr_line' id='line_1_68' title="bbox 1802 2412 3387 2485; baseline -0.001 -16"><span class='ocrx_word' id='word_1_502' title='bbox 1802 2423 1887 2472; x_wconf 92' lang='lat' dir='ltr'><strong>ter</strong></span> <span class='ocrx_word' id='word_1_503' title='bbox 1911 2431 1971 2471; x_wconf 84' lang='lat' dir='ltr'><strong>se</strong></span> <span class='ocrx_word' id='word_1_504' title='bbox 1996 2414 2066 2471; x_wconf 90' lang='lat' dir='ltr'><strong>iis</strong></span> <span class='ocrx_word' id='word_1_505' title='bbox 2088 2414 2432 2484; x_wconf 85' lang='lat' dir='ltr'><strong>parciturum</strong></span> <span class='ocrx_word' id='word_1_506' title='bbox 2457 2412 2677 2470; x_wconf 86' lang='lat' dir='ltr'><strong>Naasus</strong></span> <span class='ocrx_word' id='word_1_507' title='bbox 2702 2416 2944 2485; x_wconf 84' lang='lat' dir='ltr'><strong>negavit,</strong></span> <span class='ocrx_word' id='word_1_508' title='bbox 2979 2415 3084 2470; x_wconf 88' lang='lat' dir='ltr'><strong>nisi</strong></span> <span class='ocrx_word' id='word_1_509' title='bbox 3105 2414 3159 2467; x_wconf 92' lang='lat' dir='ltr'><strong>in</strong></span> <span class='ocrx_word' id='word_1_510' title='bbox 3183 2428 3387 2485; x_wconf 88' lang='lat' dir='ltr'><strong>oppro-</strong></span> 
     </span>
    </p>
   </div>
   <div class='ocr_carea' id='block_1_69' title="bbox 1802 2506 3385 2579">
    <p class='ocr_par' dir='ltr' id='par_1_69' title="bbox 1802 2506 3385 2579">
     <span class='ocr_line' id='line_1_69' title="bbox 1802 2506 3385 2579; baseline -0.003 -15"><span class='ocrx_word' id='word_1_511' title='bbox 1802 2509 1982 2565; x_wconf 87' lang='lat' dir='ltr'><strong>brium</strong></span> <span class='ocrx_word' id='word_1_512' title='bbox 2014 2507 2283 2563; x_wconf 73' lang='lat' dir='ltr'><strong>lsraelicae</strong></span> <span class='ocrx_word' id='word_1_513' title='bbox 2304 2508 2485 2579; x_wconf 85' lang='lat' dir='ltr'><strong>gentis</strong></span> <span class='ocrx_word' id='word_1_514' title='bbox 2517 2508 2696 2563; x_wconf 86' lang='lat' dir='ltr'><strong>cuivis</strong></span> <span class='ocrx_word' id='word_1_515' title='bbox 2731 2509 2851 2562; x_wconf 89' lang='lat' dir='ltr'><strong>viro</strong></span> <span class='ocrx_word' id='word_1_516' title='bbox 2881 2508 3100 2562; x_wconf 89' lang='lat' dir='ltr'><strong>oculum</strong></span> <span class='ocrx_word' id='word_1_517' title='bbox 3133 2506 3385 2561; x_wconf 76' lang='lat' dir='ltr'><strong>dextrum</strong></span> 
     </span>
    </p>
   </div>
   <div class='ocr_carea' id='block_1_70' title="bbox 1804 2596 3389 2669">
    <p class='ocr_par' dir='ltr' id='par_1_70' title="bbox 1804 2596 3389 2669">
     <span class='ocr_line' id='line_1_70' title="bbox 1804 2596 3389 2669; baseline -0.004 -14"><span class='ocrx_word' id='word_1_518' title='bbox 1804 2600 2062 2655; x_wconf 81' lang='lat' dir='ltr'><strong>eruisset.</strong></span> <span class='ocrx_word' id='word_1_519' title='bbox 2099 2598 2154 2653; x_wconf 92' lang='lat' dir='ltr'><strong>Id</strong></span> <span class='ocrx_word' id='word_1_520' title='bbox 2182 2599 2458 2669; x_wconf 86' lang='lat' dir='ltr'><strong>ingentem</strong></span> <span class='ocrx_word' id='word_1_521' title='bbox 2486 2598 2632 2668; x_wconf 89' lang='lat' dir='ltr'><strong>apud</strong></span> <span class='ocrx_word' id='word_1_522' title='bbox 2665 2596 2970 2653; x_wconf 85' lang='lat' dir='ltr'><strong>Gileaditas</strong></span> <span class='ocrx_word' id='word_1_523' title='bbox 2999 2596 3206 2651; x_wconf 90' lang='lat' dir='ltr'><strong>lnetum</strong></span> <span class='ocrx_word' id='word_1_524' title='bbox 3236 2597 3389 2650; x_wconf 77' lang='lat' dir='ltr'><strong>exci-</strong></span> 
     </span>
    </p>
   </div>
   <div class='ocr_carea' id='block_1_71' title="bbox 1805 2690 3386 2764">
    <p class='ocr_par' dir='ltr' id='par_1_71' title="bbox 1805 2690 3386 2764">
     <span class='ocr_line' id='line_1_71' title="bbox 1805 2690 3386 2764; baseline -0.004 -18"><span class='ocrx_word' id='word_1_525' title='bbox 1805 2693 1961 2747; x_wconf 84' lang='lat' dir='ltr'><strong>tavit.</strong></span> <span class='ocrx_word' id='word_1_526' title='bbox 2021 2692 2226 2749; x_wconf 85' lang='lat' dir='ltr'><strong>Saulus</strong></span> <span class='ocrx_word' id='word_1_527' title='bbox 2259 2701 2444 2749; x_wconf 88' lang='lat' dir='ltr'><strong>autem</strong></span> <span class='ocrx_word' id='word_1_528' title='bbox 2480 2707 2540 2747; x_wconf 86' lang='lat' dir='ltr'><strong>re</strong></span> <span class='ocrx_word' id='word_1_529' title='bbox 2578 2691 2799 2764; x_wconf 87' lang='lat' dir='ltr'><strong>cognita</strong></span> <span class='ocrx_word' id='word_1_530' title='bbox 2855 2699 3033 2746; x_wconf 92' lang='lat' dir='ltr'><strong>totum</strong></span> <span class='ocrx_word' id='word_1_531' title='bbox 3068 2690 3386 2746; x_wconf 86' lang='lat' dir='ltr'><strong>Israelicum</strong></span> 
     </span>
    </p>
   </div>
   <div class='ocr_carea' id='block_1_72' title="bbox 1804 2781 3386 2855">
    <p class='ocr_par' dir='ltr' id='par_1_72' title="bbox 1804 2781 3386 2855">
     <span class='ocr_line' id='line_1_72' title="bbox 1804 2781 3386 2855; baseline -0.003 -18"><span class='ocrx_word' id='word_1_532' title='bbox 1804 2783 2066 2855; x_wconf 85' lang='lat' dir='ltr'><strong>populum</strong></span> <span class='ocrx_word' id='word_1_533' title='bbox 2123 2783 2188 2838; x_wconf 88' lang='lat' dir='ltr'><strong>ad</strong></span> <span class='ocrx_word' id='word_1_534' title='bbox 2217 2797 2276 2839; x_wconf 87' lang='lat' dir='ltr'><strong>se</strong></span> <span class='ocrx_word' id='word_1_535' title='bbox 2305 2782 2654 2848; x_wconf 79' lang='lat' dir='ltr'><strong>convocavit,</strong></span> <span class='ocrx_word' id='word_1_536' title='bbox 2687 2796 3089 2851; x_wconf 82' lang='lat' dir='ltr'><strong>numerumque</strong></span> <span class='ocrx_word' id='word_1_537' title='bbox 3144 2781 3386 2835; x_wconf 88' lang='lat' dir='ltr'><strong>virorum</strong></span> 
     </span>
    </p>
   </div>
   <div class='ocr_carea' id='block_1_73' title="bbox 1804 2873 3390 2945">
    <p class='ocr_par' dir='ltr' id='par_1_73' title="bbox 1804 2873 3390 2945">
     <span class='ocr_line' id='line_1_73' title="bbox 1804 2873 3390 2945; baseline -0.001 -16"><span class='ocrx_word' id='word_1_538' title='bbox 1804 2876 1911 2930; x_wconf 81' lang='lat'><strong>670</strong></span> <span class='ocrx_word' id='word_1_539' title='bbox 1938 2875 2112 2930; x_wconf 82' lang='lat' dir='ltr'><strong>millia</strong></span> <span class='ocrx_word' id='word_1_540' title='bbox 2146 2874 2375 2930; x_wconf 79' lang='lat' dir='ltr'><strong>invenit.</strong></span> <span class='ocrx_word' id='word_1_541' title='bbox 2404 2873 2665 2938; x_wconf 89' lang='lat' dir='ltr'><strong>Proinde,</strong></span> <span class='ocrx_word' id='word_1_542' title='bbox 2703 2875 2877 2945; x_wconf 91' lang='lat' dir='ltr'><strong>copiis</strong></span> <span class='ocrx_word' id='word_1_543' title='bbox 2921 2877 2973 2928; x_wconf 90' lang='lat' dir='ltr'><strong>in</strong></span> <span class='ocrx_word' id='word_1_544' title='bbox 3030 2883 3144 2928; x_wconf 91' lang='lat' dir='ltr'><strong>tres</strong></span> <span class='ocrx_word' id='word_1_545' title='bbox 3205 2880 3390 2944; x_wconf 72' lang='lat' dir='ltr'><strong>partes</strong></span> 
     </span>
    </p>
   </div>
   <div class='ocr_carea' id='block_1_74' title="bbox 1806 2965 3387 3038">
    <p class='ocr_par' dir='ltr' id='par_1_74' title="bbox 1806 2965 3387 3038">
     <span class='ocr_line' id='line_1_74' title="bbox 1806 2965 3387 3038; baseline -0.002 -18"><span class='ocrx_word' id='word_1_546' title='bbox 1806 2966 2020 3032; x_wconf 79' lang='lat' dir='ltr'><strong>divisis,</strong></span> <span class='ocrx_word' id='word_1_547' title='bbox 2054 2966 2339 3021; x_wconf 80' lang='lat' dir='ltr'><strong>Amanitas</strong></span> <span class='ocrx_word' id='word_1_548' title='bbox 2367 2980 2662 3038; x_wconf 80' lang='lat' dir='ltr'><strong>aggressus</strong></span> <span class='ocrx_word' id='word_1_549' title='bbox 2683 2967 2969 3022; x_wconf 86' lang='lat' dir='ltr'><strong>occidione</strong></span> <span class='ocrx_word' id='word_1_550' title='bbox 2994 2966 3214 3023; x_wconf 90' lang='lat' dir='ltr'><strong>occidit.</strong></span> <span class='ocrx_word' id='word_1_551' title='bbox 3250 2965 3387 3020; x_wconf 86' lang='lat' dir='ltr'><strong>Tum</strong></span> 
     </span>
    </p>
   </div>
   <div class='ocr_carea' id='block_1_75' title="bbox 1809 3059 3387 3131">
    <p class='ocr_par' dir='ltr' id='par_1_75' title="bbox 1809 3059 3387 3131">
     <span class='ocr_line' id='line_1_75' title="bbox 1809 3059 3387 3131; baseline -0.004 -17"><span class='ocrx_word' id='word_1_552' title='bbox 1809 3059 2100 3115; x_wconf 86' lang='lat' dir='ltr'><strong>Samuelus</strong></span> <span class='ocrx_word' id='word_1_553' title='bbox 2135 3069 2424 3130; x_wconf 88' lang='lat' dir='ltr'><strong>assumpto</strong></span> <span class='ocrx_word' id='word_1_554' title='bbox 2449 3060 2654 3131; x_wconf 88' lang='lat' dir='ltr'><strong>populo</strong></span> <span class='ocrx_word' id='word_1_555' title='bbox 2685 3060 2750 3116; x_wconf 84' lang='lat' dir='ltr'><strong>ad</strong></span> <span class='ocrx_word' id='word_1_556' title='bbox 2798 3060 3022 3130; x_wconf 87' lang='lat' dir='ltr'><strong>Galgala</strong></span> <span class='ocrx_word' id='word_1_557' title='bbox 3085 3059 3387 3122; x_wconf 81' lang='lat' dir='ltr'><strong>descendit,</strong></span> 
     </span>
    </p>
   </div>
   <div class='ocr_carea' id='block_1_76' title="bbox 1812 3150 3394 3222">
    <p class='ocr_par' dir='ltr' id='par_1_76' title="bbox 1812 3150 3394 3222">
     <span class='ocr_line' id='line_1_76' title="bbox 1812 3150 3394 3222; baseline -0.001 -18"><span class='ocrx_word' id='word_1_558' title='bbox 1812 3150 2154 3219; x_wconf 82' lang='lat' dir='ltr'><strong>Sanlumqne</strong></span> <span class='ocrx_word' id='word_1_559' title='bbox 2180 3151 2255 3204; x_wconf 86' lang='lat' dir='ltr'><strong>ibi</strong></span> <span class='ocrx_word' id='word_1_560' title='bbox 2289 3166 2463 3221; x_wconf 89' lang='lat' dir='ltr'><strong>regno</strong></span> <span class='ocrx_word' id='word_1_561' title='bbox 2494 3151 2868 3221; x_wconf 88' lang='lat' dir='ltr'><strong>inauguravit,</strong></span> <span class='ocrx_word' id='word_1_562' title='bbox 2930 3153 3157 3222; x_wconf 84' lang='lat' dir='ltr'><strong>ipseque</strong></span> <span class='ocrx_word' id='word_1_563' title='bbox 3196 3153 3394 3206; x_wconf 86' lang='lat' dir='ltr'><strong>Arma-</strong></span> 
     </span>
    </p>
   </div>
   <div class='ocr_carea' id='block_1_77' title="bbox 1814 3242 3391 3313">
    <p class='ocr_par' dir='ltr' id='par_1_77' title="bbox 1814 3242 3391 3313">
     <span class='ocr_line' id='line_1_77' title="bbox 1814 3242 3391 3313; baseline 0.001 -17"><span class='ocrx_word' id='word_1_564' title='bbox 1814 3242 2074 3296; x_wconf 87' lang='lat' dir='ltr'><strong>tbaimam</strong></span> <span class='ocrx_word' id='word_1_565' title='bbox 2108 3243 2262 3297; x_wconf 89' lang='lat' dir='ltr'><strong>abiit.</strong></span> <span class='ocrx_word' id='word_1_566' title='bbox 2302 3242 2472 3297; x_wconf 81' lang='lat' dir='ltr'><strong>Paulo</strong></span> <span class='ocrx_word' id='word_1_567' title='bbox 2519 3253 2644 3313; x_wconf 92' lang='lat' dir='ltr'><strong>post</strong></span> <span class='ocrx_word' id='word_1_568' title='bbox 2697 3244 3059 3299; x_wconf 78' lang='lat' dir='ltr'><strong>Ilarbarorum</strong></span> <span class='ocrx_word' id='word_1_569' title='bbox 3097 3243 3391 3298; x_wconf 85' lang='lat' dir='ltr'><strong>multitudo</strong></span> 
     </span>
    </p>
   </div>
   <div class='ocr_carea' id='block_1_78' title="bbox 1811 3334 3388 3404">
    <p class='ocr_par' dir='ltr' id='par_1_78' title="bbox 1811 3334 3388 3404">
     <span class='ocr_line' id='line_1_78' title="bbox 1811 3334 3388 3404; baseline 0 -17"><span class='ocrx_word' id='word_1_570' title='bbox 1811 3334 1878 3389; x_wconf 87' lang='lat' dir='ltr'><strong>ad</strong></span> <span class='ocrx_word' id='word_1_571' title='bbox 1914 3334 2135 3404; x_wconf 83' lang='lat' dir='ltr'><strong>Galgala</strong></span> <span class='ocrx_word' id='word_1_572' title='bbox 2168 3335 2450 3392; x_wconf 81' lang='lat' dir='ltr'><strong>convenit.</strong></span> <span class='ocrx_word' id='word_1_573' title='bbox 2506 3350 2631 3389; x_wconf 88' lang='lat' dir='ltr'><strong>cum</strong></span> <span class='ocrx_word' id='word_1_574' title='bbox 2662 3335 2884 3404; x_wconf 88' lang='lat' dir='ltr'><strong>quidem</strong></span> <span class='ocrx_word' id='word_1_575' title='bbox 2951 3334 3153 3389; x_wconf 82' lang='lat' dir='ltr'><strong>Saulus</strong></span> <span class='ocrx_word' id='word_1_576' title='bbox 3201 3350 3388 3391; x_wconf 80' lang='lat' dir='ltr'><strong>secum</strong></span> 
     </span>
    </p>
   </div>
   <div class='ocr_carea' id='block_1_79' title="bbox 1812 3425 3390 3497">
    <p class='ocr_par' dir='ltr' id='par_1_79' title="bbox 1812 3425 3390 3497">
     <span class='ocr_line' id='line_1_79' title="bbox 1812 3425 3390 3497; baseline 0.001 -16"><span class='ocrx_word' id='word_1_577' title='bbox 1812 3440 1918 3481; x_wconf 90' lang='lat' dir='ltr'><strong>non</strong></span> <span class='ocrx_word' id='word_1_578' title='bbox 1952 3427 2187 3497; x_wconf 79' lang='lat' dir='ltr'><strong>amplius</strong></span> <span class='ocrx_word' id='word_1_579' title='bbox 2251 3425 2356 3482; x_wconf 83' lang='lat'><strong>600</strong></span> <span class='ocrx_word' id='word_1_580' title='bbox 2388 3427 2519 3481; x_wconf 84' lang='lat' dir='ltr'><strong>viris</strong></span> <span class='ocrx_word' id='word_1_581' title='bbox 2570 3427 2816 3491; x_wconf 86' lang='lat' dir='ltr'><strong>haberet,</strong></span> <span class='ocrx_word' id='word_1_582' title='bbox 2870 3442 3076 3497; x_wconf 85' lang='lat' dir='ltr'><strong>eosque</strong></span> <span class='ocrx_word' id='word_1_583' title='bbox 3131 3429 3390 3483; x_wconf 79' lang='lat' dir='ltr'><strong>inermes.</strong></span> 
     </span>
    </p>
   </div>
   <div class='ocr_carea' id='block_1_80' title="bbox 1813 3503 3390 3588">
    <p class='ocr_par' dir='ltr' id='par_1_80' title="bbox 1813 3503 3390 3588">
     <span class='ocr_line' id='line_1_80' title="bbox 1813 3503 3390 3588; baseline -0.001 -18"><span class='ocrx_word' id='word_1_584' title='bbox 1813 3517 2000 3587; x_wconf 83' lang='lat' dir='ltr'><strong>Itaque</strong></span> <span class='ocrx_word' id='word_1_585' title='bbox 2030 3517 2084 3570; x_wconf 91' lang='lat' dir='ltr'><strong>in</strong></span> <span class='ocrx_word' id='word_1_586' title='bbox 2113 3517 2200 3572; x_wconf 89' lang='lat' dir='ltr'><strong>bis</strong></span> <span class='ocrx_word' id='word_1_587' title='bbox 2234 3503 2505 3588; x_wconf 84' lang='lat' dir='ltr'><strong>angustiis</strong></span> <span class='ocrx_word' id='word_1_588' title='bbox 2531 3516 2820 3587; x_wconf 72' lang='lat' dir='ltr'><strong>deeperato</strong></span> <span class='ocrx_word' id='word_1_589' title='bbox 2859 3516 3103 3574; x_wconf 87' lang='lat' dir='ltr'><strong>Samueli</strong></span> <span class='ocrx_word' id='word_1_590' title='bbox 3129 3518 3390 3585; x_wconf 78' lang='lat' dir='ltr'><strong>adventu,</strong></span> 
     </span>
    </p>
   </div>
   <div class='ocr_carea' id='block_1_81' title="bbox 1812 3612 3393 3685">
    <p class='ocr_par' dir='ltr' id='par_1_81' title="bbox 1812 3612 3393 3685">
     <span class='ocr_line' id='line_1_81' title="bbox 1812 3612 3393 3685; baseline 0.001 -17"><span class='ocrx_word' id='word_1_591' title='bbox 1812 3615 1921 3670; x_wconf 86' lang='lat' dir='ltr'><strong>Deo</strong></span> <span class='ocrx_word' id='word_1_592' title='bbox 1953 3613 2308 3671; x_wconf 72' lang='lat' dir='ltr'><strong>sacrificavit.</strong></span> <span class='ocrx_word' id='word_1_593' title='bbox 2348 3612 2489 3670; x_wconf 80' lang='lat' dir='ltr'><strong>Ecce</strong></span> <span class='ocrx_word' id='word_1_594' title='bbox 2518 3623 2699 3671; x_wconf 89' lang='lat' dir='ltr'><strong>autem</strong></span> <span class='ocrx_word' id='word_1_595' title='bbox 2733 3616 2781 3667; x_wconf 78' lang='lat' dir='ltr'><strong>ei</strong></span> <span class='ocrx_word' id='word_1_596' title='bbox 2810 3616 3129 3685; x_wconf 86' lang='lat' dir='ltr'><strong>supervenit</strong></span> <span class='ocrx_word' id='word_1_597' title='bbox 3162 3615 3393 3670; x_wconf 88' lang='lat' dir='ltr'><strong>Samue-</strong></span> 
     </span>
    </p>
   </div>
   <div class='ocr_carea' id='block_1_82' title="bbox 1811 3703 3391 3776">
    <p class='ocr_par' dir='ltr' id='par_1_82' title="bbox 1811 3703 3391 3776">
     <span class='ocr_line' id='line_1_82' title="bbox 1811 3703 3391 3776; baseline 0 -17"><span class='ocrx_word' id='word_1_598' title='bbox 1811 3706 1920 3771; x_wconf 86' lang='lat' dir='ltr'><strong>lus,</strong></span> <span class='ocrx_word' id='word_1_599' title='bbox 1959 3714 2013 3760; x_wconf 92' lang='lat' dir='ltr'><strong>et</strong></span> <span class='ocrx_word' id='word_1_600' title='bbox 2039 3705 2110 3759; x_wconf 88' lang='lat' dir='ltr'><strong>ob</strong></span> <span class='ocrx_word' id='word_1_601' title='bbox 2135 3703 2188 3759; x_wconf 90' lang='lat' dir='ltr'><strong>id</strong></span> <span class='ocrx_word' id='word_1_602' title='bbox 2230 3705 2435 3760; x_wconf 80' lang='lat' dir='ltr'><strong>factum</strong></span> <span class='ocrx_word' id='word_1_603' title='bbox 2464 3706 2741 3776; x_wconf 71' lang='lat' dir='ltr'><strong>obiurgat,</strong></span> <span class='ocrx_word' id='word_1_604' title='bbox 2787 3707 3120 3776; x_wconf 85' lang='lat' dir='ltr'><strong>paucitatem</strong></span> <span class='ocrx_word' id='word_1_605' title='bbox 3166 3722 3391 3761; x_wconf 86' lang='lat' dir='ltr'><strong>suorum</strong></span> 
     </span>
    </p>
   </div>
   <div class='ocr_carea' id='block_1_83' title="bbox 1808 3798 3393 3869">
    <p class='ocr_par' dir='ltr' id='par_1_83' title="bbox 1808 3798 3393 3869">
     <span class='ocr_line' id='line_1_83' title="bbox 1808 3798 3393 3869; baseline 0.002 -18"><span class='ocrx_word' id='word_1_606' title='bbox 1808 3804 1863 3852; x_wconf 88' lang='lat' dir='ltr'><strong>et</strong></span> <span class='ocrx_word' id='word_1_607' title='bbox 1885 3799 2197 3868; x_wconf 83' lang='lat' dir='ltr'><strong>angustiam</strong></span> <span class='ocrx_word' id='word_1_608' title='bbox 2223 3798 2490 3867; x_wconf 89' lang='lat' dir='ltr'><strong>temporis</strong></span> <span class='ocrx_word' id='word_1_609' title='bbox 2522 3800 2843 3868; x_wconf 63' lang='lat' dir='ltr'><strong>praetexenti</strong></span> <span class='ocrx_word' id='word_1_610' title='bbox 2900 3799 3393 3869; x_wconf 80' lang='lat' dir='ltr'><strong>imprecationibus</strong></span> 
     </span>
    </p>
   </div>
   <div class='ocr_carea' id='block_1_84' title="bbox 1808 3888 3393 3961">
    <p class='ocr_par' dir='ltr' id='par_1_84' title="bbox 1808 3888 3393 3961">
     <span class='ocr_line' id='line_1_84' title="bbox 1808 3888 3393 3961; baseline 0 -16"><span class='ocrx_word' id='word_1_611' title='bbox 1808 3891 1977 3946; x_wconf 89' lang='lat' dir='ltr'><strong>certis</strong></span> <span class='ocrx_word' id='word_1_612' title='bbox 2010 3891 2252 3946; x_wconf 80' lang='lat' dir='ltr'><strong>minatus</strong></span> <span class='ocrx_word' id='word_1_613' title='bbox 2306 3888 2426 3945; x_wconf 84' lang='lat' dir='ltr'><strong>fore</strong></span> <span class='ocrx_word' id='word_1_614' title='bbox 2471 3899 2532 3945; x_wconf 92' lang='lat' dir='ltr'><strong>ut</strong></span> <span class='ocrx_word' id='word_1_615' title='bbox 2585 3905 2812 3961; x_wconf 81' lang='lat' dir='ltr'><strong>regnum</strong></span> <span class='ocrx_word' id='word_1_616' title='bbox 2860 3891 2963 3945; x_wconf 85' lang='lat' dir='ltr'><strong>hoc</strong></span> <span class='ocrx_word' id='word_1_617' title='bbox 3026 3892 3393 3961; x_wconf 75' lang='lat' dir='ltr'><strong>praestantiori</strong></span> 
     </span>
    </p>
   </div>
   <div class='ocr_carea' id='block_1_85' title="bbox 1810 3981 3394 4037">
    <p class='ocr_par' dir='ltr' id='par_1_85' title="bbox 1810 3981 3394 4037">
     <span class='ocr_line' id='line_1_85' title="bbox 1810 3981 3394 4037; baseline -0.002 0"><span class='ocrx_word' id='word_1_618' title='bbox 1810 3982 2122 4037; x_wconf 87' lang='lat' dir='ltr'><strong>traderetur</strong></span> <span class='ocrx_word' id='word_1_619' title='bbox 2154 3999 2166 4034; x_wconf 88' lang='lat'><strong>:</strong></span> <span class='ocrx_word' id='word_1_620' title='bbox 2206 3981 2259 4036; x_wconf 92' lang='lat' dir='ltr'><strong>id</strong></span> <span class='ocrx_word' id='word_1_621' title='bbox 2280 3981 2614 4036; x_wconf 85' lang='lat' dir='ltr'><strong>vaticinatus</strong></span> <span class='ocrx_word' id='word_1_622' title='bbox 2641 3982 2918 4037; x_wconf 85' lang='lat' dir='ltr'><strong>discessit.</strong></span> <span class='ocrx_word' id='word_1_623' title='bbox 2976 3983 3045 4036; x_wconf 82' lang='lat' dir='ltr'><strong>At</strong></span> <span class='ocrx_word' id='word_1_624' title='bbox 3068 3982 3196 4037; x_wconf 80' lang='lat' dir='ltr'><strong>vero</strong></span> <span class='ocrx_word' id='word_1_625' title='bbox 3229 3981 3394 4035; x_wconf 81' lang='lat' dir='ltr'><strong>Jona-</strong></span> 
     </span>
    </p>
   </div>
   <div class='ocr_carea' id='block_1_86' title="bbox 1812 4072 3392 4143">
    <p class='ocr_par' dir='ltr' id='par_1_86' title="bbox 1812 4072 3392 4143">
     <span class='ocr_line' id='line_1_86' title="bbox 1812 4072 3392 4143; baseline -0.001 -17"><span class='ocrx_word' id='word_1_626' title='bbox 1812 4078 1936 4128; x_wconf 88' lang='lat' dir='ltr'><strong>tbas</strong></span> <span class='ocrx_word' id='word_1_627' title='bbox 1967 4074 2083 4127; x_wconf 91' lang='lat' dir='ltr'><strong>solo</strong></span> <span class='ocrx_word' id='word_1_628' title='bbox 2106 4074 2383 4143; x_wconf 87' lang='lat' dir='ltr'><strong>armigero</strong></span> <span class='ocrx_word' id='word_1_629' title='bbox 2418 4073 2717 4128; x_wconf 86' lang='lat' dir='ltr'><strong>comitatus</strong></span> <span class='ocrx_word' id='word_1_630' title='bbox 2752 4075 2819 4127; x_wconf 89' lang='lat' dir='ltr'><strong>ad</strong></span> <span class='ocrx_word' id='word_1_631' title='bbox 2854 4076 3151 4128; x_wconf 81' lang='lat' dir='ltr'><strong>statiOnem</strong></span> <span class='ocrx_word' id='word_1_632' title='bbox 3184 4072 3392 4128; x_wconf 78' lang='lat' dir='ltr'><strong>Barba-</strong></span> 
     </span>
    </p>
   </div>
   <div class='ocr_carea' id='block_1_87' title="bbox 1810 4164 3387 4235">
    <p class='ocr_par' dir='ltr' id='par_1_87' title="bbox 1810 4164 3387 4235">
     <span class='ocr_line' id='line_1_87' title="bbox 1810 4164 3387 4235; baseline 0.001 -16"><span class='ocrx_word' id='word_1_633' title='bbox 1810 4179 1999 4219; x_wconf 88' lang='lat' dir='ltr'><strong>rorum</strong></span> <span class='ocrx_word' id='word_1_634' title='bbox 2031 4164 2313 4235; x_wconf 88' lang='lat' dir='ltr'><strong>perrupit;</strong></span> <span class='ocrx_word' id='word_1_635' title='bbox 2349 4173 2668 4235; x_wconf 82' lang='lat' dir='ltr'><strong>tesseraque</strong></span> <span class='ocrx_word' id='word_1_636' title='bbox 2702 4165 2981 4235; x_wconf 85' lang='lat' dir='ltr'><strong>armigero</strong></span> <span class='ocrx_word' id='word_1_637' title='bbox 3008 4166 3137 4220; x_wconf 84' lang='lat' dir='ltr'><strong>data</strong></span> <span class='ocrx_word' id='word_1_638' title='bbox 3163 4167 3387 4223; x_wconf 79' lang='lat' dir='ltr'><strong>excubi-</strong></span> 
     </span>
    </p>
   </div>
   <div class='ocr_carea' id='block_1_88' title="bbox 1812 4258 3393 4329">
    <p class='ocr_par' dir='ltr' id='par_1_88' title="bbox 1812 4258 3393 4329">
     <span class='ocr_line' id='line_1_88' title="bbox 1812 4258 3393 4329; baseline -0.001 -16"><span class='ocrx_word' id='word_1_639' title='bbox 1812 4267 1960 4314; x_wconf 86' lang='lat' dir='ltr'><strong>tores</strong></span> <span class='ocrx_word' id='word_1_640' title='bbox 2013 4259 2241 4314; x_wconf 87' lang='lat' dir='ltr'><strong>adortus</strong></span> <span class='ocrx_word' id='word_1_641' title='bbox 2267 4260 2333 4312; x_wconf 90' lang='lat' dir='ltr'><strong>ad</strong></span> <span class='ocrx_word' id='word_1_642' title='bbox 2365 4259 2561 4329; x_wconf 76' lang='lat' dir='ltr'><strong>viginti</strong></span> <span class='ocrx_word' id='word_1_643' title='bbox 2610 4259 2760 4313; x_wconf 84' lang='lat' dir='ltr'><strong>viros</strong></span> <span class='ocrx_word' id='word_1_644' title='bbox 2810 4258 3108 4314; x_wconf 83' lang='lat' dir='ltr'><strong>interfecit.</strong></span> <span class='ocrx_word' id='word_1_645' title='bbox 3173 4258 3280 4316; x_wconf 89' lang='lat' dir='ltr'><strong>Sed</strong></span> <span class='ocrx_word' id='word_1_646' title='bbox 3336 4269 3393 4316; x_wconf 90' lang='lat' dir='ltr'><strong>et</strong></span> 
     </span>
    </p>
   </div>
   <div class='ocr_carea' id='block_1_89' title="bbox 1812 4348 3390 4420">
    <p class='ocr_par' dir='ltr' id='par_1_89' title="bbox 1812 4348 3390 4420">
     <span class='ocr_line' id='line_1_89' title="bbox 1812 4348 3390 4420; baseline 0.001 -19"><span class='ocrx_word' id='word_1_647' title='bbox 1812 4348 2079 4404; x_wconf 80' lang='lat' dir='ltr'><strong>Dominus</strong></span> <span class='ocrx_word' id='word_1_648' title='bbox 2144 4358 2412 4406; x_wconf 90' lang='lat' dir='ltr'><strong>terrorem</strong></span> <span class='ocrx_word' id='word_1_649' title='bbox 2474 4351 2676 4406; x_wconf 84' lang='lat' dir='ltr'><strong>castris</strong></span> <span class='ocrx_word' id='word_1_650' title='bbox 2720 4350 3087 4406; x_wconf 87' lang='lat' dir='ltr'><strong>Barbarorum</strong></span> <span class='ocrx_word' id='word_1_651' title='bbox 3138 4353 3390 4420; x_wconf 86' lang='lat' dir='ltr'><strong>immisit,</strong></span> 
     </span>
    </p>
   </div>
   <div class='ocr_carea' id='block_1_90' title="bbox 1811 4439 3392 4509">
    <p class='ocr_par' dir='ltr' id='par_1_90' title="bbox 1811 4439 3392 4509">
     <span class='ocr_line' id='line_1_90' title="bbox 1811 4439 3392 4509; baseline 0.003 -15"><span class='ocrx_word' id='word_1_652' title='bbox 1811 4455 1934 4495; x_wconf 89' lang='lat' dir='ltr'><strong>cum</strong></span> <span class='ocrx_word' id='word_1_653' title='bbox 1971 4439 2153 4507; x_wconf 79' lang='lat' dir='ltr'><strong>fugam</strong></span> <span class='ocrx_word' id='word_1_654' title='bbox 2183 4441 2570 4495; x_wconf 76' lang='lat' dir='ltr'><strong>excubitorum</strong></span> <span class='ocrx_word' id='word_1_655' title='bbox 2602 4441 2820 4497; x_wconf 87' lang='lat' dir='ltr'><strong>eminus</strong></span> <span class='ocrx_word' id='word_1_656' title='bbox 2847 4453 3162 4497; x_wconf 90' lang='lat' dir='ltr'><strong>cernerent.</strong></span> <span class='ocrx_word' id='word_1_657' title='bbox 3195 4442 3300 4509; x_wconf 83' lang='lat' dir='ltr'><strong>Qui</strong></span> <span class='ocrx_word' id='word_1_658' title='bbox 3335 4445 3392 4499; x_wconf 88' lang='lat' dir='ltr'><strong>in</strong></span> 
     </span>
    </p>
   </div>
   <div class='ocr_carea' id='block_1_91' title="bbox 136 4528 1708 4615">
    <p class='ocr_par' dir='ltr' id='par_1_91' title="bbox 136 4528 1708 4603">
     <span class='ocr_line' id='line_1_91' title="bbox 136 4528 1708 4603; baseline 0.001 -23"><span class='ocrx_word' id='word_1_659' title='bbox 136 4528 241 4603; x_wconf 67' lang='grc' dir='ltr'><strong>ϐολῇ</strong></span> <span class='ocrx_word' id='word_1_660' title='bbox 282 4534 392 4586; x_wconf 81' lang='grc' dir='ltr'><strong>τῶν</strong></span> <span class='ocrx_word' id='word_1_661' title='bbox 435 4532 772 4601; x_wconf 70' lang='grc' dir='ltr'><strong>ἀλλοφύλων</strong></span> <span class='ocrx_word' id='word_1_662' title='bbox 832 4533 890 4585; x_wconf 72' lang='grc' dir='ltr'><strong>ὲν</strong></span> <span class='ocrx_word' id='word_1_663' title='bbox 943 4532 1022 4602; x_wconf 79' lang='grc' dir='ltr'><strong>τῷ</strong></span> <span class='ocrx_word' id='word_1_664' title='bbox 1068 4532 1373 4601; x_wconf 78' lang='grc' dir='ltr'><strong>ἑωρακέναι</strong></span> <span class='ocrx_word' id='word_1_665' title='bbox 1435 4531 1708 4601; x_wconf 81' lang='grc' dir='ltr'><strong>μακρόθεν</strong></span> 
     </span>
    </p>
   </div>
   <div class='ocr_carea' id='block_1_92' title="bbox 1806 4528 3393 4615">
    <p class='ocr_par' dir='ltr' id='par_1_92' title="bbox 1812 4532 3393 4598">
     <span class='ocr_line' id='line_1_92' title="bbox 1812 4532 3393 4598; baseline 0.003 -12"><span class='ocrx_word' id='word_1_666' title='bbox 1812 4532 1951 4587; x_wconf 85' lang='lat' dir='ltr'><strong>colle</strong></span> <span class='ocrx_word' id='word_1_667' title='bbox 1972 4548 2095 4586; x_wconf 89' lang='lat' dir='ltr'><strong>cum</strong></span> <span class='ocrx_word' id='word_1_668' title='bbox 2139 4532 2309 4588; x_wconf 86' lang='lat' dir='ltr'><strong>Saulo</strong></span> <span class='ocrx_word' id='word_1_669' title='bbox 2342 4540 2521 4598; x_wconf 91' lang='lat' dir='ltr'><strong>erant,</strong></span> <span class='ocrx_word' id='word_1_670' title='bbox 2555 4548 2678 4588; x_wconf 90' lang='lat' dir='ltr'><strong>cum</strong></span> <span class='ocrx_word' id='word_1_671' title='bbox 2708 4548 2827 4589; x_wconf 86' lang='lat' dir='ltr'><strong>eam</strong></span> <span class='ocrx_word' id='word_1_672' title='bbox 2857 4534 2911 4589; x_wconf 90' lang='lat' dir='ltr'><strong>in</strong></span> <span class='ocrx_word' id='word_1_673' title='bbox 2936 4535 3139 4590; x_wconf 89' lang='lat' dir='ltr'><strong>castris</strong></span> <span class='ocrx_word' id='word_1_674' title='bbox 3180 4536 3393 4590; x_wconf 84' lang='lat' dir='ltr'><strong>Barba-</strong></span> 
     </span>
    </p>
   </div>
   <div class='ocr_carea' id='block_1_93' title="bbox 138 4622 1707 4695">
    <p class='ocr_par' dir='ltr' id='par_1_93' title="bbox 138 4622 1707 4695">
     <span class='ocr_line' id='line_1_93' title="bbox 138 4622 1707 4695; baseline 0.001 -23"><span class='ocrx_word' id='word_1_675' title='bbox 138 4622 216 4689; x_wconf 65' lang='grc' dir='ltr'><strong>τὴν</strong></span> <span class='ocrx_word' id='word_1_676' title='bbox 246 4627 423 4695; x_wconf 69' lang='grc' dir='ltr'><strong>φυγὴν</strong></span> <span class='ocrx_word' id='word_1_677' title='bbox 459 4624 582 4677; x_wconf 71' lang='grc' dir='ltr'><strong>’τῶν</strong></span> <span class='ocrx_word' id='word_1_678' title='bbox 617 4624 1136 4694; x_wconf 77' lang='grc' dir='ltr'><strong>προφυλασσὸντων.</strong></span> <span class='ocrx_word' id='word_1_679' title='bbox 1170 4624 1232 4676; x_wconf 73' lang='grc' dir='ltr'><strong>υἱ</strong></span> <span class='ocrx_word' id='word_1_680' title='bbox 1262 4622 1319 4675; x_wconf 78' lang='grc' dir='ltr'><strong>δὲ</strong></span> <span class='ocrx_word' id='word_1_681' title='bbox 1342 4624 1398 4676; x_wconf 80' lang='grc' dir='ltr'><strong>ὲν</strong></span> <span class='ocrx_word' id='word_1_682' title='bbox 1426 4623 1504 4692; x_wconf 81' lang='grc' dir='ltr'><strong>τῷ</strong></span> <span class='ocrx_word' id='word_1_683' title='bbox 1536 4622 1707 4692; x_wconf 78' lang='grc' dir='ltr'><strong>βουνῷ</strong></span> 
     </span>
    </p>
   </div>
   <div class='ocr_carea' id='block_1_94' title="bbox 138 4712 1707 4786">
    <p class='ocr_par' dir='ltr' id='par_1_94' title="bbox 138 4712 1707 4786">
     <span class='ocr_line' id='line_1_94' title="bbox 138 4712 1707 4786; baseline 0.013 -22"><span class='ocrx_word' id='word_1_684' title='bbox 138 4712 263 4776; x_wconf 57' lang='lat' dir='ltr'><strong>ausa;</strong></span> <span class='ocrx_word' id='word_1_685' title='bbox 289 4716 429 4785; x_wconf 64' lang='grc' dir='ltr'><strong>μετὰ</strong></span> <span class='ocrx_word' id='word_1_686' title='bbox 452 4715 667 4776; x_wconf 62' lang='grc' dir='ltr'><strong>Σαοὺλ,</strong></span> <span class='ocrx_word' id='word_1_687' title='bbox 706 4715 905 4777; x_wconf 78' lang='grc' dir='ltr'><strong>ἰδόντες</strong></span> <span class='ocrx_word' id='word_1_688' title='bbox 924 4714 1024 4786; x_wconf 76' lang='grc' dir='ltr'><strong>τὴν</strong></span> <span class='ocrx_word' id='word_1_689' title='bbox 1061 4714 1325 4784; x_wconf 71' lang='grc' dir='ltr'><strong>σύγχυσιν</strong></span> <span class='ocrx_word' id='word_1_690' title='bbox 1355 4714 1453 4783; x_wconf 80' lang='grc' dir='ltr'><strong>τῆς</strong></span> <span class='ocrx_word' id='word_1_691' title='bbox 1493 4732 1707 4783; x_wconf 69' lang='grc' dir='ltr'><strong>παρεμ-</strong></span> 
     </span>
    </p>
   </div>
   <div class='ocr_carea' id='block_1_95' title="bbox 137 4802 1704 4877">
    <p class='ocr_par' dir='ltr' id='par_1_95' title="bbox 137 4802 1704 4877">
     <span class='ocr_line' id='line_1_95' title="bbox 137 4802 1704 4877; baseline 0.003 -24"><span class='ocrx_word' id='word_1_692' title='bbox 137 4803 274 4869; x_wconf 62' lang='grc' dir='ltr'><strong>Εςλῑνς</strong></span> <span class='ocrx_word' id='word_1_693' title='bbox 302 4810 408 4861; x_wconf 84' lang='grc' dir='ltr'><strong>τῶν</strong></span> <span class='ocrx_word' id='word_1_694' title='bbox 437 4806 795 4876; x_wconf 74' lang='grc' dir='ltr'><strong>ἀλλοφύλων.</strong></span> <span class='ocrx_word' id='word_1_695' title='bbox 842 4805 1190 4876; x_wconf 76' lang='grc' dir='ltr'><strong>δηλοποιοῦσι</strong></span> <span class='ocrx_word' id='word_1_696' title='bbox 1239 4806 1317 4877; x_wconf 80' lang='grc' dir='ltr'><strong>τῷ</strong></span> <span class='ocrx_word' id='word_1_697' title='bbox 1351 4807 1544 4862; x_wconf 72' lang='grc' dir='ltr'><strong>Σαούλ.</strong></span> <span class='ocrx_word' id='word_1_698' title='bbox 1595 4802 1704 4858; x_wconf 82' lang='grc' dir='ltr'><strong>Ἦν</strong></span> 
     </span>
    </p>
   </div>
   <div class='ocr_carea' id='block_1_96' title="bbox 222 4964 725 5039">
    <p class='ocr_par' dir='ltr' id='par_1_96' title="bbox 222 4964 725 5039">
     <span class='ocr_line' id='line_1_96' title="bbox 222 4964 725 5039; baseline -0.002 -20"><span class='ocrx_word' id='word_1_699' title='bbox 222 4965 303 5019; x_wconf 83' lang='lat' dir='ltr'><strong>&quot;l</strong></span> <span class='ocrx_word' id='word_1_700' title='bbox 332 4965 472 5039; x_wconf 78' lang='lat' dir='ltr'><strong>Reg.</strong></span> <span class='ocrx_word' id='word_1_701' title='bbox 505 4980 639 5027; x_wconf 84' lang='lat' dir='ltr'><strong>vut,</strong></span> <span class='ocrx_word' id='word_1_702' title='bbox 669 4964 725 5019; x_wconf 80' lang='grc'><strong>5.</strong></span> 
     </span>
    </p>
   </div>
   <div class='ocr_carea' id='block_1_97' title="bbox 1818 4623 3391 4696">
    <p class='ocr_par' dir='ltr' id='par_1_97' title="bbox 1818 4623 3391 4696">
     <span class='ocr_line' id='line_1_97' title="bbox 1818 4623 3391 4696; baseline 0.001 -20"><span class='ocrx_word' id='word_1_703' title='bbox 1818 4638 2005 4676; x_wconf 88' lang='lat' dir='ltr'><strong>rorum</strong></span> <span class='ocrx_word' id='word_1_704' title='bbox 2036 4623 2462 4693; x_wconf 84' lang='lat' dir='ltr'><strong>trepidationem</strong></span> <span class='ocrx_word' id='word_1_705' title='bbox 2521 4636 2831 4691; x_wconf 89' lang='lat' dir='ltr'><strong>cernerent,</strong></span> <span class='ocrx_word' id='word_1_706' title='bbox 2887 4624 3055 4681; x_wconf 86' lang='lat' dir='ltr'><strong>Saulo</strong></span> <span class='ocrx_word' id='word_1_707' title='bbox 3108 4641 3222 4682; x_wconf 90' lang='lat' dir='ltr'><strong>rem</strong></span> <span class='ocrx_word' id='word_1_708' title='bbox 3260 4642 3391 4696; x_wconf 77' lang='lat' dir='ltr'><strong>ape-</strong></span> 
     </span>
    </p>
   </div>
   <div class='ocr_carea' id='block_1_98' title="bbox 1818 4711 3391 4787">
    <p class='ocr_par' dir='ltr' id='par_1_98' title="bbox 1818 4711 3391 4787">
     <span class='ocr_line' id='line_1_98' title="bbox 1818 4711 3391 4787; baseline 0.002 -22"><span class='ocrx_word' id='word_1_709' title='bbox 1818 4713 1986 4765; x_wconf 82' lang='lat' dir='ltr'><strong>riunt.</strong></span> <span class='ocrx_word' id='word_1_710' title='bbox 2019 4711 2065 4765; x_wconf 91' lang='lat' dir='ltr'><strong>ls</strong></span> <span class='ocrx_word' id='word_1_711' title='bbox 2088 4712 2315 4767; x_wconf 81' lang='lat' dir='ltr'><strong>Acbiam</strong></span> <span class='ocrx_word' id='word_1_712' title='bbox 2351 4715 2694 4770; x_wconf 87' lang='lat' dir='ltr'><strong>sacerdotem</strong></span> <span class='ocrx_word' id='word_1_713' title='bbox 2721 4715 2987 4781; x_wconf 90' lang='lat' dir='ltr'><strong>Levitam,</strong></span> <span class='ocrx_word' id='word_1_714' title='bbox 3021 4721 3113 4787; x_wconf 89' lang='lat' dir='ltr'><strong>qui</strong></span> <span class='ocrx_word' id='word_1_715' title='bbox 3147 4733 3250 4771; x_wconf 90' lang='lat' dir='ltr'><strong>una</strong></span> <span class='ocrx_word' id='word_1_716' title='bbox 3275 4728 3391 4772; x_wconf 86' lang='lat' dir='ltr'><strong>erat</strong></span> 
     </span>
    </p>
   </div>
   <div class='ocr_carea' id='block_1_99' title="bbox 1823 4803 3388 4877">
    <p class='ocr_par' dir='ltr' id='par_1_99' title="bbox 1823 4803 3388 4877">
     <span class='ocr_line' id='line_1_99' title="bbox 1823 4803 3388 4877; baseline 0.004 -19"><span class='ocrx_word' id='word_1_717' title='bbox 1823 4819 1885 4859; x_wconf 88' lang='lat' dir='ltr'><strong>ac</strong></span> <span class='ocrx_word' id='word_1_718' title='bbox 1927 4803 2198 4874; x_wconf 85' lang='lat' dir='ltr'><strong>epbodum</strong></span> <span class='ocrx_word' id='word_1_719' title='bbox 2226 4804 2498 4873; x_wconf 87' lang='lat' dir='ltr'><strong>gestabat,</strong></span> <span class='ocrx_word' id='word_1_720' title='bbox 2526 4806 2863 4877; x_wconf 77' lang='lat' dir='ltr'><strong>112jussit</strong></span> <span class='ocrx_word' id='word_1_721' title='bbox 2889 4808 3056 4862; x_wconf 92' lang='lat' dir='ltr'><strong>Deum</strong></span> <span class='ocrx_word' id='word_1_722' title='bbox 3081 4812 3388 4865; x_wconf 88' lang='lat' dir='ltr'><strong>consulere.</strong></span> 
     </span>
    </p>
   </div>
   <div class='ocr_carea' id='block_1_100' title="bbox 1254 5076 2301 5139">
    <p class='ocr_par' dir='ltr' id='par_1_100' title="bbox 1254 5076 2301 5139">
     <span class='ocr_line' id='line_1_100' title="bbox 1254 5076 2301 5139; baseline 0.008 -8"><span class='ocrx_word' id='word_1_723' title='bbox 1254 5076 1611 5134; x_wconf 78' lang='lat' dir='ltr'><strong>XYLANDRI</strong></span> <span class='ocrx_word' id='word_1_724' title='bbox 1655 5079 1740 5134; x_wconf 75' lang='grc' dir='ltr'><strong>ΕΤ</strong></span> <span class='ocrx_word' id='word_1_725' title='bbox 1796 5079 2007 5136; x_wconf 72' lang='lat' dir='ltr'><strong>GOARI</strong></span> <span class='ocrx_word' id='word_1_726' title='bbox 2071 5080 2301 5139; x_wconf 67' lang='grc' dir='ltr'><strong>ΝΟΤιΕ.</strong></span> 
     </span>
    </p>
   </div>
   <div class='ocr_carea' id='block_1_101' title="bbox 191 5194 1707 5269">
    <p class='ocr_par' dir='ltr' id='par_1_101' title="bbox 191 5194 1707 5269">
     <span class='ocr_line' id='line_1_101' title="bbox 191 5194 1707 5269; baseline -0.001 -16"><span class='ocrx_word' id='word_1_727' title='bbox 191 5197 295 5267; x_wconf 63' lang='grc'><strong>(39)</strong></span> <span class='ocrx_word' id='word_1_728' title='bbox 339 5196 584 5253; x_wconf 65' lang='grc' dir='ltr'><strong>Ῡίιὶοεο.</strong></span> <span class='ocrx_word' id='word_1_729' title='bbox 628 5194 771 5269; x_wconf 59' lang='lat' dir='ltr'><strong>Quid</strong></span> <span class='ocrx_word' id='word_1_730' title='bbox 824 5195 1442 5269; x_wconf 43' lang='grc' dir='ltr'><strong>εἰ--Ιρειὶεδιαπορηθεὶς</strong></span> <span class='ocrx_word' id='word_1_731' title='bbox 1491 5201 1583 5252; x_wconf 72' lang='grc' dir='ltr'><strong>καὶ</strong></span> <span class='ocrx_word' id='word_1_732' title='bbox 1633 5202 1707 5269; x_wconf 86' lang='grc' dir='ltr'><strong>μὴ</strong></span> 
     </span>
    </p>
   </div>
   <div class='ocr_carea' id='block_1_102' title="bbox 135 5264 1709 5340">
    <p class='ocr_par' dir='ltr' id='par_1_102' title="bbox 135 5264 1709 5340">
     <span class='ocr_line' id='line_1_102' title="bbox 135 5264 1709 5340; baseline 0.002 -23"><span class='ocrx_word' id='word_1_733' title='bbox 135 5264 689 5339; x_wconf 61' lang='grc' dir='ltr'><strong>ἐγκρατευσάμενοςῖ</strong></span> <span class='ocrx_word' id='word_1_734' title='bbox 729 5264 803 5318; x_wconf 78' lang='lat' dir='ltr'><strong>Ex</strong></span> <span class='ocrx_word' id='word_1_735' title='bbox 865 5264 1132 5323; x_wconf 84' lang='lat' dir='ltr'><strong>Hebraico</strong></span> <span class='ocrx_word' id='word_1_736' title='bbox 1183 5264 1336 5323; x_wconf 70' lang='lat' dir='ltr'><strong>textu</strong></span> <span class='ocrx_word' id='word_1_737' title='bbox 1386 5279 1435 5323; x_wconf 89' lang='lat' dir='ltr'><strong>et</strong></span> <span class='ocrx_word' id='word_1_738' title='bbox 1471 5264 1709 5340; x_wconf 76' lang='lat' dir='ltr'><strong>Jusepbo</strong></span> 
     </span>
    </p>
   </div>
   <div class='ocr_carea' id='block_1_103' title="bbox 135 5339 1708 5410">
    <p class='ocr_par' dir='ltr' id='par_1_103' title="bbox 135 5339 1708 5410">
     <span class='ocr_line' id='line_1_103' title="bbox 135 5339 1708 5410; baseline 0.004 -24"><span class='ocrx_word' id='word_1_739' title='bbox 135 5339 289 5393; x_wconf 75' lang='lat' dir='ltr'><strong>adhuc</strong></span> <span class='ocrx_word' id='word_1_740' title='bbox 352 5342 587 5410; x_wconf 81' lang='lat' dir='ltr'><strong>planius</strong></span> <span class='ocrx_word' id='word_1_741' title='bbox 648 5346 931 5410; x_wconf 76' lang='lat' dir='ltr'><strong>_con__stat_-e</strong></span> <span class='ocrx_word' id='word_1_742' title='bbox 1000 5346 1181 5407; x_wconf 80' lang='lat' dir='ltr'><strong>potest</strong></span> <span class='ocrx_word' id='word_1_743' title='bbox 1232 5340 1357 5410; x_wconf 74' lang='lat' dir='ltr'><strong>loci</strong></span> <span class='ocrx_word' id='word_1_744' title='bbox 1408 5344 1708 5410; x_wconf 70' lang='lat' dir='ltr'><strong>sententia,</strong></span> 
     </span>
    </p>
   </div>
   <div class='ocr_carea' id='block_1_104' title="bbox 135 5406 1710 5478">
    <p class='ocr_par' dir='ltr' id='par_1_104' title="bbox 135 5406 1710 5478">
     <span class='ocr_line' id='line_1_104' title="bbox 135 5406 1710 5478; baseline 0.003 -19"><span class='ocrx_word' id='word_1_745' title='bbox 135 5406 371 5478; x_wconf 61' lang='lat' dir='ltr'><strong>Antiqua.</strong></span> <span class='ocrx_word' id='word_1_746' title='bbox 426 5427 506 5474; x_wconf 79' lang='lat' dir='ltr'><strong>vi,</strong></span> <span class='ocrx_word' id='word_1_747' title='bbox 545 5424 602 5462; x_wconf 88' lang='lat' dir='ltr'><strong>c.</strong></span> <span class='ocrx_word' id='word_1_748' title='bbox 647 5406 709 5478; x_wconf 81' lang='lat'><strong>7.</strong></span> <span class='ocrx_word' id='word_1_749' title='bbox 765 5406 967 5461; x_wconf 85' lang='lat' dir='ltr'><strong>Saulus</strong></span> <span class='ocrx_word' id='word_1_750' title='bbox 1008 5406 1243 5462; x_wconf 87' lang='lat' dir='ltr'><strong>miserat</strong></span> <span class='ocrx_word' id='word_1_751' title='bbox 1295 5408 1362 5462; x_wconf 87' lang='lat' dir='ltr'><strong>ad</strong></span> <span class='ocrx_word' id='word_1_752' title='bbox 1403 5408 1710 5464; x_wconf 81' lang='lat' dir='ltr'><strong>Samuelem</strong></span> 
     </span>
    </p>
   </div>
   <div class='ocr_carea' id='block_1_105' title="bbox 136 5477 1714 5548">
    <p class='ocr_par' dir='ltr' id='par_1_105' title="bbox 136 5477 1714 5548">
     <span class='ocr_line' id='line_1_105' title="bbox 136 5477 1714 5548; baseline 0.006 -22"><span class='ocrx_word' id='word_1_753' title='bbox 136 5477 365 5534; x_wconf 77' lang='lat' dir='ltr'><strong>hostibus</strong></span> <span class='ocrx_word' id='word_1_754' title='bbox 394 5477 822 5548; x_wconf 83' lang='lat' dir='ltr'><strong>ingruentibus,</strong></span> <span class='ocrx_word' id='word_1_755' title='bbox 862 5491 1098 5546; x_wconf 86' lang='lat' dir='ltr'><strong>eumque</strong></span> <span class='ocrx_word' id='word_1_756' title='bbox 1137 5479 1202 5529; x_wconf 87' lang='lat' dir='ltr'><strong>ad</strong></span> <span class='ocrx_word' id='word_1_757' title='bbox 1256 5493 1315 5532; x_wconf 84' lang='lat' dir='ltr'><strong>se</strong></span> <span class='ocrx_word' id='word_1_758' title='bbox 1348 5494 1625 5533; x_wconf 83' lang='lat' dir='ltr'><strong>evocarat.</strong></span> <span class='ocrx_word' id='word_1_759' title='bbox 1663 5482 1714 5535; x_wconf 82' lang='lat' dir='ltr'><strong>ls</strong></span> 
     </span>
    </p>
   </div>
   <div class='ocr_carea' id='block_1_106' title="bbox 136 5548 1709 5617">
    <p class='ocr_par' dir='ltr' id='par_1_106' title="bbox 136 5548 1709 5617">
     <span class='ocr_line' id='line_1_106' title="bbox 136 5548 1709 5617; baseline 0.003 -17"><span class='ocrx_word' id='word_1_760' title='bbox 136 5551 343 5616; x_wconf 79' lang='lat' dir='ltr'><strong>septimo</strong></span> <span class='ocrx_word' id='word_1_761' title='bbox 383 5552 480 5606; x_wconf 88' lang='lat' dir='ltr'><strong>die</strong></span> <span class='ocrx_word' id='word_1_762' title='bbox 537 5564 605 5604; x_wconf 86' lang='lat' dir='ltr'><strong>se</strong></span> <span class='ocrx_word' id='word_1_763' title='bbox 659 5556 951 5601; x_wconf 88' lang='lat' dir='ltr'><strong>venturum</strong></span> <span class='ocrx_word' id='word_1_764' title='bbox 1014 5548 1395 5617; x_wconf 83' lang='lat' dir='ltr'><strong>responderat,</strong></span> <span class='ocrx_word' id='word_1_765' title='bbox 1452 5554 1709 5605; x_wconf 79' lang='lat' dir='ltr'><strong>mandato</strong></span> 
     </span>
    </p>
   </div>
   <div class='ocr_carea' id='block_1_107' title="bbox 137 5618 1705 5687">
    <p class='ocr_par' dir='ltr' id='par_1_107' title="bbox 137 5618 1705 5687">
     <span class='ocr_line' id='line_1_107' title="bbox 137 5618 1705 5687; baseline 0.004 -21"><span class='ocrx_word' id='word_1_766' title='bbox 137 5628 186 5671; x_wconf 90' lang='lat' dir='ltr'><strong>ut</strong></span> <span class='ocrx_word' id='word_1_767' title='bbox 206 5622 415 5674; x_wconf 84' lang='lat' dir='ltr'><strong>interim</strong></span> <span class='ocrx_word' id='word_1_768' title='bbox 452 5620 667 5674; x_wconf 69' lang='lat' dir='ltr'><strong>hostiae</strong></span> <span class='ocrx_word' id='word_1_769' title='bbox 704 5627 1051 5685; x_wconf 86' lang='lat' dir='ltr'><strong>pararentur,</strong></span> <span class='ocrx_word' id='word_1_770' title='bbox 1079 5618 1281 5687; x_wconf 84' lang='lat' dir='ltr'><strong>quibus</strong></span> <span class='ocrx_word' id='word_1_771' title='bbox 1307 5620 1464 5672; x_wconf 75' lang='lat' dir='ltr'><strong>emsis</strong></span> <span class='ocrx_word' id='word_1_772' title='bbox 1495 5619 1705 5673; x_wconf 85' lang='lat' dir='ltr'><strong>hostem</strong></span> 
     </span>
    </p>
   </div>
   <div class='ocr_carea' id='block_1_108' title="bbox 138 5687 1709 5759">
    <p class='ocr_par' dir='ltr' id='par_1_108' title="bbox 138 5687 1709 5759">
     <span class='ocr_line' id='line_1_108' title="bbox 138 5687 1709 5759; baseline 0.003 -21"><span class='ocrx_word' id='word_1_773' title='bbox 138 5691 577 5759; x_wconf 75' lang='lat' dir='ltr'><strong>aggrederentur.</strong></span> <span class='ocrx_word' id='word_1_774' title='bbox 614 5687 821 5742; x_wconf 88' lang='lat' dir='ltr'><strong>Saulus</strong></span> <span class='ocrx_word' id='word_1_775' title='bbox 852 5689 1067 5759; x_wconf 81' lang='lat' dir='ltr'><strong>interim</strong></span> <span class='ocrx_word' id='word_1_776' title='bbox 1094 5689 1162 5741; x_wconf 88' lang='lat' dir='ltr'><strong>ab</strong></span> <span class='ocrx_word' id='word_1_777' title='bbox 1187 5690 1305 5757; x_wconf 89' lang='lat' dir='ltr'><strong>ipso</strong></span> <span class='ocrx_word' id='word_1_778' title='bbox 1335 5689 1709 5743; x_wconf 76' lang='lat' dir='ltr'><strong>dilabentibus</strong></span> 
     </span>
    </p>
   </div>
   <div class='ocr_carea' id='block_1_109' title="bbox 140 5756 1709 5831">
    <p class='ocr_par' dir='ltr' id='par_1_109' title="bbox 140 5756 1709 5831">
     <span class='ocr_line' id='line_1_109' title="bbox 140 5756 1709 5831; baseline 0.001 -21"><span class='ocrx_word' id='word_1_779' title='bbox 140 5756 255 5831; x_wconf 70' lang='lat' dir='ltr'><strong>suis,</strong></span> <span class='ocrx_word' id='word_1_780' title='bbox 275 5763 329 5815; x_wconf 85' lang='lat' dir='ltr'><strong>in</strong></span> <span class='ocrx_word' id='word_1_781' title='bbox 350 5763 577 5831; x_wconf 82' lang='lat' dir='ltr'><strong>magnis</strong></span> <span class='ocrx_word' id='word_1_782' title='bbox 600 5759 825 5831; x_wconf 64' lang='lat' dir='ltr'><strong>haerens</strong></span> <span class='ocrx_word' id='word_1_783' title='bbox 840 5756 1274 5820; x_wconf 81' lang='lat' dir='ltr'><strong>diliienltatibus,</strong></span> <span class='ocrx_word' id='word_1_784' title='bbox 1293 5774 1416 5813; x_wconf 90' lang='lat' dir='ltr'><strong>cum</strong></span> <span class='ocrx_word' id='word_1_785' title='bbox 1444 5761 1709 5831; x_wconf 87' lang='lat' dir='ltr'><strong>septimus</strong></span> 
     </span>
    </p>
   </div>
   <div class='ocr_carea' id='block_1_110' title="bbox 139 5825 1708 5901">
    <p class='ocr_par' dir='ltr' id='par_1_110' title="bbox 139 5825 1708 5901">
     <span class='ocr_line' id='line_1_110' title="bbox 139 5825 1708 5901; baseline 0 -18"><span class='ocrx_word' id='word_1_786' title='bbox 139 5825 239 5886; x_wconf 75' lang='lat' dir='ltr'><strong>dies</strong></span> <span class='ocrx_word' id='word_1_787' title='bbox 262 5825 592 5901; x_wconf 71' lang='lat' dir='ltr'><strong>appetiisset</strong></span> <span class='ocrx_word' id='word_1_788' title='bbox 627 5826 866 5882; x_wconf 89' lang='lat' dir='ltr'><strong>necdum</strong></span> <span class='ocrx_word' id='word_1_789' title='bbox 894 5831 1108 5883; x_wconf 78' lang='lat' dir='ltr'><strong>adesset</strong></span> <span class='ocrx_word' id='word_1_790' title='bbox 1140 5839 1312 5892; x_wconf 77' lang='lat' dir='ltr'><strong>vates,</strong></span> <span class='ocrx_word' id='word_1_791' title='bbox 1344 5843 1467 5882; x_wconf 88' lang='lat' dir='ltr'><strong>eum</strong></span> <span class='ocrx_word' id='word_1_792' title='bbox 1503 5825 1708 5883; x_wconf 85' lang='lat' dir='ltr'><strong>diutius</strong></span> 
     </span>
    </p>
   </div>
   <div class='ocr_carea' id='block_1_111' title="bbox 1817 5202 3389 5280">
    <p class='ocr_par' dir='ltr' id='par_1_111' title="bbox 1817 5202 3389 5280">
     <span class='ocr_line' id='line_1_111' title="bbox 1817 5202 3389 5280; baseline 0.012 -28"><span class='ocrx_word' id='word_1_793' title='bbox 1817 5202 2347 5280; x_wconf 79' lang='lat' dir='ltr'><strong>opperiendum</strong></span> <span class='ocrx_word' id='word_1_794' title='bbox 2376 5221 2481 5261; x_wconf 92' lang='lat' dir='ltr'><strong>non</strong></span> <span class='ocrx_word' id='word_1_795' title='bbox 2543 5218 2693 5263; x_wconf 82' lang='lat' dir='ltr'><strong>ratus</strong></span> <span class='ocrx_word' id='word_1_796' title='bbox 2740 5208 2854 5278; x_wconf 83' lang='lat' dir='ltr'><strong>ipse</strong></span> <span class='ocrx_word' id='word_1_797' title='bbox 2902 5209 3009 5264; x_wconf 91' lang='lat' dir='ltr'><strong>Deo</strong></span> <span class='ocrx_word' id='word_1_798' title='bbox 3038 5214 3389 5280; x_wconf 77' lang='lat' dir='ltr'><strong>sacriﬁcavit,</strong></span> 
     </span>
    </p>
   </div>
   <div class='ocr_carea' id='block_1_112' title="bbox 1817 5273 3391 5354">
    <p class='ocr_par' dir='ltr' id='par_1_112' title="bbox 1817 5273 3391 5354">
     <span class='ocr_line' id='line_1_112' title="bbox 1817 5273 3391 5354; baseline 0.011 -31"><span class='ocrx_word' id='word_1_799' title='bbox 1817 5273 2072 5353; x_wconf 75' lang='lat' dir='ltr'><strong>dillidens</strong></span> <span class='ocrx_word' id='word_1_800' title='bbox 2114 5275 2371 5354; x_wconf 71' lang='lat' dir='ltr'><strong>nimirum</strong></span> <span class='ocrx_word' id='word_1_801' title='bbox 2403 5281 2534 5342; x_wconf 84' lang='lat' dir='ltr'><strong>vati,</strong></span> <span class='ocrx_word' id='word_1_802' title='bbox 2569 5273 2772 5354; x_wconf 39' lang='lat' dir='ltr'><strong>Ani-que</strong></span> <span class='ocrx_word' id='word_1_803' title='bbox 2816 5289 3096 5354; x_wconf 69' lang='lat' dir='ltr'><strong>quantum</strong></span> <span class='ocrx_word' id='word_1_804' title='bbox 3143 5273 3391 5354; x_wconf 71' lang='lat' dir='ltr'><strong>oportuit</strong></span> 
     </span>
    </p>
   </div>
   <div class='ocr_carea' id='block_1_113' title="bbox 1819 5342 3391 5414">
    <p class='ocr_par' dir='ltr' id='par_1_113' title="bbox 1819 5342 3391 5414">
     <span class='ocr_line' id='line_1_113' title="bbox 1819 5342 3391 5414; baseline 0.013 -23"><span class='ocrx_word' id='word_1_805' title='bbox 1819 5342 1940 5411; x_wconf 79' lang='lat' dir='ltr'><strong>ejus</strong></span> <span class='ocrx_word' id='word_1_806' title='bbox 1965 5345 2223 5397; x_wconf 84' lang='lat' dir='ltr'><strong>mandato</strong></span> <span class='ocrx_word' id='word_1_807' title='bbox 2252 5347 2527 5402; x_wconf 75' lang='lat' dir='ltr'><strong>deferens.</strong></span> <span class='ocrx_word' id='word_1_808' title='bbox 2561 5342 2685 5414; x_wconf 77' lang='lat' dir='ltr'><strong>Quo</strong></span> <span class='ocrx_word' id='word_1_809' title='bbox 2717 5342 2860 5405; x_wconf 75' lang='lat' dir='ltr'><strong>iacto</strong></span> <span class='ocrx_word' id='word_1_810' title='bbox 2905 5351 2997 5403; x_wconf 79' lang='lat' dir='ltr'><strong>Dei</strong></span> <span class='ocrx_word' id='word_1_811' title='bbox 3034 5342 3302 5409; x_wconf 73' lang='lat' dir='ltr'><strong>advei&#39;sus</strong></span> <span class='ocrx_word' id='word_1_812' title='bbox 3328 5374 3391 5412; x_wconf 77' lang='lat' dir='ltr'><strong>se</strong></span> 
     </span>
    </p>
   </div>
   <div class='ocr_carea' id='block_1_114' title="bbox 1821 5415 3389 5486">
    <p class='ocr_par' dir='ltr' id='par_1_114' title="bbox 1821 5415 3389 5486">
     <span class='ocr_line' id='line_1_114' title="bbox 1821 5415 3389 5486; baseline 0.011 -24"><span class='ocrx_word' id='word_1_813' title='bbox 1821 5415 2119 5486; x_wconf 57' lang='lat' dir='ltr'><strong>eummuvit</strong></span> <span class='ocrx_word' id='word_1_814' title='bbox 2151 5416 2606 5486; x_wconf 80' lang='lat' dir='ltr'><strong>indignationem,</strong></span> <span class='ocrx_word' id='word_1_815' title='bbox 2634 5428 2744 5473; x_wconf 85' lang='lat' dir='ltr'><strong>etc.</strong></span> <span class='ocrx_word' id='word_1_816' title='bbox 2783 5421 2837 5474; x_wconf 94' lang='lat' dir='ltr'><strong>In</strong></span> <span class='ocrx_word' id='word_1_817' title='bbox 2872 5421 3013 5473; x_wconf 83' lang='lat' dir='ltr'><strong>hanc</strong></span> <span class='ocrx_word' id='word_1_818' title='bbox 3062 5428 3389 5480; x_wconf 87' lang='lat' dir='ltr'><strong>sententiam</strong></span> 
     </span>
    </p>
   </div>
   <div class='ocr_carea' id='block_1_115' title="bbox 1823 5481 3391 5555">
    <p class='ocr_par' dir='ltr' id='par_1_115' title="bbox 1823 5481 3391 5555">
     <span class='ocr_line' id='line_1_115' title="bbox 1823 5481 3391 5555; baseline 0.01 -22"><span class='ocrx_word' id='word_1_819' title='bbox 1823 5481 2068 5536; x_wconf 84' lang='lat' dir='ltr'><strong>Zonaras</strong></span> <span class='ocrx_word' id='word_1_820' title='bbox 2099 5481 2319 5554; x_wconf 68' lang='lat' dir='ltr'><strong>quoque</strong></span> <span class='ocrx_word' id='word_1_821' title='bbox 2340 5488 2584 5555; x_wconf 81' lang='lat' dir='ltr'><strong>scripsit.</strong></span> <span class='ocrx_word' id='word_1_822' title='bbox 2613 5487 2747 5543; x_wconf 67' lang='grc' dir='ltr'><strong>ΧΠ..</strong></span> <span class='ocrx_word' id='word_1_823' title='bbox 2770 5492 3056 5545; x_wconf 77' lang='lat' dir='ltr'><strong>Alt-luctus</strong></span> <span class='ocrx_word' id='word_1_824' title='bbox 3087 5495 3138 5544; x_wconf 86' lang='lat' dir='ltr'><strong>in</strong></span> <span class='ocrx_word' id='word_1_825' title='bbox 3170 5507 3391 5549; x_wconf 81' lang='lat' dir='ltr'><strong>contra-</strong></span> 
     </span>
    </p>
   </div>
   <div class='ocr_carea' id='block_1_116' title="bbox 1819 5559 3391 5633">
    <p class='ocr_par' dir='ltr' id='par_1_116' title="bbox 1819 5559 3391 5633">
     <span class='ocr_line' id='line_1_116' title="bbox 1819 5559 3391 5633; baseline 0.01 -29"><span class='ocrx_word' id='word_1_826' title='bbox 1819 5568 1960 5631; x_wconf 85' lang='lat' dir='ltr'><strong>rtum</strong></span> <span class='ocrx_word' id='word_1_827' title='bbox 1994 5559 2236 5633; x_wconf 78' lang='lat' dir='ltr'><strong>auctoris</strong></span> <span class='ocrx_word' id='word_1_828' title='bbox 2261 5572 2474 5633; x_wconf 71' lang='lat' dir='ltr'><strong>sensus.</strong></span> <span class='ocrx_word' id='word_1_829' title='bbox 2495 5574 2728 5625; x_wconf 76' lang='lat' dir='ltr'><strong>genuina</strong></span> <span class='ocrx_word' id='word_1_830' title='bbox 2752 5560 2869 5624; x_wconf 88' lang='lat' dir='ltr'><strong>ejus</strong></span> <span class='ocrx_word' id='word_1_831' title='bbox 2894 5561 3130 5633; x_wconf 85' lang='lat' dir='ltr'><strong>lectione</strong></span> <span class='ocrx_word' id='word_1_832' title='bbox 3156 5573 3391 5629; x_wconf 81' lang='lat' dir='ltr'><strong>retenta,</strong></span> 
     </span>
    </p>
   </div>
   <div class='ocr_carea' id='block_1_117' title="bbox 1821 5625 3395 5697">
    <p class='ocr_par' dir='ltr' id='par_1_117' title="bbox 1821 5625 3395 5697">
     <span class='ocr_line' id='line_1_117' title="bbox 1821 5625 3395 5697; baseline 0.008 -22"><span class='ocrx_word' id='word_1_833' title='bbox 1821 5626 1900 5675; x_wconf 85' lang='lat' dir='ltr'><strong>sic</strong></span> <span class='ocrx_word' id='word_1_834' title='bbox 1936 5625 2273 5697; x_wconf 70' lang='lat' dir='ltr'><strong>restituitur:</strong></span> <span class='ocrx_word' id='word_1_835' title='bbox 2308 5625 2437 5678; x_wconf 85' lang='lat' dir='ltr'><strong>Cum</strong></span> <span class='ocrx_word' id='word_1_836' title='bbox 2466 5636 2694 5695; x_wconf 76' lang='lat' dir='ltr'><strong>tempore</strong></span> <span class='ocrx_word' id='word_1_837' title='bbox 2735 5641 2783 5681; x_wconf 82' lang='lat' dir='ltr'><strong>et</strong></span> <span class='ocrx_word' id='word_1_838' title='bbox 2822 5632 3229 5697; x_wconf 67' lang='lat' dir='ltr'><strong>exspectiatiane</strong></span> <span class='ocrx_word' id='word_1_839' title='bbox 3269 5625 3395 5689; x_wconf 52' lang='lat' dir='ltr'><strong>diu;</strong></span> 
     </span>
    </p>
   </div>
   <div class='ocr_carea' id='block_1_118' title="bbox 1824 5694 3398 5763">
    <p class='ocr_par' dir='ltr' id='par_1_118' title="bbox 1824 5694 3398 5763">
     <span class='ocr_line' id='line_1_118' title="bbox 1824 5694 3398 5763; baseline 0.009 -20"><span class='ocrx_word' id='word_1_840' title='bbox 1824 5707 1981 5744; x_wconf 80' lang='lat' dir='ltr'><strong>mnta</strong></span> <span class='ocrx_word' id='word_1_841' title='bbox 2014 5694 2221 5763; x_wconf 74' lang='lat' dir='ltr'><strong>longius</strong></span> <span class='ocrx_word' id='word_1_842' title='bbox 2255 5694 2597 5763; x_wconf 73' lang='lat' dir='ltr'><strong>processisset</strong></span> <span class='ocrx_word' id='word_1_843' title='bbox 2631 5716 2694 5752; x_wconf 87' lang='lat' dir='ltr'><strong>ac</strong></span> <span class='ocrx_word' id='word_1_844' title='bbox 2743 5694 2925 5752; x_wconf 72' lang='lat' dir='ltr'><strong>moras</strong></span> <span class='ocrx_word' id='word_1_845' title='bbox 2978 5702 3228 5755; x_wconf 80' lang='lat' dir='ltr'><strong>trahendo</strong></span> <span class='ocrx_word' id='word_1_846' title='bbox 3266 5710 3398 5759; x_wconf 78' lang='lat' dir='ltr'><strong>tole-</strong></span> 
     </span>
    </p>
   </div>
   <div class='ocr_carea' id='block_1_119' title="bbox 1819 5765 3392 5883">
    <p class='ocr_par' dir='ltr' id='par_1_119' title="bbox 1819 5765 3392 5883">
     <span class='ocr_line' id='line_1_119' title="bbox 1819 5765 3392 5883; baseline 0.01 -72"><span class='ocrx_word' id='word_1_847' title='bbox 1819 5772 1998 5883; x_wconf 49' lang='lat' dir='ltr'><strong>{esset</strong></span> <span class='ocrx_word' id='word_1_848' title='bbox 2055 5765 2205 5827; x_wconf 77' lang='lat' dir='ltr'><strong>Sani,</strong></span> <span class='ocrx_word' id='word_1_849' title='bbox 2266 5766 2489 5821; x_wconf 84' lang='lat' dir='ltr'><strong>Domino</strong></span> <span class='ocrx_word' id='word_1_850' title='bbox 2538 5773 2745 5827; x_wconf 80' lang='lat' dir='ltr'><strong>tandem</strong></span> <span class='ocrx_word' id='word_1_851' title='bbox 2807 5773 3133 5844; x_wconf 77' lang='lat' dir='ltr'><strong>sacrificium</strong></span> <span class='ocrx_word' id='word_1_852' title='bbox 3181 5776 3392 5829; x_wconf 81' lang='lat' dir='ltr'><strong>obtulit.</strong></span> 
     </span>
     <span class='ocr_line' id='line_1_120' title="bbox 1846 5847 1988 5883; baseline 0.028 -3"><span class='ocrx_word' id='word_1_853' title='bbox 1846 5847 1988 5883; x_wconf 67' lang='grc' dir='ltr'><strong>ποια.</strong></span> 
     </span>
    </p>
   </div>
   <div class='ocr_carea' id='block_1_120' title="bbox 1846 5847 1988 5884">
    <p class='ocr_par' dir='ltr' id='par_1_120' title="bbox 1846 5847 1988 5884">
     <span class='ocr_line' id='line_1_121' title="bbox 1846 5847 1988 5884; baseline 0.007 -1"><span class='ocrx_word' id='word_1_854' title='bbox 1846 5847 1988 5884; x_wconf 67' lang='grc' dir='ltr'><strong>ιιηιι.</strong></span> 
     </span>
    </p>
   </div>
  </div>
