4184 6436
741 395 844 462 143

2017 398 2331 459 GEORGII
2363 399 2699 460 CEDRENI
3877 400 3965 466 114

740 511 873 565 Cum
912 525 1038 562 vero
1068 508 1231 562 etiam
1258 510 1498 579 amplius
1529 511 1749 568 Barbari
1795 515 1847 568 in
1887 515 2080 567 castris
2114 512 2306 564 tumul-

2417 509 2473 562 δὲ
2511 511 2690 580 ἱερεὺς
2720 512 2837 563 ἐκεῖ
2893 509 3076 580 Ἀχίας
3107 513 3358 582 Λευίτης,
3427 513 3597 584 αἴρων
3651 514 3826 584 ὲφοὺό,
3885 517 3970 570 καὶ

734 610 960 656 μιυαιιιεε
990 609 1181 653 mutuo
1209 616 1330 655 sese
1361 603 1789 671 aggrederentur
1821 607 1970 676 (nam
2000 606 2226 660 advena:
2259 615 2312 659 et

742 695 882 748 servi
909 692 1000 761 qui
1033 693 1088 746 in
1122 691 1485 760 Barbarorum
1511 698 1714 753 castris
1743 707 1924 762 erant,
1965 697 2230 752 adversus
2254 713 2313 752 se

743 785 974 838 invicem
1011 783 1229 838 infestis
1256 785 1426 841 armis
1463 802 1574 840 rem
1605 789 1914 857 gerebant),
1967 788 2166 844 Saulus
2222 804 2308 842 sa-

735 875 946 928 cerdoti
975 874 1142 942 jussit
1183 885 1241 928 ut
1305 890 1502 931 manus
1553 890 1932 948 componeret,
1979 887 2143 950 atque
2195 879 2313 947 ipse

737 983 863 1021 cum
897 967 1173 1023 sexcentis
1205 965 1475 1022 Barbaros
1505 969 1732 1026 adortus
1751 979 1857 1026 est.
1897 971 2314 1040 Coojunxerunt

739 1074 800 1112 se
831 1073 953 1111 cum
979 1073 1041 1110 co
1071 1058 1236 1110 etiam
1276 1057 1511 1124 Hebraei,
1540 1060 1631 1129 qui
1655 1061 1709 1113 in
1750 1060 2032 1128 speluncis
2067 1069 2119 1114 et
2156 1058 2312 1111 rimis

734 1151 1003 1203 montium
1037 1150 1301 1213 latebant,
1341 1151 1414 1203 ita
1453 1162 1509 1204 ut
1540 1152 1685 1206 circa
1741 1152 1970 1205 Saulum
2024 1159 2210 1207 essent
2244 1151 2311 1205 ad

731 1244 924 1296 decem
958 1243 1200 1296 virorum
1237 1243 1425 1295 millia.
1470 1242 1546 1298 lbi
1574 1252 1690 1298 tum
1734 1244 1934 1298 Saulus
1969 1245 2312 1313 ignoratione

738 1331 941 1384 ductus
974 1342 1202 1384 mortem
1234 1341 1455 1386 voverat
1501 1335 1574 1398 ei,
1631 1335 1946 1404 quicunque
2007 1335 2074 1388 de
2114 1335 2312 1404 populo

737 1421 920 1475 cibum
954 1422 1106 1489 prius
1137 1431 1414 1491 gustasset
1465 1438 1626 1491 quam
1682 1426 1866 1478 hosws
1898 1432 2085 1478 essent
2123 1424 2309 1478 deleti.

733 1510 976 1567 ‘Omnis
1026 1521 1206 1566 autem
1247 1522 1390 1566 terra
1420 1513 1744 1582 prandebat.
1807 1517 1963 1571 Tunc
2018 1517 2196 1570 evenit
2252 1527 2311 1569 ut

730 1603 1002 1658 Jonathas
1032 1604 1196 1658 edicti
1224 1605 1390 1660 istius
1435 1607 1660 1675 ignarus
1699 1608 1802 1660 mel
1831 1618 2110 1676 gustaret;
2147 1625 2308 1678 quem

735 1709 913 1750 tamen
942 1697 1173 1764 populus
1209 1697 1329 1750 neci
1379 1699 1608 1752 exemit.
1662 1696 1834 1753 Porro
1881 1697 2078 1752 Saulus
2119 1715 2311 1754 omnes

735 1788 994 1842 tiuitimas
1056 1788 1106 1840 iu
1171 1789 1358 1842 orbem
1437 1799 1626 1858 gentes
1697 1789 2008 1844 debellavit.
2074 1791 2308 1845 Rursum

2419 597 2574 654 εἷπεν
2596 601 2746 674 αὐτῷ
2776 603 2948 656 Σαοὺλ
2981 605 3330 675 ἐπερωτῆσαι
3365 607 3422 657 ἐν
3456 607 3666 676 Κυρίῳ.
3707 609 3792 671 Ὠς
3819 609 3870 662 δὲ
3896 609 3969 662 ἔτι

2420 695 2514 747 καὶ
2547 694 2748 763 μᾶλλον
2786 696 3151 749 συνεκόπετο
3179 698 3211 767 ὴ
3258 697 3580 768 παρεμϐολὴ
3615 700 3723 752 τῶν
3752 701 3966 770 ἀλλοφύ-

2416 783 2523 836 λων
2550 785 2637 851 ὑφ’
2674 785 2885 838 ἑαυτῶν
2933 785 3336 855 (ἐπανέστησαν
3377 788 3485 857 γὰρ
3511 792 3557 840 οἱ
3585 789 3860 860 ἐπίμικτοι
3886 793 3970 844 καὶ

2416 874 2596 928 δοῦλοι
2631 877 2678 928 οἱ
2725 876 2865 946 μετὰ
2915 878 3024 930 τῶν
3074 877 3387 945 ἀλλοφύλων
3435 880 3558 933 καθ’
3606 882 3836 946 ἑαυτῶν,
3886 886 3970 938 καὶ

2417 966 2726 1018 ἐπάτασσον
2759 967 2960 1030 αὐτοὺς
2999 970 3298 1040 ῥομφαίαις
3327 968 3490 1043 [60]),
3545 966 3667 1024 εἷπε
3712 973 3876 1026 Σαοὺλ
3899 975 3970 1043 τῷ

2429 1056 2585 1128 Ἀχία
2619 1059 2902 1112 συστεῖλαι
2936 1058 3034 1122 τὰς
3066 1063 3253 1130 χεῖρας
3287 1059 3423 1128 (61),
3451 1063 3544 1115 καὶ
3574 1063 3801 1117 ἐπέθετο
3827 1065 3971 1128 αὐτὸς

2414 1152 2528 1212 τοῖς
2548 1149 2874 1219 ἀλλοφύλοις
2895 1148 2992 1202 σὺν
3005 1153 3117 1212 τοῖς
3131 1151 3453 1216 ἑξακοσίοις.
3488 1153 3743 1223 Ἐξῆλθον
3759 1155 3812 1208 δὲ
3829 1156 3910 1208 καὶ
3926 1158 3969 1208 οἱ

2417 1241 2474 1292 ὲν
2513 1243 2625 1303 τοῖς
2670 1242 2959 1312 σπηλαίοις
3002 1242 3093 1294 καὶ
3121 1245 3240 1302 ταῖς
3270 1243 3430 1306 ὀπαῖς
3473 1244 3840 1314 κρυπτόμενοι
3871 1244 3970 1298 τῶν

2429 1332 2715 1402 Ἑϐραίων,
2746 1333 2838 1386 καὶ
2861 1334 3122 1402 γεγόνασι
3152 1334 3290 1403 μετὰ
3309 1334 3482 1388 Σαοὺλ
3511 1336 3971 1408 ὡσεὶχιλιάδεςδέ-

2415 1442 2505 1477 κα.
2539 1425 2671 1476 Τότε
2703 1426 2972 1495 ἠγνόησεν
3003 1427 3227 1494 ἄγνοιαν
3258 1428 3454 1491 Σαοὺλ,
3502 1429 3600 1481 καὶ
3639 1431 3873 1498 ἠράσατο
3900 1433 3971 1500 μὴ

2412 1515 2826 1583 ἀπογεύσασθαι
2852 1517 3106 1588 βρώσεως
3131 1518 3220 1570 τὸν
3251 1518 3378 1570 λαὸν
3407 1519 3513 1581 ἓως
3533 1519 3834 1573 συντελέσει
3855 1523 3972 1584 τοὺς

2414 1608 2645 1678 ἐχθροὺς
2697 1609 2886 1663 αὐτοῦ.
2922 1611 3079 1663 Πᾶσα
3114 1611 3172 1664 δὲ
3217 1612 3249 1680 ή
3307 1612 3379 1679 γῆ
3434 1612 3634 1680 ἠρίστα
3659 1611 3793 1681 (62).
3850 1609 3970 1665 Εἶτα

2414 1701 2704 1769 συμϐαίνει
2739 1701 2806 1754 τὰ
2834 1704 2962 1772 περὶ
3011 1703 3268 1754 Ἰωνὰθαν
3295 1705 3350 1753 ἐν
3375 1706 3439 1772 τῇ
3471 1705 3527 1755 ὲν
3557 1702 3749 1773 ἀγνοίᾳ
3786 1703 3970 1773 βρώσει

2412 1789 2506 1842 τοῦ
2529 1791 2765 1859 μέλιτος.
2801 1791 3130 1860 Ἐξαιρεῖται
3147 1792 3202 1844 δὲ
3229 1793 3392 1845 αὐτὸν
3414 1796 3440 1844 ὀ
3462 1793 3590 1855 λαός
3612 1793 3706 1845 τοῦ
3730 1793 3969 1849 θανάτου.

731 1880 928 1933 deinde
1002 1877 1291 1933 Samuelus
1327 1889 1476 1934 vates
1538 1880 1768 1934 adeum
1829 1883 1996 1946 venit,
2059 1895 2122 1934 ac
2163 1881 2306 1950 quod

2415 1885 2524 1937 Καὶ
2555 1884 2730 1937 Σαοὺλ
2764 1885 3180 1954 κατεπολέμησε
3223 1887 3399 1938 πάντα
3439 1885 3508 1937 τὰ
3541 1885 3668 1955 ἔθνη
3696 1887 3764 1938 τὰ
3797 1887 3971 1956 κύκλῳ

732 1986 760 2024 a
825 1971 936 2026 Deo
994 1982 1282 2041 acceperat
1359 1971 1702 2037 mandatum,
1783 1973 1887 2042 ipsi
1963 1974 2190 2043 exponit
2241 1972 2310 2029 de

731 2065 1109 2122 internecione
1160 2065 1462 2125 excidenda
1514 2066 1756 2120 Amaleci
1810 2075 1992 2138 gente,
2055 2066 2129 2121 ita
2184 2068 2309 2137 qui-

731 2159 854 2213 dem
887 2166 1023 2212 utet
1083 2158 1334 2214 homines
1393 2168 1446 2212 et
1491 2172 1658 2226 pecus
1708 2158 1777 2211 ab
1839 2157 2078 2214 lactente
2136 2174 2309 2228 usque

730 2253 795 2305 ad
855 2267 1040 2307 senem
1084 2265 1296 2316 omnes,
1351 2251 1596 2315 adquue
1663 2259 1834 2305 totum
1890 2251 2052 2305 etiam
2115 2251 2309 2306 mulie-

731 2344 826 2398 bre
882 2359 1056 2414 genus
1121 2357 1243 2396 eum
1290 2341 1556 2412 jumentis
1619 2344 1972 2414 exstinguere
2022 2353 2078 2397 et
2123 2343 2308 2397 omnia

732 2437 978 2506 ipsorum
1020 2436 1412 2506 impedimenta
1467 2437 1696 2505 perdere
1738 2438 1978 2505 juberet.
2013 2436 2192 2491 Causa
2225 2437 2308 2490 in-

731 2528 1072 2583 ternecionis
1147 2527 1469 2582 Amalecitis
1541 2528 1664 2593 luit,
1734 2530 1879 2597 quod
1947 2543 2012 2583 ex
2069 2528 2307 2599 ngypto

729 2621 1124 2678 ascendentem
1166 2619 1488 2676 lsraelicum
1546 2621 1807 2692 populum
1851 2621 2134 2677 maleﬁciis
2167 2621 2306 2676 infc-

731 2722 994 2769 stassenl.
1037 2711 1240 2768 Saulus
1294 2727 1425 2766 vero
1482 2714 1772 2767 victoriam
1827 2713 2050 2782 quidem
2112 2714 2308 2771 deletis

728 2805 973 2858 Amalcci
1004 2804 1181 2873 copiis
1216 2804 1478 2865 obtinuit,
1519 2803 1649 2858 czcdi
1690 2815 1873 2860 tamen
1918 2807 2166 2876 Agagum
2217 2821 2305 2861 re-

718 2913 848 2967 gem
885 2897 1110 2962 exemit,
1133 2910 1196 2949 ac
1240 2887 1472 2965 populus
1498 2896 1660 2950 etiam
1683 2896 1750 2950 de
1777 2897 2060 2968 gregibus,
2091 2913 2305 2954 armen-

723 2990 800 3044 tis
859 2989 1380 3058 impedimentisque
1439 2987 1680 3043 hostium
1743 3003 1996 3059 magnam
2066 2991 2303 3060 praedam

727 3086 857 3152 egit.
897 3085 1035 3138 Ecce
1083 3092 1264 3137 autem
1309 3081 1600 3136 Samuelus
1659 3081 1726 3136 ad
1784 3081 2008 3136 Saulum
2064 3083 2304 3152 Galgalis

2413 1975 2602 2040 αὐτοῦ,
2641 1976 2841 2047 ἰσχύων
2867 1978 2990 2030 κατ’
3015 1977 3216 2030 αὐτῶν.
3245 1977 3414 2031 Πάλιν
3433 1977 3490 2031 δὲ
3523 1979 3816 2049 ἀνέρχεται
3843 1979 3969 2047 πρὸς

2412 2071 2576 2124 αὑτὸν
2615 2070 2870 2142 Σαμουὴλ
2921 2072 2950 2124 ὀ
2999 2072 3308 2142 προφήτης,
3358 2071 3454 2125 καὶ
3499 2072 3647 2139 λέγει
3700 2071 3967 2142 αὐτῷτὴν

2410 2163 2684 2217 ἀπώλειαν
2740 2163 3010 2232 ’Λμαλὴκ,
3061 2163 3156 2214 καὶ
3191 2163 3408 2215 δίδωσιν
3465 2161 3614 2232 αύτῷ
3644 2161 3971 2234 ὲντολὴν,ήν

2409 2254 2602 2310 ἔλαϐεν
2630 2258 2695 2307 ἐκ
2721 2255 2879 2320 Θεοῦ,
2926 2252 3021 2306 τοῦ
3057 2252 3131 2324 μὴ
3175 2253 3642 2325 περιποιήσασθαι
3695 2254 3756 2318 ἐξ
3809 2255 3971 2306 αὐτου

2409 2348 2517 2401 ἀπὸ
2543 2345 2832 2418 ἀνθρώπου
2865 2346 2970 2408 ἕως
3004 2347 3254 2416 κτήνους,
3286 2346 3396 2398 ἀπὺ
3434 2343 3630 2414 νηπίου
3685 2342 3782 2398 καὶ
3809 2343 3975 2416 θηλά-

2410 2439 2595 2504 ζοντος
2622 2439 2725 2500 ἕως
2754 2435 3089 2508 πρεσϐύτου,
3135 2435 3271 2488 ἀλλὰ
3316 2436 3411 2488 καὶ
3443 2436 3575 2488 αὐτὸ
3605 2436 3724 2488 ὅλον
3753 2435 3815 2489 τὸ
3844 2434 3977 2504 θῆλυ

2409 2531 2565 2598 γένος
2598 2529 2781 2581 ὀλέσαι
2803 2528 2897 2580 καὶ
2921 2525 3100 2579 πάντα
3130 2525 3198 2578 τὰ
3223 2527 3395 2596 κτήνη
3438 2526 3640 2591 αὐτῶν,
3672 2527 3767 2579 καὶ
3800 2527 3980 2580 πᾶσαν

2407 2624 2507 2691 τὴν
2542 2619 2854 2689 ἀποσκευὴν
2883 2618 3062 2673 αὐτῶν
3091 2616 3424 2688 διαφθεῖραι,
3478 2619 3560 2671 ὃτι
3600 2617 3749 2671 κακὰ
3778 2617 3978 2670 ἐνεδεί-

2408 2714 2568 2778 ξαντο
2599 2716 2709 2774 τοῖς
2751 2709 2886 2774 nlui;
2943 2709 3160 2781 Ἰσραὴλ
3192 2711 3252 2761 ἐν
3280 2711 3345 2780 τῇ
3376 2709 3433 2774 ἐξ
3481 2709 3764 2776 Αἰγύπτου
3795 2708 3986 2761 ἐπανό-

2407 2805 2501 2877 δῳ.
2536 2806 2707 2860 Σαοὺλ
2729 2805 2783 2858 δὲ
2812 2805 2909 2874 τῆς
2962 2804 3060 2874 μὲν
3108 2803 3264 2872 νίκης
3301 2801 3575 2872 ἐπιτυχὼν
3607 2803 3699 2855 καὶ
3717 2801 3984 2873 ἐκτρίψας

2406 2901 2497 2953 τὸν
2558 2899 2806 2970 Ἀμαλὴκ
2878 2898 3306 2967 περιεποιήσατο
3368 2897 3547 2962 Ἀγαγ
3603 2895 3694 2946 τὸν
3754 2895 3985 2964 βασιλέα

2410 2991 2608 3056 αὐτῶν,
2638 2993 2664 3044 ὀ
2692 2992 2749 3043 δὲ
2778 2991 2904 3051 λαὸς
2937 2990 3204 3059 διήρπασε
3246 2988 3466 3060 ποίμνια
3487 2987 3582 3040 καὶ
3605 2986 3857 3056 βουκόλια
3883 2991 3986 3040 καὶ

2409 3085 2718 3153 ἀποσκευὴν
2778 3084 2989 3153 ἱκανήν.
3033 3085 3141 3135 Καὶ
3185 3083 3294 3134 ἰδοὺ
3329 3081 3693 3152 παραγίνεται
3728 3083 3985 3152 Σαμουὴλ

728 3183 978 3247 agentem
1007 3176 1320 3234 revertitur,
1351 3175 1621 3243 jussuque
1661 3173 1749 3227 Dei
1785 3174 1834 3228 ei
1866 3175 2069 3228 indicat
2098 3173 2212 3228 fore
2245 3185 2301 3227 ut

2413 3183 2469 3231 ἐν
2503 3177 2819 3244 Γαλγάλοις,
2860 3177 2949 3228 καὶ
3014 3177 3160 3241 λέγει
3207 3174 3342 3243 πρὸς
3381 3173 3606 3226 Σαοὺλᾶ
3642 3167 3799 3225 εἶπεν
3828 3174 3989 3244 αὐτῷ

731 3283 900 3337 regno
926 3267 1146 3320 excidat
1186 3267 1342 3336 113
1383 3266 1605 3326 Saulus,
1641 3268 2019 3335 populumque
2044 3269 2115 3319 ita
2140 3266 2207 3320 ab
2239 3281 2303 3320 eo

729 3363 1023 3432 abruptum
1059 3360 1120 3413 iri
1159 3358 1434 3428 quomodo
1465 3376 1557 3412 rex
1591 3362 1850 3412 lacimam
1891 3359 1957 3413 de
2008 3359 2145 3413 laena
2205 3357 2304 3413 Sa-

728 3455 890 3509 mueli
948 3455 1276 3521 abrupisset.
1332 3450 1394 3504 Et
1423 3451 1717 3506 Samuelus
1751 3471 1779 3506 a
1815 3468 1941 3523 rege
1968 3454 2040 3506 ita
2078 3461 2303 3508 coactus

725 3562 835 3598 una
862 3560 985 3598 cum
1018 3559 1083 3596 eo
1117 3543 1359 3607 revertit,
1397 3543 1755 3611 Agagumque
1796 3558 1975 3612 regem
2011 3560 2107 3598 sna
2138 3561 2298 3598 Inann

730 3636 1200 3704 vatesjugnlavit.
1258 3633 1380 3688 llaec
1413 3634 1581 3687 divini
1619 3632 1860 3690 mandati
1911 3637 2176 3705 neglectio
2231 3637 2299 3688 ita

728 3730 899 3785 Deum
926 3728 1150 3782 olfentlit
1189 3737 1243 3779 ut
1271 3726 1528 3779 Samuelo
1551 3725 1781 3790 diceret,
1817 3728 1961 3796 quod
1992 3728 2302 3783 inunxisset

728 3835 898 3890 regno
952 3817 1202 3883 Sanluni,
1261 3817 1381 3885 ejus
1437 3831 1495 3871 se
1526 3819 1814 3886 pmnitere,
1863 3819 2084 3887 quando
2118 3822 2162 3874 is
2189 3836 2217 3872 a
2245 3837 2303 3874 se

727 3916 1024 3972 defecisset
1063 3929 1127 3966 ac
1165 3911 1422 3965 mandata
1458 3928 1554 3965 sua
1587 3913 2018 3980 postliabuisst-t.
2071 3919 2145 3970 Ac
2175 3934 2298 3969 cum

729 4007 931 4063 Saulus
985 4020 1014 4058 a
1077 4004 1335 4058 Samuelo
1405 4003 1568 4070 hujus
1622 4005 2094 4070 praevaricationis
2136 4023 2301 4061 causa

728 4102 972 4170 graviter
1006 4097 1332 4165 obiurgatus
1357 4096 1538 4163 pepuli
1567 4097 1785 4162 culpam
1818 4095 2174 4166 studiumque
2211 4115 2304 4167 pe-

726 4195 899 4248 cudes
964 4192 1073 4244 Deo
1125 4189 1474 4244 sacrilicandi
1527 4197 1892 4251 causaretur,
1941 4208 1957 4240 ι
1997 4190 2237 4245 Putasne
2277 4210 2294 4242 ι

728 4287 906 4354 inquit
939 4293 1091 4337 vates
1120 4280 1189 4345 ³¹,
1218 4297 1236 4330 ι
1270 4277 1478 4332 hostias
1510 4292 1572 4330 ac
1594 4281 1869 4333 sacrilicna
1910 4277 2018 4334 Deo
2043 4289 2149 4332 tam
2183 4296 2303 4349 pro-

731 4381 845 4434 bat‘i
885 4392 1047 4448 quam
1084 4375 1232 4429 dicto
1262 4371 1385 4441 ejus
1445 4371 1759 4426 audientem
1795 4372 1960 4427 esse?
2000 4374 2082 4428 sic
2109 4373 2249 4428 habe
2284 4391 2297 4426 :

729 4478 952 4541 praestat
975 4464 1289 4520 obedientia
1316 4462 1614 4526 sacriﬁcio,
1645 4472 1700 4517 et
1721 4463 2121 4533 obtemperatio
2149 4467 2295 4536 adipi

2405 3275 2431 3324 ὁ
2479 3270 2632 3331 Θεὸς,
2675 3271 2776 3339 τήν
2817 3284 2876 3319 τε
2929 3266 3026 3334 τῆς
3067 3265 3346 3336 βασιλείας
3402 3264 3678 3318 ἔκπτωσιν
3733 3265 3825 3316 καὶ
3880 3264 3988 3335 τὴν

2405 3363 2672 3436 ριαίρεσιν
2699 3359 2788 3414 τοῦ
2823 3358 2979 3420 λαοῦ,
3019 3359 3074 3422 ὃς
3109 3359 3150 3389 ³³
3180 3358 3431 3428 ὀιέρῥηξε
3465 3358 3524 3408 τὸ
3554 3356 3847 3428 πτερύγιον
3877 3356 3988 3422 τῆς

2404 3455 2672 3516 διπλοΐδος
2723 3453 2912 3506 αὑτοῦ.
2977 3449 3386 3518 Παραϐιάζεται
3429 3450 3485 3502 δὲ
3532 3449 3705 3502 Σαοὺλ
3744 3449 3834 3502 τὸν
3869 3450 3988 3501 21-

2409 3550 2579 3619 μουὴλ
2614 3546 2954 3616 ὑποστρέψαι
3003 3544 3120 3612 μετ’
3162 3544 3349 3607 αὐτοῦ,
3411 3543 3507 3596 καλ⁵
3538 3544 3724 3613 χερσὶν
3755 3542 3913 3604 ἰδίαις
3948 3545 3983 3594 ὀ

2405 3645 2689 3711 προφήτης
2738 3639 3045 3706 ἀποσφάζει
3092 3638 3270 3704 ’Λγαγ
3316 3635 3406 3688 τὸν
3439 3636 3661 3705 βασιλέα
3705 3634 3986 3705 Ἀμαλήκ.

2405 3737 2503 3788 Διὰ
2533 3734 2732 3801 ταύτην
2762 3732 2860 3801 τὴν
2894 3731 3180 3798 παρακοήν
3210 3729 3380 3781 Σαοὺλ
3412 3728 3566 3781 εἶπεν
3613 3731 3640 3782 ὀ
3677 3727 3808 3791 Θεὸς
3838 3729 3990 3796 πρὸς

2406 3824 2679 3894 Σαμουὴλ·
2729 3840 2748 3873 ι
2800 3819 3277 3888 Μεταμεμέλημαι
3331 3821 3411 3870 ὅτι
3455 3820 3646 3886 ἒχρισα
3685 3818 3774 3870 τὸν
3805 3819 3998 3889 Σαοὺλ

2405 3918 2484 3977 εἰς
2525 3913 2767 3985 βασιλέα,
2799 3910 2933 3963 διότι
2965 3908 3178 3978 ἀπέστη
3209 3907 3316 3960 ἀπὸ
3349 3907 3574 3960 ὄπισθέν
3604 3925 3704 3977 μου
3742 3911 3836 3960 καὶ
3872 3910 3988 3962 οὐκ

2406 4001 2644 4069 ἐφύλαξε
2668 4002 2736 4052 τὰ
2769 3999 2992 4069 ῥήματά
3029 4015 3152 4067 μου.
3182 4017 3200 4047 ι
3233 3997 3411 4049 Πολλὰ
3433 3998 3489 4049 δὲ
3517 3998 3864 4051 κατωνείόισε
3883 4001 3994 4052 τδν

2405 4095 2576 4147 Σαοὺλ
2607 4091 2859 4160 Σαμουὴλ
2903 4090 2996 4141 ἐπὶ
3028 4092 3094 4158 τῇ
3132 4091 3382 4158 παρακοῇ
3422 4089 3615 4158 ταύτῃ.
3672 4090 3728 4140 ’0
3775 4090 3830 4141 δὲ
3880 4093 3995 4160 τὴν

2405 4187 2586 4238 αἰτίαν
2627 4185 2719 4234 ἐπὶ
2745 4181 2835 4234 τὸν
2869 4180 2996 4232 λαὸν
3031 4182 3124 4232 καὶ
3156 4181 3242 4250 |P.
3293 4177 3384 4249 64]
3409 4178 3500 4230 τοῦ
3532 4178 3690 4230 θῦσαι
3723 4179 3789 4231 τὰ
3814 4179 3998 4249 θρέμ-

2408 4294 2555 4347 ματα
2586 4275 2664 4345 τῷ
2694 4275 2812 4344 Θεῷ
2863 4275 3158 4340 ἐπήνεγκε.
3212 4270 3323 4322 Καὶ
3375 4265 3494 4322 εἷπε
3535 4270 3787 4339 Σαμουὴλ
3838 4272 3997 4339 πρὸς

2404 4369 2576 4422 Σαούλ
2601 4383 2613 4394 '
2650 4385 2667 4418 ι
2712 4369 2772 4419 ΕΞ
2805 4365 3028 4434 θελήτὸν
3061 4364 3137 4432 τῷ
3173 4364 3362 4434 Κυρίῳ
3402 4362 3832 4430 ὁλοκαυτώματα
3886 4365 3998 4414 καὶ

2407 4464 2590 4516 θυσίαι
2636 4461 2710 4522 ὡς
2767 4461 2827 4512 τὸ
2880 4458 3114 4510 ἀκοῦσαι
3146 4456 3330 4524 φωνῆς
3378 4454 3621 4523 Κυρίου;
3672 4454 3803 4506 Ἰδοὺ
3837 4457 4002 4525 ἀκοὴ

727 4532 982 4616 arietino.
1012 4558 1214 4612 Contra
1236 4564 1520 4627 peccatum
1547 4555 1770 4624 magicae
1797 4532 2171 4625 superstitioni
2205 4532 2303 4630 pg].-

2409 4556 2551 4623 ὑπὲρ
2583 4552 2770 4605 θυσίαν
2801 4549 3002 4618 ἀγαθὴ,
3040 4549 3134 4601 καὶ
3183 4550 3215 4616 ή
3255 4547 3590 4616 ὲπακρόασις
3629 4545 3770 4615 ὑπὲρ
3809 4546 3999 4616 στέαρ

729 4662 813 4708 εει
848 4649 1244 4713 inobedientia,
1284 4661 1616 4717 poenamque
1646 4660 1770 4700 cum
1807 4647 1992 4702 cultus
2025 4639 2146 4704 falsi
2200 4667 2303 4704 nu-

731 4747 900 4799 minis
932 4741 1206 4811 supplicio
1260 4739 1508 4794 eamdem
1551 4738 1832 4792 conciliat.
1892 4739 1972 4793 Tu
2021 4743 2146 4810 quia
2211 4742 2300 4794 Dei

730 4837 1048 4890 mandatum
1097 4847 1200 4902 pro
1230 4832 1408 4884 nihilo
1441 4829 1702 4894 habuisti,
1743 4832 1925 4899 itaque
1962 4831 2104 4887 Deus
2137 4835 2298 4887 etiam

732 4938 784 4982 te
825 4928 979 4981 nihili
1008 4925 1190 4986 faciet,
1223 4937 1500 4993 reganue
1542 4921 1799 4978 lsraelico
1839 4925 2097 4994 privabit.
2134 4944 2152 4975 ι
2202 4925 2298 4979 llis

728 5019 893 5074 dictis
933 5032 962 5070 a
988 5031 1114 5085 rege
1146 5013 1422 5078 discessit,
1461 5031 1638 5083 neque
1674 5017 1722 5069 ei
1779 5030 1946 5085 porro
2001 5031 2060 5070 se
2109 5017 2298 5072 viden-

729 5111 858 5165 dum
893 5106 1144 5178 praebuit.
1193 5104 1336 5159 ldcm
1408 5114 1560 5160 vates
1600 5107 1688 5160 Dei
1728 5107 1890 5175 jussu
1926 5106 2294 5162 Bethleemam

801 5251 842 5282 ³⁸
878 5249 895 5302 1
929 5247 1060 5314 Reg.
1097 5261 1188 5310 XV,
1225 5244 1318 5307 22,
1349 5243 1442 5297 23.

2403 4646 2599 4718 κριῶν;
2657 4645 2782 4695 Ὅτι
2841 4641 3088 4712 ἁμαρτία
3137 4638 3410 4706 οἰώνισμά
3471 4641 3610 4697 ἐστι,
3658 4637 3853 4704 ὀδύνην
3888 4639 4004 4689 καὶ

2402 4743 2564 4792 πόνον
2615 4735 2862 4805 θεραφὶμ
2936 4732 3259 4798 ἐπάγουσιν.
3313 4731 3436 4781 Ὅτι
3487 4727 3854 4791 ἐξουθένωσας
3923 4728 4004 4780 τὸ

2403 4830 2557 4901 ῥῆμα
2601 4827 2826 4896 Κυρίου,
2864 4825 2958 4876 καὶ
2993 4818 3342 4885 ἐξουθενώσει
3375 4835 3434 4870 σε
3464 4819 3690 4888 Κύριος,
3723 4818 3798 4888 μὴ
3831 4813 4006 4872 εἶναι

2404 4918 2633 4991 βασιλέα
2665 4919 2760 4970 ἐπὶ
2807 4914 3044 4985 Ἰσραήλ.
3087 4933 3104 4965 ›
3143 4912 3252 4964 Καὶ
3291 4910 3502 4980 ἀπέστη
3534 4908 3628 4963 ἀπ’
3661 4909 3824 4962 αὐτοῦ
3875 4912 4008 4963 Σα-

2415 5013 2608 5084 μουὴλ,
2640 5013 2733 5064 καὶ
2763 5005 2902 5061 εἶδεν
2951 5006 3113 5060 αὐτὸν
3144 5006 3349 5058 οὐκέτι.
3385 5003 3584 5076 Γνώμῃ
3612 5003 3667 5054 δὲ
3697 5001 3833 5055 Θεοῦ
3883 5022 4014 5057 κασ-

2407 5104 2812 5172 τακολουθήσας
2861 5097 3113 5169 Σαμουὴλ
3161 5099 3380 5152 ἄπεισιν
3421 5098 3500 5159 είς
3555 5094 3823 5165 Βηθλεὲμ,
3893 5102 4017 5152 x_\

1790 5335 2148 5392 XYLANDRI
2227 5336 2303 5391 ΕἹ
2374 5335 2848 5394 GOARINOTAE.

805 5435 916 5504 (60)
953 5437 1022 5489 De
1049 5435 1356 5504 l‘llOllllth_a33
1376 5429 1618 5504 disputat
1649 5427 1931 5504 Cedrenus
1956 5429 2292 5496 pauloinl'ra,

726 5498 835 5575 quo
873 5498 1240 5575 locodieroa’s
1275 5498 1561 5554 Davidicos
1590 5507 1859 5575 recenset.
1890 5498 2031 5575 _}_tv_t..

800 5574 914 5641 (6|)
977 5571 1170 5627 Manus
1225 5580 1576 5641 componeret.
1626 5567 1839 5638 Reliqui
1889 5569 2293 5641 llebraismnm,

729 5663 796 5699 ne
833 5637 920 5699 cui
961 5644 1172 5697 viderer
1201 5637 1520 5694 audaculus.
1558 5637 1777 5693 Sensus
1796 5646 1878 5693 est
1915 5657 1930 5694 :
1961 5637 2137 5693 Jussit
2169 5653 2293 5692 eum

728 5716 978 5769 ullllllCl’C
1022 5728 1160 5765 arca:
1194 5719 1244 5764 et
1275 5709 1474 5779 cphodi
1507 5709 1904 5779 tractationem,
1963 5709 2296 5779 vaticinandi

729 5800 895 5836 causa
928 5785 1257 5836 instituam.
1291 5777 1542 5847 cutnjam
1577 5778 1642 5849 de
1686 5787 1882 5849 eventu
1916 5793 2106 5849 pagum
2133 5777 2292 5832 dubi-

733 5852 954 5907 tandum
981 5864 1090 5906 non
1124 5849 1398 5906 videretur
1426 5847 1680 5918 amplius.
1711 5847 1839 5902 ΧΠ..

2472 5428 2584 5496 (62)
2613 5428 2964 5497 ,Asteriscum
3003 5429 3233 5497 apposui
3294 5443 3395 5480 oco
3464 5439 3515 5480 et
3555 5439 3722 5496 pravo
3762 5436 3814 5478 et
3859 5441 4021 5479 mu-

2401 5499 2518 5554 tilo.
2587 5496 3086 5550 llebraicalmbent
3127 5501 3439 5552 universam
3475 5505 3530 5549 et
3585 5512 3651 5550 ex
3715 5496 4024 5554 omnibus

2404 5570 2530 5622 hinc
2561 5568 2687 5621 inde
2731 5568 2980 5633 partibus
3021 5568 3305 5620 collectam
3345 5570 3409 5619 ad
3471 5566 3695 5619 Saulum
3726 5567 3874 5617 mult
3904 5574 3980 5618 tu
4007 5598 4027 5608 -

2401 5639 2582 5693 dinem
2611 5639 2850 5690 intrasse
2872 5638 3087 5699 silvam,
3124 5639 3176 5690 in
3207 5653 3314 5705 qua
3358 5637 3461 5690 mel
3499 5652 3598 5705 per
3627 5635 3803 5688 solum
3845 5636 4028 5705 ﬂue-

2404 5710 2518 5762 bat.
2551 5707 2593 5759 A
2625 5722 2732 5773 quo
2792 5715 2970 5760 tamen
3028 5703 3238 5759 omnes
3273 5708 3345 5759 ob
3395 5703 3577 5759 votum
3631 5705 3775 5769 regis
3805 5703 4034 5760 absti-

2404 5776 2913 5898 nuerint,xdempto
2964 5774 3221 5843 Jonatha,
3261 5777 3356 5845 qui
3383 5779 3502 5845 ejus
3543 5776 3756 5830 inscius
3779 5783 4029 5844 gusta—

2404 5857 2496 5898 nt.
2520 5856 2624 5898 etc.
2703 5861 2782 5898 γι..

2404 5848 2496 5914 rit,
2520 5856 2624 5901 etc.
2651 5848 2782 5898 XrL.
