4184 6436
713 374 810 436 147

1981 370 2304 431 GEORGII
2345 370 2681 431 CEDltENI
3865 378 3970 443 με

711 487 830 540 suis
860 481 1068 537 addens
1096 480 1406 535 sceleribus
1445 497 1458 532 :
1495 479 1686 535 eodem
1743 478 1797 532 in
1841 480 1964 532 loco
2018 478 2295 547 lapidibus

2418 481 2501 532 Ἐν
2528 475 2572 548 ᾧ
2604 483 2756 551 τόπῳ
2806 485 2901 536 καὶ
2954 483 3296 548 λιθόλευστος
3338 485 3679 554 γέγονεν.....
3737 488 3968 543 Ἰεὸοσθὲ

713 580 946 632 obrutus
977 583 1082 628 est.
1132 571 1259 627 Fuit
1308 570 1602 627 Jebosthes
1637 570 2005 634 Chanauzeus,
2037 572 2130 640 qui
2164 586 2292 623 eva-

712 670 896 737 ginato
952 665 1134 735 gladio
1186 681 1294 718 una
1350 678 1528 732 pugna
1560 663 1666 717 600
1699 665 1845 718 viros
1887 662 2212 718 vulneravit.
2247 665 2291 717 Is

715 775 821 813 non
864 758 967 812 fuit
1003 773 1144 812 unus
1185 756 1251 810 de
1300 757 1495 822 tribus,
1547 755 1640 810 sed
1702 771 1867 825 supra
1920 768 2034 810 tres
2077 769 2290 826 potens.

713 851 919 906 Deinde
946 851 1184 913 Adinon,
1223 849 1315 918 qui
1368 851 1560 903 stricto
1597 849 1773 921 gladio
1812 848 1917 903 800
1960 849 2290 912 vulneravit,

713 944 960 1005 Eleazar,
1002 944 1306 1012 tertiusque
1341 942 1591 996 Sameas.
1640 942 1704 996 Hi
1754 953 1866 996 tres
1917 943 2143 1011 globum
2195 943 2292 995 ho-

715 1037 880 1090 stium
924 1035 1290 1089 Barbarorum
1340 1042 1729 1100 perruperunt,
1766 1044 1818 1086 et
1848 1034 2050 1102 petenti
2089 1029 2294 1085 Davido

720 1144 912 1197 aquam
952 1144 1014 1180 ex
1055 1126 1361 1182 Bcthleema
1401 1126 1692 1180 bibendam
1761 1126 2084 1179 attulerunt.
2121 1125 2293 1179 Abes-

718 1237 846 1273 saus
886 1220 1056 1275 frater
1089 1220 1243 1274 Joabi
1286 1228 1340 1272 et
1393 1219 1608 1274 Asaelis
1643 1261 1657 1284 ,
1699 1218 1755 1272 in
1783 1233 1915 1271 ense
1946 1217 2152 1271 nudato
2187 1225 2296 1270 trc-

717 1325 908 1368 centos
967 1313 1253 1367 sauciavit.
1308 1312 1574 1366 Praelatus
1614 1321 1793 1365 autem
1845 1309 1946 1363 fuit
1983 1308 2127 1363 inter
2163 1318 2296 1367 tres.

721 1420 828 1456 non
850 1403 994 1472 quod
1029 1403 1226 1456 robore
1261 1417 1359 1456 eos
1389 1411 1657 1472 aequaret,
1683 1401 1885 1456 nedum
1913 1401 2169 1466 anteiret,
2203 1401 2298 1457 sed

720 1501 780 1544 ut
810 1500 1078 1561 cognatus
1107 1492 1251 1562 regis
1286 1512 1298 1546 :
1332 1507 1455 1545 nam
1485 1491 1731 1560 petentia
1763 1500 1876 1546 tres
1909 1493 2046 1546 istos
2076 1507 2184 1545 non
2215 1498 2297 1542 at-

719 1585 860 1655 tigit.
883 1583 1024 1650 Quin
1050 1585 1212 1638 etiam
1237 1585 1472 1639 Banaias
1487 1582 1694 1638 Joiada:
1718 1583 1861 1639 filius
1880 1582 2067 1638 fratris
2087 1582 2298 1645 Davidi.

721 1692 1034 1745 quanquam
1066 1677 1135 1729 ob
1167 1676 1424 1730 virtutem
1465 1676 1644 1730 tribus
1695 1675 1816 1730 istis
1861 1681 2299 1743 compararetur,

722 1781 827 1819 non
864 1776 1045 1819 tamen
1073 1781 1264 1819 eorum
1284 1766 1536 1820 virtutem
1555 1765 1810 1835 aequavit.
1853 1765 2100 1819 Fuerunt
2137 1776 2301 1831 porro

723 1857 887 1908 etiam
930 1856 1021 1907 alii
1047 1855 1114 1908 37
1151 1855 1397 1909 celebres
1426 1856 1587 1924 116
1621 1869 1684 1908 ac
1748 1865 2018 1924 potentes,
2063 1867 2297 1924 quorum

725 1948 976 2016 princeps
1027 1947 1126 2002 fuit
1180 1947 1430 2002 Asaelus.
1484 1946 1753 2002 Caeterum
1829 1947 2144 2016 rhomphaaa
2192 1959 2303 1999 non

726 2043 994 2103 lanceam,
1025 2050 1084 2094 ut
1106 2040 1324 2108 quidam
1361 2048 1576 2107 putant,
1609 2039 1703 2093 sed
1728 2038 1966 2109 gladium
2010 2036 2301 2106 significat.

727 2131 1012 2198 Quomodo
1067 2134 1232 2186 etiam
1291 2117 1529 2184 Davidus
1577 2131 1642 2183 ad
1679 2130 1891 2184 Goliam
1928 2149 1940 2184 ;
1981 2151 1999 2179 ι
2047 2127 2151 2190 Τυ,
2217 2128 2304 2180 in-

729 2228 887 2294 quit,
943 2239 1134 2280 contra
1202 2241 1290 2278 me
1351 2223 1506 2278 venis
1559 2225 1873 2292 rhouiphara
1926 2223 2193 2290 hastaque
2255 2231 2309 2274 et

731 2322 920 2390 clypeo
972 2322 1146 2374 fretus
1177 2337 1188 2371 :
1239 2333 1339 2389 ego
1365 2328 1546 2371 autem
1599 2327 1650 2371 te
1680 2315 1967 2386 aggredior
1997 2315 2164 2369 ductu
2197 2315 2306 2369 Do-

733 2415 865 2466 mini
936 2412 1026 2466 Dei
1090 2412 1433 2466 exercituum
1465 2411 1531 2462 ³³.
1606 2429 1622 2460 ι
1691 2408 1927 2464 Davidus
1984 2410 2144 2463 finem
2190 2409 2310 2462 vita:

735 2504 860 2556 fecit
892 2519 1067 2556 annos
1101 2512 1262 2556 natus
1302 2501 1388 2564 70,
1412 2515 1534 2554 cum
1569 2502 1622 2554 in
1655 2499 1855 2554 Judam
1888 2515 2115 2570 regnum
2168 2499 2310 2554 obli-

736 2598 943 2652 nuisset
976 2597 1005 2648 7
1040 2611 1215 2650 annos
1235 2611 1298 2650 ac
1319 2596 1510 2660 semis,
1535 2593 1606 2648 ‘52
1639 2609 1700 2648 ac
1727 2593 2011 2648 semissem
2048 2592 2100 2645 in
2135 2601 2310 2646 totum

733 2692 1013 2760 pupulum.
1029 2688 1275 2760 Regnum
1294 2690 1520 2758 adeptus
1542 2697 1624 2742 est
1640 2702 1786 2742 anno
1802 2686 1978 2740 aetatis
2009 2685 2310 2754 trigesimo.

807 2785 1066 2838 Solomon
1098 2786 1287 2848 etiam,
1319 2793 1612 2852 antequam
1637 2783 1898 2852 templum
1925 2781 2311 2847 exstruxisscl,

741 2896 790 2930 Ill
829 2878 1240 2932 summitatibus
1281 2877 1521 2932 adolevit
1551 2875 1762 2940 altaria,
1818 2889 2055 2944 eumque
2099 2889 2164 2928 eo
2192 2876 2315 2926 uni-

734 2987 928 3023 versus
957 2972 1213 3040 populus.

813 3063 1044 3116 Maxima
1079 3044 1260 3117 autem
1282 3063 1481 3116 delicta
1501 3078 1598 3116 sua
1625 3076 1654 3114 a
1687 3061 1908 3115 condito
1941 3059 2143 3129 templo
2163 3074 2315 3113 com—

2397 573 2424 624 ὁ
2447 573 2772 639 Χαναναῖος,
2805 574 2863 636 ὃς
2893 576 2984 627 ἐπὶ
3005 576 3341 640 ἐννακοσίοις
3367 579 3734 646 τραυματίαις
3762 581 3972 634 ἐσπᾶτο

2399 667 2676 735 ῥομφαίαν
2721 667 2977 732 εἰσάπαξ.
3025 660 3192 732 Οὗτος
3237 671 3337 722 οὐκ
3372 666 3440 741 ἦν
3469 671 3581 724 τῶν
3628 673 3817 742 τριῶν,
3857 675 3957 727 ἀλλ

2399 759 2534 830 ὑπὲρ
2565 762 2693 824 τοὺς
2736 762 2888 829 τρεῖς
2928 760 3174 823 δυνατός.
3225 757 3355 815 Εἶτα
3407 763 3650 828 Ἀδίνων,
3694 766 3788 817 καὶ
3817 762 3974 828 οὗτος

2397 855 2602 907 ἐσπᾶτο
2664 853 2938 924 ῥομφαίαν
3007 855 3101 907 ἐπὶ
3168 855 3513 918 ὀκτακοσίοις
3579 859 3974 927 τραυματίαις.

2411 944 2692 1012 Ἐλεάζαρ,
2747 947 2840 996 καὶ
2863 943 3045 1013 τρίτος
3081 945 3300 1014 Σαμὲας
3321 960 3336 974 °
3367 939 3516 997 οὗτοι
3550 947 3599 998 οἱ
3633 951 3784 1015 τρεῖς
3822 949 3969 1010 διέῤ-

2401 1037 2569 1106 ῥηξαν
2593 1036 2652 1087 τὸ
2681 1040 2935 1106 σύστημα
2971 1038 3079 1090 τῶν
3125 1037 3463 1106 ἀλλοφύλων,
3495 1040 3590 1091 καὶ
3640 1040 3878 1108 ἤνεγκαν
3911 1043 3978 1090 ἐκ

2401 1129 2650 1198 Βηθλεὲμ
2680 1133 2824 1182 πιεῖν
2854 1128 2932 1198 τῷ
2965 1129 3128 1180 Δαὸὶδ
3173 1131 3458 1200 αἰτήσαντι
3513 1132 3680 1202 ὕδωρ.
3736 1133 3976 1185 ’Λϐεσσᾶ

2398 1222 2454 1273 δὲ
2487 1225 2514 1274 ὁ
2567 1221 2792 1290 ἀδελφὸς
2865 1221 3020 1276 Ἰωὰῦ
3078 1224 3172 1274 καὶ
3246 1223 3486 1291 Ἀσσαὴλ
3534 1225 3846 1276 ἐσπάσαντο
3875 1225 3979 1294 τὴν

2404 1315 2682 1384 ῥομφαίαν
2715 1315 2897 1368 αὐτῶν
2939 1317 3032 1366 ἐπὶ
3072 1314 3148 1384 τῷ
3195 1317 3531 1386 τραυματίᾳ.
3565 1313 3743 1386 Ἶιρχε
3779 1318 3834 1369 δὲ
3864 1318 3979 1369 τῶν

2400 1407 2570 1475 τριῶν
2607 1409 2704 1477 οὐχ
2759 1407 2835 1471 ὼς
2892 1407 3033 1478 ὑπὲρ
3086 1408 3282 1469 αύτούς
3321 1407 3353 1476 ἢ
3393 1408 3467 1469 ὡς
3527 1409 3682 1460 αὐτοὶ
3754 1409 3981 1476 ἰσχύων,

2400 1499 2514 1552 ἀλλ’
2555 1499 2629 1560 ὡς
2694 1498 2962 1568 συγγενὴς
3002 1497 3098 1550 τοῦ
3151 1497 3450 1566 βασιλέως·
3499 1501 3529 1565 ἡ
3588 1500 3696 1567 γαρ
3746 1500 3982 1566 δύναμις

2402 1587 2569 1641 αὑτοῦ
2609 1589 2743 1654 πρὸς
2766 1589 2891 1649 τοὺς
2917 1590 3067 1657 τρεῖς
3094 1587 3194 1638 οὐκ
3239 1583 3424 1657 ἦλθεν.
3459 1587 3619 1639 Ἀλλὰ
3645 1589 3738 1640 καὶ
3769 1589 3982 1649 Βανέας

2403 1680 2516 1742 υἱὸς
2568 1677 2745 1738 Ἰωαϐ,
2790 1677 3022 1747 ἀδελφοῦ
3061 1677 3156 1729 τοῦ
3189 1676 3375 1741 Δαόὶδ,
3402 1677 3628 1740 δυνατὸς
3688 1676 3764 1728 ῶν
3808 1695 3989 1746 παρει-

2407 1773 2633 1825 6ἀλλετο
2661 1774 2770 1834 τοῖς
2820 1772 3023 1840 τρισὶν,
3067 1770 3127 1822 οὐ
3163 1769 3347 1837 μέντοι
3379 1768 3572 1838 γέγονε
3627 1769 3727 1836 τῆς
3787 1769 3979 1838 ἰσχύος

2406 1868 2607 1922 αὐτῶν.
2636 1862 2817 1918 Ἦσαν
2861 1863 2919 1916 δὲ
2955 1864 3250 1932 ὀνομαστώ¹
3275 1867 3367 1916 καὶ
3406 1863 3624 1915 δυνατοὶ
3667 1863 3845 1927 ’ἕτεροι
3874 1861 3986 1926 λζ’,

2406 1956 2668 2030 ῶνῆρχεν
2702 1959 2960 2028 Ἀσσαήλ.
3014 1956 3286 2026 Ῥομφαία
3310 1955 3366 2008 δὲ
3407 1956 3440 2019 ἡ
3476 1954 3658 2020 σπάθη
3685 1955 3796 2022 (65)
3834 1955 3989 2012 ἐστὶ,

2411 2053 2505 2102 καὶ
2533 2049 2592 2101 οὐ
2620 2047 2680 2099 τὸ
2709 2047 2859 2114 δόρυ,
2896 2045 2972 2108 ὦς
3012 2061 3152 2106 τινες
3184 2045 3410 2102 οἴονται,
3434 2041 3618 2102 καθὼς
3645 2042 3810 2093 Δαδίδ
3842 2041 3991 2109 πρὸς

2409 2145 2500 2196 τὸν
2529 2142 2822 2210 ἀλλόφυλον
2853 2139 3024 2206 λέγει’
3059 2157 3078 2190 ι
3112 2139 3185 2190 ΣΞ)
3218 2137 3353 2207 ἔρχῃ
3381 2137 3517 2205 προς
3550 2152 3616 2204 με
3655 2136 3712 2186 ὲν
3741 2133 3994 2203 ῥομφαία

2412 2236 2506 2288 καὶ
2535 2237 2592 2288 ὲν
2626 2235 2812 2302 δόρατι
2843 2234 2936 2284 καὶ
2971 2234 3028 2283 ἐν
3052 2229 3259 2293 ἀσπίδι,
3291 2227 3447 2294 κάγὼ
3477 2226 3816 2296 πορεύσομαι
3849 2226 3996 2293 προς

2415 2330 2473 2382 σὲ
2503 2334 2558 2380 ὲν
2591 2329 2815 2395 ὀνόματι
2845 2326 3049 2396 Κυρίου
3081 2322 3216 2376 6εοῦ
3275 2321 3525 2374 Σαδαώθ.
3565 2339 3582 2371 ι
3635 2321 3692 2370 '0
3735 2319 3789 2370 ζὲ
3850 2316 3995 2368 ἐτῶν

2413 2430 2455 2476 ο¹
2480 2423 2708 2490 τελευτᾷ
2738 2419 2920 2480 Δαὸὶδ,
2978 2417 3117 2470 ἑπτὰ
3153 2416 3246 2484 ἔτη
3292 2413 3618 2484 βασιλεύσας
3651 2410 3747 2462 τοῦ
3819 2409 3998 2461 Ἰούδα

2416 2516 2510 2567 καὶ
2547 2513 2722 2584 μῆνας
2754 2512 2832 2576 ἓξ,
2877 2510 3177 2579 τριάκοντα
3219 2507 3313 2560 δύο
3346 2507 3403 2559 δὲ
3436 2507 3531 2557 καὶ
3581 2504 3756 2573 μῆνας
3789 2503 3846 2566 ἒξ
3897 2501 4000 2552 ἐπὶ

2418 2716 2578 2752 κοντα

2492 2793 2614 2843 ’Ὁτι
2647 2785 2900 2855 Σολομῶν
2931 2786 3027 2837 καὶ
3063 2782 3167 2852 προ
3191 2780 3283 2834 τοῦ
3329 2781 3684 2846 οἰκοδομῆσαι
3718 2777 3875 2829 αὑτὸν
3900 2777 4001 2827 τὶν

2419 2885 2626 2938 ναδνὲν
2662 2883 2772 2942 τοῖς
2807 2879 3031 2946 ὑψηλοῖς
3055 2874 3276 2944 ὲθυμία,
3338 2873 3429 2924 καὶ
3481 2873 3588 2931 πᾶς
3644 2870 3670 2919 ο
3723 2867 3870 2929 λαός.

2494 3067 2574 3119 Τὰ
2589 3065 2645 3117 δὲ
2680 3064 2911 3132 μέγιστα
2935 3059 3042 3111 τῶν
3071 3054 3531 3126 παραπτωμάτων
3550 3049 3711 3103 αὑτοῦ
3739 3049 3872 3118 μετὰ
3897 3048 4006 3116 τὴν

741 3155 908 3219 misit,
941 3155 1086 3223 quod
1124 3155 1322 3208 solimn
1366 3153 1578 3222 regium
1610 3151 1716 3206 sibi
1753 3151 1884 3205 fecit
1907 3151 2232 3211 eburneum,
2259 3149 2310 3202 in

2421 3154 2704 3225 οἰκοδομὴν
2732 3151 2826 3206 τοῦ
2845 3149 2972 3203 ναοῦ
2992 3149 3236 3216 γέγονεν.
3255 3146 3376 3198 Ὅτι
3391 3144 3611 3210 ἐποίησε
3623 3144 3712 3196 τὸν
3729 3140 3906 3209 βασίλε
3921 3156 4005 3189 ιον

741 3250 898 3316 cujus
931 3248 1138 3317 postica
1167 3255 1322 3316 parte
1369 3245 1542 3300 excisi
1593 3244 1662 3299 ab
1705 3254 1936 3314 utraque
1987 3243 2107 3298 solii
2164 3250 2317 3312 parte

743 3339 1027 3393 exstabant
1070 3339 1180 3392 duo
1204 3338 1357 3391 vituli
1405 3336 1785 3390 anterioribus
1841 3336 1926 3391 sui
1973 3334 2220 3404 partibus
2265 3342 2318 3387 et

743 3435 848 3486 duo
882 3435 1017 3487 tales
1059 3436 1267 3487 leones.
1302 3432 1527 3486 Fccitet
1551 3431 1754 3501 gradus
1785 3446 1902 3493 sex,
1939 3430 2142 3499 quibus
2195 3428 2316 3479 alti-

751 3526 876 3578 tudo
926 3525 1050 3579 solii
1083 3532 1400 3593 augeretur,
1452 3523 1621 3590 inque
1671 3521 1868 3591 quovis
1920 3520 2090 3590 gradu
2135 3519 2316 3571 itidem

747 3623 930 3673 leones
956 3619 1294 3687 exseulptos.
1325 3618 1401 3670 lla
1423 3615 1714 3670 duodecim
1748 3615 1930 3669 leones
1953 3613 2006 3666 in
2036 3612 2316 3681 gradibus,

748 3727 884 3778 poue
927 3710 1124 3766 solium
1159 3711 1266 3763 duo
1295 3708 1540 3771 filerunt,
1593 3707 1649 3760 in
1683 3722 1921 3762 summa.
1985 3706 2163 3772 Atque
2221 3705 2320 3757 hac

751 3803 863 3874 ipsa
892 3803 1057 3858 etiam
1081 3804 1135 3856 iu
1162 3819 1219 3856 re
1246 3818 1368 3856 cum
1400 3815 1660 3870 peccasse
1686 3800 1970 3869 legemque
1993 3815 2022 3851 a
2054 3797 2161 3852 Deo
2185 3797 2318 3851 Mosi

749 3913 808 3950 ac
847 3897 1049 3964 populo
1077 3895 1260 3948 datam
1291 3893 1530 3948 violasse
1557 3891 1830 3960 Josephus
1869 3891 2092 3946 asserit.
2135 3888 2321 3958 Neque

748 3988 889 4038 enim
931 3986 1260 4054 permissum
1294 3983 1466 4039 fuisse
1497 3994 1559 4038 ut
1593 3982 1993 4053 pascendorum
2037 3981 2322 4035 oculorum

749 4094 914 4132 causa
971 4078 1230 4132 animalia
1293 4077 1561 4147 fingerent
1604 4086 1698 4130 aut
1741 4076 1973 4144 picturis
2019 4075 2321 4128 studerent.

753 4176 894 4224 Sane
922 4180 1144 4240 propter
1176 4170 1486 4225 Solomonis
1544 4171 1708 4238 impie
1773 4169 1914 4222 facta
1966 4166 2323 4222 Jeroboamus

754 4264 804 4314 iu
836 4261 1022 4315 decem
1055 4261 1236 4314 tribus
1272 4269 1469 4316 nactus
1487 4271 1571 4315 est
1595 4277 1844 4327 regnum.
1877 4259 2090 4312 duabus
2117 4259 2323 4312 dunta-

754 4353 1149 4407 xatftoboamo
1199 4353 1355 4422 117
1409 4351 1720 4407 Solomonis
1782 4351 1892 4403 filio
1941 4350 2181 4412 relictis,
2227 4347 2324 4402 Ju-

752 4445 905 4498 claica
939 4455 990 4498 et
1016 4443 1390 4512 Beujaminea.
1444 4443 1580 4496 Nam
1609 4442 1986 4503 Hierosolyma
2026 4441 2078 4493 iu
2113 4440 2324 4494 ditione

756 4534 1113 4603 llenjamineae
1130 4510 1320 4591 tribus
1343 4535 1448 4590 sita
1475 4545 1626 4598 sunt,
1656 4534 1887 4603 ideoque
1923 4547 1985 4586 ea
2017 4531 2195 4585 tribus
2221 4530 2310 4584 Ju-

2435 4524 2556 4592 μιν·
2588 4521 2622 4588 ἠ
2654 4521 2763 4586 γὰρ
2818 4511 3171 4583 Ἰερουσαλὴμ
3197 4512 3253 4560 ἐν
3292 4510 3356 4576 τῇ

753 4627 920 4681 daij
946 4641 1182 4682 annexa.

822 4810 998 4862 Prima
1016 4809 1325 4864 Solomonis
1345 4809 1540 4863 delicta
1559 4824 1730 4864 sacrae
1752 4807 1971 4862 Litterae
1991 4822 2328 4860 commemo—

760 4907 893 4961 mut,
927 4901 1068 4952 sicut
1111 4911 1162 4952 et
1202 4899 1458 4968 przeclara
1521 4897 1640 4965 ejus
1665 4897 1828 4959 facta,
1859 4910 2174 4965 quanquam
2217 4894 2331 4948 lucc

757 4991 954 5043 minus.
984 4987 1136 5054 Quod
1167 4991 1232 5042 ad
1268 4990 1464 5042 delicta
1527 4987 1746 5051 attinet,
1806 4995 2034 5055 apparet
2095 5001 2221 5038 eum
2273 4994 2328 5038 ct

758 5096 878 5137 aute
903 5097 958 5137 et
1014 5092 1132 5152 post
1169 5083 1492 5136 mdifieatum
1549 5082 1808 5149 templum
1839 5082 1891 5134 in
1933 5081 2167 5134 excelsis
2195 5079 2330 5133 locis

759 5175 1096 5229 sacrificasse
1111 5185 1164 5226 et
1195 5189 1318 5227 aras
1345 5174 1665 5227 adolevisse.
1691 5171 1892 5226 Habuit
1925 5182 1977 5226 et
2001 5171 2333 5239 alienigenas

761 5285 977 5332 uxores,
1011 5269 1128 5337 lege
1161 5275 1396 5321 vetante.
1469 5264 1759 5333 Tantisper
1782 5275 1960 5318 lainen
1990 5279 2110 5315 eum
2148 5262 2332 5329 Scrip—

763 5374 878 5411 tura
912 5374 1018 5411 unn
1050 5359 1256 5426 culpat,
1303 5373 1409 5409 non
1435 5347 1652 5425 quidem
1691 5356 1744 5408 in
1815 5355 1961 5407 hunc
2001 5353 2160 5406 finem
2193 5353 2330 5405 facta

759 5449 877 5516 rius
902 5448 1346 5515 I'el'i-rens,quasi
1372 5462 1434 5499 ea
1464 5447 1597 5500 vitio
1647 5453 1920 5499 carerent.
1976 5443 2190 5497 Rursus
2212 5459 2331 5512 qua:

763 5538 1014 5607 iatempli
1048 5536 1402 5590 adornatioue
1428 5551 1533 5589 non
1562 5536 1743 5589 omnia
1778 5536 1862 5604 pic
1893 5535 2118 5588 cflinxit.

835 5651 880 5684 ³³
925 5651 940 5704 l
985 5650 1116 5718 lleg.
1151 5667 1281 5714 xvii,
1316 5650 1403 5704 45.

2420 3251 2608 3320 θρόνον
2629 3245 2792 3299 αὐτοῦ
2818 3243 3185 3311 ἐλεφάντινον,
3215 3240 3278 3290 ὲκ
3309 3233 3404 3307 μὲν
3428 3236 3531 3288 τῶν
3556 3234 3778 3286 ὃπισθεν
3803 3233 4006 3299 ἔχοντα

2419 3340 2700 3413 προτομὰς
2711 3338 2802 3390 δύο
2817 3336 3048 3406 μόσχων,
3067 3330 3268 3386 καὶδύο
3286 3330 3515 3382 λεόντων
3534 3329 3610 3388 εἰς
3625 3330 3692 3378 τὰ
3719 3325 3846 3397 παρξ
3865 3325 3974 3376 ἑκά
3991 3349 4004 3358 ·

2420 3449 2554 3502 τερα
2580 3428 2806 3498 πλησίον
2828 3425 2920 3478 τοῦ
2939 3423 3150 3494 θρόνου.
3183 3421 3434 3490 Ἐποίησε
3458 3419 3514 3470 δὲ
3542 3421 3632 3470 καὶ
3659 3417 3898 3484 βαθμοὺς
3916 3415 4007 3478 ἓξν

2422 3525 2500 3586 εἰς
2535 3522 2666 3589 ὕψος
2705 3518 3022 3587 ἐξαίροντας
3051 3514 3142 3567 τὸν
3169 3513 3376 3583 θρόνον,
3408 3513 3500 3562 καὶ
3541 3513 3596 3561 εν
3658 3507 3869 3575 ἑκάστῳ
3900 3506 4009 3573 βα-

2425 3612 2544 3682 θμῷ
2564 3609 2822 3671 ὡσαύτως
2841 3605 3059 3667 λέοντας
3083 3600 3513 3671 ὲστηλωμένους,
3545 3599 3683 3649 ὥστε
3707 3593 3844 3647 εἶναι
3875 3597 4011 3655 τοὶς

2424 3705 2632 3763 πάντας
2660 3701 2882 3761 λέοντας
2905 3696 3010 3750 τῶν
3068 3695 3168 3764 μὲν
3224 3691 3553 3760 ἀναϐαθμῶν
3605 3690 3832 3751 δώδεκα,
3878 3687 4010 3746 τοὺς

2423 3797 2477 3848 δὲ
2526 3793 2754 3862 πλησίον
2795 3790 2890 3843 τοῦ
2938 3787 3129 3858 θρόνου
3160 3785 3272 3838 δύο.
3311 3783 3473 3850 Λέγει
3503 3783 3560 3834 δὲ
3605 3780 3867 3848 Ἰώσηπος
3903 3779 4008 3828 καὶ

2425 3889 2482 3938 ὲν
2521 3887 2694 3953 τούτῳ
2724 3883 2998 3949 ἀνομῆσαι
3028 3878 3190 3933 αὑτὸν
3219 3878 3312 3930 καὶ
3347 3874 3662 3945 παραϐῆναι
3715 3872 3841 3931 τοὺς
3901 3869 4014 3921 ύπδ

2424 3974 2559 4027 Θεοῦ
2595 3973 2676 4044 lP.
2712 3971 2803 4042 66]
2850 3970 3102 4031 δοθέντας
3133 3967 3211 4035 τῷ
3245 3967 3452 4034 Μωῦσῇ
3509 3965 3603 4014 καὶ
3652 3961 3730 4029 τῷ
3787 3959 3899 4026 λαῷ
3926 3959 4016 4008 νο-

2430 4085 2561 4137 μους
2593 4085 2604 4096 ’
2643 4066 2764 4118 οὐδὲ
2820 4065 2924 4134 γὰρ
2967 4062 3142 4130 ὅψεως
3192 4060 3379 4111 ’ἐνεκεν
3443 4055 3839 4123 ἐπετράπησαν
3873 4052 4015 4113 ζωο-

2427 4157 2746 4224 πλαστεῖνῆ
2801 4151 3198 4222 σκιαγραφίαις
3235 4149 3548 4219 προσέχειν.
3608 4147 3706 4197 Δια
3755 4144 3813 4194 τὸ
3881 4145 4016 4192 ασε-

2435 4250 2596 4318 ϐἧσαι
2626 4248 2682 4300 δὲ
2718 4245 3036 4314 Σολομῶντα
3071 4242 3336 4310 λαμϐάνει
3404 4238 3685 4308 Ἰεροίοᾶμ
3729 4245 3826 4296 τας
3877 4234 4018 4286 δέκα

2429 4341 2622 4409 φυλάς.
2679 4336 2917 4404 Ῥοϐοαμ
2964 4335 3020 4385 δὲ
3051 4333 3129 4401 τῷ
3194 4331 3294 4400 υἱῷ
3350 4328 3699 4397 Σολομῶντος
3741 4323 4018 4390 καταλιμ-

2430 4434 2690 4485 πάνονται
2728 4427 2892 4496 φυλαὶ
2940 4425 3051 4486 δύο,
3080 4426 3112 4492 ή
3148 4421 3240 4474 τοῦ
3282 4420 3448 4472 Ἰούδα
3477 4419 3572 4470 καὶ
3615 4418 3650 4486 ὴ
3682 4415 3772 4467 τοῦ
3824 4415 4019 4465 Βενιαο

3406 4505 3705 4574 κληρουχία
3734 4501 3830 4568 τῆς
3863 4502 3932 4551 Βε
3949 4520 3976 4550 ’ν
3989 4529 4013 4539 ο

2438 4611 2704 4682 ιαμίτιδος
2770 4607 2944 4674 φυλῆς
2976 4608 3176 4662 κεῖται,
3221 4601 3314 4652 καί
3393 4598 3479 4649 διὰ
3533 4595 3688 4647 τοῦτο
3761 4593 4019 4661 συνήφθη

2432 4710 2499 4774 τῇ
2561 4703 2700 4772 φυλῇ
2761 4699 2949 4751 Ἰούδα.
3277 4761 3288 4777 ν

2508 4796 2729 4851 ’Ὁτιτά
2761 4792 2954 4860 πρῶτα
3003 4787 3427 4859 παραπτώματα
3489 4783 3689 4849 ἱστορεῖ
3737 4781 3770 4849 ἡ
3819 4778 4022 4847 Γραφὴ

2439 4888 2782 4959 Σολομῶντος
2815 4885 2907 4937 καὶ
2939 4883 3006 4934 τὰ
3036 4879 3456 4949 κατορθώματα,
3505 4873 3619 4926 ἀλλ’
3641 4872 3737 4938 οὐχ
3803 4869 3873 4932 ὠς
3915 4886 4025 4922 πα.

2441 4981 2803 5054 ραπτώματα,
2855 4975 2977 5030 ἐπεὶ
3029 4972 3276 5040 φαίνεται
3325 4969 3419 5020 καὶ
3476 4966 3580 5036 πρὸ
3629 4967 3726 5032 τῆς
3778 4960 4023 5022 κτίσεως

2436 5073 2528 5126 τοῦ
2577 5071 2704 5124 ναοῦ
2727 5069 2822 5120 καὶ
2857 5065 2993 5136 μετὰ
3024 5063 3122 5132 τὴν
3149 5061 3344 5122 κτίσιν,
3378 5057 3456 5108 ἔτι
3494 5056 3610 5116 νέος
3635 5053 3730 5115 ῶν,
3788 5052 3843 5102 ὲν
3901 5052 4022 5110 τοίς

2439 5166 2660 5234 ὑψηλοῖς
2688 5161 2830 5214 θύων
2886 5158 2980 5210 καὶ
3013 5155 3224 5223 θυμιῶν
3249 5155 3342 5204 καὶ
3371 5151 3634 5216 γυναῖκας
3679 5141 4024 5210 ἀλλοφύλους

2439 5258 2578 5326 ἔχων
2629 5254 2980 5322 παρανόμως.
3030 5249 3179 5306 Τέως
3217 5245 3273 5296 δε
3327 5245 3384 5294 ἐν
3422 5241 3660 5310 πρώτοις
3715 5238 3747 5304 ἡ
3802 5233 4023 5304 ἱστορία

2440 5350 2537 5418 τῆς
2559 5345 2781 5415 Γραφῆς
2808 5345 2906 5394 ούκ
2942 5339 3166 5406 ἐγκαλεί
3212 5334 3376 5404 αὐτῷ,
3411 5335 3509 5401 ούχ
3545 5331 3617 5392 ῶς
3652 5328 3724 5398 μὴ
3757 5324 4022 5395 πράξαν·-

2441 5455 2527 5500 τος
2561 5436 2745 5494 κακῶς
2769 5434 2835 5484 τὰ
2872 5433 3170 5499 πράγματα
3205 5424 3556 5493 διηγουμένη.
3601 5421 3709 5474 Καὶ
3747 5412 3905 5479 αὖθις
3953 5413 4021 5468 οὗ

2442 5529 2619 5582 πάντα
2650 5528 2714 5576 ti:
2748 5529 2806 5576 ἐν
2836 5525 2912 5592 τῷ
2951 5521 3062 5588 vat}
3098 5519 3310 5585 εὐαγῶς
3355 5517 3606 5568 ἔπλασεν.

1902 5739 2251 5795 ΧΥΙΛΝΜΗ
2317 5739 2400 5792 Ι’.Τ
2461 5735 2670 5792 GOMH
2715 5730 2945 5784 NU'DE.

836 5838 951 5912 (θὸ)
1004 5839 1074 5893 De
1126 5837 1466 5907 rhomphma,
1497 5837 1692 5908 spatha
1718 5846 1770 5894 et
1829 5837 2034 5891 framea
2091 5835 2328 5889 Thomas
2369 5833 2719 5901 llcnipslcrus
2749 5827 2798 5880 in
2845 5823 3094 5878 Romanis
3132 5824 3310 5890 .lntiq.
3350 5821 3516 5873 (ima.
