4184 6436
175 350 247 420 153
1201 354 1749 420 HISTORIARUM
1779 358 2314 423 COMPENDIUM.

3282 359 3386 427 ιιι

172 465 351 529 τούτους
396 461 509 516 Καὶ
537 458 688 515 εἶπεν
719 478 735 494 ·
780 461 912 515 Ἀπὸ
946 461 1141 533 καιροῦ
1178 464 1572 534 παραλλάξεως
1595 468 1689 521 τοῦ
1718 473 1768 531 Α
1796 474 1877 541 pia

1800 473 2072 541 piaculum
2117 472 2487 527 abominabile
2535 473 2808 531 vastitatis
2846 474 3091 540 dabitur,
3139 490 3237 545 per
3280 476 3401 534 dies

170 554 506 624 ἑνδελεχισμοῦ,
560 553 657 607 κει)⁸
718 553 941 624 δοθῆναι
999 553 1278 623 βδέλυγμα
1356 557 1696 626 ἐρημώσεως

169 649 327 719 quin;
355 651 484 719 ,ασιιβ
513 663 528 677 -
567 647 662 699 καὶ
707 648 981 717 μακάριος
1030 646 1058 698 δ
1096 646 1385 715 ὑπομένων
1431 649 1523 701 καὶ
1556 649 1695 717 φθά-

171 758 239 804 σας
255 738 441 810 ἡμέρας
470 739 647 803 ,ατλε¹.
692 758 713 791 ι

220 833 316 885 Ὀτι
344 833 428 884 ἐπὶ
459 831 568 883 τῶν
612 830 825 902 χρόνων
893 831 1075 901 Ἀμὼς
1120 819 1387 903 βασιλέως
1422 833 1592 887 Ἰούδα
1628 834 1696 887 τὶ

173 922 373 995 mihi};
416 921 583 975 Νιναῖ
631 922 1079 992 προφητευθέντα
1115 923 1257 977 κατὰ
1295 926 1421 987 τοὺς
1471 925 1698 994 χρόνους

170 1016 341 1076 τούτους
376 1014 547 1084 πέρας
582 1014 761 1083 ἔσχεν.
808 1015 1039 1086 Ἱστορεῖ
1067 1016 1123 1069 δὲ
1149 1017 1417 1087 Ἰώσηπος
1445 1018 1505 1069 ὲν
1547 1018 1623 1085 τῷ
1650 1015 1697 1069 6'

168 1109 238 1177 τῆς
260 1106 678 1176 Ἀρχαιολογίας
705 1107 796 1161 τὸν
825 1105 1011 1160 Ἰωνᾶν
1036 1108 1415 1161 καταποθέντα
1446 1107 1553 1160 ὑπὸ
1600 1106 1697 1160 τοῦ

170 1204 320 1271 κήτους
356 1200 491 1267 μετὰ
524 1204 671 1268 τρεῖς
711 1200 930 1271 ἡμέρας
960 1203 1056 1254 καὶ
1086 1204 1236 1271 τρεῖς
1262 1201 1465 1265 νύκτας
1492 1201 1699 1272 ἐκϐρα-

169 1295 315 1361 σθῆναι
345 1292 517 1355 ζῶντα
549 1294 607 1344 ἐν
632 1291 709 1362 τῷ
748 1292 990 1363 Εὐξείνῳ
1032 1294 1234 1361 πόντῳ.

226 1384 333 1436 Ἀπο
351 1384 436 1435 τοῦ
463 1380 514 1452 γ’
544 1383 752 1454 βιϐλίου
786 1387 884 1455 τῆς
927 1385 1375 1453 Ἀρχαιολογιάς
1405 1384 1698 1452 Ἰωσήπου,

168 1476 322 1529 ὃτιέἀν
347 1494 424 1529 τις
467 1478 749 1548 ὑπονοήσῃ
802 1477 914 1531 τῶν
980 1477 1248 1548 Ἑϐραίων
1304 1476 1703 1548 μεμοιχεῦσθαι

1008 1569 1214 1640 κριθῶν
1251 1568 1483 1640 ἀλεύρου
1530 1568 1700 1621 ἀσσάκ

170 1678 293 1729 pana,
318 1666 405 1715 καὶ
431 1662 559 1732 μίαν
582 1662 754 1731 αὐτῆς
782 1662 958 1733 δράκα
997 1662 1351 1724 ἐπιϐαλόντες
1380 1660 1457 1729 τῷ
1485 1659 1605 1729 Θεῷ
1638 1658 1700 1712 τὸ

167 1754 308 1806 λοιπὸν
337 1758 442 1817 τοῖς
471 1754 683 1825 ἱερεῦσι
713 1754 952 1807 διδόασ;ν
992 1755 1073 1816 είς
1106 1754 1337 1823 τροφήν.
1370 1753 1482 1822 Τὴν
1512 1752 1569 1805 δὲ
1598 1768 1699 1820 γυ-

168 1569 290 1623 σὶτοῦ
318 1569 407 1639 τὴν
436 1571 692 1638 γυναῖκα,
744 1568 961 1639 κομίζει

1802 564 1962 633 1290,
2017 574 2073 622 et
2130 565 2257 621 felix
2315 563 2408 635 qui
2479 564 2800 634 perdurabit
2859 580 2923 620 ac
2983 566 3265 636 perveniet
3329 569 3398 624 ad

1798 660 1915 716 dies
1942 659 2101 716 1555.

1869 835 2074 890 Amoso
2098 831 2350 890 Judaeum
2400 850 2626 907 regnum
2658 843 2907 905 gerente.
2944 843 3250 898 evenerunt
3274 852 3398 907 quae

1801 926 1868 980 de
1892 925 2086 981 Ninive
2120 927 2377 996 predicta
2409 918 2647 986 fuerant.
2676 930 2879 983 Narrat
2904 936 3085 982 autem
3123 927 3396 998 Iosephus

1802 1016 1946 1072 libro
1976 1019 2329 1089 Antiquitatis
2354 1015 2599 1074 Iudaica:
2629 1034 2796 1085 nono,
2852 1018 3049 1074 Jonatn
3102 1036 3133 1074 a
3161 1028 3283 1075 ceto
3302 1022 3400 1077 de-

1800 1108 2053 1177 glutitum
2080 1118 2205 1179 post
2230 1119 2342 1164 tres
2393 1111 2512 1165 dies
2566 1110 2904 1180 totidemque
2965 1120 3156 1166 noctes
3209 1112 3393 1166 vivum

1801 1201 2037 1269 ejectum
2077 1201 2247 1258 fuisse
2276 1207 2329 1257 in
2362 1202 2576 1259 Euxino
2605 1210 2764 1258 mari.

1871 1375 1948 1429 Dc
1975 1376 2137 1429 tertio
2166 1376 2307 1432 libro
2338 1377 2586 1446 ejusdem
2623 1379 2806 1450 operis
2836 1396 2851 1434 :
2887 1378 2946 1435 Si
2975 1380 3100 1451 quis
3133 1379 3395 1436 Hebraeus

1803 1483 2027 1524 uxorem
2046 1484 2201 1524 suam
2235 1470 2595 1526 adulteratam
2624 1476 2957 1543 suspicatur,
2980 1473 3233 1528 isfariuae
3259 1474 3384 1527 hor-

1803 1558 2016 1614 deacea:
2032 1576 2351 1617 assaronem
2387 1562 2455 1617 ad
2484 1566 2825 1619 sacerdotem
2855 1565 3225 1635 affertgcujus
3249 1582 3394 1622 unus

1804 1652 2045 1721 pugillus
2070 1654 2122 1705 in
2154 1668 2303 1707 aram
2327 1653 2419 1708 Dei
2445 1656 2762 1725 conjicitur,
2792 1657 3062 1727 reliquum
3093 1658 3396 1712 sacerdoti-

1806 1745 1908 1799 bus
1927 1744 2090 1798 datur
2124 1745 2192 1797 ad
2222 1747 2448 1800 victum.
2470 1746 2753 1802 Mulierem
2772 1759 2954 1803 autem
2987 1750 3396 1805 sacerdoscon-

166 1849 288 1897 ναίκα
336 1848 532 1914 στήσας
569 1846 597 1897 ὁ
635 1844 817 1914 ίερεὺς
865 1845 1009 1898 κατὰ
1058 1844 1159 1905 τὰς
1208 1842 1385 1903 πύλας
1435 1841 1573 1912 πρὸς
1605 1840 1696 1892 τὸν
1733 1835 1775 1890 Β
1806 1838 1874 1891 sti

1806 1838 1985 1891 stituit
2015 1836 2082 1891 ad
2114 1846 2328 1907 portam
2368 1839 2575 1909 templi,
2603 1840 2807 1896 nudato
2846 1842 2968 1911 ejus
3017 1843 3217 1911 capite.
3251 1841 3394 1895 Tum

164 1933 282 1995 νεὼν,
308 1933 394 1986 καὶ
420 1933 518 2004 τὴν
551 1934 798 2002 κεψαλὴν
838 1933 1009 2003 αὐτῆς
1041 1933 1363 2002 γυμνώσας,
1392 1933 1694 1999 ἐπιγράφει

166 2025 233 2075 τοῦ
282 2024 407 2078 Θεοῦ
456 2026 556 2096 τὴν
608 2026 985 2097 προσηγορίαν
1050 2024 1303 2096 διφθέρᾳ.
1364 2025 1593 2078 Κελεύει
1638 2022 1697 2077 δὲ

164 2118 336 2185 ὀμνύειν
367 2119 532 2189 μηδὲν
563 2120 890 2191 ἠδικηκέναι
926 2119 1057 2190 περὶ
1091 2120 1182 2173 τὸν
1209 2117 1404 2187 ἄνδρα.
1437 2116 1698 2188 Παραϐᾶ-

165 2212 303 2265 σινδὲ
330 2212 385 2264 τὸ
431 2214 674 2284 σῶφρον,
740 2213 835 2266 τοῦ
900 2210 1080 2277 δεξιοῦ
1133 2212 1360 2275 σκέλους
1389 2212 1450 2264 τὺ
1492 2210 1699 2281 ἄρθρον

164 2303 372 2372 ἔξαρθρον
400 2304 681 2371 γενέσθαι,
711 2305 805 2358 καὶ
830 2304 927 2374 τὴν
959 2304 1208 2375 γαστέρα
1248 2302 1578 2375 πρισθεῖσαν
1601 2300 1696 2356 οὖ-

163 2407 240 2452 tto;
264 2392 561 2448 ἀποθανεῖν.
613 2395 740 2447 Ἐὰν
770 2395 827 2447 δὲ
864 2393 969 2448 ὑπὸ
1007 2394 1205 2448 πολλοῦ
1237 2393 1440 2464 ἔρωτος
1475 2393 1568 2446 καὶ
1598 2394 1699 2463 τῆς

162 2483 306 2536 τρίτου
344 2485 677 2556 ζηλοτυπίας
728 2484 1022 2557 προπετῶς
1055 2488 1083 2539 ὁ
1112 2486 1256 2556 ἀνὴρ
1300 2484 1388 2538 διὰ
1434 2485 1534 2553 τὴν
1563 2484 1698 2537 ὑπό·

161 2594 269 2628 νοιαν
297 2580 372 2647 εἴη
400 2579 788 2648 κεκινημένος.
825 2582 954 2649 μηνὶ
1002 2579 1216 2649 δεκάτῳ
1260 2580 1513 2647 γενέσθαι
1563 2596 1695 2631 παιο

161 2667 241 2720 δῖον
259 2670 407 2740 ερῤεν
453 2670 621 2742 αὐτῇ.
669 2671 792 2724 Τῶν
820 2671 877 2725 δὲ
909 2672 1091 2741 ὅρκων
1138 2670 1557 2732 τελειωθέντων,
1596 2670 1699 2738 τῆς

162 2759 373 2831 διφθέρας
415 2762 647 2830 ἀπειλεῖ-ς
664 2780 731 2825 ας
777 2761 1042 2831 τοῦνομα,
1075 2763 1155 2825 εἰς
1184 2763 1381 2831 φιάλην
1427 2761 1692 2825 ἐκπιέζει.

164 2851 494 2922 Πῳςκο,.ίσας
524 2855 584 2907 δὲ
620 2856 686 2905 ἐκ
720 2853 818 2922 τῆς
857 2854 950 2905 τοῦ
984 2854 1130 2923 ίεροῦ
1159 2854 1262 2922 γῆς
1296 2859 1349 2907 εἴ
1373 2873 1423 2907 τι
1455 2855 1694 2925 προστύ-

160 2958 237 3009 χοι,
262 2946 342 2997 καὶ
385 2945 742 3007 καταπάσας,
797 2946 1011 2997 ἐκπιεῖν
1049 2946 1286 3000 δίδωσιν.
1333 2946 1395 2999 ἸΙ
1430 2948 1486 3000 δὲ
1518 2949 1565 3000 εί
1597 2950 1697 3016 μὲν

159 3031 311 3097 manu;
348 3035 640 3105 ἐνεκλήθη,
686 3035 947 3105 ἐγκύμων
990 3053 1047 3087 τε
1087 3036 1297 3103 γίνεται
1331 3039 1427 3089 καὶ
1452 3037 1698 3105 τελεσφο-

161 3130 290 3193 ρεῖται
314 3130 447 3181 κατᾶ
469 3128 574 3199 τὴν
610 3129 875 3198 γαστέρα.
906 3127 996 3200 [Ρ.
1025 3127 1118 3197 69]
1159 3129 1497 3199 Ψευσαμένη
1521 3129 1577 3181 δὲ
1605 3129 1696 3181 τὸν

1802 1946 1998 1985 nomen
2033 1931 2124 1985 Dei
2160 1931 2215 1985 in
2246 1932 2622 1987 membranam
2647 1934 2916 2000 inscribit,
2939 1934 3200 2005 jubetquc
3234 1934 3394 2005 122

1802 2024 2085 2078 mulierem
2118 2023 2307 2093 jurare
2339 2039 2398 2078 se
2428 2024 2586 2079 fidem
2628 2026 2829 2081 marito
2886 2041 3158 2086 servasse.
3218 2040 3397 2095 neque

1801 2113 2120 2183 pudicitiam
2154 2113 2494 2184 negligenter
2518 2114 2820 2171 habuisse:
2878 2116 2922 2171 si
2960 2130 3123 2171 secus
3179 2114 3394 2181 fecerit,

1803 2208 2089 2278 imprecari
2123 2208 2226 2262 sibi
2257 2217 2318 2263 ut
2349 2223 2481 2263 crus
2512 2223 2673 2262 suum
2730 2209 2987 2263 dextrum
3026 2208 3244 2262 luxetur
3267 2223 3396 2262 ven-

1801 2312 1988 2371 treque
2021 2312 2281 2371 crepante
2311 2301 2600 2356 moriatur.
2628 2300 2785 2366 Quod
2823 2302 2867 2356 si
2899 2301 2981 2353 vir
3012 2301 3178 2354 nimio
3207 2315 3397 2354 amore

1800 2393 1865 2447 ad
1886 2394 2024 2448 hanc
2050 2394 2396 2448 temerariam
2415 2393 2868 2448 obtrectationem
2899 2391 3057 2447 fuerit
3077 2392 3391 2462 prolapsus,

1801 2485 1918 2554 ipsa
1953 2485 2166 2539 decimo
2199 2492 2321 2555 post
2363 2500 2551 2540 mense
2612 2486 2915 2540 masculum
2974 2487 3167 2553 pariat.
3236 2482 3396 2537 Jnra-

1801 2588 1984 2633 mento
2013 2587 2234 2649 peracto
2263 2593 2460 2633 nomen
2502 2578 2596 2631 Dei
2640 2593 2667 2631 a
2702 2579 3016 2631 membrana
3048 2578 3209 2639 delet,
3239 2591 3386 2630 eam-

1799 2672 1984 2740 qucin
2044 2680 2290 2741 pateram
2340 2671 2620 2741 exprimit,
2654 2672 3047 2741 pulveremque
3071 2671 3279 2739 templi,
3335 2669 3391 2722 in

1799 2778 1961 2832 quam
1985 2762 2125 2817 forte
2148 2763 2360 2829 Incidit,
2391 2763 2681 2833 iuspergit,
2736 2764 3141 2830 bibendumque
3175 2761 3391 2817 mulieri

1798 2856 2042 2910 exhibet.
2084 2854 2181 2920 Ea,
2232 2855 2503 2925 siquidem
2541 2858 2733 2911 insons
2788 2865 2891 2917 est,
2939 2855 3104 2909 fetum
3152 2855 3394 2923 concipit

1799 2960 1863 2999 ac
1889 2960 1993 3001 suo
2020 2955 2264 3015 tempore
2311 2947 2485 3016 parit:
2514 2947 2659 3016 quod
2693 2947 2737 3000 si
2765 2947 2884 3000 viro
2912 2945 3071 3001 fidem
3111 2945 3299 3001 fefellit
3327 2959 3393 2999 ac

1803 3034 1914 3090 Deo
1936 3035 2219 3104 pejcravit,
2251 3039 2397 3106 turpi
2430 3046 2605 3091 morte
2627 3053 2688 3091 ea
2722 3037 2885 3107 perit,
2918 3051 3083 3092 crure
3103 3035 3394 3091 excidente

1798 3137 1852 3183 et
1877 3139 2067 3183 ventre
2090 3144 2232 3198 aqua
2279 3129 2550 3184 intercute
2594 3129 2856 3184 distento.

159 3216 286 3287 ἄνδρα
306 3218 391 3272 ἐπὶ
419 3223 536 3282 τοῖς
578 3219 787 3288 γάμοις
822 3218 916 3270 καὶ
955 3217 1048 3269 τὸν
1078 3217 1212 3269 Θεὸν
1245 3218 1337 3269 ἐπὶ
1366 3222 1477 3280 τοῖς
1506 3219 1692 3288 ὅρκοις
1735 3220 1851 3287 μετ’
1880 3219 2147 3288 αἰσχύνης
2175 3217 2544 3288 καταστρέφει
2575 3220 2670 3273 τὸν
2702 3219 2838 3290 βίον,
2869 3219 2963 3274 τοῦ
3034 3238 3095 3273 τε
3157 3220 3386 3283 σκέλους

158 3313 426 3377 ἐκπεσόντος
474 3312 657 3381 αὐτῆς
699 3312 795 3365 καὶ
840 3311 937 3382 τὴν
971 3310 1182 3363 κοιλίαν
1217 3311 1411 3380 ὑδέρου
1446 3312 1877 3375 καταλαϐόντος.

216 3405 325 3461 ’Δπδ
348 3406 553 3477 βιϐλίου
578 3407 845 3475 τετάρτου
866 3404 961 3458 τοῦ
989 3403 1178 3470 αὑτοῦ,
1207 3404 1289 3456 ὅτι
1312 3405 1419 3457 ἀπὸ
1450 3406 1696 3473 ἀμυγδα-
1722 3408 1767 3470 C
1876 3408 1877 3457 Ξ

1876 3406 1946 3462 De
1976 3417 2174 3475 quarto
2204 3408 2343 3463 libro
2398 3406 2645 3475 ejusdem
2693 3426 2706 3462 :
2745 3407 2820 3461 De
2851 3407 3048 3461 arbore
3105 3405 3391 3477 amygdan

160 3497 230 3564 λῆς
241 3496 388 3569 οὔσης
407 3499 504 3567 τῆς
532 3495 739 3567 ῥάϐδου
760 3495 977 3566 Ἀαρὼν
998 3496 1289 3567 ἀμύγδαλα
1311 3497 1405 3550 καὶ
1420 3496 1469 3547 οἱ
1496 3499 1699 3566 καρποὶ

158 3586 417 3660 ὧρὰθησαν.

209 3678 309 3731 Ὀτι
334 3682 447 3733 ὅσοι
495 3681 567 3734 ἂν
608 3680 842 3742 ἑαυτοὺς
893 3679 1227 3748 καθιερῶσιν
1271 3678 1434 3749 εὐχὴν
1470 3696 1702 3749 πεποιη-

161 3768 288 3835 μένοι,
312 3769 603 3840 Ναζιραῖοι
634 3763 787 3822 οὗτοι
810 3768 1125 3843 καλοῦνται,
1150 3768 1426 3838 κομῶντες
1443 3769 1536 3821 καὶ
1556 3764 1697 3822 οἶνον

161 3857 214 3926 μὴ
250 3859 702 3928 προσφερόμενοι.
760 3858 999 3919 Τούτους
1047 3857 1126 3921 δὲ,
1170 3861 1301 3911 ὅταν
1357 3860 1455 3921 τὰς
1506 3860 1698 3928 τρίχας

158 3950 405 4021 ἀφιερῶσιν
434 3953 529 4005 ἐπὶ
555 3951 729 4022 θυσίᾳ
748 3967 807 4002 τε
840 3950 1009 4021 δρῶσι
1050 3950 1149 4015 τὰς
1175 3954 1399 4022 κουρὰς,
1433 3950 1697 4019 νέμεσθαι

158 4041 257 4111 προς
277 4043 391 4106 τοὺς
426 4044 645 4115 ἱερέας.
683 4042 797 4096 Καὶ
834 4044 883 4094 oi
919 4040 1126 4111 κορϐὰν
1160 4042 1362 4103 αὐτοὺς
1393 4043 1697 4110 ὀνομάσαν-

155 4148 220 4194 τες
239 4135 302 4202 τῷ
330 4135 443 4206 Θεῷ
472 4134 696 4206 (δῶρον
730 4133 789 4186 δὲ
820 4133 979 4187 τοῦτο
1030 4134 1324 4205 σημαίνει)
1384 4132 1699 4203 βουλόμενοι

157 4225 357 4294 ἀᾳὶεσθαι
381 4228 484 4299 τῆς
507 4226 886 4298 λειτουργίας,
910 4231 1024 4289 τοῖς
1057 4226 1266 4297 ἱερεῦσι
1286 4226 1616 4280 καταϐαλεῖν
1637 4226 1698 4280 τὸ

157 4316 384 4390 ἀργύριον,
431 4321 709 4389 γυναικὸς
747 4321 847 4389 μὲν
877 4320 1179 4390 τριάκοντα
1226 4318 1470 4385 σίκλους,
1502 4319 1697 4391 ἀνδρὸς

157 4407 195 4461 δὲ
216 4414 544 4483 πεντήκοντα.

204 4501 302 4553 ὐτι
326 4504 544 4557 Βαλαὰκ
578 4501 771 4556 πεσὼν
789 4502 882 4555 ἐπὶ
904 4503 1078 4574 στόμα
1104 4501 1172 4555 τὰ
1192 4501 1340 4572 πάθη
1367 4500 1692 4570 προῦλεγεν,

156 4592 225 4647 ὅσα
245 4614 294 4649 τε
319 4595 636 4667 βασιλεῦσιν
666 4594 825 4647 ἔσται
859 4595 953 4647 καὶ
975 4596 1077 4647 ὅσα
1103 4594 1293 4647 πόλεσι
1326 4593 1449 4654 ταῖς
1481 4589 1694 4654 ἀξιολο-

158 4688 393 4755 γωτάταις,
437 4682 513 4741 ὧν
548 4687 733 4749 ἐνίαις
767 4685 888 4737 οὐδὲ
936 4685 1206 4738 οἰκεῖσθαί
1252 4701 1370 4745 πως
1412 4682 1694 4735 συνέϐαινε

1806 3496 1907 3551 fuit
1940 3500 2091 3570 virga
2130 3499 2385 3566 Aaronis,
2429 3498 2666 3568 ideoque
2714 3507 2769 3554 et
2794 3498 3111 3569 amygdalas
3143 3498 3392 3568 proferre

1804 3590 1919 3644 visa
1963 3590 2086 3644 fuit.

1870 3681 1974 3746 Qui
2006 3689 2132 3736 voto
2159 3690 2424 3751 concepto
2463 3682 2675 3753 seipsos
2705 3683 2816 3738 Deo
2842 3690 3194 3747 consecrant,
3221 3680 3391 3735 Nazi-

1799 3774 1891 3827 rzei
1943 3774 2317 3842 appellantur;
2359 3775 2521 3843 hique
2555 3788 2768 3828 comam
2815 3775 2969 3828 alunt
3010 3783 3063 3828 et
3130 3774 3258 3827 vino
3301 3772 3392 3826 ah-

1799 3866 2025 3919 stincnt.
2065 3864 2126 3919 lli
2164 3882 2287 3920 cum
2316 3880 2530 3920 comam
2551 3865 2800 3929 tondent,
2834 3866 3108 3920 sacrilicio
3145 3865 3390 3918 adhibito

1798 3973 1917 4012 eam
1963 3959 2070 4011 Dco
2102 3956 2359 4022 offerunt,
2387 3957 2737 4012 sacerdotum
2764 3973 2949 4027 opera.
2980 3956 3044 4010 Et
3073 3957 3164 4026 qui
3195 3973 3252 4011 se
3277 3955 3387 4009 Deo

1798 4049 2002 4105 donum
2028 4048 2261 4119 (Corban
2297 4050 2348 4104 id
2394 4049 2660 4104 llehraiee
2712 4049 2935 4119 dicitur)
2974 4057 3315 4117 nuncupant,
3352 4048 3389 4101 ii

1796 4143 1840 4196 si
1892 4141 2109 4195 liberari
2163 4140 2340 4196 ollicio
2406 4141 2607 4205 velint,
2661 4142 2949 4211 pecuniam
3007 4140 3390 4196 sacerdotibus

1798 4234 2131 4303 dependunt,
2166 4234 2365 4286 mulier
2391 4234 2556 4288 siclos
2582 4232 2674 4294 30,
2711 4231 2794 4285 vir
2817 4231 2906 4288 50.

1875 4504 2138 4558 Balaacus
2161 4504 2213 4557 in
2250 4502 2445 4558 faciem
2468 4519 2701 4574 pronum
2722 4518 2782 4559 se
2836 4511 3089 4557 Sternens
3131 4499 3388 4570 praedixit

1795 4612 1917 4668 quae
1943 4596 2287 4652 calamitates
2308 4596 2530 4665 regibus
2563 4604 2619 4651 et
2650 4594 2881 4649 urbibus
2912 4592 3226 4663 praecipuis,
3252 4606 3390 4661 qua—

1797 4705 1914 4745 rum
1942 4688 2190 4758 quaedam
2222 4696 2334 4742 tum
2353 4703 2421 4742 ne
2451 4688 2683 4742 habitari
2703 4686 2921 4755 quidem
2958 4685 3116 4755 123
3133 4684 3385 4754 contigit,

154 4778 225 4846 τὴν
244 4782 417 4850 ἀρχήν.
462 4776 741 4832 Ύπέθετο
770 4776 826 4830 δὲ
853 4777 945 4829 καὶ
970 4776 1060 4830 τὸν
1084 4776 1191 4829 τῶν
1214 4774 1562 4831 Μαδιανιτῶν
1592 4773 1688 4827 καὶ
1723 4771 1765 4826 D
1791 4796 1877 4836 ess

1800 4789 1974 4836 essent
1999 4789 2297 4835 eventurae.
2347 4778 2572 4833 Addidit
2602 4785 2657 4833 et
2704 4776 3128 4832 Madianitarum
3158 4783 3215 4832 et
3237 4772 3386 4829 Moa-

158 4870 221 4923 τὺν
243 4872 334 4925 τῶν
362 4871 737 4927 Μωαϐιτίδων
768 4869 1049 4937 γυναικῶν
1079 4869 1252 4923 δόλον.

205 4963 314 5018 Ἀπὸ
356 4965 564 5034 βιϐλίου
614 4970 660 5016 ε’
705 4962 803 5015 τοῦ
835 4963 1022 5027 αὑτοῦ,
1061 4963 1142 5015 ὅτι
1191 4962 1288 5032 οὐχ
1328 4962 1403 5024 ὡς
1432 4963 1465 5032 ἡ
1495 4961 1689 5031 Γραφὴ

157 5053 252 5123 ἔχει,
266 5056 418 5121 οὕτως
439 5057 737 5128 ἐξηγεῖται
768 5053 1031 5125 Ἰώσηπος
1043 5053 1111 5107 τὰ
1130 5055 1259 5123 περὶ
1277 5053 1535 5123 Σαμψών.
1567 5054 1691 5108 Ὅτι

159 5148 228 5211 μὲν
249 5150 342 5219 γὰρ
368 5153 487 5205 ὄνου
532 5151 758 5219 σιαγόνι
799 5149 1001 5219 χιλίους
1043 5149 1357 5215 ἀπέκτεινε,
1410 5150 1576 5217 λέγει,
1609 5149 1690 5201 ὅτι

154 5236 196 5289 ὕὲ
217 5239 263 5306 ἐξ
287 5243 440 5315 αὐτῆς
469 5243 622 5314 ὕδωρ
662 5242 911 5308 ἔϐλυσεν,
948 5243 1007 5295 οὐ
1039 5242 1208 5310 λέγει,
1239 5242 1354 5294 ἀλλ’
1383 5243 1464 5295 ὃτι
1493 5241 1693 5312 μᾶλλον

157 5330 225 5382 τοῦ
246 5335 390 5389 τόπου
419 5337 724 5407 ἁνωνύμου
762 5335 937 5399 ὄντος,
988 5340 1053 5388 ἐκ
1082 5334 1177 5387 τοῦ
1217 5334 1525 5405 συμϐάντος
1571 5337 1692 5389 ἑπι-

157 5428 367 5501 κληθῆναι
386 5437 414 5489 ὁ
445 5432 686 5502 σιαγών.
718 5429 812 5494 Ἐξ
840 5426 1006 5481 αὐτοῦ
1035 5428 1093 5481 δὲ
1122 5427 1308 5498 πηγὴν
1340 5427 1691 5481 ἀναδοθεῖσαν

161 5521 266 5573 κατὰ
285 5539 411 5589 τινος
462 5525 712 5595 πέτρας,
752 5521 941 5591 ἡδεῖαν
979 5520 1076 5572 καὶ
1104 5518 1306 5590 πολλὴν
1339 5521 1492 5574 πόσιν
1522 5520 1693 5574 διδοῦ-

160 5623 231 5661 σ-ιν
251 5614 448 5684 κορέσαι
473 5617 568 5671 τὸν
604 5611 888 5682 Σαμψὼν,
925 5610 1019 5664 καὶ
1041 5609 1185 5665 οὕτω
1217 5613 1379 5682 μέχρι
1408 5612 1500 5666 τοῦ
1531 5612 1693 5683 δεῦρο

161 5698 383 5760 καλεῖσθαι
411 5710 471 5763 τὺ
491 5706 733 5780 χωρὲον.

210 5792 386 5853 Βιϐλίον
412 5800 456 5865 ς’
486 5799 584 5854 τοῦ
643 5796 846 5865 αὐτοῦ,
880 5798 961 5852 ὅτι
988 5797 1154 5854 Δαϐὶδ
1193 5797 1554 5869 ἐκλαθόμενος
1583 5798 1691 5853 τιῖν

1800 4871 2030 4929 bitidum
2059 4872 2346 4926 mulierum
2374 4871 2583 4925 dolum.

1868 4963 1943 5019 De
1964 4965 2156 5034 quinto
2172 4962 2413 5032 ejusdem
2447 4963 2624 5016 libro:
2660 4961 2947 5017 Samsonis
2965 4960 3253 5015 historiam
3287 4958 3389 5013 ali-

1802 5068 1882 5113 ter
1910 5064 2098 5110 narrat
2112 5054 2383 5124 Iosephus
2400 5069 2561 5125 quam
2581 5070 2750 5109 sacrae
2767 5053 3009 5109 Litterae.
3030 5051 3217 5107 Refert
3238 5051 3383 5107 enim

1804 5154 1871 5206 ab
1899 5167 1965 5206 eo
1995 5149 2209 5204 maxilla
2248 5149 2387 5203 asini
2435 5149 2581 5202 mille
2634 5148 2782 5202 viros
2801 5162 3004 5201 caesos:
3046 5147 3141 5201 sed
3192 5144 3248 5201 id
3272 5160 3385 5199 non

1799 5244 1985 5309 refert,
2018 5259 2083 5298 ex
2108 5256 2171 5296 ea
2213 5257 2409 5311 aquam
2441 5241 2709 5309 erupiss».
2765 5240 2869 5297 Sed
2895 5242 3073 5295 locum
3129 5238 3225 5303 ait,
3257 5252 3381 5293 cum

1798 5346 1923 5393 ante
1945 5337 2162 5392 nomine
2196 5343 2430 5399 careret,
2470 5334 2742 5388 Maxillam
2775 5334 2844 5390 ab
2874 5349 2939 5389 eo
2971 5333 3114 5388 facto
3140 5332 3383 5402 appella-

1798 5442 1936 5494 tum.
1970 5444 2144 5499 eoque
2173 5428 2294 5481 loco
2328 5443 2393 5481 ex
2423 5441 2556 5489 saxo
2578 5426 2813 5495 quodam
2874 5424 3078 5480 fontem
3108 5438 3264 5493 aqua:
3288 5439 3384 5478 co-

1798 5525 1966 5593 piosae
1992 5535 2055 5574 ac
2089 5519 2264 5575 dulcis
2304 5517 2600 5582 exstitisse,
2637 5516 2781 5572 unde
2834 5516 2980 5571 sitim
3014 5514 3246 5569 Samson
3295 5530 3380 5569 reo

1799 5615 2054 5671 Stinxerit
2074 5629 2087 5641 ο
2125 5613 2245 5666 loco
2272 5626 2468 5664 nomen
2498 5610 2767 5682 hodieque
2800 5626 3039 5666 manere.

1868 5795 2146 5867 Septimus
2173 5796 2416 5869 ejusdem
2453 5795 2610 5853 liber.
2673 5785 3071 5861 Daviduslcgis
3124 5800 3220 5857 per
3272 5782 3380 5840 Mo-
