4184 6436
769 361 868 423 155

2005 361 2330 423 GEORGII
2359 361 2663 423 CEDREN
2673 362 2700 421 Ι

3922 353 4031 419 156

762 493 791 530 s
811 492 878 527 -m
903 473 1043 528 data:
1065 472 1485 543 immemor,qua
1515 471 1785 529 sancitum
1820 483 1937 529 erat
1962 480 2024 530 ut
2040 474 2088 531 si
2113 475 2336 545 populus

2456 474 2737 538 Μωῦσέως
2765 473 3018 540 ἐντολῶν,
3048 474 3109 539 ὃς
3143 475 3425 548 προεῖπεν,
3470 474 3565 529 ἐὰν
3594 473 3941 545 ἐξαριθμηθῇ
3965 475 4034 527 τὺ

763 575 1166 632 numeraretur,
1213 566 1267 620 in
1288 567 1503 638 singula
1558 566 1741 637 capita
1783 567 2030 623 semissis
2080 567 2200 623 sicli
2231 566 2341 623 Deo

759 658 1067 722 oﬂ‘erretur,
1099 655 1329 712 Joabum
1378 660 1585 712 circum
1648 658 1811 713 urbes
1837 668 1890 713 et
1960 659 2159 729 oppida
2190 660 2342 730 regni

760 748 1030 816 proﬁcisci
1056 765 1435 820 smnmamque
1459 750 1639 806 omnis
1668 751 1939 806 lsraelicae
1971 751 2341 807 multitudinis

757 842 1106 896 conscribere
1141 842 1327 911 jussit.
1355 841 1479 899 Ideo
1514 842 1579 898 7O
1612 844 1779 898 millia
1834 844 2115 899 hominum
2149 846 2215 899 de
2241 859 2340 914 po-

757 933 883 1001 pulo
921 936 1219 1003 perierunt,
1250 934 1423 991 donec
1482 937 1673 992 hostiis
1704 951 1799 991 rex
1864 936 2032 992 Deum
2082 937 2338 1007 placavit.

755 1023 905 1091 Quas
930 1026 1110 1081 evenit
1138 1026 1330 1082 eodem
1364 1027 1416 1081 in
1449 1028 1570 1082 loco
1608 1026 1795 1084 oﬂ‘erri
1827 1044 1935 1099 quo
1958 1031 2075 1084 loco
2095 1030 2344 1085 Abraha-

756 1133 879 1173 mus
903 1118 1073 1172 lilium
1106 1133 1268 1173 suum
1288 1117 1533 1174 lsaacum
1560 1118 1671 1175 Deo
1696 1120 1979 1175 immolare
2006 1121 2340 1178 intenderat.

819 1300 900 1354 Ad
923 1300 1299 1356 aedificandum
1345 1302 1609 1372 templum
1642 1303 1879 1357 Davidus
1931 1303 2119 1359 omnia
2180 1321 2341 1376 para-

757 1403 939 1448 verat:
973 1394 1024 1449 id
1052 1403 1234 1450 tamen
1264 1394 1535 1449 aediﬁcare
1553 1394 1857 1464 prohibitus
1890 1405 1995 1461 est,
2014 1399 2159 1467 quod
2192 1398 2294 1453 dex
2315 1428 2342 1440 -

753 1492 835 1539 tra
853 1485 973 1555 ejus
996 1485 1192 1541 crebra
1242 1485 1480 1540 hostium
1503 1485 1650 1541 caede
1706 1495 1855 1542 esset
1900 1488 2129 1558 polluta.
2188 1488 2339 1545 Solo-

753 1579 899 1632 moni
934 1585 1115 1634 autem
1162 1578 1230 1632 ad
1260 1586 1590 1633 structuram
1622 1578 1804 1649 templi
1861 1580 2080 1650 reliquit
2127 1581 2228 1636 tria
2257 1592 2341 1635 ta-

752 1668 1023 1723 lentorum
1047 1667 1164 1722 auri
1202 1667 1395 1721 millia.

820 1761 1140 1814 Carminum
1158 1769 1212 1814 et
1232 1760 1569 1815 canticorqu
1593 1759 1765 1814 libros
1788 1758 2012 1815 Solomo
2027 1762 2338 1831 composuit

2449 564 2679 637 πλῆθος,
2712 564 2853 635 ὑπὲρ
2885 566 3126 637 ἑκάστης
3164 567 3406 638 κεφαλῆς
3432 566 3582 638 αὑτῷ
3618 565 3697 638 τῷ
3724 565 3847 637 Θεῷ
3872 565 4030 620 τελέ-

2446 673 2590 709 σειεν
2619 656 2930 726 ἡμίσικλον,
2956 657 3291 727 προσέταξεν
3319 657 3478 712 Ἰωάϐ
3502 658 3821 729 πορευθέντι
3849 658 4036 713 πάντα.

2443 748 2535 802 τὸν
2564 748 2719 819 ὄχλον
2754 748 3138 823 ἐξαριθμῆσαι,
3172 750 3268 803 καὶ
3293 750 3381 803 διὰ
3413 749 3573 825 τούτο
3620 749 3906 804 ἀπώλοντο
3932 767 4025 819 χι-

2443 838 2622 901 λιαδες
2640 839 3014 910 ἑϐδομήκοντα
3030 840 3124 893 τοῦ
3146 840 3295 903 λαοῦ,
3315 840 3419 905 ἕως
3441 833 3501 894 οὗ
3526 840 3716 904 θυσίας
3740 841 4032 912 εἰρηνικὰς

2444 932 2744 1000 ἐπενέγκας
2794 932 2957 986 Δαϐὶδ
3007 933 3352 1003 κατεπράϋνε
3402 935 3461 988 τὸ
3494 934 3673 987 Θείον.
3729 933 3935 1003 Συνέϐη
3967 932 4030 985 δὲ

2444 1025 2532 1079 ἐπ’
2577 1027 2786 1079 ἐκεῖνον
2817 1026 2908 1080 τὸν
2950 1025 3117 1078 τόπον
3162 1025 3485 1096 τελεσθῆναι
3519 1025 3620 1089 τὰς
3653 1026 3864 1089 θυσίας,
3897 1028 3954 1078 ὲν
3983 1018 4031 1093 ᾧ

2444 1118 2535 1169 καὶ
2576 1118 2833 1188 Ἀϐρααμ
2877 1118 2966 1171 τὸν
3002 1120 3120 1172 υἱὸν
3168 1117 3334 1171 αύτοῦ
3387 1116 3574 1170 Ἰσαάκ
3612 1118 3913 1187 ἀνήνεγκεν
3944 1118 4031 1178 ετς

2442 1208 2850 1280 ὀλοκάρπωσιν.

2514 1301 2639 1353 Ὀτι
2664 1301 2733 1354 τά
2762 1300 2892 1371 περὶ
2937 1300 3031 1354 τὸν
3073 1300 3202 1354 ναὸν
3235 1300 3400 1354 Δαϐὶδ
3443 1301 3741 1372 ἡτοίμασεν
3781 1300 4025 1364 ἅπαντα,

2444 1391 2698 1463 ἐκωλύθη
2730 1392 2789 1446 δὲ
2815 1392 3005 1446 κτίσαι
3048 1391 3211 1447 αὑτὸν
3235 1391 3325 1446 διὰ
3351 1392 3412 1447 τὸ
3447 1393 3747 1463 μεμιάνθαι
3778 1395 3841 1464 τῇ
3871 1391 4029 1464 δεξιᾷ

2440 1485 2587 1555 χειρὶ
2613 1485 2693 1556 τῷ
2720 1485 3031 1557 συχνοτέρῳ
3056 1485 3166 1539 τῶν
3196 1483 3407 1558 ἐχθρῶν
3444 1486 3609 1557 φόνῳ.
3645 1486 3932 1557 Τρισχίλια
3962 1486 4026 1539 δὲ

2438 1577 2682 1632 τάλαντα
2720 1577 2947 1648 χρυσίου
2982 1576 3277 1631 κατέλιπεν
3306 1577 3394 1651 είς
3423 1575 3523 1648 τὴν
3551 1576 3645 1630 τοῦ
3671 1576 3802 1629 ναοῦ
3845 1576 4027 1629 κτίσιν

2439 1668 2517 1738 τῷ
2554 1668 2888 1738 Σολομῶντι.

2514 1762 2636 1813 Ὀτι
2688 1760 3019 1826 συνετάξατο
3066 1758 3321 1829 Σολομῶν
3364 1758 3547 1828 βιϐλία
3586 1759 3717 1828 περὶ
3743 1758 3894 1828 ᾠῖὦν
3925 1759 4027 1812 καὶ

750 1851 909 1912 5000,
945 1852 1118 1906 tribus
1160 1851 1398 1907 millibus
1428 1866 1588 1921 porro
1647 1852 1910 1907 librormn
1958 1854 2331 1923 comparatio-

2438 1850 2620 1922 μελῶν
2652 1851 3097 1921 πεντακισχίλια,
3144 1851 3241 1904 καὶ
3271 1850 3600 1922 παραϐολῶν
3650 1853 3742 1903 καὶ
3790 1852 4026 1905 εἰκόνων

750 1958 847 1996 nes
909 1952 963 1996 et
1023 1943 1411 1998 similitudines
1438 1951 1524 1997 est
1574 1945 1913 2012 complexus.
1977 1944 2109 1999 Nam
2172 1945 2332 2018 124,

748 2033 815 2086 de
845 2034 1034 2101 quavis
1053 2033 1267 2088 arboris
1294 2034 1955 2103 speciecomparationem
1999 2033 2150 2097 fecit,
2177 2039 2305 2090 item

747 2140 854 2194 que
889 2125 1265 2189 terrestribus,
1303 2125 1615 2179 volantibus
1650 2133 1707 2180 et
1742 2126 1907 2182 aeriis
1936 2127 2331 2185 animantibus.

748 2213 1108 2269 Concessitei
1131 2214 1294 2268 etiam
1341 2214 1485 2269 Deus
1514 2226 1573 2270 ut
1617 2216 1852 2271 disceret
1909 2224 2082 2274 artem
2142 2225 2331 2274 contra

748 2306 923 2360 malos
943 2306 1218 2363 daemones
1246 2307 1313 2361 ad
1351 2309 1643 2363 utilitatem
1696 2310 2014 2365 hominum:
2074 2320 2335 2368 excanta-

749 2398 926 2453 tiones
959 2399 1275 2453 morborum
1327 2401 1597 2455 condendi
1654 2402 1941 2457 scientiam
1998 2403 2243 2474 reliquit,
2280 2412 2335 2460 et

748 2487 955 2545 formas
983 2488 1413 2559 adjurationum,
1464 2492 1663 2560 quibus
1697 2493 1826 2547 mali
1868 2494 2010 2564 genii
2040 2494 2338 2565 ejiciuntur

746 2595 1027 2649 nunquam
1053 2579 1304 2635 redituri.
1335 2580 1492 2647 Quod
1551 2583 1776 2637 remedii
1819 2599 1991 2655 genus
2044 2585 2188 2656 apud
2234 2601 2337 2643 nos

745 2688 892 2727 nunc
932 2675 1226 2742 plurimum
1288 2673 1452 2729 valet.
1510 2671 1627 2728 Vidi
1676 2676 1846 2742 enim,
1902 2678 1980 2732 ait
2036 2676 2333 2751 Iosephus,

745 2765 1061 2820 Eleazarum
1091 2765 1380 2835 quemdam
1412 2764 1729 2835 pepularem
1748 2782 1951 2834 meum,
1974 2766 2334 2839 Vespasiano.

744 2857 865 2925 ejus
897 2856 1046 2921 (iliis,
1097 2855 1335 2914 ducibus
1369 2866 1423 2912 et
1480 2857 1729 2913 exercitu
1788 2861 2177 2929 praesentibus,
2238 2875 2337 2917 eos

744 2948 891 3017 quia
913 2949 1249 3005 daemonibus
1270 2958 1429 3005 erant
1452 2953 1667 3009 obsessi
1719 2953 2041 3023 huiusmodi
2070 2963 2336 3009 excanta-

746 3042 894 3097 tione
915 3041 1164 3098 liberare.
1212 3042 1406 3099 Modus
1450 3046 1612 3101 istius
1665 3045 1974 3102 curationis
2019 3045 2147 3101 talis
2179 3054 2333 3100 erat:

744 3129 984 3189 Naribus
1014 3134 1264 3190 daemone
1287 3138 1539 3205 occupati
1590 3138 1850 3191 annulum
1911 3137 2258 3202 admovebat,
2278 3137 2332 3189 in

746 3224 905 3291 cujus
928 3224 1046 3292 pala
1073 3224 1223 3278 radix
1258 3240 1285 3277 a
1330 3223 1623 3282 Solomone
1680 3212 2053 3283 demonstrata
2112 3230 2328 3282 inerat:

744 3330 810 3369 eo
860 3316 1027 3371 odore
1050 3324 1304 3387 percepto
1353 3334 1449 3388 per
1502 3336 1659 3373 nares
1695 3320 1877 3375 exibat
1931 3321 2184 3375 dmmon:
2217 3329 2332 3374 tum

747 3410 967 3464 homine
1011 3412 1197 3465 statim
1240 3411 1590 3475 concidente,
1638 3414 1873 3469 ilaemoni
1939 3414 2233 3470 mandabat
2265 3431 2334 3470 ne

747 3502 799 3555 in
837 3503 981 3556 hunc
1006 3511 1193 3571 postea
1240 3512 1628 3569 reverteretur,
1658 3506 2025 3575 adjurationis
2084 3505 2333 3561 Solomo-

747 3590 885 3645 κει-ιιι
914 3606 1036 3645 eum
1066 3592 1368 3647 admonens
1422 3592 1931 3666 incantationesque
1963 3596 2033 3651 ab
2072 3611 2137 3651 co
2182 3611 2333 3650 com-

747 3683 953 3750 positas
996 3684 1251 3739 recitans.
1282 3684 1428 3739 idem
1462 3684 1731 3756 Josepbus
1788 3688 2135 3745 Solomoncm
2160 3704 2332 3744 annos

746 3773 948 3829 vixisse
969 3773 1327 3847 94,rcgoasse
1358 3777 1427 3831 80
1454 3777 1667 3833 scribit.

820 3949 894 4004 De
918 3949 1057 4006 libro
1080 3952 1295 4009 decimo
1340 3955 1626 4026 ejusdem:
1678 3956 1847 4015 lsaias
1910 3960 2172 4032 propheta
2218 3963 2332 4033 regi

751 4040 995 4096 Ezechiae
1018 4044 1268 4112 prwdixit
1330 4063 1521 4104 omnes
1554 4050 1675 4119 ejus
1728 4051 1950 4109 divitias
1998 4052 2333 4124 Babylonem

748 4132 1182 4198 translatumiri,
1212 4144 1569 4209 posterosque
1623 4138 1746 4208 ejus
1802 4141 2065 4197 virilitate
2113 4151 2334 4199 exsecta

749 4220 1042 4292 Babylonio
1069 4226 1183 4296 regi
1217 4231 1542 4297 servituros;
1584 4245 1647 4286 ea
1677 4230 1843 4287 Deum
1879 4233 2190 4289 vaticinari.

819 4484 1040 4542 Librum
1091 4503 1307 4561 quoque
1336 4490 1404 4546 de
1457 4491 1615 4549 beato
1662 4492 1800 4550 Jobo
1851 4495 1906 4549 in
1946 4495 2329 4566 compendium
2365 4522 2407 4575 υ

750 4575 1081 4647 redegimus,
1124 4589 1441 4651 argumenta
1464 4581 1584 4651 ejus
1635 4584 1924 4654 potissima
1970 4586 2208 4641 breviter
2228 4591 2333 4641 huc

748 4667 1086 4737 colligendo;
1118 4686 1240 4739 qua:
1262 4671 1327 4726 iis
1349 4674 1548 4741 quibus
1598 4676 1702 4730 iste
1724 4676 1861 4730 liber
1896 4677 2147 4748 cognitus
2176 4678 2334 4748 125

748 4767 851 4822 est,
877 4775 987 4813 rem
1024 4760 1077 4814 iu
1107 4764 1426 4818 memoriam
1469 4776 1745 4821 revocent.
1781 4766 1944 4823 Liber
1993 4770 2082 4823 ille
2133 4771 2187 4823 in
2218 4785 2333 4823 mo-

751 4863 862 4900 rem
906 4851 1137 4904 scenica:
1196 4850 1388 4906 fabulae
1439 4869 1534 4908 sex
1585 4856 1837 4924 personis
1881 4867 2119 4921 constat,
2183 4858 2334 4929 justo

746 4935 906 5002 Jobo,
939 4937 1197 5008 Elipbazo
1219 4941 1564 5011 Themauita,
1616 4946 1855 5003 Baltlado
1916 4949 2200 5015 Sauchita,
2234 4951 2337 5006 So-

751 5029 916 5097 pbare
945 5029 1160 5096 Minoae,
1204 5032 1321 5089 Elio
1342 5033 1553 5101 Buzita,
1590 5052 1653 5091 ac
1683 5036 1816 5093 Deo.
1837 5039 2124 5109 Colloquia
2151 5042 2332 5096 habita

750 5135 877 5176 sunt
919 5124 1061 5178 inter
1088 5140 1184 5180 eos
1208 5126 1298 5180 εδ.
1360 5125 1587 5184 Orditur
1633 5127 1827 5196 Jobus,
1884 5134 2115 5204 singulis
2169 5136 2330 5189 trium

752 5215 1050 5269 amicorum
1087 5233 1313 5273 suorum
1353 5220 1565 5287 dicens,
1605 5239 1665 5279 se
1694 5226 1804 5279 telo
1840 5227 2049 5281 robusti
2084 5227 2178 5282 Dei
2210 5229 2333 5283 vul-

754 5317 1005 5359 ncratum
1054 5322 1228 5363 esse:
1292 5311 1327 5364 ii
1383 5328 1411 5363 a
1466 5312 1573 5367 Deo
1628 5316 1855 5370 robusto
1925 5329 2088 5385 atque
2129 5329 2333 5373 aeterno

753 5397 1022 5453 nemiuem
1056 5399 1256 5469 injuste
1299 5403 1574 5458 vulnerari
1628 5415 1903 5461 asserunt.
1952 5406 2073 5462 lltec
2103 5410 2333 5479 qumstio

750 5504 844 5543 sex
872 5490 1161 5559 colloquiis
1186 5495 1445 5564 agitatur.
1483 5497 1686 5553 Iieinde
1714 5514 1931 5553 rursum
1964 5498 2135 5555 Jobus
2175 5501 2328 5571 prin—

752 5580 953 5648 cipium
986 5578 1291 5638 disserendi
1333 5587 1461 5641 facit
1490 5603 1611 5641 cum
1643 5590 1730 5654 iis,
1787 5591 2077 5660 perhibcns
2134 5608 2193 5647 se
2226 5594 2329 5648 sibi

755 5670 958 5727 nullius
978 5686 1098 5728 esse
1160 5677 1446 5743 spontanei
1497 5678 1679 5733 delicti
1727 5682 2045 5735 conscium:
2080 5682 2180 5752 ipsi
2206 5698 2327 5737 eum

756 5757 1026 5819 instantim
1041 5767 1344 5837 arrogantis
1368 5768 1650 5829 damnant.
1680 5770 1803 5829 llaec
1832 5774 2071 5830 secunda
2101 5777 2330 5845 quaestio

2437 1941 2654 2011 βίϐλους
2690 1942 3027 2010 τρισχιλίας·
3067 1941 3189 1996 καθ’
3226 1942 3457 1995 ἕκαστον
3481 1942 3587 2011 γὰρ
3619 1938 3756 2004 εἶδος
3796 1942 4023 2012 δένδρου

2435 2032 2756 2104 παραϐολὴν
2795 2029 2938 2095 εἷπε,
2972 2035 3066 2088 καὶ
3088 2035 3217 2103 περὶ
3249 2033 3465 2105 κτηνῶν
3493 2036 3586 2086 καὶ
3611 2035 3717 2087 τ·ἶν
3755 2037 4026 2102 ἐπιγείων

2435 2123 2589 2187 ζώων
2616 2125 2874 2179 ἁπάντων
2924 2128 3021 2180 καὶ
3068 2127 3175 2179 τῶν
3224 2128 3445 2196 πτηνῶν
3493 2130 3583 2181 καὶ
3630 2128 3737 2179 τῶν
3790 2128 4020 2197 ἀερίων.

2434 2214 2687 2285 Παρέσχε
2716 2216 2772 2267 δὲ
2806 2215 2958 2286 αὐτῷ
3004 2216 3197 2286 μαθεῖν
3226 2218 3253 2269 ὁ
3286 2216 3419 2280 Θεὸς
3452 2220 3546 2270 καὶ
3588 2217 3687 2288 τὴν
3733 2220 3875 2270 κατα
3908 2218 4025 2269 τῶν

2435 2307 2706 2377 δαιμόνων
2739 2310 2938 2379 τέχνην
2966 2311 3047 2373 εἰς
3085 2309 3357 2378 ὠφέλειαν
3405 2310 3515 2363 τῶν
3544 2310 3867 2380 ἀνθρώπων,
3915 2311 4024 2361 ἐπ-

2435 2400 2575 2469 ῳδάς
2600 2400 2655 2453 δὲ
2688 2401 2947 2467 συντάξαι
2981 2403 3039 2454 ἐν
3068 2398 3155 2465 αἷς
3179 2407 3579 2474 παρηγορεῖται
3613 2402 3683 2455 τά
3704 2406 4022 2471 νοσήματα.

2441 2490 2529 2562 [Ρ.
2574 2492 2667 2563 70]
2713 2495 2822 2547 Καὶ
2866 2494 3103 2565 τρόπους
3173 2493 3525 2566 ἐξορκώσεων
3586 2496 3898 2552 κατέλιπεν.
3931 2493 4025 2558 οτς

2435 2584 2734 2653 ἐνδούμενα
2749 2584 2819 2638 τὰ
2840 2585 3117 2655 δαιμόνια,
3142 2586 3217 2648 ὡς
3236 2585 3437 2655 μηκέτι
3460 2584 3801 2645 ἐπανελθεῖν,
3823 2585 4024 2638 ἐκδιώ-

2437 2692 2647 2729 κοντοιι.
2683 2677 2795 2731 Καὶ
2838 2676 2978 2748 αὑτὴ
3031 2678 3162 2748 παρ’
3190 2678 3323 2747 ἡμῖν
3356 2675 3451 2730 νῦν
3475 2678 3509 2746 ἡ
3541 2676 3811 2745 θεραπεία
3856 2676 4024 2728 πλεῖο

2438 2783 2560 2819 στον
2595 2767 2791 2837 ίσχύει.
2835 2767 3125 2840 Ἰστὸρησα
3147 2771 3279 2839 γὰρ,
3315 2767 3484 2837 φησὶν
3507 2766 3795 2837 Ἰώσηπος,
3826 2767 4022 2819 Ἐλεα-

2436 2855 2602 2926 ζαρόν
2626 2874 2773 2915 τινα.
2804 2857 2912 2911 τῶν
2936 2859 3226 2927 ὁμοφύλων
3251 2856 3688 2919 Οὐεσπασιανοῦ,
3726 2858 4020 2927 παρίντων

2436 2948 2533 3000 καὶ
2566 2949 2676 3000 τῶν
2706 2949 2840 3001 υίῶν
2879 2949 3046 3003 αὐτοῦ
3080 2950 3175 3003 καὶ
3202 2951 3504 3020 χιλιάρχων
3528 2951 3622 3003 καὶ
3657 2950 3817 3003 ἄλλον
3848 2968 3944 3018 στρ
3960 2967 4023 3001 αα

2436 3039 2691 3092 τιωτικοῦ
2738 3041 3001 3107 πλήθους,
3043 3043 3170 3103 τοὺς
3204 3042 3309 3094 ὑπὸ
3336 3041 3606 3111 δαιμόνων
3664 3041 4024 3109 λαμϐανομέ-

2437 3148 2559 3194 νους
2586 3131 2893 3185 ἀπολύοντα
2937 3132 3166 3194 τούτοις.
3201 3134 3258 3185 Ὀ
3280 3132 3336 3185 δὲ
3359 3133 3558 3201 τρόπος
3590 3131 3688 3200 τῆς
3716 3130 4025 3200 θεραπείας

2436 3223 2676 3286 τοιοῦτος
2708 3219 2776 3293 ἦν
2805 3240 2818 3254 ο
2852 3224 3188 3294 Προσφέρων
3216 3227 3337 3285 ταῖς
3364 3224 3477 3294 ῥισὶ
3508 3222 3598 3275 τοῦ
3628 3222 4034 3291 δαιμονιζομέ-

2437 3334 2530 3370 νου
2561 3318 2651 3372 τον
2699 3317 3005 3384 δακτύλιον,
3041 3317 3235 3388 ἔχοντα
3284 3318 3375 3368 ἐπὶ
3422 3315 3522 3386 τὴν
3555 3314 3826 3386 σφραγῖδα
3855 3314 4023 3386 ῥίζαν

2436 3409 2495 3476 ἐξ
2522 3405 2596 3462 ὧν
2622 3409 2869 3473 ὑπέδειξε
2915 3407 3189 3477 Σολομῶν,
3225 3407 3414 3460 ἔπειτα
3449 3406 3675 3474 ἐξῆλθεν
3722 3406 4024 3475 ὀσφραινο-

2438 3517 2598 3572 μενον
2619 3501 2705 3553 διὰ
2726 3500 2833 3553 τῶν
2857 3499 3021 3571 ῥινῶν
3038 3500 3097 3551 τὸ
3119 3498 3411 3569 δαιμόνιον.
3440 3498 3551 3551 Καὶ
3575 3498 3829 3560 πεσόντος
3852 3494 4023 3559 εὐθὺς

2435 3593 2530 3646 τοῦ
2566 3592 2851 3663 ἀνθρώπου
2879 3591 3078 3661 μηκέτι
3109 3591 3188 3653 εἰς
3222 3589 3385 3642 αὑτὸν
3412 3589 3795 3659 ὑποστρέφειν,
3818 3587 4026 3657 ὅρκους

2437 3685 2781 3753 Σολομῶντος
2817 3683 3167 3752 μεμνημένον
3193 3681 3290 3733 καὶ
3317 3678 3414 3740 τὰς
3442 3679 3657 3749 ἐπῳδὰς
3691 3678 3753 3741 ἃς
3787 3678 4029 3746 συνέϐη-

2438 3794 2529 3827 κεν
2557 3776 2765 3835 ἐκεῖνος
2796 3772 3087 3841 ἐπιλέγων.
3123 3771 3287 3839 Λέγει
3310 3770 3364 3822 δὲ
3397 3770 3659 3840 Ἰώσηπος
3700 3770 3783 3822 ὅτι
3811 3770 3888 3835 ιβ’
3915 3770 4023 3840 ἐτη

2435 3864 2627 3934 ἔζησεν
2658 3867 2685 3917 ὁ
2709 3864 2982 3930 Σολομῶν,
3016 3863 3334 3916 ἐϐασίλευσε
3371 3863 3424 3915 δὲ
3459 3861 3553 3931 ἔτη
3583 3867 3658 3915 π’.

2507 3956 2644 4008 Ἀπὸ
2695 3955 2905 4025 βιϐλίου
2951 3955 3179 4007 δεκάτου
3225 3952 3320 4007 τοῦ
3378 3950 3564 4019 αὑτοῦ,
3597 3952 3680 4004 ὃτι
3726 3951 3958 4014 Ἡσαΐας
3996 3955 4028 4006 ὁ

2436 4048 2722 4117 προφήτης
2762 4046 3018 4113 προλέγει
3070 4045 3147 4114 τῷ
3192 4044 3401 4115 βασιλεί
3446 4042 3669 4114 Ἐζεκίᾳ
3719 4043 3896 4098 πάντα
3923 4044 4029 4097 τὸν

2437 4137 2665 4190 πλοῦτον
2718 4137 2882 4190 αὐτοῦ
2926 4139 3004 4199 είς
3038 4136 3336 4189 Βαϐυλῶνα
3386 4134 3875 4205 μετατεθήσεσθαι,
3920 4139 4028 4189 καὶ

2433 4232 2559 4293 τοὺς
2592 4230 2846 4299 ἐγγόνους
2881 4228 3495 4300 εὐνουχισθησομένους,
3523 4228 3615 4280 καὶ
3642 4227 4025 4293 ἀπολέσαντας

2437 4323 2496 4374 τὸ
2522 4323 2720 4393 ἄνδρας
2766 4319 2907 4376 εἶναι
2937 4323 3014 4391 τῷ
3050 4321 3413 4374 Βαϐυλωνίων
3445 4319 3730 4374 δουλεῦσαι
3766 4319 4020 4390 βασιλεῖ·

2441 4415 2531 4467 καὶ
2563 4415 2739 4467 ταῦτα
2786 4413 3074 4483 προλέγειν
3100 4414 3191 4464 τὸν
3214 4413 3369 4465 Θεὸν.

2510 4504 3017 4577 Ἐπεσημηναμεθα
3057 4504 3113 4557 δὲ
3147 4504 3240 4557 καὶ
3270 4503 3370 4573 τὴν
3421 4500 3515 4555 τοῦ
3548 4502 3852 4573 μακαρίτου
3889 4501 4028 4556 Ἰὼϐ

2441 4596 2620 4665 βίϐλον
2644 4598 2700 4648 ἐν
2726 4596 2994 4666 ὲπιτόμῳ,
3034 4596 3133 4657 τὰς
3175 4594 3560 4665 πραγματείας
3592 4592 3764 4663 αὐτῆς
3798 4593 3874 4656 ὡς
3901 4588 4030 4649 οἷόν

2436 4704 2496 4739 τε
2522 4686 2610 4741 διὰ
2648 4686 2897 4758 βραχέων
2945 4685 3412 4754 ἐγκαταλέξαντες
3444 4686 3522 4746 εἰς
3571 4684 3876 4756 ἀνάμνησιν
3904 4687 4031 4739 τῶν

2437 4778 2653 4830 εἰδότων
2694 4778 2899 4847 ταύτης
2937 4777 3031 4829 τὸν
3077 4776 3223 4830 νοῦν.
3286 4776 3373 4838 Ὠς
3410 4776 3465 4827 ὲν
3496 4775 3731 4844 δράματι
3768 4778 3801 4846 ἡ
3836 4776 4031 4846 βίϐλος

2435 4870 2529 4921 τοῦ
2580 4869 2850 4938 μακαρίου
2898 4866 3021 4921 Ἰὼϐ
3072 4866 3318 4937 περιέχει
3362 4865 3630 4938 πρόσωπα
3674 4866 3754 4931 ἒξ,
3800 4868 4031 4937 πρῶτον

2436 4960 2597 5011 αὐτὸν
2619 4960 2709 5011 τὸν
2735 4959 2942 5013 δίκαιον
2980 4958 3121 5020 Ἰὼϐ,
3147 4958 3397 5029 δεύτερον
3434 4957 3658 5026 Ἐλιφὲζ
3685 4958 3774 5010 τὸν
3805 4958 4031 5030 61:31.0.-

2437 5049 2608 5115 νίτην,
2650 5049 2831 5118 τρίτον
2867 5045 3074 5100 Βαλδὰδ
3103 5047 3195 5100 τὸν
3221 5047 3510 5115 Σαυχίτην,
3543 5047 3803 5117 τέταρτον
3835 5049 4029 5120 Σοφαρ

2434 5141 2525 5192 τὸν
2556 5141 2802 5204 Μιναῖον,
2857 5139 3107 5207 πέμπτον
3167 5138 3373 5201 Ἐλεοῦς
3407 5139 3497 5191 τὸν
3532 5138 3812 5208 Βουζίτην,
3856 5141 4027 5194 ’έκτον

2434 5231 2523 5282 τὸν
2550 5230 2826 5299 Δεσπότην
2853 5230 3004 5282 Θεὸν.
3038 5229 3284 5281 Γίνονται
3306 5229 3360 5281 δὲ
3395 5229 3597 5298 μεταξῦ
3630 5230 3806 5282 αὐτῶν
3838 5231 4027 5285 διαλυ-

2436 5338 2518 5388 γοι
2552 5319 2656 5387 κγ’.
2684 5322 3027 5391 Ῐίρωτολογεῖ
3050 5320 3104 5373 δὲ
3140 5321 3279 5383 Ἰὼϐ,
3310 5321 3439 5390 πρὸς
3463 5322 3693 5373 ἕκαστον
3716 5320 3823 5372 τῶν
3848 5325 4029 5391 τριῶν

2436 5413 2603 5479 φίλων
2633 5410 2795 5463 αὑτοῦ
2820 5410 2993 5478 λέγων
3019 5410 3374 5479 ὄτι,“Ἐτρωσέ
3404 5426 3467 5477 με
3495 5409 3522 5459 ὁ
3549 5408 3761 5477 ἰσχυρὸς
3782 5408 3949 5478 βέλειο
3975 5412 4027 5463 c!

2435 5503 2490 5556 δὲ
2534 5501 2634 5555 οὐκ
2666 5501 2866 5563 ἑδίκως
2899 5500 2991 5553 τον
3027 5501 3246 5570 ἰσχυρὴν
3303 5500 3397 5552 καὶ
3430 5498 3646 5551 αἰώνιον
3693 5497 4028 5569 τιτρώσκειν

2437 5590 2617 5647 εἷπον.
2657 5592 2767 5647 Καὶ
2803 5594 2859 5643 ἐν
2888 5592 3063 5663 ταύτῃ
3103 5595 3167 5661 τῇ
3214 5590 3438 5660 ζητήσει
3487 5590 3725 5657 γίνονται
3775 5590 4025 5659 διάλογοι

2435 5680 2513 5743 ἓξ.
2552 5674 2680 5732 Εἶτα
2716 5679 2877 5732 πάλιν
2900 5679 3237 5747 πρωτολογτῖ
3280 5677 3396 5729 Ἰὼϐ
3428 5678 3562 5746 πρὶς
3595 5678 3812 5741 αὐτοις,
3842 5678 4025 5745 λέγων

2440 5773 2659 5827 ἑκούσια
2724 5773 3146 5845 παραπτώματα
3200 5771 3373 5841 ἐαυτῷ
3408 5771 3481 5840 μὴ
3530 5770 3850 5839 γινίῖ-σκειν·
3885 5774 3932 5825 οἱ
3964 5773 4025 5827 Ξιὲ
