4184 6436
772 398 873 460 159

1986 394 2303 454 GEORGII
2331 393 2662 453 CEDRENI

3870 386 3978 453 Ῑϐυ

763 511 820 564 in
872 517 981 563 to‘a
1013 523 1128 563 mea
1164 508 1325 561 domo
1361 508 1488 561 milii
1523 507 1692 561 fidelis
1726 516 1828 561 est.
1867 508 1999 560 Cum
2039 523 2105 561 eo
2135 508 2323 561 verba-

2427 506 2635 575 Κυρίῳ,
2671 504 2729 556 δν
2753 502 2988 573 ὁράματι
3016 502 3164 573 αὑτῷ
3201 502 3580 572 γνωσθήσομαι
3622 498 3715 555 xal
3744 503 3805 553 ὲν
3825 498 3979 569 om.

763 603 861 655 tim
896 615 959 655 ac
995 600 1197 654 diserte
1217 600 1429 668 loquar,
1480 607 1660 667 aperte
1684 609 1732 652 et
1771 615 1874 651 nou
1908 614 2002 667 per
2040 598 2320 651 involucra

762 690 1064 757 sermonis;
1097 698 1150 744 et
1182 691 1408 759 gloriam
1432 690 1644 742 Domini
1686 690 1838 742 vidit.
1865 690 1974 742 Cur
2002 690 2184 757 itaque
2213 705 2320 742 non

763 780 980 834 reveriti
1008 780 1141 833 estis
1190 779 1392 833 tantulo
1428 794 1548 831 meo
1575 778 1707 833 Mosi
1744 778 1997 846 obloqui?
2045 780 2219 844 Atque
2243 778 2322 830 ira

763 872 855 925 Dei
896 871 1158 926 adversus
1205 873 1351 940 ipsos
1379 870 1691 931 excanduit,
1718 870 1890 936 iisque
1925 868 2197 934 degressis
2219 883 2320 919 nu-

761 962 858 1015 bes
887 978 917 1014 a
947 962 1293 1015 tabernaculo
1340 961 1493 1013 abiit.
1529 960 1701 1027 Atque
1743 974 1868 1012 ecce
1908 958 2127 1011 Mariam
2173 958 2323 1026 lepra

762 1051 837 1103 ita
873 1052 1097 1105 obduxit
1121 1059 1181 1103 ut
1210 1049 1351 1103 nivis
1379 1050 1549 1103 instar
1594 1049 1713 1101 alba
1739 1057 1904 1102 esset.
1935 1050 2106 1114 Quam
2156 1048 2324 1101 intui-

762 1149 851 1195 tus
886 1143 1089 1202 Aaron,
1135 1155 1258 1195 eum
1323 1140 1470 1208 lepra
1524 1139 1780 1192 infectam
1839 1146 2103 1202 cerneret,
2140 1139 2212 1191 ita
2244 1147 2326 1192 est

762 1230 964 1285 Mosem
994 1231 1299 1285 allocutus:
1328 1229 1568 1293 Domine,
1601 1244 1793 1299 precor
1826 1244 1892 1282 ne
1942 1229 2042 1282 hoc
2077 1238 2324 1282 nostrum

759 1331 1041 1389 peccatum
1081 1323 1135 1375 in
1170 1336 1267 1376 nos
1298 1320 1782 1382 animadvertatur,
1822 1319 1963 1388 quod
1993 1336 2086 1387 per
2115 1322 2325 1387 ignora.

763 1413 963 1464 tionem
1000 1410 1402 1475 commisimus,
1427 1427 1493 1463 ne
1529 1410 1598 1463 sit
1630 1408 1795 1461 Maria
1831 1409 2023 1462 similis
2077 1407 2325 1463 cadaveri

760 1509 856 1554 aut
898 1501 1143 1554 abortivo
1178 1504 1384 1569 partui:
1422 1501 1619 1568 quippe
1673 1500 1894 1552 dimidia
1929 1515 2054 1568 pars
2084 1501 2325 1552 carnium

763 1591 882 1658 ejus
932 1592 1219 1658 absumpta
1251 1600 1352 1646 est.
1384 1592 1723 1645 Vocileratns
1778 1607 1909 1658 ergo
1939 1599 2021 1644 est
2055 1588 2233 1644 Moses
2259 1589 2325 1642 ad

759 1681 1071 1744 Dominum,
1103 1680 1469 1748 ﬂagitavitzlue
1503 1683 1577 1733 uti
1611 1696 1728 1732 eam
1784 1680 1923 1732 Deus
1955 1687 2194 1732 sanaret.
2228 1669 2327 1732 Cui

761 1772 1041 1839 respondit
1067 1770 1205 1825 Deus
1232 1788 1245 1822 :
1283 1772 1363 1824 An
1395 1787 1478 1834 ea,
1512 1774 1555 1825 si
1591 1771 1778 1824 faciem
1803 1771 1973 1839 ipsius
1994 1781 2142 1838 pater
2167 1771 2327 1841 128

760 1859 1122 1928 coiispuissct,
1170 1873 1277 1913 non
1327 1860 1533 1928 pudore
1568 1858 1913 1912 afﬁceretur?
1962 1857 2177 1927 Septem
2204 1861 2321 1914 dies

758 1959 910 2003 extra
939 1957 1119 2002 castra
1150 1949 1374 2004 seorsim
1420 1950 1615 2019 degat..
1646 1960 1759 2003 tum
1789 1952 2197 2003 iutromittatur.
2232 1949 2324 2005 Sic

760 2036 929 2091 Maria
967 2054 1062 2107 per
1102 2050 1308 2107 septem
1339 2040 1456 2094 dies
1505 2041 1698 2093 castris
1737 2042 1953 2093 exclusa
1986 2040 2106 2094 fuit.
2141 2038 2325 2109 Neque

759 2127 991 2193 populus
1015 2137 1198 2181 castra
1223 2128 1375 2195 prius
1408 2129 1596 2191 movit,
1626 2144 1787 2197 quam
1833 2129 1995 2183 Maria
2031 2130 2324 2183 mundare-

762 2228 868 2270 tur.
895 2215 967 2269 Ea
1000 2228 1212 2285 recepta
1236 2218 1305 2271 ab
1329 2219 1610 2272 Aserotliis
1640 2229 1942 2278 moverunt.
1968 2227 2020 2272 et
2050 2220 2103 2271 in
2130 2219 2326 2272 solitu-

758 2308 884 2361 dine
910 2308 1157 2360 Pltarana
1188 2317 1368 2361 castra
1423 2308 1687 2362 fecerunt.
1722 2327 1741 2358 ι
1789 2308 1998 2363 Mortua
2027 2316 2113 2363 est
2141 2317 2321 2363 autem

758 2396 950 2463 Maria,
972 2413 1093 2453 cum
1124 2400 1188 2452 ad
1221 2397 1495 2453 Zinaicam
1535 2400 1883 2454 solitudinem
1937 2401 2167 2469 populus
2199 2415 2324 2469 per-

760 2489 1018 2541 venisset.
1063 2486 1255 2541 Statim
1287 2500 1469 2558 postea
1521 2491 1702 2560 populi
1759 2491 2056 2560 indignatio
2105 2503 2324 2561 propter

759 2579 903 2633 sitim
936 2580 1122 2633 oborta
1147 2589 1264 2645 est;
1322 2581 1779 2649 irritaveruntque
1841 2582 2014 2636 Moses
2041 2591 2094 2637 et
2142 2583 2320 2637 Aaron

764 2670 927 2725 Deum
963 2689 1124 2741 super
1154 2687 1292 2740 aqua
1334 2675 1519 2743 jurgii.
1560 2675 1734 2742 Atque
1769 2676 1938 2729 iratus
1976 2674 2115 2728 Deus
2146 2674 2319 2727 dixit:

764 2778 785 2812 ι
826 2762 1053 2827 Quando
1082 2779 1255 2816 meam
1291 2764 1517 2831 gloriam
1538 2780 1721 2817 coram
1755 2767 1951 2833 populo
1981 2767 2162 2819 testati
2215 2780 2321 2818 non

758 2853 913 2916 estis,
953 2868 1049 2905 vos
1075 2853 1334 2920 populum
1389 2854 1442 2905 in
1496 2869 1767 2921 regionem
1831 2858 2151 2922 promissam
2216 2872 2321 2910 non

761 2939 1119 2995 iutroducetis
1145 2942 1210 2994 ³⁷.
1250 2961 1266 2991 ι
1298 2940 1465 2996 Porro
1496 2948 1673 2995 Aaron
1722 2946 1961 2998 ascendit
1988 2946 2040 2998 in
2086 2955 2321 3000 montem

760 3029 855 3091 0r,
875 3029 1318 3099 ibiquemortuus
1337 3039 1422 3084 est
1444 3047 1459 3095 ;
1480 3046 1599 3100 qme
1626 3033 1674 3085 ei
1702 3048 1855 3100 poena
1892 3042 2111 3102 propter
2128 3050 2320 3103 aquam

2420 598 2637 665 λαλήσω
2665 595 2836 663 αὐτῷ.
2873 595 2984 663 Οὐχ
3013 593 3185 655 οὕτως
3217 594 3291 656 ὡς
3330 593 3581 664 θεράπων
3615 608 3717 661 μου
3738 590 3980 659 Maritum");

2421 690 2478 739 ὲν
2507 688 2611 756 ὅλῳ
2640 685 2717 755 τῷ
2743 687 2876 755 οῖκῳ
2912 702 3012 754 μου
3042 686 3228 747 πιστός
3264 686 3400 737 tati.
3428 683 3607 752 Στόμα
3638 682 3771 753 πρὸς
3801 680 3982 747 στόμα

2420 776 2640 845 λαλήσω
2677 774 2842 844 αὐτῷ,
2887 776 2944 827 ἐν
2989 774 3116 827 εἴδει
3150 776 3245 827 καὶ
3277 775 3338 827 οὐ
3379 774 3446 827 δι’
3479 773 3838 841 αἰνιγμάτων,
3882 771 3983 823 καὶ

2427 864 2526 931 τὴν
2558 863 2718 926 δόξαν
2747 863 2955 931 Κυρίου
2982 860 3107 916 εἶδε.
3139 861 3225 933 [Ρ.
3257 863 3347 930 72]
3396 862 3509 915 Kal
3548 861 3689 914 διατί
3719 860 3820 913 οὐκ
3847 862 3981 928 εφο-

2423 953 2625 1024 ϐήθητε
2694 953 3065 1023 καταλαλῆσαι
3123 954 3263 1008 κατὰ
3318 952 3412 1006 τοῦ
3474 953 3803 1021 θεράποντάς
3874 968 3983 1020 μου

2422 1047 2654 1112 Μωῦσῆ;
2687 1045 2780 1098 καὶ
2825 1044 2962 1115 ὀργὴ
3004 1044 3173 1113 θυμοῦ
3235 1045 3438 1113 Κυρίου
3491 1046 3578 1096 ἐπ’
3606 1043 3824 1101 αὐτούς.
3868 1043 3981 1096 Kal

2423 1135 2684 1203 ἀπῆλθον,
2715 1136 2808 1185 καὶ
2837 1134 2869 1203 ή
2897 1132 3090 1202 νεφέλη
3124 1133 3332 1202 ἀπέστη
3359 1132 3464 1185 άπὸ
3500 1133 3596 1200 τῆς
3632 1132 3854 1201 σκηνῆς,
3886 1132 3987 1184 καὶ

2426 1224 2534 1276 ἰδοὺ
2591 1224 2778 1292 Μαρία
2831 1222 3091 1291 λεπρῶσα
3143 1222 3277 1275 ὡσεὶ
3336 1223 3485 1291 χιών.
3525 1223 3636 1276 Kal
3685 1221 3988 1290 ἐπέϐλεψεν

2423 1313 2636 1382 Ἀαρὼν
2667 1313 2801 1381 πρὸς
2833 1315 3090 1383 Μαριὰμ,
3121 1314 3214 1365 καὶ
3248 1314 3357 1367 ἰδοὺ
3388 1314 3661 1383 λεπρῶσα.
3690 1312 3799 1365 Kal
3827 1309 3988 1364 εἶπεν

2424 1403 2636 1475 Ἀαρὼν
2670 1406 2804 1474 πρὸς
2851 1406 3088 1473 Μωῦσῆν
3112 1420 3126 1435 ·
3163 1405 3383 1474 Δέομαι,
3413 1405 3604 1474 Κύριε,
3657 1403 3729 1472 μὴ
3764 1420 3991 1456 συνεπι-

2424 1496 2552 1565 τεθῇ
2576 1497 2704 1564 ἡμῖν
2731 1495 2763 1561 ἡ
2783 1494 3048 1562 ἁμαρτία.
3069 1495 3201 1548 διότι
3227 1496 3573 1564 ἡγνοήσαμεν
3597 1493 3782 1547 καθότι
3806 1492 3992 1562 ἡμάρ-

2428 1603 2614 1654 τομεν.
2648 1586 2737 1655 Μὴ
2768 1586 2990 1654 γένηται
3021 1587 3095 1649 ὠς
3122 1589 3235 1639 ἴσον
3279 1588 3531 1650 θανάτου,
3565 1586 3695 1638 ὡσεὶ
3727 1586 3992 1654 εκτρωμα

2429 1678 2857 1746 ἐκπορευόμενον
2884 1678 2948 1729 ὲκ
2982 1678 3194 1745 μήτρας
3244 1676 3466 1746 μητρὸς,
3509 1678 3602 1728 καὶ
3634 1676 3889 1745 κατεσθίη
3925 1676 3994 1728 τὸ

2428 1768 2597 1836 ἣμισυ
2636 1769 2747 1820 τῶν
2790 1768 3008 1837 σαρκῶν
3053 1769 3240 1833 αὐτῆς.
3294 1787 3311 1820 ι
3350 1768 3457 1821 Kal
3499 1768 3690 1835 ἐϐόησε
3746 1768 3991 1833 Μωῡσῆς

2427 1861 2560 1929 πρὸς
2618 1860 2841 1927 Κύριον,
2890 1860 3093 1925 λέγων’
3144 1862 3204 1911 ’0
3243 1860 3392 1923 Θεὶς,
3426 1859 3614 1927 δέομαί
3672 1875 3785 1920 σου,
3834 1861 3988 1910 ἴασαι

2422 1951 2610 2019 αὐτήν.
2668 1951 2776 2003 Kal
2804 1948 2923 2002 εἷπε
2954 1953 3154 2021 Κύριος
3182 1951 3316 2021 πρὸς
3361 1953 3599 2021 Μωῦσῆν
3622 1967 3635 1981 ⁸
3671 1969 3689 2001 ι
3725 1952 3784 2003 El.
3817 1954 3841 2001 ὁ
3873 1968 3987 2003 πα-

2422 2044 2529 2110 τὴρ
2554 2042 2721 2110 αὐτῆς
2751 2042 2935 2095 πτύων
2963 2043 3252 2095 ἐνέπτυσεν
3283 2044 3362 2105 είς
3387 2041 3445 2096 τὸ
3475 2043 3763 2112 πρόσωπον
3792 2044 3985 2109 αὐτῆς,

2423 2133 2521 2184 οὐκ
2551 2133 2951 2203 ὲντραπήσεται
2976 2151 2990 2200 ;
3043 2133 3215 2186 Ἑπτὰ
3244 2134 3455 2203 ἡμέρας
3498 2133 3846 2202 ἁφορισθήτω
3873 2136 3984 2199 ἔξω

2421 2223 2520 2290 τῆς
2593 2223 2977 2293 παρεμϐολῆς,
3034 2225 3129 2276 καὶ
3177 2224 3316 2294 μετὰ
3363 2223 3535 2276 ταῦτα
3586 2224 3978 2277 εἰσελεύσεται.

2424 2312 2531 2362 Kal
2571 2311 2856 2380 ἀφωρίσθη
2903 2311 3136 2383 Μαριὰμ
3168 2312 3273 2378 ἔξω
3309 2313 3407 2382 τῆς
3456 2314 3803 2383 παρεμϐολῆς
3844 2316 3986 2368 ἑπτὰ

2423 2399 2658 2469 ἡμέρας,
2687 2401 2780 2452 καὶ
2810 2402 2837 2452 ὁ
2863 2401 2987 2463 λαὸς
3020 2402 3119 2454 οὐκ
3148 2401 3341 2471 ἐξῆρεν
3366 2401 3471 2465 ἕως
3506 2401 3833 2471 ἐκαθαρίσθη
3863 2405 3990 2456 Μα-

2428 2493 2581 2559 ριάμ.
2612 2492 2719 2544 Kal
2752 2492 2891 2561 μετὰ
2918 2492 3086 2546 ταῦτα
3119 2492 3310 2562 ἐξῆρεν
3337 2493 3498 2555 ὀλαὺς
3517 2494 3576 2558 ἐξ
3605 2493 3856 2563 Ἀσιρὼθ,
3889 2496 3989 2546 καὶ

2429 2582 2791 2649 παρενέϐαλεν
2825 2585 2883 2635 ὲν
2921 2586 2985 2653 τῇ
3017 2583 3207 2652 ἐρήμῳ
3251 2585 3452 2653 Φαράν.
3502 2585 3692 2638 Ἦνίκα
3728 2586 3783 2638 δὲ
3822 2581 3990 2654 ἦλθεν

2421 2674 2450 2723 ὁ
2478 2672 2603 2736 λαὸς
2643 2677 2722 2736 είς
2764 2674 2823 2726 τὸ
2852 2676 2982 2727 Σινᾶ
3038 2675 3148 2745 (67)
3189 2675 3345 2744 ὅρος,
3398 2676 3620 2746 τελευτᾷ
3672 2678 3900 2745 Μαριὰμ
3949 2680 3984 2745 ἡ

2424 2764 2624 2830 ἀδελφὴ
2655 2764 2988 2824 Iuturnam.)
3021 2761 3149 2816 Εἶτα
3178 2766 3417 2835 παρευθῦ
3450 2766 3653 2831 γίνεται
3676 2767 3989 2834 γογγυσμὸς

2423 2852 2515 2905 τοῦ
2546 2853 2674 2906 λάοῦ
2711 2852 2797 2907 διὰ
2821 2854 2889 2911 ,τὸ
2923 2854 3090 2922 δίψος,
3140 2855 3232 2907 καὶ
3278 2855 3559 2925 παρώξυνε
3611 2858 3847 2926 Mariis-7";
3887 2860 3989 2909 καὶ

2438 2941 2644 3009 ’Λαρὼν
2673 2942 2760 2993 τὸν
2792 2943 2923 2995 θεὸν
2952 2941 3045 2996 ἐπὶ
3067 2942 3157 2996 τοῦ
3186 2943 3374 3006 ὓδατος
3404 2944 3503 3013 τῆς
3526 2945 3848 3011 ἀντιλογίας.
3875 2945 3991 2997 Kal

2425 3032 2698 3100 ὀργισθεὶς
2715 3034 2918 3102 Κύριος
2946 3029 3117 3087 εἶπεν·
3153 3052 3170 3085 ι
3205 3034 3348 3087 ‘Avli‘
3374 3029 3447 3092 ὧν
3475 3036 3574 3087 οὐκ
3604 3035 3887 3099 asceam-.5
3917 3053 3990 3104 με

759 3121 922 3191 iurgii
965 3134 1048 3176 est
1099 3123 1355 3190 irrogata.
1420 3123 1726 3177 Secundum
1785 3126 1895 3177 ltmc
1938 3126 1991 3177 in
2037 3125 2321 3178 ldumaeam

2427 3122 2655 3173 ἐνώπιον
2703 3123 2938 3193 Ἰσραὴλ,
2981 3125 3080 3177 οὐκ
3115 3124 3358 3189 εἰσάξετε
3400 3124 3489 3177 τὸν
3533 3124 3657 3177 λαὸν
3712 3123 3870 3192 ὑμεῖς
3907 3127 3994 3188 είς

762 3214 992 3281 populus
1026 3213 1286 3280 pervenit.
1315 3214 1557 3282 Cumque
1601 3228 1789 3266 rursus
1832 3212 1936 3266 Deo
1980 3223 2030 3267 et
2058 3212 2188 3267 Mosi
2221 3213 2320 3267 ob-

765 3315 1147 3370 murmuraret,
1190 3308 1415 3359 immisit
1472 3308 1607 3360 Deus
1658 3322 1860 3374 angues
1910 3308 2002 3373 qui
2064 3307 2319 3374 populum

763 3407 1043 3451 necarent.
1073 3396 1227 3451 Tunc
1251 3398 1407 3465 jussu
1441 3396 1531 3451 Dei
1587 3413 1810 3465 serpens
1846 3397 1932 3451 ille
1953 3412 2135 3452 aeneus
2190 3411 2322 3450 con-

767 3486 964 3542 ﬁcitur.

2424 3212 2521 3277 τὴν
2550 3213 2649 3279 γῆν
2682 3215 2779 3280 τῆς
2810 3212 3160 3279 ἐπαγγελίας.
3192 3232 3209 3264 ι
3245 3213 3482 3284 Τελευτᾷ
3502 3214 3557 3266 δὲ
3586 3213 3797 3283 Ἀαρὼν
3828 3214 3993 3267 άνελ-

2428 3302 2534 3354 θὼν
2561 3305 2638 3366 είς
2668 3302 2728 3354 τὸ
2755 3305 2878 3371 ὅρος
2914 3305 3034 3374 Ὣρ,
3089 3304 3369 3371 ἐπιτιμίαν
3413 3306 3641 3358 θανάτου
3698 3306 3996 3375 δεξάμενος

2426 3392 2514 3445 διὰ
2546 3394 2603 3444 τὸ
2628 3392 2771 3462 ὕδωρ
2816 3396 2914 3461 τῆς
2968 3394 3295 3461 ἀντιλογίας.
3351 3396 3502 3448 Μετὰ
3540 3396 3596 3448 δὲ
3625 3397 3684 3447 τὸ
3716 3395 3861 3465 ὓδωρ
3891 3399 3997 3465 τῆς

2432 3483 2737 3551 ἀντιλογίας
2776 3484 3099 3554 κατέρχεται
3126 3486 3153 3538 ὁ
3175 3486 3299 3548 λαὸς
3340 3488 3419 3549 εἰς
3447 3484 3645 3555 Ἐδὼμ,
3676 3488 3769 3537 καὶ
3815 3503 3990 3540 κατα-

765 3576 1020 3644 γογγύξει
1084 3576 1219 3629 Θεοῦ
1268 3579 1361 3631 καὶ
1419 3578 1713 3639 Μωῦσέως.
1773 3577 1883 3629 Kal
1941 3575 2254 3629 ἀπέστειλεν
2291 3577 2319 3627 ὁ
2355 3573 2486 3635 Θεὸς
2524 3574 2648 3636 τοὺς
2680 3573 2849 3641 ὄφεις,
2883 3575 2977 3628 καὶ
3014 3574 3305 3629 ὲθανάτουν
3340 3576 3430 3629 τὸν
3460 3576 3606 3631 λαόν.
3678 3577 3787 3630 Kal
3863 3577 3982 3629 λοι-

770 3669 871 3721 πὸν
914 3668 1123 3736 γίνεται
1161 3667 1222 3721 τὸ
1244 3669 1638 3739 χαλκούργημα
1683 3668 1775 3719 τοῦ
1816 3668 1989 3735 ὄφεως
2034 3663 2325 3736 προστάξει
2362 3663 2519 3718 Θεοῦ.

836 3800 890 3853 lu
914 3803 1151 3855 secunda
1199 3803 1381 3870 populi
1416 3803 1753 3861 recensione,
1786 3816 1909 3854 cum
1957 3799 2130 3855 Moses
2161 3810 2322 3869 atque

767 3888 1055 3943 Eleazarus
1106 3889 1358 3956 pepulum
1402 3899 1769 3952 numerarent,
1804 3903 1960 3942 neruo
1989 3890 2321 3944 omninon-

768 3994 885 4031 rum
939 3979 1207 4047 superfuit
1252 3994 1391 4047 quos
1427 3980 1481 4033 in
1549 3979 1719 4048 prima
1774 3979 2090 4033 recensione
2146 3978 2321 4034 Moses

768 4078 820 4123 et
845 4070 1022 4123 Aaron
1058 4071 1393 4133 invenerant,
1430 4085 1552 4123 cum
1586 4085 1614 4121 a
1649 4070 1837 4137 viginti
1896 4084 2064 4123 annos
2101 4077 2229 4124 nato
2268 4078 2321 4124 et

769 4162 997 4230 amplius
1041 4177 1232 4215 omnes
1271 4173 1671 4219 numerassent.
1706 4161 1957 4217 Edixerat
1989 4163 2131 4215 enim
2177 4161 2321 4218 Deus

770 4252 964 4319 populo
995 4252 1109 4305 fore
1138 4262 1194 4305 ut
1224 4263 1440 4320 propter
1472 4268 1622 4306 suam
1684 4254 2134 4307 obtrectationem
2187 4252 2332 4320 peri-

767 4352 868 4395 ret.
893 4344 965 4395 Ac
997 4342 1168 4397 Moses
1196 4342 1409 4409 quidem
1445 4352 1498 4396 et
1530 4343 1837 4407 Eleazarus,
1867 4344 2065 4412 quippe
2112 4342 2331 4410 Levitze,

766 4446 833 4485 ne
858 4441 982 4485 ante
1011 4432 1223 4498 quidem
1266 4432 1405 4485 inter
1430 4432 1668 4500 reliquas
1694 4433 1868 4486 tribus
1888 4434 2328 4487 recensebantur-

764 4518 925 4574 Josua
964 4520 1362 4588 Beojaminicus
1409 4524 1551 4577 tribu
1588 4523 1748 4591 129
1776 4522 1893 4584 fuit,
1924 4522 2193 4578 Chalebus
2241 4523 2334 4577 lu.

2501 3798 2623 3850 Ὀτι
2670 3799 2730 3849 ἐν
2767 3798 2831 3866 τῇ
2869 3797 3101 3869 δευτέρᾳ
3129 3798 3502 3871 ἑξαριθμήσει,
3551 3801 3711 3868 ἡνίκα
3748 3801 3999 3871 Mariis-ﬁ;

2426 3890 2520 3942 καὶ
2540 3888 2804 3959 Ἐλεάζαρ
2830 3889 3141 3960 ἠρίθμησαν
3160 3891 3250 3943 τὸν
3269 3891 3413 3956 λαὸν,
3439 3894 3534 3959 οὐχ
3555 3892 3748 3961 εὑρέθη
3780 3893 3965 3962 ἂνθρω

2427 3997 2525 4040 στος
2559 3980 2620 4031 ὲκ
2653 3982 2749 4048 τῆς
2781 3981 2997 4049 πρώτης
3031 3981 3400 4051 ἀριθμήσεως,
3433 3983 3595 4050 ἡνίκα
3624 3983 3860 4050 Moab-17;;
3888 3989 3993 4037 καὶ

2427 4068 2639 4139 Ἀαρὼν
2669 4070 2979 4139 ἠρίθμησαν
3021 4072 3145 4133 τοὺς
3177 4072 3284 4124 ἀπὸ
3322 4073 3524 4124 εἴκοσιν
3561 4071 3698 4123 ἐτῶν
3741 4073 3831 4122 καὶ
3860 4073 3997 4124 ὲττέο

2427 4178 2600 4224 κεινα,
2633 4159 2713 4211 ὅτι
2746 4155 2866 4211 εἶπε
2892 4159 3094 4229 Κύριος
3111 4161 3313 4223 αὐτοῖς·
3346 4179 3363 4211 ‹
3386 4161 3611 4229 Θανάτῳ
3628 4160 3996 4214 ἀποθανεῖσθε

2426 4250 2515 4303 διὰ
2550 4250 2674 4310 τοὺς
2712 4251 3057 4319 γογγυσμοὺς
3088 4250 3262 4319 ὑμῶν.
3296 4268 3314 4301 ι
3344 4252 3404 4303 Ol
3427 4251 3534 4320 γὰρ
3562 4249 3686 4321 περ)⁸
3710 4251 3797 4302 τὸν
3823 4251 3999 4304 Mor?)-

2430 4344 2526 4396 σέα
2559 4344 2654 4396 καὶ
2682 4343 2965 4413 Ἐλεάζαρ,
2994 4344 3066 4406 ὡς
3090 4342 3328 4410 Λευῖται,
3360 4345 3477 4399 οὐδὲ
3506 4346 3564 4399 τὸ
3602 4346 3826 4400 παλαιὸν
3860 4363 4001 4399 συν-

2428 4436 2809 4506 ηριθμήθησαν
2832 4440 2952 4498 ταῖς
2970 4438 3181 4500 λοιπαῖς
3209 4438 3421 4504 φυλαῖς,
3446 4441 3473 4492 ὁ
3488 4440 3544 4492 δὲ
3574 4441 3776 4510 Ἰησοῦς
3798 4443 4001 4496 Βενια-

2433 4528 2594 4596 μίτης
2622 4524 2707 4597 ἦν,
2742 4529 2771 4579 ὁ
2797 4528 2853 4581 δὲ
2881 4528 3063 4581 Χάλεΰ
3094 4531 3157 4581 ὲκ
3184 4529 3280 4597 τῆς
3310 4529 3404 4582 τοῦ
3442 4531 3629 4585 Ἰούδα.
3677 4532 3999 4601 Σημείωσαι

764 4610 931 4663 (lacus.
968 4609 1202 4663 Observa
1248 4620 1447 4677 autem,
1480 4628 1574 4666 eos
1624 4616 1715 4680 qui
1758 4613 1827 4665 20
1877 4615 2034 4667 annis
2088 4614 2324 4670 minores

2427 4618 2484 4669 δὲ
2509 4619 2590 4671 ὅτι
2619 4619 2713 4671 καὶ
2736 4619 2786 4670 οἱ
2816 4618 2954 4672 κατὰ
2980 4618 3168 4686 ὕφεσιν
3191 4619 3299 4673 τῶν
3322 4620 3524 4673 εἴκοσιν
3554 4621 3686 4674 ἑτῶν
3718 4624 3815 4676 οὐκ
3837 4625 4004 4677 ἐστε-

764 4708 938 4762 eraut,
963 4707 1014 4753 et
1066 4698 1279 4755 Levitas
1313 4704 1401 4769 qui
1433 4704 1595 4755 vitam
1641 4704 2010 4770 produxerunt
2038 4720 2103 4759 eo
2132 4719 2323 4773 usque,

766 4801 870 4838 non
902 4787 1069 4838 fuisse
1087 4802 1347 4853 promissa
1374 4798 1512 4841 terra
1536 4793 1789 4858 privatos.
1820 4793 1892 4847 Ibi
1915 4793 2087 4848 Muses
2106 4795 2328 4860 iubetur

2431 4708 2673 4775 ρήοησαν
2697 4707 2792 4775 τῆς
2813 4709 2915 4777 γῆς
2947 4708 3045 4777 τῆς
3072 4709 3424 4776 ἐπαγγελίας,
3462 4710 3583 4764 οὐδὲ
3615 4713 3661 4763 οί
3688 4713 4001 4779 ’φθάσαντες

2424 4795 2524 4865 ζῇν
2556 4797 2662 4850 τῶν
2702 4798 2962 4849 Δευῖτῶν.
3026 4799 3288 4852 Ἐνταῦθα
3328 4800 3385 4852 δὲ
3430 4801 3705 4855 κελεύεται
3749 4805 4002 4873 Μωῦσῆς

766 4882 996 4927 montem
1018 4873 1291 4928 Nabanum
1316 4878 1695 4942 conscendere,
1714 4880 2154 4950 obiurgaturque,
2183 4884 2323 4936 sicut

2426 4887 2662 4940 ἀνελθεῖν
2692 4890 2769 4950 είς
2799 4890 2856 4940 τὸ
2877 4889 3000 4957 ὄρος
3022 4891 3231 4951 Ναϐὰν.
3264 4891 3358 4945 καὶ
3381 4892 3654 4961 ἐλέγχεται
3687 4896 3778 4946 καὶ
3800 4896 3997 4961 αὐτὸς,

765 4972 887 5017 ante
912 4962 1076 5017 frater
1104 4965 1293 5033 ipsius,
1329 4975 1546 5035 propter
1570 4972 1976 5039 aquamjurgii;
2011 4980 2171 5041 atque
2201 4973 2322 5028 ideo

2426 4978 2495 5039 ὼς
2528 4979 2752 5047 ἁδελφὸς
2795 4979 2979 5044 αὑτοῦ,
3022 4981 3110 5033 διὰ
3134 4982 3194 5034 τδ
3224 4982 3365 5051 ὕδωρ
3392 4984 3489 5051 τῆς
3526 4984 3851 5051 ἀντιλογίας.
3896 4989 4002 5040 Διὸ

764 5055 923 5107 etiam
948 5063 1091 5109 terra
1132 5057 1395 5123 promissa
1436 5060 1678 5128 privatus
1732 5061 1805 5114 ibi
1831 5076 1861 5116 e
1890 5062 2028 5117 vivis
2084 5064 2320 5131 escedit,

765 5158 932 5197 annos
968 5156 1125 5199 natus
1161 5147 1280 5201 120.

828 5250 1022 5309 Jussus
1044 5267 1219 5311 autem
1257 5258 1430 5314 Moses
1477 5272 1708 5315 montem
1740 5267 2108 5321 conscendere
2163 5280 2326 5337 atque

765 5338 830 5391 .ὺί
867 5342 1023 5395 vitam
1058 5344 1228 5405 linire.
1260 5346 1449 5403 Scouis
1477 5350 1869 5405 Amor-raeorum
1898 5364 1949 5407 et
1984 5355 2077 5424 Ogi
2103 5356 2329 5413 Basanis

765 5445 947 5495 rogum
995 5433 1153 5488 urbes
1189 5451 1512 5507 omnemque
1565 5441 1819 5496 ditionem
1874 5443 2104 5498 duorum
2144 5462 2331 5516 regum

837 5547 877 5580 ³⁷
914 5546 1075 5600 Nutu.
1108 5558 1212 5611 ειν,
1246 5552 1332 5605 22.

2421 5068 2636 5139 καὶτῆς
2666 5071 2769 5137 γῆς
2795 5072 2893 5139 τῆς
2926 5072 3256 5138 ἐπαγγελίας
3290 5073 3604 5144 ἐστέρηται,
3633 5076 3730 5128 καὶ
3758 5076 4001 5149 τελευτᾷ

2426 5158 2543 5212 ἐκεῖ
2567 5160 2701 5213 ὲτῶν
2725 5162 2919 5214 ἑκατὸν
2953 5162 3175 5216 εἴκοσιν.

2496 5272 2617 5325 Ὀτι
2644 5274 2737 5326 τοῦ
2770 5275 2923 5339 Σηὼν
2955 5275 3215 5344 βασιλέως
3239 5276 3345 5327 τῶν
3386 5276 3724 5348 Ἀμορραίων
3753 5281 3848 5332 καὶ
3883 5282 3989 5333 τοῦ

2431 5363 2530 5430 Ὦγ
2561 5363 2821 5431 βασιλέως
2856 5364 2938 5437 [Ρ.
2958 5365 3046 5437 73]
3098 5366 3196 5433 τῆς
3222 5365 3397 5419 Βασὰν
3425 5368 3522 5431 τὰς
3546 5369 3727 5432 πόλεις
3745 5372 3838 5423 καὶ
3878 5373 3999 5422 7:5.-

2426 5468 2525 5504 σαν
2560 5453 2658 5521 τὴν
2682 5453 2866 5523 χώραν
2896 5454 3003 5509 τῶν
3031 5454 3124 5508 δύο
3150 5455 3414 5510 ϐασιλέων
3439 5456 3606 5526 πέραν
3640 5457 3734 5511 τοῦ
3779 5458 3998 5527 ἰσρόάο

1843 5649 2186 5707 XYLANDRI
2259 5652 2347 5707 ET
2397 5653 2605 5710 GOAHI
2671 5655 2897 5710 NUTJZ.

840 5745 949 5814 (οῖ)
978 5750 1168 5807 lerore
1201 5756 1504 5826 perspicuo.
1551 5757 1684 5813 ΧΠ..
