4184 6436
173 385 242 453 Ῑῦι
1199 377 1746 444 HISTORIARUM
1784 375 2316 436 COMPENDIUM.

3273 369 3378 435 162

173 526 230 560 μου
247 503 409 558 δέδωκε
441 499 683 570 Μωῦσῆς
709 499 788 562 είς
819 498 1148 569 κατάσχεσιν
1174 497 1252 567 τῷ
1296 494 1554 562 Ῥου6ε“ιμ
1586 493 1679 545 καὶ
1707 493 1761 553 Α
1784 493 1825 546 ci

1730 493 1761 552 ι
1784 493 1865 546 cis
1894 491 2187 545 Jordanem
2245 488 2497 555 Rubeno,
2531 488 2660 542 Dani
2699 501 2762 542 ac
2798 485 3037 542 dimidiae
3087 483 3382 537 Manassen:

169 600 241 651 A‘zv
263 593 439 663 καὶτῷ
473 593 662 663 ἡμίσει
703 590 873 660 φυλῆς
902 589 1195 658 Μανασσῆ,
1238 586 1376 656 μετὰ.
1408 585 1467 637 τὸ
1498 584 1688 636 λαϐεῖν

169 691 284 741 αὐτὸν
315 688 584 753 ἀπόφασιν
622 681 868 735 ἀνελθεῖν
892 683 950 734 ὲν
976 680 1052 750 τῷ
1070 681 1185 749 ὖρει
1215 680 1309 732 καὶ
1338 677 1688 745 τελευτῆσαι.

218 782 310 832 Ὅτι
337 775 732 847 παρερχόμενοι
759 775 806 826 οἱ
847 773 954 826 υἱοὶ
1005 771 1220 842 Ἰσραὴλ
1271 769 1362 823 διὰ
1393 769 1486 822 τοῦ
1534 770 1689 838 ὅρους

171 872 266 942 Σιὴρ
292 870 707 939 προστάσσονται
732 866 838 919 ὑπὸ
875 865 971 918 τοῦ
1011 864 1146 917 Θεοῦ
1177 864 1341 932 ἄρτον
1398 863 1494 914 καὶ
1535 861 1682 929 ὓδωρ

173 965 371 1034 πρίασθαι
425 961 579 1030 παρὰ
633 961 742 1011 τῶν
808 956 1125 1024 Ἰδουμαίων
1153 956 1262 1007 τῶν
1295 954 1426 1006 υἱῶν
1496 951 1691 1016 Ἡσαῦ,

168 1057 264 1109 διότι
305 1052 443 1108 εἶπεν
489 1053 672 1116 αὐτοῖς
708 1050 913 1112 ὁΘεόςο
959 1067 977 1100 ι
1008 1049 1081 1101 Οὐ
1134 1047 1576 1116 κληρονομήσετε
1631 1047 1695 1096 ἐκ

168 1151 240 1216 τῆς
261 1149 348 1216 γῆς
378 1147 483 1198 τῶν
519 1143 691 1198 Ἡσαῦ
727 1143 848 1194 οὐδὲ
892 1141 1040 1211 βῆμα
1088 1139 1270 1204 ποδὸς,
1331 1141 1414 1191 ὅτι
1465 1136 1687 1204 ἀδελφοὶ

169 1244 285 1310 ὑμῶν
324 1242 472 1293 εἰσιν.
503 1257 522 1289 ι
573 1235 1005 1305 Ἀποτρέπονται
1057 1231 1114 1283 δὲ
1165 1230 1271 1283 ὑπὸ
1303 1229 1440 1281 Θεοῦ
1494 1230 1556 1280 ὲκ
1599 1228 1696 1296 τῆς

171 1335 243 1401 γῆς
266 1335 357 1384 τῶν
383 1329 688 1385 Σοίωαὸιτῶν
718 1325 946 1380 καὶτῶν
997 1324 1202 1376 πόλεων
1247 1320 1427 1374 αὐτῶν
1459 1319 1547 1372 διὰ
1575 1316 1698 1372 Λὼτ

172 1425 236 1473 τὸν
257 1420 560 1490 προπάτορα
593 1417 795 1470 αὐτῶν.

222 1515 320 1565 ὀτι
351 1516 400 1564 ἐν
428 1515 493 1582 τῇ
529 1511 760 1581 δευτέρα
790 1507 1085 1579 νομοθεσίᾳ
1112 1505 1262 1572 λέγει
1292 1503 1554 1574 Μωῦσῆς·
1589 1502 1699 1554 «Τά

173 1607 270 1674 ἅγια
285 1607 404 1658 δέκα
423 1607 644 1674 ῥήματα
671 1602 842 1654 ταῦτα
866 1602 1022 1670 ὑμεῖς
1042 1597 1314 1669 ἠκούσατε
1333 1599 1396 1648 ἐκ
1422 1597 1587 1664 μέσου
1605 1593 1698 1646 τοῦ

175 1696 321 1763 πυρὸς,
347 1713 362 1745 ι
394 1697 531 1746 ὥστε
557 1693 654 1746 καὶ
681 1695 788 1763 πρὸ
814 1690 910 1743 τοῦ
943 1690 1224 1760 γραφῆναι
1255 1685 1396 1740 αὐτὰ
1420 1689 1475 1738 ἐν
1506 1684 1697 1749 πλαξὶν

172 1789 436 1857 ἐξεδόθησαν
467 1787 570 1840 ὑπὸ
591 1788 688 1856 τῆς
708 1785 856 1847 θείας
877 1783 1078 1852 φωνῆς.
1110 1782 1185 1834 Ού
1210 1783 1320 1851 γὰρ
1356 1781 1540 1849 φωνὴν
1563 1779 1701 1848 ἄση-

172 1898 263 1951 μον,
294 1881 396 1934 ἀλλ’
429 1880 691 1950 ἔναρθρον
722 1879 954 1949 ἤκουσεν
983 1877 1011 1928 ὁ
1042 1874 1170 1937 λαὸς
1197 1877 1260 1928 ὲκ
1290 1873 1454 1943 μέσου
1483 1870 1578 1924 τοῦ
1603 1887 1703 1921 πυ-

173 1973 296 2040 ρ⁵ιςὲν
316 1973 458 2042 me,
486 1970 670 2032 καθὼς
691 1972 1023 2038 γέγραπται·
1039 1965 1182 2019 (Καὶ
1205 1965 1274 2017 τὰ
1296 1966 1515 2034 ῥήματα
1537 1959 1702 2014 αὐτοῦ

170 2066 354 2132 ἥκουσεν
375 2066 437 2116 ἐκ
465 2064 634 2134 μέσου
658 2063 752 2114 τοῦ
781 2062 969 2132 πυρός.
1003 2079 1021 2111 ι
1053 2058 1241 2111 Ταῦτα
1271 2057 1328 2109 δέ
1356 2057 1463 2109 είσι
1487 2057 1552 2107 τά
1571 2054 1704 2122 ἅγια

174 2157 350 2224 ῥήματα
379 2155 472 2208 τοῦ
508 2155 698 2224 νόμου,
743 2153 778 2208 ά
814 2153 1041 2223 ὓστερον
1096 2147 1424 2220 ἐνεχάραξεν
1458 2148 1516 2200 ἐν
1562 2146 1702 2198 πλα-

171 2264 250 2307 ςιν.

220 2337 322 2390 Ὀτι
347 2337 584 2404 Μωῦσῆς
623 2343 676 2389 π’
708 2337 843 2390 ἐτῶν
861 2335 937 2389 ὢν
958 2337 1175 2408 ἡγεῖται
1207 2334 1306 2404 τῆς
1337 2331 1398 2396 ἐξ
1427 2331 1705 2400 Αἰγύπτου

170 2431 350 2497 πορείας
373 2431 464 2482 τοῦ
507 2429 784 2500 Ἐϐραίων
826 2430 1034 2493 ἔθνους,
1074 2429 1240 2499 συνῆν
1290 2444 1348 2479 τε
1378 2426 1562 2487 αὐτοῖς
1621 2441 1706 2477 νο-

171 2520 368 2587 μοθετῶν
393 2523 485 2573 ἐπὶ
513 2521 616 2589 τῆς
646 2522 856 2591 ἐρήμου
893 2522 990 2592 ἔτη
1023 2519 1095 2590 μ’.

228 2614 337 2665 Ἀπὸ
359 2613 399 2682 β’
437 2614 650 2683 βιελέου
681 2614 943 2685 Ἰωσήπου
979 2614 1078 2682 τῆς
1117 2611 1580 2681 Ἀρχαιολογίας,
1627 2607 1708 2660 ὅτι

168 2705 330 2771 Φαραὼ
353 2705 455 2758 ὑπὸ
484 2706 590 2775 τὴν
621 2706 794 2774 αὐτὴν
835 2705 983 2775 ὥραν
1016 2704 1279 2758 ἐθεάσατο
1307 2703 1402 2754 καὶ
1457 2701 1554 2762 τὰς
1596 2700 1705 2752 τῶν

169 2797 391 2849 ἐνυπνίων
421 2797 578 2867 ὄψεις
603 2803 696 2851 καὶ
725 2797 826 2860 τὰς
855 2798 1142 2867 ἐξηγήσεις
1173 2795 1378 2848 αὐτῶν.
1420 2793 1580 2845 Ἀλλὰ
1603 2791 1710 2843 τῶν

173 2890 451 2959 ἐξηγήσεων
478 2890 875 2960 ἐπιλαθόμενος
927 2890 1018 2940 τὸν
1079 2888 1281 2949 ταύτας
1332 2884 1713 2953 άναμνήσοντα

167 2981 472 3052 έξήτει.’οτι
504 2985 565 3035 ἐν
618 2984 734 3044 τοῖς
789 2979 929 3033 ἑπτὰ
958 2979 1057 3048 τῆς
1102 2976 1358 3047 εὐθηνίας
1418 2974 1594 3026 ἔτεσιν
1648 2974 1707 3024 οὐ

167 3077 461 3146 προῄσθοντο
500 3077 792 3146 Αἰγύπτιοι
814 3075 904 3126 τὸν
929 3074 1169 3142 ἑπταετῆ
1200 3072 1379 3140 λιμόν.
1412 3070 1537 3120 Ὀτι
1596 3067 1707 3120 τῶν

1792 583 1959 638 tribui
1990 583 2255 652 assignat.

1861 753 1997 806 Cum
2032 766 2127 820 per
2162 758 2400 804 montem
2436 749 2649 804 Scirum
2694 750 2794 804 iter
2824 748 3082 803 lsraelitae
3115 749 3383 806 facerent,

1793 845 2110 898 mandatum
2169 843 2250 896 eis
2276 857 2304 895 a
2337 841 2446 896 Deo
2487 851 2570 896 est
2622 850 2682 897 ut
2715 856 2912 912 panem
2981 855 3292 910 aquamque
3317 839 3388 892 ab

1793 931 2046 989 ldumaeis
2103 941 2504 999 mercarentur,
2567 933 2751 988 Esauo
2815 933 3121 1002 pregnatis.
3162 930 3288 986 Ideo
3335 941 3390 986 ct

1795 1027 1932 1082 dixit
1959 1028 2040 1081 eis
2070 1026 2214 1080 Deus
2247 1043 2259 1077 :
2295 1044 2313 1076 ι
2342 1025 2458 1078 Νοη
2493 1025 2847 1093 possidebitis
2889 1025 2956 1079 de
2993 1035 3134 1078 terra
3186 1023 3386 1076 Esaui-

1795 1134 2008 1182 eorum,
2039 1135 2104 1174 ne
2124 1118 2412 1188 vestigium
2446 1118 2662 1185 quidem
2687 1117 2840 1185 pedis
2862 1117 3027 1170 latam
3051 1115 3386 1184 portionem:

1798 1216 1928 1260 sunt
1975 1206 2120 1260 enim
2154 1205 2322 1260 vestri
2363 1203 2584 1258 fratres.
2622 1223 2638 1253 ι
2667 1203 2808 1268 Quin
2855 1209 2910 1255 et
2942 1216 2972 1254 a
3025 1201 3387 1254 Moabitarutn

1799 1311 1942 1364 terra
1985 1308 2150 1366 atque
2181 1295 2408 1351 urbibus
2450 1293 2591 1348 Deus
2621 1293 2882 1348 Hebraeos
2913 1296 3132 1357 avertit,
3177 1291 3319 1359 quod
3353 1291 3389 1342 ii

1798 1389 1936 1444 Loto
1963 1399 2149 1444 essent
2176 1390 2424 1459 prognati
2463 1386 2532 1441 ⁸⁸.

1869 1481 1928 1537 lu
1985 1480 2308 1547 repetitione
2362 1478 2494 1546 legis
2553 1475 2730 1530 Moses
2763 1485 2952 1530 sancta
2988 1476 3176 1530 decem
3227 1475 3389 1528 verba

1800 1576 2073 1636 recitavit,
2111 1573 2316 1626 addens
2351 1571 2604 1640 pupulum
2626 1585 2688 1622 ea
2711 1569 2778 1622 de
2811 1568 2990 1621 medio
3023 1568 3145 1634 igne
3167 1565 3250 1620 edi
3293 1582 3390 1617 au-

1803 1667 2033 1720 divisse.
2090 1664 2276 1734 Itaque
2318 1666 2640 1731 priusquam
2701 1660 3134 1713 inscriberentur
3165 1657 3387 1713 tabulis.

1802 1758 1914 1826 jam
1960 1765 2073 1811 tum
2136 1770 2164 1808 a
2211 1755 2395 1807 divina
2419 1768 2547 1805 voce
2599 1753 2817 1803 fuerunt
2875 1748 3238 1817 promulgata.
3271 1745 3389 1799 Non

1737 1837 1780 1896 Β
1808 1851 1954 1904 enim
2017 1862 2204 1902 vocem
2253 1847 2371 1900 sine
2409 1843 2610 1906 verbis,
2652 1843 2745 1896 sed
2778 1839 3124 1894 articulatam
3184 1835 3392 1890 audivit

1809 1957 1874 1997 ex
1911 1941 2090 1995 medio
2124 1938 2268 2009 ignis
2304 1938 2359 1990 in
2401 1935 2553 1990 Sinai
2603 1934 2859 2003 populus.
2895 1931 3052 2000 130
3086 1927 3190 1982 Sed
3249 1927 3393 1982 scri-

1806 2041 1960 2104 ptum
1990 2042 2107 2087 est:
2140 2029 2348 2085 «Verba
2375 2029 2498 2098 ejus
2527 2027 2735 2080 audivit
2762 2041 2828 2079 ex
2857 2024 3035 2077 medio
3053 2021 3291 2091 igue“.r
3314 2019 3388 2072 Ea

1806 2139 1970 2194 porro
1988 2131 2116 2178 sunt
2145 2131 2334 2176 sancta
2377 2119 2514 2190 legis
2553 2117 2740 2181 verba,
2775 2128 2896 2185 qua:
2943 2112 3138 2168 deinde
3192 2111 3393 2165 tabulis

1807 2217 2118 2272 insculpsit.

1879 2233 1981 2272 scut
2025 2233 2118 2270 su.

1879 2233 2055 2378 Hostes
2080 2335 2252 2375 annos
2288 2325 2449 2372 natus
2483 2316 2552 2371 8t)
2602 2313 2891 2370 Hebraeum
2921 2284 3180 2385 populum
3210 2329 3272 2367 ex
3299 2311 3396 2368 IE-

1810 2425 1970 2486 gypto
1991 2413 2202 2475 eduxit,
2228 2426 2288 2464 ac
2325 2411 2378 2464 in
2423 2407 2721 2463 solitudine
2750 2408 2895 2478 leges
2933 2408 3014 2462 eis
3058 2409 3264 2476 posuit,
3295 2406 3394 2460 ad-

1813 2509 2021 2576 fuitque
2047 2520 2144 2576 per
2177 2517 2353 2557 annos
2390 2499 2482 2555 40.

1881 2616 1960 2669 Ex
1992 2615 2130 2668 libro
2157 2610 2380 2680 Joscplii
2415 2609 2490 2662 De
2532 2608 2852 2677 antiquitate
2889 2607 3150 2660 secundo.
3175 2604 3394 2660 Pharao

1809 2717 1863 2763 et
1895 2706 2164 2761 insomnia
2191 2713 2242 2757 et
2275 2715 2462 2756 eorum
2514 2698 2989 2768 interpretationes
3033 2698 3222 2752 eadem
3259 2699 3396 2751 liora

1813 2796 2039 2866 accepit.
2079 2793 2186 2848 Sed
2209 2791 2722 2861 interpretationum
2755 2789 2978 2855 oblitus,
3006 2789 3257 2858 quaesivit
3292 2789 3388 2857 qui

1812 2904 1906 2943 eas
1937 2888 2038 2956 ipsi
2090 2886 2143 2938 in
2175 2884 2490 2937 memoriam
2527 2891 2829 2936 revocaret.
2867 2879 3080 2950 Septem
3121 2878 3397 2933 fertilibus

1813 2981 1972 3035 annis
1996 2977 2233 3048 Egyptii
2291 2974 2663 3044 septennalem
2700 2972 2894 3027 famem
2952 2988 3058 3026 non
3091 2987 3396 3041 prazsense-

1814 3083 1962 3127 runt.
2009 3071 2238 3137 Quidam
2271 3084 2456 3122 eorum
2481 3067 2573 3136 qui
2617 3081 2805 3120 sacras
2840 3065 3074 3118 Litteras
3135 3071 3394 3121 tractant.

169 3170 626 3242 ἱερογραμματέων
651 3186 737 3232 τις
791 3165 1112 3236 ἀναγγέλλει
1169 3163 1248 3233 τῷ
1280 3162 1488 3234 βασιλεί
1507 3159 1707 3231 Φαραὼ
1737 3182 1779 3238 c
1815 3163 1821 3214 l

1740 3182 1779 3238 ο
1815 3162 2084 3216 Pharaoni
2115 3160 2372 3215 indicavit
2397 3175 2462 3213 eo
2485 3166 2727 3226 tempore
2742 3156 3030 3225 quemdam
3051 3157 3191 3208 inter
3216 3153 3392 3208 Israe-

165 3262 485 3330 τεχθήσεσθαί
505 3278 636 3314 τινα
655 3260 775 3312 κατ’
791 3262 999 3312 ἐκεῖνον
1015 3257 1106 3310 τὸν
1135 3256 1324 3325 καιρὸν
1341 3257 1454 3316 τοῖς
1497 3255 1706 3322 Ἰσραη-

165 3355 321 3420 λίταις.
352 3360 407 3421 ὃς
438 3355 779 3411 ταπεινώσει
816 3355 911 3424 μὲν
929 3353 1026 3425 τὴν
1050 3350 1361 3419 Αἰγυπτίων
1392 3345 1705 3416 ἡγεμονίαν,

165 3449 349 3517 αὐξήσει
381 3451 436 3502 δὲ
472 3452 606 3510 τοὺς
638 3446 982 3517 Ἰσραηλίτας
1004 3442 1251 3513 τραφείς.
1294 3440 1384 3491 Διὸ
1403 3438 1493 3490 καὶ
1517 3436 1712 3507 γνώμῃ

165 3540 292 3594 αὑτοῦ
324 3541 538 3595 κελεύει
571 3541 682 3592 πᾶν
719 3542 779 3590 τὸ
809 3537 1068 3606 γεννηθὲν
1099 3536 1267 3605 ἄρσεν
1294 3533 1322 3584 ύ
1336 3533 1397 3583 πὸ
1447 3530 1554 3581 τῶν
1611 3528 1710 3579 Ἰσ-

168 3634 396 3700 ραηλιτῶν
427 3635 507 3695 είς
536 3633 631 3684 τὸν
669 3629 911 3698 ποταμὸν
945 3627 1254 3698 ῥίπτεσθαι.
1292 3621 1454 3675 Ἀλλὰ
1505 3620 1712 3690 κρατή-

165 3741 248 3777 σειε
268 3726 308 3778 δ’
332 3726 394 3778 ἂν
423 3725 608 3786 οὐδεὶς
637 3725 738 3792 τῆς
769 3740 860 3774 του
893 3720 1028 3773 Θεοῦ
1055 3717 1302 3788 γνώμης,
1326 3714 1435 3768 οὐδ’
1459 3716 1486 3764 ὁ
1512 3713 1712 3782 μυρίας

164 3817 318 3884 τέχνας
337 3817 424 3869 ἐπὶ
448 3818 633 3884 τούτῳ
654 3814 1131 3883 μηχανησάμενος.
1151 3810 1275 3861 Ὅτι
1298 3810 1324 3859 ὀ
1345 3807 1525 3874 πατὴρ
1544 3804 1712 3856 Maii)-

165 3910 273 3969 τέως
303 3909 439 3961 κατὰ
468 3909 604 3969 τοὺς
635 3906 837 3966 ὕπνους
869 3906 1045 3957 πάντα
1076 3901 1143 3954 τὰ
1170 3902 1311 3953 κατὰ
1348 3895 1585 3952 Μωῧσέα
1619 3895 1714 3947 καὶ

173 3998 347 4067 Ἀκρίαν
372 3997 780 4068 συμϐησόμενα
815 3996 879 4047 ὲκ
915 3993 1048 4046 Θεοῦ
1081 3991 1494 4062 προδιδάσκεται
1529 3986 1623 4038 καὶ
1646 3987 1710 4055 τῇ

165 4093 294 4144 αὑτοῦ
326 4092 553 4160 γυναικὶ
614 4087 853 4157 ’ῐοχάὸεδ
886 4086 1130 4154 φανεροῖ.
1170 4084 1292 4134 Ὅτι
1324 4077 1628 4149 Θέρμουθις
1679 4078 1711 4145 ἠ

165 4182 371 4254 θυγάτηρ
403 4181 618 4252 Φαραὼ
650 4178 950 4246 ἀνελομένη
977 4175 1218 4229 Μωῦσέα
1244 4171 1455 4224 κελεύει
1495 4169 1715 4236 γύναιον

162 4274 352 4343 ἀχθῆναι
378 4276 473 4327 καὶ
499 4271 681 4341 θηλὴν
705 4267 784 4337 τῷ
813 4267 1012 4335 παιδίῳ
1038 4283 1110 4316 πα
1121 4265 1342 4334 ραςχείν
1365 4279 1378 4291 ·
1409 4259 1619 4312 πολλῶν
1659 4258 1715 4310 δὲ

163 4364 393 4433 ἀχθεισῶν
468 4363 549 4434 μὴ
638 4359 1003 4430 προσιεμένου
1052 4355 1330 4415 Μωῦσέως
1387 4350 1714 4420 παρεστῶσα

163 4456 357 4527 Μαριὰμ
396 4454 578 4510 εἶπεν·
622 4471 640 4504 ι
671 4454 731 4505 Εἰ
772 4451 879 4504 τῶν
910 4448 1198 4519 ὁμοφύλων
1248 4445 1396 4513 αὑτῴ
1428 4442 1705 4510 γυναικῶν

1814 3254 1949 3306 Iicos
1981 3251 2344 3309 nasciturum,
2370 3247 2461 3317 qui
2497 3246 2713 3299 adultus
2755 3243 3136 3314 Egyptiorum
3168 3255 3398 3310 regnum

1810 3345 2173 3413 depressurus
2235 3355 2504 3407 suumque
2567 3337 2820 3406 pupulum
2875 3345 3166 3390 evecturus
3233 3334 3398 3386 foret.

1813 3435 1999 3503 Itaque
2024 3448 2116 3486 rex
2147 3433 2311 3500 hujus
2331 3429 2562 3486 consilio
2588 3428 2741 3494 jubet
2776 3442 2967 3481 omnes
3008 3425 3390 3480 lsraelicorum

1815 3526 2088 3580 masculos
2143 3533 2333 3593 partus
2384 3521 2436 3574 in
2501 3519 2720 3572 fluvium
2781 3517 2966 3584 abjici.
3025 3517 3240 3570 Atenim
3297 3515 3395 3570 Dei

1815 3618 2141 3674 sententiam
2197 3629 2358 3669 neruo
2416 3613 2695 3666 hominum
2743 3611 3041 3678 infringere
3095 3619 3296 3679 potest,
3333 3629 3401 3666 ne

1814 3712 1859 3766 si
1901 3710 2044 3763 mille
2100 3708 2317 3777 quidem
2355 3706 2564 3758 artibus
2615 3703 2716 3757 hoc
2749 3704 3028 3757 moliatur.
3057 3703 3222 3757 Musis
3249 3715 3406 3774 pater

1815 3803 1984 3858 aDeo
2019 3817 2111 3870 per
2172 3797 2501 3852 instiaminm
2530 3795 2597 3850 de
2659 3796 2916 3849 omnibus
2979 3811 3102 3864 qua:
3154 3796 3288 3849 Mosi
3349 3807 3404 3852 et

1815 3892 2018 3945 Aaroui
2053 3897 2311 3944 eventura
2345 3894 2529 3940 essent
2564 3887 2813 3948 edoctus,
2847 3885 3006 3937 uxori
3073 3902 3186 3939 suae
3215 3885 3407 3940 Joclia-

1818 3987 1992 4041 betlia:
2026 3983 2372 4052 significavit.
2411 3979 2762 4034 Tlicrmuthis
2787 3979 2890 4032 ﬁlia
2943 3977 3248 4034 Pharaonis
3279 3997 3402 4034 cum

1818 4075 2022 4128 Mosem
2061 4091 2126 4127 ex
2153 4088 2292 4140 aqua
2344 4071 2684 4133 sustulisset,
2722 4071 3005 4123 mulierem
3039 4074 3208 4140 quaeri
3250 4072 3406 4140 jubet

1817 4186 1940 4240 quae
1991 4185 2114 4223 eum
2150 4169 2332 4221 Iactet.
2376 4165 2560 4220 Multis
2590 4165 2842 4219 adductis
2895 4181 3018 4218 eum
3052 4166 3256 4216 nullam
3284 4163 3402 4216 Mn-

1819 4278 1907 4317 Ses
1938 4261 2268 4323 admitteret,
2325 4267 2508 4311 astans
2545 4257 2711 4309 Maria
2742 4274 2755 4310 :
2790 4255 2899 4319 «Si,
2934 4256 3132 4325 inquit,
3166 4257 3403 4324 aliquam

1819 4355 1884 4409 de
1905 4353 2256 4423 popularibus
2273 4351 2394 4419 ejus
2426 4349 2666 4404 Hebraeis
2699 4349 3019 4402 mulieribus
3050 4364 3276 4404 curares
3303 4349 3403 4401 ad-

1775 4501 1781 4507 _
1819 4446 1963 4510 duci,
2028 4444 2274 4498 fortassis
2334 4457 2622 4495 mammam
2666 4441 2995 4494 admitteret.
3036 4459 3054 4491 ι
3085 4439 3246 4495 Jussa
3301 4442 3405 4494 hoc

171 4544 432 4617 Ἐὃραῖδων
493 4546 796 4614 ποιήσειας
825 4541 1080 4611 ἀχθῆναι,
1128 4538 1268 4607 τάχα
1318 4538 1384 4589 ἂν
1430 4536 1712 4605 προσίεται
1746 4540 1823 4598 ι);

1751 4540 1792 4598 ι)
1820 4552 1978 4608 agere
2005 4543 2232 4589 matrem
2279 4533 2431 4602 131
2476 4532 2720 4596 adduxit,
2752 4533 2980 4600 ejusque
3012 4534 3176 4586 ubera
3228 4531 3403 4586 lihen-

164 4638 344 4710 θηλήν.»
373 4641 467 4692 Διὸ
509 4639 613 4690 καὶ
639 4633 996 4687 κελευσθεῖσα
1025 4632 1147 4699 ἄγει
1179 4627 1459 4698 τὴναύτοῦ
1479 4626 1714 4696 μητέρα,

163 4733 232 4783 καὶ
266 4734 321 4785 τὸ
342 4731 561 4785 παιδίον
595 4728 858 4796 ἀσμένως
915 4722 1256 4795 προσφύεται
1295 4724 1363 4792 τῇ
1395 4719 1552 4789 θηλῇ.
1589 4720 1714 4770 Ὅτι

164 4823 627 4893 τιλοιρρονούμενος
669 4816 871 4889 Φαραὼ
918 4819 982 4886 τῇ
1019 4815 1127 4882 ἰδία
1164 4811 1408 4882 ’θυγατρὶ
1438 4809 1716 4878 ἐπιτίθησι

163 4914 332 4986 limini}
349 4917 407 4970 τὸ
424 4915 584 4981 διάδς
597 4928 701 4981 μα,
715 4911 743 4963 ὁ
761 4909 818 4962 δὲ
834 4909 918 4961 διὰ
934 4908 1238 4975 νηπιότητα
1261 4903 1558 4970 καταφέρει
1582 4901 1715 4953 αὐτὸ

163 5005 224 5066 εἰς
239 5006 330 5074 γῆν
357 5006 452 5058 καὶ
471 5005 593 5066 τοῖς
621 5001 783 5054 ποσὶν
815 4999 1107 5052 ἐπιϐαίνει.
1136 4994 1224 5068 [Ρ.
1273 4993 1365 5064 74]
1389 4992 1495 5045 Τοῦ
1511 4992 1566 5044 δὲ
1585 5009 1717 5062 προ-

165 5096 459 5166 δηλωθέντος
491 5092 997 5168 ίερογραμματέως
1029 5089 1188 5141 τοῦτο
1239 5086 1575 5155 θεασαμένου
1623 5085 1720 5137 καὶ

166 5189 338 5244 ἀνελεῖν
393 5185 932 5259 ἐπιχειρήσαντοςὴ
993 5179 1298 5249 Θέρμουθις
1350 5176 1710 5246 ἐξαρπάσασα

165 5281 438 5337 διεσώσατο.
461 5283 592 5334 Ὅτι
620 5273 931 5348 χειροήθεις
959 5271 1116 5325 οὖσαι
1137 5272 1194 5323 al.
1233 5270 1365 5332 ἱὸεις
1393 5269 1527 5338 πρὸς
1559 5269 1718 5337 μόνον

165 5375 211 5426 τὸ
233 5375 325 5428 τῶν
350 5375 528 5443 ὄφεων
555 5372 724 5440 γένος
751 5365 956 5435 ἀγρίως
987 5363 1193 5433 έχουσι,
1218 5362 1309 5414 καὶ
1333 5359 1520 5422 δεινῶς
1551 5361 1652 5411 ἀνα
1664 5375 1718 5426 ρ-

167 5465 434 5536 ταζόμεναι
474 5459 870 5518 κατεσθίουσιν
895 5456 1111 5524 ἐλάφων
1155 5454 1377 5523 μᾶλλον.
1413 5451 1533 5504 Ὀτι
1569 5451 1719 5520 φθει-

169 5559 256 5627 ρῶν
278 5562 493 5627 ἀπειρόν
519 5576 576 5610 τι
627 5551 841 5621 πλῆθος
874 5552 986 5611 τοῖς
1028 5547 1356 5615 Αὐγυπτίοις
1401 5544 1720 5615 ἐξήνθησεν,

169 5650 342 5703 ἔνδοθεν
362 5649 762 5717 ἀναδιδόμενον
791 5642 888 5695 καὶ
909 5640 1093 5701 κακῶς
1154 5638 1468 5707 διαφθεῖρον
1523 5636 1720 5697 αὐτοὺς

171 5744 245 5795 καὶ
268 5745 361 5796 ὑπὸ
415 5739 660 5813 μηδενὸς
734 5732 1182 5803 διαῳθειρόμενον
1238 5729 1552 5799 φαρμάκου.
1597 5728 1721 5780 Ὀτι

227 5855 266 5891 ³⁸
295 5857 442 5917 Deut.
477 5874 539 5921 It,
565 5856 624 5911 5.
715 5852 758 5883 ”
791 5850 949 5904 Deut.
987 5865 1060 5912 iv,
1097 5847 1187 5900 l2.

1815 4641 1895 4683 ter
1929 4625 2111 4679 infans
2139 4624 2380 4678 admisit.
2403 4623 2614 4676 Pharao
2637 4623 2755 4676 filim
2779 4635 2890 4676 suae
2932 4623 3216 4676 blandiens
3265 4621 3399 4675 Μοιί

1821 4721 2071 4775 diadema
2104 4719 2370 4786 imponit:
2398 4715 2578 4768 infans
2621 4724 2800 4768 autem
2837 4715 3012 4768 aetatis
3052 4715 3404 4782 simplicitate

1817 4796 1871 4866 id
1904 4814 1956 4866 in
1993 4821 2194 4866 terram
2248 4808 2436 4877 abjicit
2478 4822 2541 4861 ac
2577 4807 2805 4876 pedibus
2835 4807 3030 4860 calcat.
3087 4805 3142 4859 ld
3173 4821 3294 4859 cum
3321 4808 3401 4859 vi-

1815 4902 1968 4957 deret
2002 4901 2048 4955 is
2078 4915 2239 4970 quem
2274 4899 2437 4967 paulo
2466 4908 2592 4951 ante
2628 4897 2863 4950 diximus
2908 4909 3186 4949 sacrarum
3231 4896 3402 4948 Litte-

1820 5010 2006 5048 rarum
2038 4993 2320 5062 magister,
2355 4987 2584 5044 iutcrlici
2610 5003 2836 5057 puermn
2869 4986 3020 5055 jubet
3059 5005 3072 5040 :
3105 4986 3198 5040 sed
3231 4986 3404 5042 Tlicr-

1829 5087 2036 5140 muthis
2072 5093 2315 5152 eri-ptum
2349 5082 2467 5137 neci
2517 5080 2811 5135 subtraxit.
2848 5079 2954 5133 lbis
3008 5086 3289 5132 mansueta
3319 5087 3404 5134 est

1829 5182 1968 5244 avis,
1998 5180 2128 5234 solis
2149 5176 2344 5231 infesta
2367 5175 2671 5245 anguibus;
2696 5188 2834 5244 quos
2859 5180 2913 5227 et
2941 5171 3402 5242 crebro,amplius

1828 5271 1990 5325 etiam
2024 5269 2217 5332 cervis,
2270 5267 2412 5335 rapit
2453 5274 2614 5334 atque
2659 5274 2834 5318 vorat.
2882 5261 3078 5332 lugens
3128 5262 3402 5332 pediculo-

1829 5378 1949 5417 ruin
2005 5361 2086 5414 vis
2139 5357 2426 5430 Aﬂgyptios
2506 5356 2722 5420 invasit,
2755 5369 2819 5408 ex
2865 5355 2997 5424 ipsis
3082 5353 3403 5421 corporibus

1828 5451 2248 5518 erumpentium,
2284 5464 2346 5502 ac
2385 5448 2525 5500 male
2554 5461 2650 5502 eos
2701 5447 3072 5508 multantium,
3102 5459 3278 5514 neque
3309 5444 3401 5497 ulli

1832 5543 2068 5599 remedio
2098 5541 2429 5595 cedentium.
2464 5537 2675 5592 llebrzei
2721 5553 2783 5592 ex
2818 5537 3053 5608 Egypto
3084 5538 3284 5606 egressi
3322 5548 3402 5592 te-

1831 5638 2008 5691 nuiter
2042 5651 2100 5689 se
2130 5641 2509 5690 sustentarunt
2543 5648 2638 5702 per
2693 5633 2760 5686 50
2783 5632 2920 5696 dies,
2961 5641 3112 5700 pasta
3152 5632 3400 5695 subacta,

1831 5745 1993 5798 quam
2027 5743 2210 5782 secum
2254 5727 2580 5780 extulerant.
2640 5726 2694 5780 In
2728 5726 2885 5794 cujus
2918 5724 3160 5794 penuria:
3198 5736 3404 5779 memo-
