4184 6436
740 384 842 453 167

1968 383 2289 447 GEORGII
2329 384 2661 446 CEDRENI

3883 389 4002 457 168

732 499 992 555 introitus
1045 498 1099 552 in
1154 506 1355 552 terram
1407 497 1760 567 promissam,
1812 495 2314 555 Tabernaeulormu

2429 500 2607 569 τρίτην
2641 495 2964 565 συναγωγὴν
2998 496 3173 566 έργων
3201 496 3293 551 τοῦ
3335 497 3508 569 ἀγροῦ
3540 498 3845 564 συντελείας
3887 501 4006 556 ἀπὸ

729 591 1029 647 collocatio
1059 588 1162 661 (sic
1192 586 1356 644 tertia
1388 588 1719 659 appeltatur)
1750 589 1875 645 vita:
1924 590 1979 644 in
2022 588 2317 644 solitudine

734 688 791 737 in
851 682 1219 736 tabernaculis
1256 697 1351 749 per
1409 680 1768 749 quadraginta
1827 695 2001 735 annos
2049 682 2315 735 toleratae.

736 773 1013 828 Mamlavit
1049 774 1213 827 etiam
1255 773 1388 839 lues,
1420 788 1605 826 coram
1663 773 1895 829 Domino
1932 774 2050 828 sine
2093 789 2321 828 munere

731 882 840 921 non
879 881 1167 936 apparere,
1200 865 1375 920 tribus
1425 864 1588 920 dictis
1639 865 1791 919 feriis
1837 880 2056 920 omnem
2117 881 2317 920 marem

729 971 916 1010 coram
940 957 1053 1011 Deo
1082 957 1225 1018 sisti,
1263 955 1591 1011 fermentum
1634 956 1910 1012 sacriﬁcio
1944 957 2156 1011 Domini
2211 971 2317 1008 non

730 1048 1014 1112 adbibere,
1050 1049 1141 1103 sed
1169 1045 1588 1101 infermentaios
1620 1062 1807 1117 panes,
1827 1048 2039 1117 adipem
2065 1032 2319 1101 sacrilirii

733 1154 842 1191 non
876 1138 1188 1205 relinquere
1224 1138 1279 1189 in
1310 1136 1453 1190 diem
1486 1139 1818 1199 crastinum,
1852 1138 2097 1189 oumium
2157 1145 2322 1189 terra:

732 1226 946 1296 frugum
977 1225 1326 1295 primitiasin
1360 1225 1560 1294 templo
1583 1226 1676 1279 Dei
1704 1226 1925 1288 oderrc,
1949 1240 2055 1278 non
2086 1239 2322 1295 coquere

730 1347 929 1402 agnum
957 1332 1010 1385 iu
1031 1332 1171 1385 lacte
1193 1329 1383 1384 matris
1406 1344 1537 1384 suae.
1564 1330 1674 1386 Has
1688 1331 2112 1386 constitutiones
2133 1331 2312 1385 Moses

729 1439 759 1475 a
787 1422 893 1477 Deo
911 1423 1131 1477 veniens
1149 1422 1351 1491 populo
1374 1421 1651 1491 exposuit,
1679 1422 1877 1477 additis
1900 1424 2064 1476 etiam
2088 1422 2210 1476 aliis
2231 1421 2319 1475 di-

728 1515 873 1569 vinis
910 1515 1410 1569 exhortationibus.
1442 1513 1799 1584 Respondens
1826 1524 2007 1569 autem
2041 1529 2148 1567 una
2188 1528 2320 1568 voce

730 1616 878 1662 totus
924 1610 1161 1677 pepulus
1204 1608 1461 1676 promisit
1495 1622 1554 1661 se
1596 1607 1856 1662 omnibus
1919 1604 2131 1660 Domini
2160 1606 2320 1661 dictis

727 1700 1257 1767 obtemperaturum.
1282 1699 1459 1763 Atque
1483 1695 1667 1748 omnia
1695 1696 1803 1749 ista
1823 1697 2139 1764 conscripta
2171 1704 2319 1750 sunt.

2424 586 2624 651 ἐξόδων
2656 586 2929 647 ἐνιαυτοῦ.
2959 586 3390 657 ἀναμιμνήσκων
3418 588 3615 651 αὐτοὺς
3641 591 3731 645 διά
3767 590 3860 643 τοῦ
3895 593 4003 661 μὲν

2426 680 2619 748 Πάσχα
2647 680 2747 749 τῆς
2776 680 2835 745 ἐξ
2866 676 3143 745 Αἰγύπτου
3188 677 3392 746 ἐξόδου,
3426 679 3516 734 διὰ
3555 680 3614 734 δὲ
3655 682 3754 749 τῆς
3788 684 4005 754 llam;-

2426 775 2628 843 κοστῆς
2647 775 2746 843 τῆς
2770 778 2849 839 είς
2878 775 2976 846 τὴν
3003 778 3110 846 γῆν
3133 777 3236 845 τῆς
3259 776 3593 845 ἐπαγγελίας
3623 775 3855 840 εἰσόδου,
3902 776 4002 828 διὰ

2427 865 2485 919 δέ
2509 865 2607 935 τῆς
2632 868 3016 938 Σκηνοπηγίας
3047 869 3148 937 τῆς
3174 869 3233 920 ἐν
3263 871 3330 937 τῇ
3358 868 3551 939 ἐρήμῳ
3595 866 3867 934 διαγωγῆς
3890 881 3907 898 ·
3939 867 4006 919 ἐν

2430 960 2653 1028 σκηναῖς
2713 958 2820 1028 γὰρ
2877 958 3156 1021 οἰκοῦντες
3225 956 3636 1027 τεσσαράκοντα
3691 952 4007 1009 διετέλεσαν

2427 1051 2547 1119 ἐτη.
2581 1050 2674 1120 Μὴ
2696 1050 2931 1119 ὀφθῆναι
2959 1052 3114 1104 κενὸν
3138 1048 3377 1104 ἐναντίον
3404 1049 3632 1119 Κυρίου,
3650 1050 3743 1102 καὶ
3773 1050 3879 1100 πᾶν
3897 1048 4011 1118 ἀρ-

2428 1144 2641 1194 σενικὸν
2668 1142 2999 1196 ὀπτάνεσοαι
3034 1142 3265 1195 ἐνώπιον
3292 1140 3498 1208 Κυρίου
3530 1142 3672 1193 κατά
3723 1141 3821 1204 τὰς
3850 1142 4009 1211 τρεῖς

2426 1234 2619 1305 ἐοτράς
2655 1235 2884 1297 ταύτας.
2913 1235 3007 1303 Μὴ
3037 1232 3188 1288 θύειν
3215 1235 3310 1289 ἐπὶ
3346 1233 3492 1303 ζύμῃ
3524 1227 3665 1303 αἷμα
3690 1231 4007 1303 θυσιάσμα-

2426 1343 2515 1390 τος
2546 1328 2775 1399 Κυρίου,
2803 1330 2917 1383 ἀλλ’
2942 1332 3029 1386 ἐπ’
3062 1333 3316 1402 ἀζύμοις.
3384 1338 3477 1404 Μὴ
3517 1336 3699 1405 μένειν
3724 1333 3824 1397 ἓως
3856 1333 4011 1404 πρωῒ

2428 1418 2594 1489 στέαρ
2624 1419 2724 1490 τῆς
2758 1422 2970 1492 ἑορτῆς.
3005 1424 3115 1477 Καὶ
3161 1426 3260 1487 τάς
3311 1428 3565 1498 ἀπαρχὰς
3615 1426 3726 1479 τῶν
3764 1424 4008 1495 πρώτων

2425 1516 2784 1582 γεννημάτων
2807 1517 2906 1584 τῆς
2940 1519 3041 1587 γῆς
3072 1518 3311 1586 εἰσάγειν
3339 1520 3419 1581 εἰς
3448 1521 3540 1572 τὸν
3558 1516 3708 1573 οἷκον
3739 1517 3831 1571 τοῦ
3861 1515 4006 1571 Θεοῦ

2428 1603 2513 1672 ἐφ’
2548 1603 2739 1659 ἆπασι.
2772 1607 2864 1677 Μὴ
2889 1608 3041 1677 ἕψειν
3067 1608 3206 1680 άρνα
3234 1613 3290 1664 ὲν
3308 1612 3540 1679 γάλακτι
3575 1611 3782 1681 μητρὸς
3808 1609 4003 1665 αὑτοῦ.

2430 1695 2619 1749 Ταῦτα
2641 1695 2711 1747 τὰ
2731 1695 3073 1768 δικαιώματα
3085 1701 3178 1753 τοῦ
3200 1702 3330 1755 Θεοῦ
3354 1702 3592 1771 Μωῦσῆς
3621 1701 3791 1755 ἐλθὼν
3814 1703 4007 1773 ἀπήγ-

729 1791 874 1856 γειλε
908 1788 985 1859 τῷ
1012 1789 1125 1860 λαῷ
1159 1789 1301 1859 μετά
1328 1789 1419 1841 καὶ
1466 1787 1643 1840 ἄλλων
1692 1806 1851 1842 τινων
1895 1788 2056 1841 θείων
2097 1787 2497 1857 παραινέσεων.
2535 1789 2644 1841 Καὶ
2680 1789 2953 1860 ἀπεκρίθη
2998 1793 3100 1862 μιᾷ
3136 1796 3284 1863 φωνῇ
3326 1796 3435 1856 πᾶς
3484 1796 3512 1846 ὸ
3553 1793 3701 1856 λαὸς,
3731 1794 3826 1846 καὶ
3853 1790 4002 1845 εἷπε·

732 1902 751 1934 ι
795 1884 1007 1944 Πάντας
1032 1883 1159 1944 τοὺς
1178 1881 1366 1948 λόγους
1412 1882 1618 1951 Κυρίου
1647 1882 1943 1950 ποιήσομεν
1972 1881 2065 1932 καὶ
2086 1878 2458 1949 ἀκουσόμεθα.
2500 1897 2519 1930 ι
2558 1881 2691 1947 Καὶ,
2714 1882 2928 1952 ἐγράφη
2959 1882 3132 1937 ταῦτα
3158 1884 3360 1939 πάντα.

803 1974 980 2028 Moses
1039 1989 1069 2026 a
1110 1973 1218 2027 Deo
1271 1973 1564 2042 splendore
1632 1973 1791 2027 faciei
1845 1981 2079 2027 ornatus
2134 1971 2312 2026 velato
2344 1977 2389 2036 Β

730 2068 888 2123 vultu
924 2081 1020 2137 per
1058 2080 1235 2121 annos
1265 2064 1632 2136 quadraginta
1656 2080 1782 2119 cum
1819 2062 2025 2118 Judaeis
2053 2071 2137 2118 est
2169 2063 2319 2116 locu-

737 2173 848 2224 tus,
871 2168 1224 2226 conspectum
1278 2157 1436 2212 faciei
1467 2157 1590 2225 ejus
1647 2172 1752 2210 non
1813 2155 2119 2210 ferentibus
2154 2168 2316 2209 :cum

735 2260 920 2305 autem
957 2248 1025 2302 ad
1050 2248 1334 2301 Dominum
1363 2248 1765 2316 ingrederetur,
1794 2246 1971 2300 velum
2003 2244 2318 2301 removebat

737 2355 767 2394 a
805 2340 943 2395 facie
975 2353 1097 2394 sua.
1125 2338 1202 2392 lta
1244 2354 1378 2394 sane
1412 2341 1478 2392 iis
1512 2340 1604 2409 qui
1638 2340 1822 2393 carnis
1850 2337 2055 2392 dictata
2083 2351 2319 2406 sequen-

738 2443 822 2486 tes
849 2433 1017 2501 legem
1048 2431 1259 2499 legunt,
1292 2431 1471 2483 velum
1515 2430 1769 2485 obdurati
1799 2430 1967 2484 animi
1997 2429 2315 2492 obducitur,

739 2538 807 2576 ne
832 2523 1061 2591 gloriam
1088 2521 1289 2574 Christi
1322 2521 1535 2588 possint
1552 2536 1899 2589 cognoscere.
1923 2520 2100 2588 Atqui
2120 2520 2315 2588 spiritu

743 2613 907 2685 136
930 2613 1068 2667 dure
1105 2612 1334 2676 intrant,
1356 2612 1423 2667 iis
1449 2612 1627 2667 velum
1661 2612 2025 2681 iguorationis
2047 2611 2311 2666 aufertur.

738 2707 1006 2762 Cat-terum
1033 2705 1210 2760 Moses
1241 2706 1293 2759 iu
1321 2703 1575 2760 Thabore
1610 2713 1794 2759 monte
1828 2719 2016 2759 revera
2048 2704 2314 2772 posticum

738 2796 833 2851 Dei
868 2797 1026 2860 vidit,
1096 2811 1291 2866 nempe
1333 2796 1766 2851 incarnationem
1824 2794 2121 2865 Unigeniti,
2190 2809 2315 2849 cum

743 2889 797 2943 in
837 2904 971 2943 saxo
1021 2890 1237 2958 positus
1286 2904 1461 2958 coque
1496 2896 1696 2951 tectus,
1763 2887 2022 2940 nimirum
2072 2886 2316 2953 Christo,

736 2983 1017 3050 prieterire
1047 2994 1170 3034 cum
1200 2977 1486 3047 majestate
1516 2992 1627 3030 non
1669 2973 1876 3030 nudum
1912 2975 2009 3031 sed
2057 2976 2316 3030 incarna-

742 3084 855 3125 tum
884 3071 1019 3125 vidit
1060 3072 1257 3124 Deum.

814 3163 1011 3217 Prima:
1047 3164 1246 3215 tabulae
1278 3177 1442 3215 manu
1490 3161 1582 3214 Dei
1631 3162 1830 3216 excisae
1891 3159 2117 3214 fuerunt
2146 3171 2199 3215 ct
2230 3160 2313 3214 in-

738 3255 955 3322 ici-ipta:
982 3271 996 3316 ;
1030 3254 1471 3321 permissumque
1504 3257 1587 3307 cst
1620 3258 1679 3306 ut
1706 3254 1783 3306 ca!
1809 3251 2313 3321 confringerenlur.

2492 1972 2873 2043 ὈτιΜωῡσῆς
2903 1974 3084 2029 λαϐὼν
3111 1979 3260 2047 παρὰ
3276 1977 3409 2030 Θεοῦ
3432 1979 3609 2045 δόξαν,
3639 1982 3695 2033 ἐν
3716 1980 3793 2051 τῷ
3829 1998 4004 2051 προσ·

2419 2062 2553 2132 ὡπῳ
2599 2063 2866 2133 κάλυμμα
2917 2064 3088 2128 τιθεὶς
3135 2066 3230 2119 ἐπὶ
3280 2069 3699 2139 τεσσαράκοντα
3778 2070 4000 2140 χρόνοις

2418 2155 2691 2222 διελέγετο
2730 2158 2839 2220 τοῖς
2885 2157 3159 2220 Ἰουδαίοις
3178 2173 3192 2187 ⁶
3227 2160 3288 2211 ού
3308 2158 3417 2230 γάρ
3438 2160 3701 2229 ἠδύναντο
3729 2161 4003 2225 ἀτενίζειν

2418 2248 2499 2310 εἰς
2527 2248 2709 2302 αὐτόν.
2743 2248 3015 2313 Είσιόντος
3041 2250 3098 2302 δὲ
3159 2250 3294 2320 πρὸς
3331 2251 3534 2320 Κύριον
3571 2256 3888 2323 περιῃρεῖτο
3936 2255 4006 2307 τὸ

2419 2338 2709 2408 κάλυμμα,
2753 2337 2944 2410 ῶσπερ
2975 2343 3070 2393 καὶ
3102 2345 3214 2404 τοῖς
3252 2343 3396 2395 κατὰ
3431 2342 3611 2415 σάρκα
3643 2344 3742 2409 μέν
3771 2345 3863 2397 τὸν
3904 2347 4001 2397 νο-

2423 2444 2524 2496 μον
2566 2428 3010 2496 ἀναγικὼσκουσι
3054 2431 3320 2500 κάλυμμα
3353 2433 3668 2501 πωρώσεως
3720 2435 4004 2488 ἐπίκειται

2417 2519 2513 2571 τοῦ
2537 2520 2611 2589 μὴ
2637 2519 2936 2585 ἐπιγνῶναι
2971 2521 3070 2590 τὴν
3098 2522 3255 2586 δόξαν
3281 2522 3376 2575 τοῦ
3403 2524 3661 2594 Χριστοῦ,
3693 2529 3804 2589 τοῖς
3832 2526 3885 2578 δὲ
3909 2527 4003 2580 διά

2416 2607 2512 2661 τοῦ
2577 2608 2885 2678 πνεύματος
2940 2609 3166 2662 εἰσιοῦσι
3218 2610 3424 2683 [P.77|
3482 2614 3541 2664 τὸ
3595 2611 3855 2683 κάλυμμα
3899 2619 4006 2686 τῆς

2419 2699 2642 2767 ἀγνοίας
2669 2700 3003 2769 ἀφαιρεῖται.
3024 2700 3263 2771 Ἀληθῶς
3295 2701 3350 2754 δὲ
3384 2703 3451 2754 τά
3472 2703 3694 2757 ὀπίσθια
3726 2708 3820 2757 τοῦ
3836 2707 4001 2770 Θεοῦ,

2418 2792 2519 2861 τὴν
2563 2793 2840 2863 σάρκωσιν
2902 2793 2994 2845 τοῦ
3041 2795 3400 2863 Μονογενοῦς,
3457 2798 3549 2849 ἐπὶ
3582 2796 3676 2849 τοῦ
3712 2797 4004 2867 Θαϐωρίου

2419 2878 2529 2937 εἶδε
2554 2885 2794 2955 Μωῦσῆς
2824 2883 2898 2947 ὡς
2933 2883 3025 2936 ἐπὶ
3069 2886 3248 2956 πέτρα
3297 2887 3476 2948 τεθεὶς
3512 2887 3606 2939 καὶ
3665 2888 4007 2952 σκεπασθεὶς

2418 2972 2498 3043 τῷ
2556 2974 2810 3043 Χριστῷ·
2839 2975 3250 3046 παρερχόμενον
3284 2974 3339 3026 δέ
3376 2976 3434 3027 ἐν
3459 2976 3587 3047 δόξῃ
3619 2972 3758 3030 εἶδεν
3794 2978 3853 3029 ού
3898 2995 4010 3047 γυ-

2420 3066 2573 3136 μνὸν,
2604 3065 2738 3120 ἀλλά
2768 3067 3188 3135 σεσαρκωμένον
3214 3066 3365 3120 Θεόν.

2490 3157 2611 3211 Ὅτι
2636 3158 2692 3210 αἱ
2726 3158 2823 3227 μὲν
2846 3159 3060 3227 πρῶται
3084 3159 3287 3222 πλάκες
3310 3159 3455 3229 χειρὶ
3483 3160 3618 3214 Θεοῦ
3648 3162 4004 3227 λελάξευνται

2420 3252 2514 3305 καὶ
2543 3251 2911 3322 γεγράφαται,
2940 3252 2995 3305 αἶ
3036 3253 3389 3323 συντριϐῆναι
3414 3255 3877 3328 συγκεχώρηνται,
3921 3260 4009 3313 ὅτε

740 3315 910 3398 Erant
953 3315 1099 3397 enim
1161 3354 1321 3413 typus
1354 3315 1542 3410 prium:
1573 3356 1638 3395 ac
1667 3341 1919 3396 litteratis
1946 3315 2101 3410 legis,
2152 3339 2316 3395 sicuti

2429 3343 2593 3407 τύπος
2610 3339 2752 3415 ἦσαν
2766 3340 3035 3399 αῦταιτοῦ
3064 3344 3279 3414 πρώτου
3312 3345 3405 3398 καὶ
3427 3348 3565 3398 κατὰ
3585 3348 3646 3399 τὸ
3658 3349 3891 3419 γράμμα
3912 3351 4009 3403 νό-

743 3446 926 3500 puster
948 3448 1074 3487 ores
1133 3447 1271 3499 quas
1330 3430 1509 3484 Moses
1553 3431 1761 3484 excidit
1812 3440 1976 3499 atque
2016 3430 2321 3498 inscripsit,

743 3525 1094 3579 manifestum
1127 3539 1280 3577 erant
1310 3524 1621 3591 exeiuplum
1676 3522 2000 3591 posterioris
2034 3537 2098 3574 ac
2158 3522 2289 3588 spiri

743 3618 907 3671 tualis
966 3616 1121 3684 legis.
1161 3613 1313 3668 Sicltl
1375 3623 1430 3667 et
1480 3615 1629 3683 prior
1668 3617 1920 3683 populus,
1949 3612 2041 3680 qui
2094 3611 2323 3665 vitulum

743 3707 1023 3769 ronllavit,
1072 3708 1230 3776 primi
1267 3706 1453 3760 lsraeli
1484 3704 1712 3774 ﬁguram
1764 3704 2029 3774 gerebat:
2065 3704 2247 3772 itaque
2281 3706 2326 3758 is

746 3803 828 3854 ira
887 3799 977 3854 Dei
1021 3813 1126 3851 una
1176 3812 1306 3851 eum
1364 3796 1593 3865 antiqua
1654 3797 1770 3865 lege
1808 3794 2048 3848 abolitus
2098 3804 2203 3847 est.
2261 3796 2327 3846 At

745 3891 979 3960 populus
1010 3889 1280 3958 poslcrior
1317 3902 1516 3940 norum
1553 3901 1616 3940 ac
1642 3885 2020 3939 Christianum
2063 3884 2325 3938 lsraelum

748 3984 1097 4046 ili-s'guavit:
1135 3980 1317 4048 itaque
1344 3988 1396 4032 ct
1428 3993 1457 4029 a
1484 3976 1630 4030 Slose
1662 3975 1821 4030 faciei
1874 3977 2169 4046 splendore
2199 3977 2325 4028 illu-

747 4080 923 4127 strato
948 4071 1177 4141 populus
1209 4070 1547 4140 posteriores
1583 4078 1900 4122 rcvercnler
1939 4068 2147 4136 accepit
2172 4067 2333 4120 tabu-

747 4163 853 4229 las,
888 4178 1092 4232 easque
1125 4160 1178 4215 in
1212 4175 1336 4215 arca
1374 4159 1599 4214 ltcdeiis
1630 4160 1901 4227 repOsitas
1937 4160 2173 4227 integras
2207 4173 2332 4211 cou-

748 4256 1010 4311 Servavit.

827 4346 902 4401 De
938 4347 1126 4401 υσειίιε
1169 4348 1220 4399 iu
1263 4346 1379 4414 lege
1420 4345 1486 4398 ad
1523 4345 1794 4399 sacrificia
1832 4346 2003 4399 soiida
2065 4356 2227 4411 atque
2267 4344 2334 4396 ad

751 4443 856 4497 alia
871 4441 1139 4496 sacrilicia
1164 4449 1375 4494 tantum
1400 4440 1519 4502 bos,
1537 4439 1656 4494 ovis
1673 4447 1728 4493 et
1745 4438 1933 4492 ha:dns
1950 4435 2332 4495 admittuntur,

756 4543 816 4588 ut
843 4535 1101 4588 animalia
1135 4540 1454 4595 mansueta,
1497 4546 1631 4599 pura
1662 4538 1716 4583 et
1749 4545 1880 4582 oves
1909 4527 2114 4581 Christi
2141 4542 2337 4594 reprac-

2428 3450 2554 3505 μου,
2570 3432 2758 3502 ῶσπερ
2780 3436 2834 3487 αἱ
2848 3433 3099 3504 δεύτεραι
3116 3434 3180 3495 ἀς
3200 3435 3438 3503 Μωυσῆς
3455 3436 3707 3501 ἐλέιξευσε
3726 3442 3819 3490 καὶ
3840 3438 4012 3508 ἐγρα-

2425 3525 2521 3594 ψε,
2549 3524 2716 3587 τύπος
2733 3522 2869 3594 ἦσαν
2895 3526 3071 3596 σαφὴς
3094 3524 3189 3577 τοῦ
3210 3525 3471 3595 δευτέρου
3509 3528 3605 3580 καὶ
3619 3531 3757 3581 κατὰ
3789 3529 4011 3600 πνεῦμα.

2429 3616 2617 3685 νόμου.
2654 3616 2863 3686 Ὠσπερ
2916 3620 3008 3669 καὶ
3062 3616 3189 3679 λαὸς
3223 3619 3251 3670 ὀ
3276 3618 3488 3687 πρῶτος
3514 3619 3542 3670 ὁ
3600 3623 4012 3689 μοσχοποιήσας

2428 3711 2521 3763 τὸν
2549 3711 2760 3781 πρῶτον
2784 3710 2983 3764 ἐτύπου
3023 3711 3259 3779 Ἰσραὴλ.
3283 3710 3362 3761 διὸ
3386 3711 3479 3762 καὶ
3509 3711 3565 3760 ὲν
3584 3711 3719 3780 ὀργῇ
3745 3710 3880 3762 Θεοῦ
3913 3714 4014 3763 καὶ⁵

2430 3802 2592 3865 αὐτὸς
2672 3804 2765 3855 καὶ
2812 3803 2841 3854 ὀ
2903 3804 3037 3871 πρὸς
3071 3801 3232 3855 αὑτὸν
3270 3800 3498 3855 παλαιὸς
3529 3801 3881 3868 διεσκεδάσθη
3916 3804 4012 3854 νό-

2435 3911 2553 3966 μος.
2590 3894 2648 3947 Ὀ
2698 3894 2825 3957 λαξς
2869 3893 2928 3947 δέ
2977 3896 3003 3946 ὁ
3026 3893 3275 3963 δεύτερος
3302 3893 3390 3944 τὸν
3420 3893 3540 3944 νέον
3570 3892 3664 3945 καὶ
3697 3892 3836 3945 κατά
3876 3894 4013 3963 Χριο

2436 3984 2838 4046 στὸνεῑκόνιζεν
2864 3984 3102 4054 Ἰσραὴλ.
3121 3984 3200 4036 διὸ
3225 3985 3318 4035 καὶ
3348 3985 3403 4036 ἐν
3428 3983 3551 4052 δόξῃ
3588 3982 3679 4035 τοῦ
3716 3982 4011 4053 προσώπου

2432 4072 2712 4135 Μωῦσέως
2758 4074 2857 4132 τὰς
2921 4071 3177 4139 δευτέρας
3228 4070 3469 4131 εὐλαϐῶς
3502 4071 3825 4122 ὑπεδέδεκτο
3862 4071 4009 4124 πλά-

2434 4181 2560 4230 κας,
2602 4163 2697 4216 καὶ
2741 4162 2945 4224 ταύτας
2995 4162 3300 4232 ἀφθάρτους
3333 4163 3389 4213 ἐν
3444 4165 3509 4232 τῇ
3562 4162 3654 4213 τοῦ
3705 4163 4012 4231 μαρτυρίου

2433 4255 2771 4324 ἀποθέμενος
2790 4254 3019 4321 ἐφύλαξε
3052 4252 3289 4323 κιῦωτῴ.

2510 4348 2637 4399 "Ott
2665 4348 2769 4397 ἀπὸ
2805 4347 2902 4415 μὲν
2919 4346 3027 4397 τῶν
3047 4343 3258 4415 κτηνῶν
3282 4349 3308 4396 ο
3334 4344 3480 4413 βοῦς,
3517 4347 3606 4397 καὶ
3631 4346 3691 4398 τὸ
3715 4345 4010 4415 πρόϐατον,

2439 4441 2533 4492 καὶ
2559 4438 2620 4490 τὸ
2652 4437 2902 4504 αἰγίδιον,
2938 4438 3012 4499 ὡς
3040 4438 3224 4505 ἥμερα
3272 4438 3362 4487 καὶ
3407 4436 3643 4505 καθαρὰ,
3685 4439 3781 4491 καὶ
3826 4440 4016 4490 eiad-1

2436 4531 2548 4584 τῶν
2570 4529 2662 4582 τοῦ
2731 4526 2968 4597 Χριστοῦ
3026 4525 3300 4578 τυποῦντα
3355 4525 3666 4592 προϐάτων,
3702 4530 3780 4587 εἰς
3822 4527 4018 4578 θυσίαν

754 4626 1052 4682 seutantia.
1087 4625 1158 4678 lix
1191 4623 1513 4678 volucribus
1548 4630 1760 4675 tantum
1784 4632 1963 4673 turtur
1994 4628 2048 4673 et
2078 4619 2323 4672 columba

2440 4624 2535 4675 καὶ
2562 4619 2923 4673 ὁλοκαύτωσιν
2957 4617 3033 4684 τῷ
3060 4617 3208 4684 νόμῳ
3243 4613 3629 4683 παρείληπται,
3675 4616 3782 4667 ἀπὸ
3814 4616 3870 4668 δέ
3902 4617 4018 4668 τῶν

755 4720 822 4774 ad
859 4717 1189 4773 sacrilirium
1221 4727 1275 4771 et
1305 4716 1722 4770 holocaustoma
1756 4713 2149 4775 admittuntur,
2188 4710 2326 4762 alte-

758 4828 881 4867 rum
910 4822 967 4866 ut
1000 4810 1275 4865 castitatis
1301 4823 1364 4863 ae
1402 4809 1624 4877 quietis,
1683 4810 1913 4860 alterum
1950 4814 2008 4857 ut
2058 4803 2142 4857 sui
2177 4818 2329 4856 com-

760 4907 907 4974 peris
935 4913 990 4959 et
1019 4903 1304 4957 hominum
1362 4914 1574 4964 amans,
1633 4906 1927 4966 utrumque
1958 4906 2015 4948 ut
2054 4910 2245 4964 purum
2277 4903 2331 4949 et

756 4999 1124 5070 impolluttttn,
1153 5011 1216 5050 ac
1247 4995 1611 5065 proprietates
1672 4999 1988 5046 sanctarum
2022 4989 2330 5041 animarum

755 5092 858 5149 sub
882 5090 1118 5157 imagine
1141 5088 1405 5141 referens.

829 5183 983 5255 137
1002 5180 1148 5235 Mare
1163 5178 1407 5234 Rubrum
1423 5178 1511 5232 alii
1528 5178 1581 5231 in
1597 5176 1880 5231 duodecim
1903 5184 2082 5245 partes
2101 5174 2331 5227 divisum

763 5279 1197 5340 fuissetrarlunl,
1227 5274 1371 5328 sicut
1405 5282 1458 5326 et
1489 5286 1721 5341 magnus
1761 5269 1851 5322 ille
1905 5266 2333 5337 Chrysostonms

763 5370 940 5424 cuivis
971 5368 1139 5422 tribui
1171 5367 1249 5420 ait
1309 5365 1636 5434 peculiarem
1670 5361 1962 5417 transitum
2024 5359 2328 5427 pra-hilum.

762 5464 869 5518 Alii
898 5475 1066 5517 unam
1117 5471 1329 5514 tantum
1394 5457 1512 5527 ejus
1573 5456 1847 5510 fissionem
1885 5459 2210 5522 agnoscunt.
2266 5466 2332 5506 co

763 5554 910 5627 quod
970 5552 1148 5607 Moses
1206 5552 1426 5605 unicum
1485 5548 1655 5603 ictum
1697 5544 1837 5599 mari
1888 5542 2125 5599 dederit.
2161 5542 2334 5597 Israe-

770 5649 884 5703 litis
913 5645 980 5702 de
1013 5644 1148 5698 mari
1188 5643 1426 5712 egressis
1468 5655 1619 5697 mare
1645 5652 1769 5694 eum
1797 5636 2002 5704 impetu
2039 5638 2093 5691 in
2122 5636 2335 5689 alveum

769 5742 991 5796 rediens
1043 5734 1333 5807 νεεδ-ι)ιὶοε
1384 5741 1608 5790 necatos
1648 5733 1783 5803 ipsis
1832 5732 2071 5798 obtulit;
2102 5744 2336 5800 quorum

768 5835 1061 5899 cadavera,
1120 5829 1353 5901 spoliata
1395 5828 1573 5898 prius,
1604 5828 1906 5884 acervatim
1956 5838 2283 5897 congessere
2318 5837 2335 5886 ;

2434 4712 2654 4779 πτηνῶν
2685 4711 2822 4781 μόνα
2853 4707 3067 4778 τρυγὼν
3095 4708 3186 4759 καὶ
3216 4704 3536 4774 περιστερὰ.
3573 4706 3632 4756 τὸ
3666 4706 3766 4774 μὲν
3788 4707 3862 4768 ὡς
3887 4707 4017 4775 φίλ-

2435 4820 2597 4872 αγνον
2632 4803 2723 4854 καὶ
2750 4801 3061 4870 φιλήσυχον,
3095 4796 3155 4849 τὸ
3184 4797 3239 4848 δέ
3280 4794 3354 4856 ὠς
3396 4795 3716 4863 φιλάλληλον
3749 4798 3845 4849 καὶ
3887 4798 4018 4865 φιλ-

2440 4895 2744 4964 ἀνθρωπον,
2802 4891 2900 4945 καὶ
2937 4891 3105 4959 ἄμφω
3133 4888 3209 4949 ὡς
3250 4885 3464 4956 καθαρά
3509 4888 3605 4938 καὶ
3634 4888 3869 4956 ἀκέραια
3914 4889 4018 4941 καὶ

2441 4990 2610 5056 ἁγίων
2639 4988 2826 5058 ψυχῶν
2869 4986 3135 5055 ἰδιότητας
3164 5002 3411 5055 χαρακτη
3426 4980 3659 5054 ρίζοντα,
3707 4983 3785 5042 είς
3816 4980 4016 5034 θυσίαν

2441 5082 2535 5134 καὶ
2553 5078 2918 5133 ὁλοκαύτωσιν
2936 5077 3013 5148 τῷ
3028 5077 3177 5149 νόμῳ
3195 5077 3489 5143 ἐξείλεκται
3509 5072 3603 5127 καὶ
3622 5072 4021 5144 παρείληπται.

2517 5173 2640 5224 ’Ὁτι
2670 5169 2767 5239 τὴν
2796 5170 3068 5240 Ἐρυθρὰν
3100 5166 3274 5237 οἱμὲν
3323 5169 3403 5229 είς
3458 5164 3663 5218 δώδεκα
3712 5166 3882 5231 τομάς
3930 5164 4024 5216 λέ-

2443 5282 2598 5334 γουσι
2643 5263 2898 5332 κοπῆναι,
2949 5258 3132 5321 καθὼς
3178 5258 3271 5312 καὶ
3318 5259 3347 5310 ὁ
3407 5256 3580 5327 μέγας
3627 5253 4024 5324 Χρυσόστομος

2442 5360 2649 5427 ἑκάστῃ
2686 5357 2827 5425 φυλῇ
2860 5355 3011 5419 λέγει
3050 5352 3219 5405 δίοδον
3251 5351 3387 5403 ἰδίαν
3423 5349 3822 5418 παρεχομένην,
3878 5349 3926 5398 οί
3957 5346 4021 5399 δὲ

2441 5453 2519 5513 είς
2544 5452 2693 5519 μίαν,
2723 5449 2812 5501 διά
2828 5449 2886 5500 τὺ
2919 5446 3049 5516 μίαν
3068 5445 3284 5514 πληγὴν
3305 5442 3397 5495 τὸν
3417 5440 3659 5507 Μωῦσῆν
3680 5441 3747 5509 τῇ
3770 5437 4022 5508 θαλάσσῃ

2440 5544 2751 5597 δεδωκέναι.
2773 5542 2896 5593 Ὅτι
2922 5540 3031 5593 τῶν
3065 5535 3419 5606 Ἰσραηλιτῶν
3446 5536 3543 5602 τῆς
3571 5532 3845 5599 θαλάσσης
3870 5530 4027 5596 ἐξελ-

2446 5633 2649 5687 θόντων
2720 5632 2845 5694 τοὺς
2912 5629 3243 5696 Αἰγυπτίους
3296 5627 3330 5698 ἡ
3379 5622 3622 5677 θάλασσα
3699 5620 4028 5688 ἐκεράσασα

2447 5726 2673 5796 νεκροὺς
2705 5724 2889 5786 αὐτοῖς
2928 5719 3328 5793 παραδίδωσιν·
3370 5715 3464 5779 οὓς
3493 5715 3587 5768 καὶ
3624 5713 4028 5776 σκυλεύσαντες

2451 5819 2675 5891 βουνοὺς
2697 5816 3080 5886 πεποιήκασιν,
3107 5813 3202 5867 καὶ
3229 5812 3261 5881 ἡ
3291 5809 3364 5879 γῆ
3393 5808 3604 5879 χάνασα
3627 5806 3852 5868 τούτους
3887 5821 4029 5858 κατ-
