4184 6436
658 409 748 472 171

654 609 940 663 historiam
993 618 1156 676 atque
1215 623 1304 662 res
1353 615 1536 678 gestas
1586 607 1654 660 ab
1707 607 1917 660 Adamo
1960 617 2042 660 ter
2084 605 2229 659 mille.

653 703 1090 773 oetingentorum
1117 700 1397 770 sexaginta
1419 708 1622 770 septem
1654 713 1944 753 annorum.

727 792 784 846 lu
814 790 984 845 divini
1038 793 1282 864 mysterii
1336 791 1728 855 celebratione,
1765 790 1896 846 urbs
1943 799 2131 846 sancta
2162 792 2230 847 de

659 899 800 939 novo
830 899 969 955 pane
994 896 1242 940 sanctum
1274 883 1476 954 pascha
1517 882 1696 938 oll'crt.

727 1057 983 1112 lnmontc
1003 1057 1152 1110 Sinai
1175 1055 1352 1112 Moses
1383 1066 1508 1111 ante
1538 1058 1729 1113 oculos
1759 1058 1895 1112 vidit
1915 1057 2230 1113 universum

657 1164 798 1203 atem
833 1158 1178 1218 apparatum,
1221 1149 1478 1203 amictum
1524 1150 1822 1218 pontiﬁcis,
1858 1161 2018 1216 atque
2045 1152 2230 1204 omnia

655 1239 722 1292 ad
750 1252 872 1291 eum
892 1238 1242 1307 pertinentia,
1267 1236 1507 1304 ﬁbulam,
1537 1238 1963 1310 139tabellam
1994 1241 2227 1302 oraculi,

654 1345 776 1397 qua:
800 1329 1070 1398 pendebat
1093 1332 1159 1382 ad
1177 1336 1367 1399 pectus
1391 1330 1664 1399 pentiﬁcis
1683 1331 1905 1384 maximi
1937 1331 2224 1387 duodecim

653 1433 848 1478 ornata
881 1425 1133 1496 gemmis,
1188 1440 1420 1493 quarum
1481 1425 1690 1495 fulgore
1744 1425 1874 1493 quid
1925 1427 2226 1496 expediret,

655 1519 1050 1572 obscuratione
1079 1519 1211 1588 quid
1260 1519 1463 1572 damno
1512 1518 1651 1572 foret
1683 1518 2114 1590 signiﬁcabatur.
2145 1519 2228 1573 Ad

657 1625 843 1663 eorum
880 1610 1243 1665 imitationem
1275 1611 1511 1665 confecit
1552 1625 1736 1664 arcam
1769 1627 1893 1664 cum
1929 1594 2085 1665 omni
2143 1611 2229 1665 iu-

656 1713 990 1757 strutnento.
1025 1703 1178 1756 Tunc
1212 1711 1266 1756 et
1296 1703 1508 1771 priores
1537 1702 1745 1774 accepit
1766 1702 2002 1768 tabulas,
2031 1702 2230 1757 Deum-

653 1812 760 1866 qne
803 1795 1003 1850 audivit
1037 1807 1130 1864 per
1174 1795 1311 1848 iram
1347 1795 1461 1848 haec
1489 1795 1758 1850 dicentem
1786 1811 1800 1849 :
1826 1813 1844 1846 ι
1869 1795 2129 1850 Permitte
2171 1803 2230 1849 ut

1895 402 2214 464 GEORGII
2261 403 2597 464 GEDHENI

726 519 1002 570 llactenns
1065 515 1306 585 quinth
1374 513 1538 570 Musis
1595 514 1720 569 libri
1787 514 2303 582 complectuntur-,1

2404 513 2550 575 Ἕως
2595 507 2696 567 ὧδε
2725 516 2759 584 ἡ
2790 516 3146 579 πεντάόιϐλος
3181 519 3426 591 περιέχει
3457 522 3698 592 ἱστορίαν
3729 542 3785 576 τε
3827 529 3920 578 καὶ

2341 609 2541 678 πρᾶξιν
2590 611 2697 665 ἀπὸ
2747 613 2840 665 τοῦ
2882 613 3053 683 Ἀδάμ
3079 614 3216 668 ἐτῶν
3237 617 3554 688 τρισχιλίων
3581 621 3918 676 ὀκτακοσίων

2338 701 2630 771 ἐξηκονταε
2639 703 2767 757 πτά.

2407 794 2530 846 Ὀτι
2573 796 2681 850 ἀπὸ
2727 795 2818 848 τοῦ
2859 795 2981 849 νέου
3011 797 3160 851 σίτου
3192 800 3457 871 προφέρει
3498 803 3531 870 ἡ
3581 799 3715 870 ἁγία
3764 803 3919 866 πόλις

2335 887 2394 938 τὸ
2423 885 2579 954 ἅγιον
2615 888 2826 958 Πάσχα,
2861 886 2961 958 τὴν
3016 889 3334 962 προσφορὰν
3369 893 3428 944 ἐν
3460 895 3524 964 τῇ
3586 894 3705 964 θείᾳ
3744 875 3916 964 μυστ-

2334 978 2568 1047 armti;-

2409 1069 2529 1122 Ὀτι
2555 1069 2655 1139 τὴν
2687 1073 3037 1143 κατασκευὴν
3084 1071 3186 1142 τῆς
3225 1075 3462 1129 κιϐωτοῦ
3493 1077 3676 1129 πᾶσαν
3699 1077 3793 1130 καὶ
3815 1077 3916 1146 τὴν

2335 1161 2526 1230 στολὴν
2555 1160 2650 1214 τοῦ
2685 1163 2878 1231 ἱερέως
2922 1165 3017 1218 καὶ
3045 1165 3155 1218 τῶν
3188 1165 3246 1218 ἐν
3273 1167 3412 1237 αὐτῇ
3450 1168 3687 1231 πάντων,
3723 1169 3823 1238 τῆς
3853 1186 3915 1221 τε

2333 1255 2572 1325 πόρπης,
2599 1253 2722 1324 ἥτις
2749 1255 2866 1306 ἐστὶ
2899 1257 3065 1324 φίσλα
3102 1256 3135 1328 ἢ
3171 1259 3396 1329 περόνη,
3422 1260 3516 1312 καί⁹
3546 1261 3640 1313 τοῦ
3677 1261 3917 1325 λογείου,

2331 1345 2472 1414 ὅπερ
2524 1346 2705 1398 ἔκειτο
2750 1345 2840 1398 ἐπὶ
2862 1346 2954 1398 τοῦ
2988 1347 3218 1419 στήθους
3241 1349 3334 1402 τοῦ
3371 1352 3668 1420 ἀρχιερέως
3693 1352 3778 1405 διὰ
3801 1350 3913 1404 δώ·-

2330 1434 2461 1487 δεκα
2495 1437 2678 1500 λίθων,
2703 1439 3074 1508 σημαινόντων
3097 1440 3185 1494 διὰ
3217 1442 3318 1510 μὲν
3338 1442 3436 1512 τῆς
3462 1443 3641 1510 αὐγῆς
3680 1445 3747 1495 τά
3778 1461 3912 1514 χρηο

2335 1526 2458 1590 στά,
2486 1527 2573 1579 διὰ
2603 1528 2659 1580 δέ
2681 1529 2782 1598 τῆς
2799 1531 3212 1595 ἐπισκοτώσεως
3246 1535 3312 1588 τά
3341 1534 3510 1596 δεινὰ,
3559 1538 3638 1598 είς
3682 1538 3741 1587 τὸ
3783 1539 3913 1589 Σινᾶ

2333 1617 2456 1685 ὅρος
2507 1616 2940 1684 ὀρθαλμοερανῶς
3000 1621 3262 1674 ἐθεάσατο
3323 1625 3586 1693 Μωῦσῆς,
3633 1627 3726 1680 καὶ
3772 1629 3911 1679 κατά

2333 1703 2505 1758 ταῦτα
2536 1706 2886 1778 ᾠκοδόμησεν
2914 1711 3012 1778 τὴν
3041 1713 3273 1764 κιϐωτὸν
3295 1713 3387 1765 καὶ
3412 1714 3481 1766 τὰ
3511 1716 3566 1764 ἐν
3591 1716 3749 1785 αὐτῇ.
3790 1717 3908 1767 ι’ότε

2337 1796 2554 1860 καὶτὰς
2608 1797 2824 1863 πλάκας
2867 1801 2966 1863 τὰς
3006 1800 3230 1871 πρώτας
3295 1803 3475 1868 ἔλαϐε,
3506 1805 3601 1856 καὶ
3640 1805 3732 1856 τοῦ
3773 1806 3908 1857 Θεοῦ

653 1905 744 1944 eos
799 1889 1016 1954 leleam,
1071 1897 1235 1958 atque
1287 1903 1351 1942 ex
1395 1897 1446 1943 te
1485 1885 1682 1942 deinde
1710 1897 1925 1957 gentem
1976 1903 2226 1958 magnam

2341 1889 2566 1957 ἤκουσεν
2592 1890 2947 1962 ὀργιζομένου
2971 1894 3065 1945 καὶ
3086 1891 3357 1961 λέγοντος·
3377 1915 3394 1945 ι
3413 1895 3610 1949 Ἔασόν
3632 1914 3696 1964 με
3731 1898 3911 1964 ἐκτρῖ-

653 1992 815 2049 atque
848 1990 1120 2050 potentem
1159 1994 1451 2049 propagent
1486 1980 1552 2032 ιι.
1581 1997 1599 2029 ι
1637 1979 1743 2034 Sed
1777 1979 1956 2035 Moses
1991 1981 2108 2035 suis
2138 1980 2230 2035 de-

654 2075 1062 2141 precationibus
1107 2075 1242 2128 iram
1279 2075 1370 2129 Dei
1421 2075 1593 2129 leniit.
1656 2072 1791 2128 Cum
1825 2088 1855 2125 a
1889 2080 2076 2126 monte
2128 2073 2224 2128 de-

654 2167 983 2229 scendisset,
1015 2165 1244 2220 vitulum
1277 2167 1400 2237 igne
1428 2165 1732 2221 combussit
1759 2164 1924 2234 inque
1952 2165 2228 2234 pulverem

655 2257 894 2324 redegit:
932 2258 1076 2310 hunc
1101 2256 1537 2325 aquainspersit,
1564 2270 1684 2310 eam
1710 2255 1913 2324 populo
1939 2253 2228 2310 bibendam

651 2345 919 2400 exhibuit.
949 2344 1194 2414 Cumque
1232 2344 1374 2399 bello
1402 2344 1662 2401 intestino
1713 2342 1884 2400 Deum
1937 2345 2230 2416 placasset,

655 2455 846 2494 rursus
863 2438 1042 2493 inedia
1067 2438 1425 2508 quadraginta
1441 2437 1653 2493 dierum
1677 2439 1904 2493 tolerata
1919 2437 1973 2492 in
1991 2446 2231 2494 montem

653 2531 828 2587 evasit
871 2546 934 2585 ac
981 2531 1314 2601 posteriores
1357 2530 1578 2586 tabulas
1617 2532 1851 2600 accepit.
1883 2531 2039 2586 Tunc
2064 2530 2229 2585 etiam

656 2622 866 2677 Donini
922 2621 1267 2691 maiestatem
1316 2619 1455 2676 vidit
1502 2621 1654 2676 rima:
1699 2621 1820 2676 saxi
1873 2621 2153 2688 assidens,
2177 2631 2232 2678 et

657 2713 827 2769 facies
879 2712 1055 2784 ipsius
1097 2713 1372 2768 illustrata
1412 2722 1516 2769 est.
1578 2713 1684 2768 Per
1715 2715 2018 2783 posteriora
2049 2723 2232 2770 autem

660 2808 750 2861 Dei
802 2806 1111 2875 intelligere
1139 2804 1306 2861 debes
1342 2804 1556 2860 divinas
1599 2806 2040 2876 dispensationes
2070 2814 2234 2876 atque

654 2897 988 2953 eﬂectiOnes.
1021 2897 1123 2952 Per
1152 2911 1344 2952 saxum
1383 2895 1510 2950 ﬁdei
1553 2895 1865 2950 ﬁrmitatem
1932 2896 2232 2952 inconcus-

659 3007 799 3046 sam.
820 2992 922 3045 Per
955 2991 1070 3044 saxi
1100 2990 1296 3043 rimam
1328 2989 1453 3045 ﬁdei
1473 2989 1690 3044 oculum
1717 3008 1730 3044 :
1768 3005 1833 3044 eo
1865 2991 2010 3043 enim
2036 2990 2235 3054 Moses,

655 3095 704 3139 et
743 3085 833 3154 qui
865 3099 988 3138 eum
1021 3082 1319 3147 imitantur,
1355 3083 1634 3136 inaccessa
1662 3091 1716 3135 et
1747 3081 2039 3137 invisibilia
2067 3082 2236 3135 attin-

656 3186 812 3245 gunt.
847 3172 949 3228 Per
991 3173 1236 3227 velamen
1305 3171 1778 3228 incredulitatem:
1835 3172 2054 3243 quando
2087 3172 2233 3226 enim

2331 1981 2432 2048 ψαι
2471 1981 2538 2033 αύ
2553 1983 2688 2048 τοὺς,
2704 1983 2800 2036 καὶ
2831 1985 3040 2054 ποιήσω
3079 2001 3138 2036 σε
3169 1987 3248 2048 εἰς
3281 1986 3430 2048 ἔθνος
3463 1989 3604 2057 μέγα
3633 1989 3724 2040 καὶ
3762 1990 3909 2056 ίσχυ-

2336 2073 2449 2143 ρόν.
2469 2092 2488 2125 ι
2515 2073 2684 2138 Αὐτὸς
2702 2074 2756 2128 δὲ
2779 2075 2992 2145 δεηθεὶς
3009 2077 3290 2140 ἐξιλάσατο
3314 2078 3402 2130 τὸν
3428 2078 3582 2142 Θεὸν,
3611 2081 3702 2132 καὶ
3721 2081 3912 2132 κατελ-

2335 2164 2443 2218 θὼν
2513 2169 2601 2220 τὸν
2664 2169 2762 2238 μὲν
2810 2170 3010 2240 μόσχον
3053 2171 3360 2224 κατέκαυσε
3413 2173 3580 2241 πυρὶ,
3630 2173 3724 2224 καὶ
3777 2190 3912 2224 κατο

2333 2256 2526 2328 ήλεσεν
2554 2259 2716 2313 αὑτὸν
2736 2259 2910 2313 λεπτά
2941 2263 3034 2313 καὶ
3063 2263 3320 2330 ἔσπειρεν
3349 2263 3442 2314 ἐπὶ
3470 2262 3564 2315 τοῦ
3587 2262 3913 2325 ’ύδατοςκκαὶ

2336 2348 2551 2402 ἐπότισε
2595 2350 2720 2413 τοὺς
2777 2351 2926 2414 υίοὺς
2966 2352 3205 2422 Ἰσραήλ.
3234 2354 3342 2405 Καὶ
3392 2353 3641 2422 ἐμφυλίῳ
3687 2353 3913 2421 πολέμῳ

2334 2441 2424 2494 τὸν
2452 2442 2585 2496 Θεὸν
2622 2442 2986 2514 ίλεωσάμενος
3006 2485 3021 2510 ,
3053 2445 3138 2516 [Ρ.
3178 2443 3268 2515 79]
3305 2445 3464 2498 πάλιν
3485 2447 3677 2514 ἐτέρας
3711 2463 3913 2498 τεσσα-

2340 2534 2572 2606 ράκοντα
2603 2535 2822 2606 ἡμέρας
2852 2536 3175 2606 νηστεύσας,
3207 2539 3414 2592 ἄνεισιν
3436 2541 3534 2611 ἐἰς
3563 2538 3624 2591 τὸ
3661 2539 3786 2608 ὄρος
3818 2538 3914 2591 καὶ

2334 2628 2434 2690 τὰς
2480 2627 2744 2699 δευτέρας
2791 2628 3006 2692 πλάκας
3053 2629 3346 2699 λαμϐάνει.
3378 2629 3510 2682 Τότε
3557 2625 3663 2682 εἶδε
3695 2631 3788 2682 καὶ
3812 2631 3914 2698 τὴν

2334 2720 2494 2784 δόξαν
2523 2720 2730 2790 Κυρίου
2762 2720 2914 2791 παρά
2935 2723 3001 2790 τῇ
3033 2721 3138 2790 ὁπῇ
3169 2721 3270 2786 τῆς
3298 2720 3499 2790 πέτρας
3531 2719 3780 2783 καθίσας,
3815 2720 3912 2771 καὶ

2337 2811 2596 2880 ἐδοξάσθη
2627 2811 2688 2864 τὸ
2718 2813 3011 2880 πρόσωπον
3052 2809 3239 2864 αὐτοῦ.
3259 2811 3510 2863 Ὀπίσθια
3541 2811 3599 2863 δὲ
3636 2809 3772 2863 Θεοῦ
3802 2811 3911 2880 χρὴ

2337 2907 2478 2958 νοεῖν
2520 2905 2619 2966 τὰς
2653 2903 2803 2966 θείας
2847 2904 3161 2972 οἰκονομίας
3219 2904 3315 2956 καὶ
3366 2904 3670 2973 ἐνεργείας,
3706 2906 3912 2972 πέτραν

2336 2994 2394 3048 δέ
2420 2994 2521 3064 τῆς
2549 2994 2784 3056 πίστεως
2817 2994 2878 3047 τὸ
2907 2995 3135 3066 στερρὸν
3164 2994 3260 3046 καὶ
3286 2994 3648 3062 ἀκράδαντον,
3687 2994 3825 3063 ὀπὴν
3853 2994 3911 3046 δὲ

2336 3086 2438 3154 τῆς
2493 3086 2699 3154 πέτρας
2747 3087 2838 3137 τὸν
2888 3086 2987 3155 τῆς
3026 3086 3262 3146 πίστεως
3293 3083 3567 3154 ὀφθαλμὸν
3606 3083 3713 3154 (διὰ
3758 3085 3913 3136 τοῦτο

2339 3177 2447 3246 γὰρ
2501 3177 2550 3228 oi
2596 3176 2735 3229 κατά
2790 3175 3028 3228 Μωῦσέα
3091 3174 3356 3243 θεωροῦσι
3404 3176 3471 3227 τὰ
3517 3175 3786 3242 ἀνέφικτα
3816 3176 3915 3227 καὶ

661 3239 768 3320 iteo
798 3265 969 3321 credit
995 3265 1180 3331 homo,
1213 3273 1344 3319 tunc
1376 3267 1621 3319 aufertur
1640 3305 1654 3330 ,
1686 3273 1823 3319 teste
1853 3239 2143 3334 'Apostolo
2169 3263 2235 3317 ι’.

2342 3239 2596 3334 ἀθέατα),
2631 3265 2895 3334 κάλυμμα
2933 3265 2992 3318 δέ
3031 3265 3130 3334 τὴν
3159 3239 3447 3318 ἀπιστίαν·
3489 3239 3650 3335 ἡνίκα
3683 3264 3791 3334 γὰρ
3821 3263 3914 3316 ἇν-

659 3355 815 3412 Tune
841 3359 1006 3411 etiam
1038 3371 1188 3409 aram
1231 3355 1530 3409 fabricatur
1563 3370 1726 3424 opera
1783 3354 2093 3418 Bcseleelis,
2147 3355 2236 3409 ﬁlii

663 3451 868 3506 sororis
908 3463 1020 3502 sua:
1059 3448 1262 3510 Mariae,
1300 3456 1355 3501 et
1398 3445 1524 3502 Oris
1554 3446 1672 3513 ejus
1706 3447 1800 3514 qni
1850 3461 1974 3499 cum
2028 3447 2240 3499 Aarone

662 3558 855 3598 manus
880 3540 1047 3596 Mosis
1097 3549 1290 3594 contra
1316 3539 1632 3592 Amalecnm
1658 3540 1868 3591 orantis
1891 3537 2237 3592 sustentavit.

663 3636 839 3703 Opera
873 3632 1213 3687 tabernaculi
1246 3629 1496 3685 absoluta
1523 3638 1648 3684 sunt
1677 3641 1883 3699 septem
1918 3628 2196 3682 mensibus
2224 3645 2239 3692 ;

665 3729 830 3797 idque
884 3735 1125 3781 erectum
1158 3725 1309 3778 stetit
1341 3721 1502 3793 ιω
1533 3721 1702 3790 prima
1737 3719 1825 3774 die
1854 3719 2011 3788 primi
2037 3719 2240 3773 mensis

664 3819 888 3874 secundi
918 3821 986 3872 ab
1009 3818 1155 3872 exitu
1193 3814 1518 3887 Egyptiaco
1545 3813 1697 3876 anni,
1733 3821 1790 3866 ut
1815 3811 2033 3881 quidem
2093 3807 2240 3863 Scri-

664 3927 691 3984 ς
706 3921 824 3966 tura
841 3911 1002 3966 tertio
1015 3910 1181 3977 libro,
1195 3908 1287 3978 qui
1304 3917 1387 3962 est
1402 3907 1695 3971 Leviticus,
1717 3911 1965 3958 testatur.
1990 3902 2243 3956 Secundo

667 4010 850 4055 autem
889 4014 1078 4053 mense
1134 3997 1306 4052 initus
1335 4003 1417 4050 est
1450 3993 1630 4064 populi
1663 4008 1946 4056 numerus,
1984 3992 2244 4062 censique

666 4108 696 4146 a
727 4091 914 4160 viginti
940 4104 1114 4143 annos
1141 4095 1269 4141 nato
1295 4094 1350 4142 et
1379 4100 1566 4155 supra,
1591 4094 1650 4137 ut
1678 4091 1765 4138 est
1797 4082 1849 4135 in
1877 4080 2240 4137 Numerorum

669 4185 808 4237 libro
837 4191 1054 4251 quarto,
1085 4181 1252 4233 millia
1273 4178 1377 4232 605
1409 4192 1472 4231 ac
1498 4176 1600 4231 550
1627 4175 1751 4238 viri,
1782 4177 1988 4244 absque
2014 4175 2240 4238 Levitis,

669 4273 763 4342 qui
803 4273 1031 4328 seorsim
1060 4270 1333 4325 numerati
1373 4267 1697 4338 deprehensi
1750 4278 1878 4321 sunt
1931 4267 2000 4320 22
2052 4267 2239 4321 millia.

672 4365 1105 4436 Quadragesimo
1131 4363 1199 4416 ab
1227 4361 1371 4416 exitu
1420 4375 1567 4414 anno
1617 4363 1867 4414 mortuus
1911 4368 1996 4414 est
2037 4359 2240 4422 Aaron,

671 4465 832 4510 natus
866 4469 1041 4508 annos
1071 4453 1195 4507 125.
1244 4452 1302 4506 In
1335 4451 1453 4520 ejus
1506 4451 1684 4504 locum
1745 4450 2024 4505 substituit
2072 4450 2248 4504 Moses

674 4545 990 4599 Eli‘razarum
1039 4541 1270 4596 Aaronis
1318 4541 1508 4594 ﬁlium.
1548 4539 1670 4610 Ipse
1718 4539 1897 4595 Moses
1959 4540 2246 4594 undecimo

2345 3355 2567 3427 θρωπος
2594 3357 2862 3427 πιστεύσῃ
2890 3355 3026 3426 πρὸς
3062 3355 3288 3426 Κύριον,
3332 3357 3697 3427 περιαιρεῖται
3729 3356 3788 3406 τὸ
3820 3357 3920 3407 κά-

2342 3448 2554 3517 λυμμα,
2580 3447 2654 3510 ὥς
2679 3457 2844 3515 φησιν
2872 3449 2900 3500 ό
2941 3447 3279 3508 Ἀπόστολος.
3320 3446 3454 3498 Τότε
3506 3446 3914 3507 κατασκευάζει

2340 3541 2436 3591 καὶ
2467 3540 2567 3608 τὴν
2597 3537 2830 3591 κιϐωτὸν
2858 3537 2945 3590 διὰ
2962 3536 3224 3605 Βεζελεὴλ
3256 3538 3372 3588 υἱοῦ
3397 3537 3612 3606 Μαρίας
3639 3535 3738 3602 τῆς
3760 3535 3917 3586 ἀδελ-

2343 3629 2449 3698 φῆς
2482 3629 2780 3692 Μωῡσέως,
2819 3628 2913 3680 καί¹
2968 3629 3064 3698 Ὣρ
3102 3627 3196 3679 τοῦ
3238 3627 3485 3688 συνόντος
3541 3626 3637 3678 καὶ
3678 3624 3916 3693 Ἀαρὼν,

2343 3720 2431 3772 ὅτε
2467 3719 2564 3781 τὰς
2599 3722 2785 3789 χεῖρας
2807 3721 3017 3785 ἀνεῖχον
3043 3717 3322 3779 Μωῦσέως
3345 3718 3486 3769 κατὰ
3510 3716 3604 3768 τοῦ
3643 3715 3698 3767 Ἀ
3709 3716 3914 3785 μαλήκ.

2357 3811 2672 3880 Ἐτελειώθη
2700 3810 2755 3862 δὲ
2777 3810 2845 3861 τά
2866 3809 3003 3880 ἔργα
3026 3809 3124 3879 τῆς
3152 3808 3358 3878 σκηνῆς
3388 3813 3444 3862 ἐν
3476 3810 3614 3861 ἐπτά
3645 3808 3800 3876 μησὶ,
3826 3811 3919 3859 καὶ

2343 3906 2411 3972 τῇ
2459 3902 2653 3971 πρώτῃ
2688 3901 2871 3972 ἡμέρᾳ
2910 3899 3003 3952 τοῦ
3055 3898 3273 3968 πρώτου
3332 3898 3499 3966 μηνὸς
3534 3898 3627 3949 τοῦ
3660 3898 3919 3962 δευτέρου

2347 3992 2499 4052 ἔτους
2533 3993 2628 4061 τῆς
2666 3993 2847 4056 ἐξόδου
2878 3990 3006 4059 ἔστη
3033 4007 3046 4018 ·
3075 3991 3211 4058 ὅπερ
3241 3988 3334 4040 καὶ
3363 3990 3394 4055 ἡ
3419 3986 3610 4057 Γραερὴ
3651 3987 3923 4056 μαρτυρεῖ

2346 4087 2404 4138 ἐν
2435 4087 2500 4154 τῇ
2535 4085 2696 4154 τρίτῃ
2720 4083 2829 4135 τῶν
2856 4081 3156 4134 Λευῖτικῶν
3185 4080 3323 4148 (75).
3345 4078 3436 4148 Τῷ
3450 4079 3506 4132 δέ
3528 4080 3762 4148 δευτέρῳ
3790 4081 3922 4148 μηνὶ

2345 4177 2565 4244 ἐγένετο
2610 4178 2642 4243 ή
2695 4175 3053 4244 ἐξαρίθμησις
3106 4171 3199 4224 τοῦ
3256 4170 3408 4234 λαοῦ,
3440 4170 3531 4222 καὶ
3575 4169 3770 4238 εὑρέθη
3812 4170 3923 4222 ἀπὸ

2347 4267 2690 4329 είκοσαετοῦς
2725 4269 2815 4319 καὶ
2845 4265 3051 4328 ἐπάνω,
3083 4264 3317 4333 καθὼςή
3345 4262 3581 4332 τετάρτη
3607 4260 3788 4330 βίϐλος
3811 4260 3922 4312 τῶν

2350 4359 2598 4428 ἀριθμῶν
2623 4359 2798 4427 λέγει,
2843 4357 3102 4428 μυριάδες
3133 4355 3400 4422 ἐξήκοντα
3432 4353 3526 4407 καὶ
3565 4351 3723 4422 ,γφν’,
3752 4351 3925 4421 χωρὶς

2351 4450 2458 4501 τῶν
2493 4449 2759 4503 Λευῖτῶν·
2787 4449 2836 4500 ei
2856 4448 2911 4500 δέ
2937 4446 3161 4500 Λευῖται
3193 4445 3593 4515 άριθμηθέντες
3619 4443 3924 4514 εὑρέθησαν

2352 4539 2590 4608 χιλιάδες
2643 4539 2747 4609 κβ’.
2803 4537 2893 4607 Τῷ
2954 4535 3378 4606 τεσσαρακοστῷ
3431 4535 3540 4587 ἐτει
3593 4535 3690 4602 τῆς
3741 4533 3924 4596 ἐξόδου

672 4652 861 4692 mense
921 4633 1325 4703 quadragesimi
1383 4632 1452 4685 ab
1507 4632 1656 4686 exitu
1710 4633 1859 4696 anni,
1907 4635 2081 4688 a-tatis
2136 4648 2236 4688 sua

2353 4606 2575 4701 νίΛαρὼν
2623 4606 2978 4699 ἐτελεύτησεν
3030 4634 3151 4698 ρκγ⁹
3181 4626 3338 4690 ἐτῶν,
3373 4626 3468 4678 καὶ
3511 4623 3750 4692 Μωῡσῆς
3787 4640 3926 4691 προ-

675 4729 930 4782 vicesimo
943 4743 1103 4796 supra
1122 4726 1504 4789 centesimum,
1525 4724 1697 4779 fausta
1724 4737 1973 4795 precatus
1991 4728 2248 4781 universo

679 4823 899 4889 populo,
922 4819 975 4872 in
1005 4827 1244 4872 montem
1275 4816 1556 4871 Nabanum
1593 4819 1750 4887 (alias
1780 4818 2054 4888 Abarima)
2078 4820 2244 4872 situm

679 4911 731 4962 in
766 4908 1009 4962 llloabico
1039 4907 1169 4965 solo.
1203 4905 1284 4960 cis
1306 4903 1623 4969 Jordanent,
1653 4922 1684 4960 e
1717 4907 1934 4977 regione
1954 4907 2248 4962 Jerichuu-

747 5085 784 5114 δ’
821 5085 988 5138 Ιιῖχοᾶ.
1020 5097 1192 5144 um,
1221 5081 1306 5136 10.
1377 5081 1422 5114 ⁸³
1460 5083 1502 5136 ΙΙ
1531 5082 1654 5137 Cor.
1686 5099 1765 5146 ιιι,
1805 5081 1888 5137 16.

2330 4719 2332 4722 ’
2355 4719 2652 4790 χειρίζεται
2690 4716 2952 4786 Ἐλεάζαρ
2973 4717 3064 4768 τδν
3090 4717 3206 4769 υίὸν
3241 4714 3470 4784 Ἀαρών.
3491 4711 3731 4781 Μωῡσῆς
3764 4712 3821 4765 ὃέ
3848 4711 3930 4782 τῷ

2359 4810 2426 4864 ια’
2460 4812 2590 4880 μηνὶ
2616 4808 2710 4862 τοῦ
2745 4815 2796 4877 μ’
2830 4808 2982 4870 ἔτους
3014 4807 3112 4875 τῆς
3150 4804 3353 4871 ἐξόδου,
3383 4804 3659 4871 ἑκατοστῷ
3689 4802 3745 4853 δὲ
3780 4803 3928 4854 είκοο

2359 4904 2470 4974 στῷ
2517 4903 2628 4957 ἔτει
2681 4903 2782 4971 τῆς
2839 4903 2981 4970 ζωῆς
3035 4899 3226 4965 αὑτοῦ,
3267 4900 3568 4970 εὐλογήσας
3611 4899 3789 4952 πάντα
3836 4897 3930 4949 τὸν

1809 5222 2164 5279 ΧγιΑΝυιιι
2198 5224 2282 5277 ET
2317 5223 2526 5279 οοιιιι
2559 5219 2792 5277 NOTAE.

685 5351 1030 5424 rnptissjma;
1073 5347 1602 5424 apud_quemtamgn
1621 5356 1705 5424 est
1724 5364 1842 5424 eam
1875 5349 2004 5404 olim
2039 5349 2252 5424 Βαίσων

688 5417 849 5494 (forte
876 5421 1066 5494 Βᾲξων
1100 5417 1194 5494 aut
1211 5417 1414 5494 Βάσαν)
1467 5417 1798 5494 a__Ba_rbaris
1829 5431 2095 5494 vocatam.
2145 5419 2254 5494 Pli-

689 5487 810 5550 nius
834 5509 886 5554 ν,
923 5489 988 5542 l8
1021 5504 1141 5543 eam
1183 5489 1237 5542 in
1288 5487 1538 5557 Decapoli
1603 5487 1804 5543 Judaaze
1847 5490 2024 5542 vicina
2078 5492 2250 5557 ponit,

695 5559 1116 5634 aitqueNysam
1154 5559 1309 5634 prius
1361 5559 1530 5613 fuisse
1583 5559 1785 5634 dictant
1831 5575 1876 5634 a_
1919 5559 2111 5612 Bacchi
2147 5575 2253 5634 _n_u-

691 5628 845 5697 trice.
871 5628 988 5686 Lib.
1007 5629 1049 5684 ll
1072 5628 1320 5682 Macltab.
1345 5645 1416 5683 xu
1441 5629 1642 5682 mentio
1662 5629 2053 5698 ﬁtScytharnm
2078 5630 2250 5697 urbis,

701 5705 861 5773 hujus
895 5698 1386 5773 ipsius_nimirnm_,
1413 5699 1617 5773 dissitae
1634 5700 1706 5773 ab
1746 5698 2163 5773 flierosulymis“
2183 5700 2249 5773 ad

697 5768 868 5826 stadia
899 5768 1022 5826 σου.
1067 5769 1137 5822 Ea
1165 5784 1296 5837 ergo
1349 5768 1522 5822 Basan
1571 5770 1674 5822 fuit
1725 5770 1854 5822 olim
1912 5768 2056 5837 regia
2128 5769 2247 5837 ()gi.

700 5842 832 5898 Vide
865 5840 1183 5911 Josephum,
1214 5840 1474 5909 Antiquit.
1508 5857 1578 5908 iv,
1601 5841 1654 5905 5,
1683 5851 1734 5896 et
1765 5839 1951 5896 confer
1971 5856 2093 5894 cum
2130 5841 2252 5894 lus:

2358 5351 2515 5403 facile
2555 5349 2826 5418 intelliges
2859 5340 3382 5418 ScytliOpolim‘ess-e
3423 5338 3711 5418 Basanem,
3761 5351 3932 5409 caput

2356 5419 2632 5473 Galadina:
2684 5408 2768 5473 vel
2801 5408 3186 5472 Gaulonitidis,
3239 5408 3473 5465 Galilmm
3531 5408 3928 5464 imminentem.

2362 5490 2492 5544 Vide
2516 5499 2568 5543 et
2608 5505 2729 5558 quae
2758 5490 2823 5541 de
2860 5491 2960 5542 hac
2989 5481 3123 5558 urbe
3152 5480 3295 5558 infra
3326 5477 3606 5558 Cedrenus
3635 5481 3687 5532 in
3711 5478 3928 5558 _Orestis

2357 5559 2536 5614 fabula
2575 5550 2758 5614 refert.
2787 5559 2891 5612 Sed
2912 5563 3026 5611 haec
3070 5555 3122 5605 in
3143 5550 3515 5617 Geograpliicis
3555 5551 3756 5605 nostris
3801 5551 3933 5602 ube-

2357 5634 2491 5690 rius,
2535 5632 2640 5684 Ileo
2686 5632 2916 5684 volente.
2946 5631 3083 5688 Χη.
3553 5693 3564 5700 _
3619 5692 3642 5700 ,
3761 5689 3798 5700 ..
3899 5689 3930 5700 ..

2427 5689 2540 5770 (75)
2587 5702 2747 5762 Αιαυί
2789 5705 2898 5757 lucc
2941 5721 3048 5759 non
3093 5703 3147 5755 in
3185 5693 3566 5762 Let'itiro,5cd
3615 5692 3714 5746 line
3761 5689 3935 5742 Exodi

2361 5773 2631 5840 leguntur.
2670 5770 2798 5826 Χιί..
