4184 6436
723 359 820 423 179

1952 370 2271 431 GEORGII
2315 374 2651 436 CEDRENI

3873 391 3985 463 180⁸

720 479 859 525 viret
910 484 1085 527 annos
1132 470 1460 528 octodecim.
1496 474 1632 530 Cum
1683 483 1865 533 autem
1912 493 1972 535 se
2020 480 2085 534 ad
2127 478 2292 536 Deum

2406 486 2620 555 βασιλεῖ
2652 491 2852 561 Συρίας
2900 492 2999 563 τῆς
3055 494 3487 566 Μεσοποταμίας
3528 498 3621 569 ἔτη
3661 498 3750 570 ιη’.
3820 503 3961 557 Ἐπι-

715 561 954 632 populus
996 563 1384 629 convertisset,
1420 566 1467 621 is
1499 567 1579 622 eis
1610 568 1843 637 primum
1871 569 2106 640 judicem
2141 573 2294 627 exci-

713 654 851 709 tavit
883 652 1289 721 Gmhonielem,
1332 658 1517 713 Calebi
1558 659 1807 724 fratrem,
1842 670 1973 717 natu
2003 665 2292 719 minorem.

715 744 763 799 Is
803 745 1062 815 populum
1115 747 1185 803 40
1232 763 1407 802 annos
1454 750 1801 818 gubernavit.
1837 752 2013 824 Hujus
2053 763 2294 825 tempore

712 839 981 895 diluvium
1031 843 1458 899 Deucalioneum
1511 846 1566 899 in
1615 845 1824 902 Graecia
1880 847 2001 902 fuit.
2050 848 2291 904 Rursum

713 935 967 1003 peccatis.
992 935 1229 1003 populus
1265 934 1430 988 Deum
1484 936 1711 991 irritans
1752 939 1821 991 ab
1865 954 1930 992 eo
1965 941 2018 991 in
2054 946 2294 1009 potesta-

713 1019 833 1081 ten'r
852 1025 1043 1095 Egloni
1084 1025 1326 1080 Moabico
1371 1027 1485 1097 regi
1528 1029 1763 1083 traditus
1792 1038 1894 1093 est,
1926 1045 2072 1085 anno
2103 1031 2295 1086 mundi

710 1117 871 1181 3949.,
911 1118 1073 1185 eique
1112 1119 1342 1174 servivit
1380 1135 1553 1175 annos
1598 1120 1685 1175 I8.
1715 1122 2148 1191 Resipiscentem
2198 1140 2297 1195 po-

710 1210 896 1279 pulum
930 1209 1072 1266 Deus
1103 1221 1288 1282 postea
1315 1215 1369 1265 in
1399 1212 1705 1268 libertatem
1740 1216 1977 1269 asseruit
2015 1216 2295 1272 ambidex-

710 1304 781 1356 tri
825 1302 961 1357 Aodi
1005 1318 1191 1374 opera.
1250 1305 1298 1358 Is
1343 1305 1412 1359 80
1443 1322 1617 1360 annos
1648 1307 1905 1376 populum
1943 1308 2289 1377 gubernavit.

710 1396 869 1450 Anno
920 1396 1039 1465 ejus
1090 1397 1160 1449 27
1203 1396 1397 1452 Attica:
1444 1415 1537 1453 rex
1588 1398 1826 1468 Cecrops
1860 1402 2089 1455 exstitit.
2130 1404 2291 1454 Anno

712 1491 1121 1559 septuagesimo
1148 1490 1385 1560 septimo
1411 1491 1674 1545 diluvium
1711 1492 1813 1545 fuit
1847 1494 1898 1547 in
1932 1494 2213 1548 Thessalia
2237 1503 2292 1550 et

708 1580 1008 1652 IEthiopia.
1058 1582 1271 1638 Rursus
1314 1584 1624 1637 ﬁetitiorum
1665 1584 1895 1639 deorum
1942 1587 2096 1641 cultu
2140 1587 2291 1642 insa-

708 1672 892 1726 niente
925 1674 1145 1742 populo,
1175 1675 1454 1727 concessit
1492 1673 1634 1729 Deus
1670 1685 1727 1728 ut
1757 1676 1805 1730 is
1837 1690 1934 1745 per
1965 1676 2155 1745 viginti
2190 1694 2289 1732 .m-

709 1780 810 1819 nos
843 1780 870 1816 a
914 1763 1130 1819 Jabimo
1164 1782 1287 1834 rege
1316 1764 1670 1821 Chanaanico
1704 1769 2126 1837 opprimeretur.
2160 1767 2289 1823 Post

2400 579 2735 651 στρέψαντος
2764 582 2947 637 τοίνυν
2967 585 3063 638 τοῦ
3094 584 3227 640 λαοῦ
3260 588 3398 657 πρὸς
3424 588 3557 641 Θεὸν
3602 590 3853 662 ἀνίστησι
3887 595 3972 646 τὸν

2399 672 2440 724 Γ
2442 672 2658 743 οθονιὴλ
2712 678 2932 745 πρῶτον
2982 678 3214 749 κριτὴν,
3279 680 3513 749 ἀδελφὺν
3563 681 3828 754 νεώτερον
3882 690 3971 740 τοῦ

2396 763 2600 828 Χάλεϐ,
2637 764 2696 827 ὂς
2726 766 2909 837 ἔκρινε
2934 766 3023 821 τὸν
3047 767 3177 822 λαὸν
3208 769 3302 840 ἔτη
3342 778 3414 840 μη
3451 773 3545 825 ἐπὶ
3573 772 3767 825 τούτου
3815 775 3970 842 γέγοο

2401 873 2494 908 νεν
2526 858 2554 907 6
2589 856 2684 909 ἐπὶ
2714 858 3086 923 Δευκαλίωνος
3117 861 3505 932 κατακλυσμὸς
3533 866 3595 917 ἐν
3617 868 3680 936 τῇ
3733 866 3962 920 Ἑλλάδι.

2397 947 2507 1000 Καὶ
2533 948 2697 1002 πάλιν
2720 950 2781 1001 τὸ
2814 951 3053 1021 πονηρὸν
3083 953 3317 1024 ποιήσας
3347 957 3375 1006 6
3445 956 3664 1026 Ἰσραὴλ
3703 959 3966 1028 παρεδόθη

2410 1038 2612 1106 Ἐγλὼν
2651 1040 2863 1110 βασιλεί
2893 1043 3203 1097 Μωαϐιτῶν
3250 1047 3309 1099 ἐν
3340 1045 3418 1116 τῷ
3471 1046 3662 1118 ,γῶμβ
3695 1048 3827 1114 ἔτει,
3883 1053 3967 1103 καὶ

2396 1134 2713 1188 ἐδούλευσεν
2745 1136 2839 1208 ἔτη
2872 1136 2962 1206 ιη’.
2996 1138 3168 1192 Πάλιν
3197 1139 3254 1192 δέ
3285 1139 3485 1204 αὐτοὺς
3539 1143 3966 1213 ἐπιστρέψαντας

2394 1228 2695 1299 ἐξαιρεῖται
2729 1230 2815 1283 διὰ
2841 1231 2933 1283 τοῦ
2963 1232 3423 1303 ἁμφοτεροδεξιοῦ
3463 1231 3623 1299 Ἀὼδ,
3656 1234 3716 1297 ὃς
3744 1234 3871 1303 ἔσχε
3908 1234 3966 1282 τὸ

2394 1321 2684 1392 ἐπώνυμον
2718 1321 2875 1375 τοῦτο
2897 1323 2985 1375 διὰ
3020 1324 3079 1377 τὸ
3110 1326 3310 1394 ὁμοίως
3356 1327 3415 1377 ἐν
3466 1326 3629 1379 παντὶ
3690 1327 3967 1396 πράγματι

2394 1417 2459 1485 τῇ
2492 1414 2758 1485 εὐωνύμῳ
2808 1416 3046 1485 χρῆσθαι
3087 1420 3231 1487 χειρὶ
3278 1417 3530 1488 καθάπερ
3570 1420 3665 1469 καὶ
3709 1420 3775 1487 τῇ
3802 1417 3962 1487 δεξιᾷ.

2396 1499 2565 1569 Οὗτος
2629 1509 2879 1576 ἡγήσατο
2917 1504 3011 1559 τοῦ
3078 1508 3209 1560 λαοῦ
3263 1509 3358 1576 ἐτη
3415 1508 3491 1561 π’.
3544 1507 3750 1561 Τούτου
3785 1508 3861 1578 τῷ
3892 1510 3966 1570 κζ’

2394 1600 2505 1653 ἔτει
2562 1601 2881 1653 ἐϐασίλευσε
2936 1600 3035 1669 τῆς
3097 1600 3348 1667 ’Δττικῆς
3404 1604 3432 1652 ὁ
3481 1600 3723 1671 Κέκροψ·
3802 1601 3857 1651 ἐν
3912 1599 3961 1651 δὲ

2392 1691 2469 1758 τῷ
2520 1692 2595 1756 of,"
2650 1691 2760 1745 ἔτει
2822 1692 3012 1760 γέγονε
3043 1692 3431 1761 κατακλυσμὸς
3477 1694 3534 1743 ἐν
3564 1691 3837 1761 Θεσσαλία
3880 1691 3969 1743 καὶ

2392 1783 2670 1853 Αἰθιοπία.
2709 1783 2874 1837 Πάλιν
2908 1784 3375 1851 εἰδωλομανοῦντα
3424 1784 3515 1836 τὸν
3566 1782 3783 1853 Ἰσραὴλ
3832 1799 3964 1849 παρ-

712 1856 917 1911 liebora
960 1856 1181 1911 fatidica
1228 1859 1449 1920 mulier,
1485 1874 1621 1911 uxor
1663 1857 1993 1929 Apbeidothi
2032 1859 2101 1914 de
2139 1863 2281 1915 tribu

2396 1875 2557 1928 ἔδωκε
2592 1876 2797 1945 Κύριος
2846 1877 2904 1927 ἐν
2960 1876 3107 1945 χειρὶ
3169 1875 3381 1945 Ίαϐεὶμ
3429 1874 3696 1945 βασιλέως
3750 1875 3965 1928 Χαναὰν

706 1945 1079 2015 Ephraimiea,
1132 1946 1391 2002 Israelico
1440 1949 1643 2018 populo
1689 1948 1929 2017 prasfuit.
1981 1949 2092 2005 Ilac
2149 1951 2290 2005 duce

704 2039 987 2094 Barachus
1006 2040 1293 2094 Abinoemi
1323 2040 1467 2094 lilius
1490 2040 1636 2109 tribu
1667 2040 2138 2112 Nephtbalimieus
2162 2058 2287 2097 eum

709 2132 865 2204 147
892 2130 1074 2187 Sisera
1119 2114 1639 2201 eopiarum-Kbimi
1688 2133 2015 2201 imperatore
2050 2149 2286 2205 pugnam

704 2225 1026 2285 commisit,
1077 2232 1363 2293 totumque
1412 2225 1531 2293 ejus
1576 2225 1876 2279 exercitum
1950 2223 2111 2279 fudit.
2171 2224 2290 2296 Ipse

705 2319 889 2372 δίδοι-ιι
942 2317 1111 2388 pedes
1170 2316 1386 2388 fugiens
1437 2335 1465 2371 a
1522 2317 1669 2373 Jaela
1724 2334 1894 2373 uxore
1933 2318 2287 2373 Coschameri

705 2409 914 2465 Cinna-i
951 2409 1279 2465 interiectus
1319 2420 1421 2471 est,
1459 2411 1599 2464 mala
1628 2411 1786 2464 clavo
1817 2412 2184 2464 transadacta.
2216 2411 2288 2464 Ea

707 2509 1034 2571 tempestate
1092 2500 1331 2556 Cadmus
1382 2500 1584 2556 Thebis
1653 2502 1916 2571 regnavit.
1978 2500 2288 2556 Secundum

708 2594 935 2649 Debora:
984 2601 1216 2649 mortem
1263 2609 1457 2650 rursus
1501 2594 1733 2663 deliquit
1776 2594 2038 2664 populus,
2087 2594 2290 2648 Madia-

707 2688 949 2756 nitisque
997 2686 1281 2741 vexandus
1322 2702 1419 2757 per
1460 2700 1667 2757 septem
1700 2702 1878 2742 annos
1907 2688 2172 2743 divinitus
2204 2696 2290 2742 est

705 2779 1006 2833 exhibitus.
1046 2778 1154 2834 Eos
1199 2778 1417 2835 Gedeon
1464 2779 1612 2835 tribu
1655 2779 2013 2846 Manasszeus,
2046 2780 2290 2834 victoriae

709 2870 907 2925 fiducia
956 2871 1131 2941 signis
1180 2887 1209 2924 a
1250 2870 1363 2926 Deo
1401 2871 1547 2926 datis
1583 2872 1929 2933 conﬁrmata.
1961 2887 2084 2925 cum
2123 2887 2288 2926 manu

707 2962 950 3016 virorum
984 2961 1077 3034 qui
1104 2977 1300 3017 canum
1333 2978 1486 3017 more
1518 2977 1715 3032 aquam
1747 2962 2040 3017 lambendo
2076 2963 2291 3019 hausis-

707 3062 830 3110 sent
860 3055 1086 3110 adortus
1118 3064 1222 3119 est,
1256 3070 1320 3110 ac
1352 3057 1641 3111 exstinctis
1662 3072 1853 3111 eorum
1886 3055 1986 3110 1‘20
2018 3055 2286 3118 millibus,

710 3149 896 3219 populi
949 3163 1049 3219 per
1088 3149 1447 3218 quadraginta
1483 3163 1657 3203 annos
1689 3148 1796 3201 dux
1832 3147 1955 3201 fuit.
1986 3146 2113 3201 Post
2143 3148 2289 3201 hunc

709 3244 1056 3298 Abimelecus
1106 3244 1253 3296 ﬁlius
1282 3243 1423 3312 ejus,
1457 3258 1633 3297 annos
1663 3244 1718 3307 3,
1750 3242 1954 3297 Tlmlas
1983 3242 2074 3305 25,
2107 3241 2290 3296 Jairus

710 3335 1025 3393 Galaadites
1068 3337 1161 3391 29..
1195 3336 1322 3392 Inde
1371 3337 1443 3391 ob
1490 3352 1588 3392 sua
1640 3345 1861 3407 peccata
1896 3337 2128 3406 populus
2158 3336 2290 3387 Am-

713 3430 942 3483 monitis
977 3428 1198 3483 deditus
1229 3436 1334 3494 est,
1366 3429 1433 3483 ab
1461 3443 1631 3497 eoque
1665 3429 1728 3482 18
1764 3443 1940 3483 annos
1980 3428 2287 3481 divcxatus.

698 3521 845 3574 Cum
904 3528 1088 3575 autem
1144 3521 1209 3574 ad
1256 3520 1423 3574 Deum
1470 3520 1804 3581 revertisset.
1857 3534 1955 3589 per
2000 3517 2290 3588 Jephtham

716 3612 1053 3668 Galaatlitam
1108 3613 1155 3665 is
1201 3628 1297 3667 eos
1342 3613 1614 3667 liberavit.
1650 3613 1911 3681 Princeps
1963 3614 2141 3681 populi
2193 3612 2293 3666 luit

716 3707 804 3760 hic
858 3721 1036 3761 annos
1084 3705 1136 3759 6.
1173 3706 1301 3760 Post
1333 3706 1478 3759 hunc
1517 3706 1762 3760 Essebon
1798 3706 1853 3759 7.
1899 3706 1973 3758 Eo
2004 3704 2115 3760 fere
2155 3714 2293 3759 tem-

718 3814 845 3866 pore
872 3797 1037 3868 Troja
1082 3810 1131 3852 et
1166 3799 1317 3851 |lium
1348 3798 1677 3855 conduntur.
1723 3806 1777 3852 et
1817 3796 2173 3867 JEseulapius
2207 3813 2294 3851 ar—

716 3901 821 3943 tem
848 3889 1112 3942 medicam
1135 3888 1444 3943 constituit.
1465 3888 1631 3959 Eglon
1652 3887 1990 3943 Zabulonius
2008 3905 2182 3944 annos
2205 3890 2291 3942 10.

717 3982 906 4035 ΑιιιΙυη
940 3980 1136 4036 Selemi
1169 3983 1313 4035 filius
1338 3979 1780 4046 Pharathonites,
1816 3981 1902 4035 cui
1931 3980 2292 4051 quadraginta

719 4078 942 4129 l'nerunt
979 4075 1097 4133 ﬁlii.
1130 4082 1359 4141 nepotes
1393 4072 1640 4142 triginta,
1679 4072 1995 4128 Israelicum
2034 4073 2291 4143 populum

714 4170 859 4223 rexit
888 4183 1062 4222 annos
1096 4168 1149 4223 8.
1196 4166 1311 4220 Hoc
1345 4177 1587 4235 tempore
1619 4165 1761 4236 apud
1804 4165 2025 4221 Gra‘cos
2058 4166 2295 4221 innotuit

715 4259 965 4328 Orpheus
1008 4257 1216 4320 Thrax,
1249 4257 1452 4328 lyricus
1484 4257 1839 4327 omniumque
1882 4268 2161 4327 poetarum
2208 4274 2297 4311 ce-

718 4352 1063 4407 leberrimus.
1094 4352 1143 4405 Is
1178 4352 1231 4403 in
1264 4350 1607 4420 poematibus
1648 4350 1766 4405 suis
1809 4350 2076 4421 plurimos
2105 4366 2295 4405 versus

719 4444 897 4512 posuit
928 4443 995 4499 de
1025 4444 1421 4499 elementorum
1452 4450 1575 4495 ortu
1612 4441 1851 4511 itemque
1885 4442 2124 4498 hominis
2154 4444 2295 4497 nali-

2391 1970 2484 2037 ἐτη
2512 1966 2582 2022 κ’.
2620 1968 2773 2021 Μετὰ
2802 1967 2977 2021 ταῦτα
3011 1966 3255 2041 Αεϐόρρα
3285 1968 3576 2037 προφῆτις,
3609 1966 3748 2037 γυνὴ
3789 1969 3960 2034 Ἀτρει-

2389 2061 2497 2114 δὼθ
2529 2061 2703 2129 φυλῆς
2745 2059 3007 2131 Ἐφραϊμ,
3062 2060 3245 2127 ἔκρινε
3290 2062 3380 2112 τὸν
3435 2060 3673 2130 Ἰσραήλ.
3708 2061 3807 2112 Δια
3838 2061 3956 2112 ταύ-

2389 2169 2489 2222 της
2516 2152 2766 2221 ἡγήσατο
2818 2137 3029 2219 Βαράκ,
3066 2147 3181 2201 υἱὸς
3239 2147 3519 2218 ’Δϐινοεὶμ
3550 2148 3614 2200 ἐκ
3656 2146 3829 2216 φυλῆς
3863 2145 3959 2200 Νε-

2391 2240 2652 2309 φθαλεὶμ,
2687 2240 2787 2308 τῆς
2832 2238 2975 2290 κατὰ
3008 2239 3251 2310 Σισάρρα
3284 2237 3464 2306 μάχης
3511 2234 3605 2287 τοῦ
3641 2234 3964 2305 ἀρχιστρατ-

2392 2335 2527 2402 ήγου
2559 2330 2793 2400 Ἰαϐεὶμ,
2824 2330 2918 2382 καὶ
2935 2331 3208 2401 ἐκράτησε
3238 2329 3419 2397 πάσης
3443 2328 3543 2397 τῆς
3568 2328 3848 2397 δυνάμεως
3869 2328 3962 2380 αὖ-

2390 2422 2508 2479 τοῦ.
2542 2424 2713 2486 Αὐτὸς
2746 2424 2801 2475 δὲ
2847 2425 2876 2476 6
2922 2422 3168 2493 Σισάρῤα
3202 2423 3317 2485 τοῖς
3364 2420 3495 2473 ποσὶ
3540 2417 3822 2489 διαφυγὼν
3864 2419 3965 2470 ὑπὸ

2404 2514 2547 2584 Ἰαὴλ
2606 2514 2868 2582 γυναικὸς
2917 2512 3114 2582 Χάμερ
3161 2510 3257 2564 τοῦ
3320 2509 3580 2564 Κινναίου
3637 2509 3962 2579 ἀναιρεῖται,

2392 2605 2660 2675 πασσάλῳ
2718 2605 2860 2657 κατὰ
2879 2605 2981 2673 τῆς
3011 2602 3213 2671 γνάθου
3265 2602 3581 2671 διαπαρείς.
3645 2600 3805 2655 Κατὰ
3848 2598 3968 2655 τού-

2391 2716 2516 2761 τους
2544 2699 2672 2761 τους
2706 2700 2933 2768 χρόνους
2962 2697 3184 2767 Κάδμος
3234 2699 3292 2748 ἐν
3352 2695 3567 2764 Θήϐαις
3624 2694 3963 2747 ἐϐασίλευσε.

2391 2791 2547 2846 Μετὰ
2570 2791 2626 2843 δὲ
2652 2792 2750 2861 τὴν
2779 2789 3056 2859 Δεϐόρῤας
3104 2786 3361 2856 τελευτὴν
3412 2786 3689 2855 ἐξήμαρτε
3738 2784 3900 2838 πάλιν
3939 2785 3969 2836 ὁ

2391 2883 2539 2946 λαὸς,
2578 2884 2674 2936 καὶ
2696 2881 2969 2953 παρεδόθη
3000 2883 3111 2942 τοῖς
3145 2878 3502 2947 Μαδιηναίοις
3537 2877 3630 2945 ἔτη
3657 2875 3722 2940 ζ’.
3765 2875 3967 2930 Γεδεὼν

2390 2975 2447 3027 δὲ
2476 2975 2659 3035 αὐτοῖς
2696 2973 2759 3025 ἐκ
2789 2971 2963 3040 φυλῆς
3017 2971 3311 3038 Μανασσῆ,
3363 2968 3529 3030 θείοις
3583 2969 3828 3036 σημείοις
3872 2967 3965 3034 τῆς

2392 3063 2549 3130 νίκης
2590 3062 2962 3131 κομισάμενος
2995 3059 3092 3129 τὴν
3123 3060 3330 3124 πίστιν,
3380 3057 3765 3117 ἐπανίσταται,
3795 3058 3889 3109 καὶ
3912 3057 3965 3107 ἐν

2393 3157 2503 3217 τοῖς
2518 3154 2745 3223 ἀνδράσι
2764 3155 2875 3216 τοῖς
2894 3151 3097 3221 λάψασι
3119 3150 3302 3213 καθὼς
3322 3150 3469 3203 κύων
3481 3148 3589 3202 τῶν
3612 3147 3682 3219 ιβ’
3705 3146 3967 3219 μυριάδας

2393 3246 2873 3316 διαχειρισάμενος
2932 3240 3063 3314 ἦρξε
3122 3243 3219 3296 τοῦ
3270 3243 3401 3296 λαοῦ
3430 3241 3524 3311 ἐτη
3562 3242 3633 3311 μ’.
3688 3240 3973 3309 ’Δϐιμέλεκ

2392 3338 2586 3391 τούτου
2624 3339 2736 3400 υίὸς
2781 3337 2877 3403 ἐτη
2910 3344 2979 3404 γ’,
3013 3336 3154 3389 Θόλα
3197 3335 3293 3406 ἐτη
3331 3333 3436 3402 κγ’,
3485 3334 3650 3402 Ἰαεὶρ
3686 3335 3714 3385 6
3760 3332 3973 3385 Γαλαα-

2392 3430 2545 3500 δίτης
2577 3430 2672 3499 ἐτη
2706 3427 2809 3499 κβ¹.
2864 3428 3020 3483 Μετὰ
3050 3428 3208 3481 τοῦτο
3260 3427 3573 3497 ἐξήμαρτεν
3603 3427 3631 3478 6
3658 3426 3807 3488 λαὸς,
3876 3424 3973 3477 καὶ.

2393 3523 2666 3592 παρεδόθη
2702 3524 2811 3584 τοῖς
2857 3520 3174 3591 Ἀμανίταις
3202 3521 3297 3589 ἔτη
3330 3526 3420 3589 ιη’.
3448 3520 3684 3571 Ἔπειτα
3716 3519 3813 3586 τὴν
3838 3517 3974 3585 πρὶς

2394 3615 2525 3668 Θεὸν
2558 3613 2924 3682 ποιησάμενος
2956 3612 3214 3665 ἐπάνοδον
3238 3608 3502 3674 σώζονται
3521 3610 3609 3663 διὰ
3636 3610 3728 3662 τοῦ
3770 3607 3979 3675 Ἰεφθάε

2393 3704 2487 3759 τοῦ
2521 3705 2842 3757 Γαλααδίτου
2860 3702 2955 3770 ἐτη
2990 3708 3063 3766 ς’.
3083 3702 3239 3755 Μετὰ
3260 3702 3450 3755 τοῦτον
3482 3698 3752 3753 Ἐσσεϐὼν
3779 3699 3876 3767 ἐτη
3907 3696 3969 3758 ζ’.

2397 3800 2552 3852 Κατά
2582 3797 2802 3859 τούτους
2845 3798 2972 3858 τοὺς
3006 3794 3230 3866 χρόνους
3271 3794 3333 3847 τὸ
3367 3794 3528 3846 Ἴλιον
3560 3793 3783 3859 ἐκτίσθη
3818 3790 3914 3843 καὶ
3943 3792 3975 3856 ἡ

2395 3891 2584 3961 Τροία,
2604 3891 2696 3942 καὶ
2712 3890 3042 3956 Ἀσκληπιὸς
3056 3887 3151 3957 τὴν
3170 3886 3421 3956 ἰατρικὴν
3433 3886 3747 3954 ἐπιστήμην
3764 3882 3947 3952 μετῄει
3960 3921 3973 3934 .

2412 3984 2785 4054 Ἐγλὼν(78)ὁ
2810 3982 3185 4049 Βαϐυλωνίτης
3219 3980 3312 4049 ἐτη
3343 3985 3394 4034 ι’.
3426 3978 3753 4039 Ἀϐδὼνυίὲς
3780 3977 3979 4044 Σελεὶμ

2397 4080 2425 4131 6
2458 4075 2878 4145 Μαραθωνίτης,
2909 4073 2967 4136 ὃς
3008 4069 3075 4143 ἦν
3109 4072 3294 4141 πατὴρ
3328 4069 3537 4122 παίδων
3594 4067 3646 4138 μ’
3698 4069 3791 4121 καί
3817 4068 3979 4135 ἐκγό-

2397 4189 2503 4225 νων
2526 4169 2591 4233 λ’,
2648 4164 2951 4239 ἐκρινε’τὸν
2990 4166 3209 4236 Ἰσραὴλ
3271 4163 3366 4234 ἐτη
3426 4162 3497 4233 η’.
3548 4162 3706 4216 Κατὰ
3754 4161 3981 4223 τούτους

2397 4265 2525 4327 τοὺς
2564 4261 2790 4333 χρόνους
2836 4261 3065 4330 Ὀρφεὺς
3093 4260 3121 4311 ὁ
3147 4257 3295 4329 Θρᾲξ
3328 4257 3357 4309 6
3412 4256 3637 4323 λυρικὸς
3687 4255 3781 4308 καἻι
3817 4269 3984 4321 ποιηο

2398 4356 2507 4408 τῶν
2536 4354 2790 4407 ἁπάντων
2826 4351 3229 4422 ἐπισημότατος
3267 4350 3398 4421 παρ’
3436 4350 3698 4418 ’Ἓλλησιν
3745 4347 3985 4419 ἐγνωρί-

2406 4446 2548 4511 (sto,
2576 4445 2661 4518 [P.
2693 4442 2783 4517 84]
2811 4445 2869 4507 ὃς
2893 4446 2953 4497 ἐν
2981 4445 3288 4513 ποιητικοῖς
3315 4444 3517 4511 στίχοις
3540 4442 3667 4511 περὶ
3698 4442 3985 4510 στοιχείων

724 4538 905 4598 ιίιειιρ,
956 4536 1096 4589 lucis
1146 4551 1211 4589 ex
1264 4536 1467 4589 aethere
1512 4532 1802 4587 eﬂ'nlsione
1848 4534 2292 4603 philosophatus:

2406 4538 2678 4599 ποιήσεως
2709 4535 2803 4588 καὶ
2851 4533 3140 4605 ἀνθρώπου
3194 4533 3485 4601 γενέσεως,
3555 4534 3649 4585 καὶ
3698 4532 3877 4599 φωτὸς
3921 4532 3979 4583 ἐΞ

724 4626 886 4697 148
928 4627 1055 4680 item
1098 4627 1165 4679 de
1203 4627 1486 4695 principiis
1520 4626 1878 4693 incorporeis,
1914 4626 1981 4677 de.
2015 4628 2299 4693 potestati-

723 4724 844 4781 bus,
890 4718 957 4772 de
1000 4719 1117 4772 sole
1155 4728 1207 4771 et
1249 4718 1376 4769 luna
1414 4716 1794 4784 sideribusque
1833 4716 2123 4777 universis,
2154 4725 2296 4770 terra

726 4810 860 4861 mari
904 4817 1065 4876 atque
1109 4808 1369 4861 omnibus
1404 4822 1524 4875 qiue
1560 4805 1613 4859 in
1658 4806 1726 4860 iis
1774 4814 1925 4867 sunt,
1968 4806 2082 4860 sive
2127 4806 2295 4859 videri

723 4917 783 4953 ea
819 4907 1026 4968 queant
1072 4914 1166 4952 seu
1203 4899 1376 4973 visum
1416 4896 1647 4965 fugiant,
1686 4897 1867 4949 omnia
1918 4896 2035 4949 lnee
2071 4897 2139 4947 ab
2172 4897 2297 4948 uui-

726 4992 865 5046 versi
896 4991 1195 5046 Contlilore
1220 4989 1394 5044 eﬂicta
1424 4990 1653 5042 docens.
1688 4988 1770 5041 Ab
1797 4988 1987 5041 eodem
2017 4989 2296 5041 hominum

724 5100 895 5151 genus
922 5099 985 5136 ex
1020 5095 1164 5136 terra
1191 5081 1429 5135 ellietum
1459 5082 1753 5149 animaque
1787 5080 2020 5133 rationis
2052 5087 2301 5149 compote

727 5174 1048 5245 przrditum;
1104 5181 1216 5227 tum
1269 5173 1454 5227 onmia
1513 5173 1576 5226 ad
1630 5188 1797 5226 unum
1850 5171 2045 5225 (Ιίνίιω
2093 5180 2301 5224 natura:

725 5266 1015 5332 imperium
1079 5271 1243 5329 atque
1303 5263 1407 5315 vim
1466 5261 1699 5324 referri,
1748 5276 1941 5329 nempe
1995 5262 2059 5312 :nl
2113 5277 2296 5313 verum

728 5358 917 5413 lleum.
964 5372 1124 5424 quem
1177 5369 1338 5407 nemo
1390 5354 1565 5419 videt;
1602 5353 1687 5406 cui
1741 5353 1843 5405 tria
1885 5362 2012 5406 sunt
2050 5352 2293 5417 nomina,

725 5448 1037 5511 consilium,
1070 5449 1248 5501 lumen
1275 5455 1330 5501 et
1357 5446 1462 5498 vita
1499 5446 1551 5499 in
1582 5447 1720 5514 ipso.
1747 5445 1818 5496 Ita
1854 5444 2294 5512 sapientissimus

724 5542 976 5610 Orpheus
1024 5538 1421 5609 propemodum
1457 5539 1694 5603 veritati,
1726 5553 1889 5607 quam
1937 5553 2037 5590 nos
2078 5537 2297 5605 proﬁte-

2404 4629 2622 4698 αἰθέρος
2654 4628 2922 4696 ἐλλαμψιν
2962 4627 3293 4695 φιλοσοφῶν,
3335 4627 3511 4695 ἀρχάς
3550 4642 3610 4677 τε
3652 4624 3983 4693 ἀσωμάτους

2403 4719 2495 4771 καὶ
2512 4719 2781 4783 ἐξουσίας,
2806 4719 2955 4787 ἥλιον
2979 4718 3073 4769 καὶ
3094 4718 3324 4785 σελήνην
3340 4718 3433 4768 καλ⁵
3452 4716 3628 4786 ᾇστρα
3650 4715 3850 4775 πάντα,
3878 4713 3984 4779 γῆν

2404 4814 2500 4863 καὶ
2531 4811 2808 4864 θάλασσαν
2851 4810 2945 4862 καὶ
2973 4810 3040 4861 τα
3064 4811 3122 4861 ἐν
3154 4808 3337 4867 αὐτοῖς
3368 4806 3540 4877 ὁρατά
3560 4824 3617 4858 τε
3642 4805 3736 4858 καὶ
3769 4805 3982 4872 ἀόρατα

2412 4902 2587 4953 πάντα
2620 4900 2725 4952 ὑπὸ
2754 4899 2847 4951 τοῦ
2886 4896 3232 4968 Δημιουργοῦ
3266 4897 3372 4949 τῶν
3399 4897 3535 4949 ὅλων
3560 4894 3835 4961 γενέσθαι,
3890 4895 3984 4946 κσί

2407 4994 2467 5042 τ),
2497 4990 2607 5042 τῶν
2638 4989 2940 5060 ἀνθρώπιον
2968 4991 3120 5055 γένος
3150 4987 3237 5039 ὑπ’
3270 4986 3433 5039 αὑτοῦ
3458 4985 3549 5037 τοῦ
3583 4985 3718 5038 Θεοῦ
3742 4984 3984 5047 πλασθῆ-

2401 5101 2491 5135 ναι
2541 5085 2604 5134 ἐκ
2638 5085 2740 5151 γῆς
2772 5081 2869 5133 καὶ
2913 5079 3091 5150 ψυχὴν
3133 5078 3226 5131 ὑπ’
3270 5076 3438 5131 αὑτοῦ
3500 5076 3719 5145 λογικὴν
3776 5076 3983 5133 λαϐεῖν,

2400 5176 2481 5234 εἰς
2512 5173 2642 5240 μίαν
2666 5172 2719 5224 δέ
2745 5170 2974 5239 δύναμιν
3007 5170 3097 5222 καὶ
3135 5167 3429 5240 ἐνικράτος
3469 5166 3722 5235 θεεοετητος
3779 5167 3973 5231 ἀνάγε-

2406 5263 2529 5315 σθαι
2574 5264 2642 5311 τε
2667 5264 2843 5314 πάντα
2879 5261 3139 5326 θεολογεῖ,
3174 5262 3233 5323 ὃς
3265 5262 3413 5312 ἐστιν
3438 5262 3465 5310 ὁ
3497 5257 3572 5309 ὢν
3606 5258 3757 5319 Θεὸς,
3795 5257 3855 5309 ὃν
3890 5260 3979 5308 ob.

2399 5355 2510 5416 δεὶς
2547 5356 2669 5424 ὁρᾷ.
2700 5354 2838 5422 Τρία
2868 5353 2943 5415 δὲ,
2969 5353 3152 5423 φησὶν,
3180 5351 3439 5420 ὀνόματα,
3463 5349 3648 5417 βουλὴ,
3680 5350 3819 5415 φῶς,
3845 5349 3983 5417 ζωὴ,

2405 5448 2462 5499 ἐν
2502 5446 2671 5515 αὐτῷ,
2704 5446 2884 5513 ὀλίγου
2909 5446 3018 5496 δεῖν
3046 5442 3350 5512 συμφώνως
3388 5444 3452 5510 τῇ
3485 5440 3712 5510 ἀληθεία
3755 5443 3819 5508 τῇ
3858 5442 3983 5492 καθ’

2403 5540 2552 5607 ἡμᾶς
2601 5540 2726 5607 περί
2782 5558 2842 5592 τε
2901 5538 3037 5591 Θεοῦ
3091 5539 3184 5591 καὶ
3239 5534 3542 5604 ἀνθρώπων
3592 5538 3619 5587 ὁ
3662 5524 3979 5603 ’σᾶιρωτατιις

1854 5650 2203 5704 XYLANDRI
2239 5650 2325 5704 ET
2353 5652 2560 5707 GOARI
2595 5655 2825 5709 NOTAS.

792 5751 905 5815 (7x)
942 5748 1097 5823 Elom
1152 5746 1436 5802 emendavi
1492 5746 1545 5801 in
1606 5747 2071 5817 interpretatione,
2114 5758 2161 5802 et
2214 5748 2458 5819 suppleri
2503 5752 2612 5805 haec
2651 5769 2713 5807 ex
2775 5754 3040 5823 superiori
3100 5754 3161 5805 de
3208 5750 3501 5817 --!_n:liul~us
3559 5748 3892 5804 narratione.
3938 5756 3994 5797 et

728 5824 896 5879 ltdzc.
941 5835 1032 5874 zu.
1066 5818 1190 5873 Χιι..
