4184 6436
262 410 357 468 l-Sl
1359 406 1900 467 HISTORIARUM
1943 408 2465 467 (IOMI’ENDIUM.

3396 403 3525 467 ‘18}

256 522 750 589 ατοςρθεγγόμενος
799 520 1051 591 Ὀρφεύς.
1114 522 1363 592 Λυρῳόὸς
1417 523 1470 575 δὲ
1507 526 1596 575 καὶ
1653 525 1846 590 κιθαρ-

1954 538 2095 582 mur.
2133 534 2499 577 consentanea
2535 524 2598 577 de
2635 523 2741 577 Deo
2772 531 2825 577 et
2853 523 3165 577 hominibus
3194 524 3523 592 pronuntia-

253 614 393 680 ῳδος
425 612 694 680 ὑμνεῖται,
723 612 907 665 πᾶσαν
932 613 1260 682 κατακηλῶν
1294 614 1391 665 καὶ
1414 613 1622 680 Οέλγων
1644 614 1845 682 ψυχήν.

259 704 371 755 Καὶ
421 704 490 755 τὰ
524 704 687 754 λοιπὰ
714 703 1164 774 προεγράφησαν.

330 878 496 933 Κατᾶ
520 880 743 941 τούτους
770 880 893 944 τοὺς
924 879 1149 950 χρόνους
1182 881 1280 935 καὶ
1314 881 1583 950 Μαρσύαν
1632 882 1847 950 φιλόσο-

256 988 361 1036 φον
412 970 631 1037 λέγουσι
663 969 937 1037 γενέσθαι,
970 970 1027 1032 ὃς
1081 969 1271 1038 ἐξεῦρε
1294 970 1383 1023 διὰ
1427 970 1698 1040 μουσικῆς
1745 971 1845 1024 αύ-

257 1063 389 1125 loli;
424 1065 535 1115 ἀπὸ
567 1063 856 1131 καλάμων,
886 1062 980 1114 καὶ
1006 1064 1291 1114 ἁπενοεῖτο
1319 1062 1426 1115 ἀπὸ
1464 1062 1602 1115 θεῶν
1653 1063 1845 1118 ἑαυτὸν

259 1157 356 1206 καὶ
391 1154 569 1220 λέγων
602 1151 909 1221 ἀνθρώποις
936 1150 1233 1222 εὑρηκέναι
1263 1151 1350 1205 διὰ
1379 1152 1473 1205 τοῦ
1509 1153 1707 1223 μέλους
1737 1154 1846 1207 τῶν

258 1246 534 1314 καλάμων
559 1246 790 1315 τροφήν.
820 1242 1025 1297 Τοῦτον
1054 1245 1559 1314 παραφρονήσαντα
1586 1245 1740 1315 ῥῖψαι
1765 1247 1847 1299 λέ-

258 1356 421 1401 -ςῖται
459 1338 651 1390 ἑαυτὸν
675 1339 755 1399 είς
784 1338 876 1389 τὸν
906 1336 1169 1405 ποταμὸν,
1216 1336 1339 1391 ὅθεν
1366 1339 1461 1391 καὶ
1514 1339 1543 1389 ὁ
1597 1340 1842 1408 ποταμὸς

256 1428 532 1497 Μσρτύας
555 1428 850 1498 ὠνομάσθη
869 1448 880 1459 ·
920 1428 1027 1481 ἀπὸ
1062 1428 1318 1498 Κολχίδος
1339 1430 1396 1482 δὲ
1418 1423 1571 1493 οὗτος
1596 1430 1843 1501 ὥρμητο.

334 1522 503 1574 Πάλιν
536 1524 562 1572 6
598 1521 726 1581 λαὸς
762 1522 1148 1590 προσπταίσας
1198 1522 1475 1575 ὲκδέδοται
1526 1523 1845 1592 ἀλλοφύλοις

255 1618 354 1682 Ξτη
414 1618 489 1681 μ’.
540 1612 999 1680 Ἐπιστρέψαντος
1055 1612 1111 1664 δὲ
1152 1612 1318 1665 αὑτοῦ
1379 1614 1515 1683 πρὸς
1562 1615 1695 1667 Θεὸν
1750 1616 1843 1668 ἅν-

261 1710 454 1770 ίστησι
486 1704 575 1755 τὸν
606 1703 849 1772 Σαμψὼν
878 1699 968 1755 τὸν
1002 1702 1099 1756 τοῦ
1132 1704 1334 1757 Μανωὲ
1388 1706 1523 1769 υἱὸν,
1554 1709 1617 1759 ὲκ
1670 1707 1843 1775 φυλῆς

254 1798 387 1855 Ais,
424 1796 572 1856 ὅστις
617 1793 1079 1863 καταπολεμήσας
1132 1796 1257 1857 τοὺς
1303 1795 1633 1865 ἀλλοφύλους
1687 1798 1844 1867 ἄρχει

253 1890 352 1954 ἐτη
388 1886 459 1939 κ’.
500 1888 657 1939 Κατὰ
682 1885 907 1947 τούτους
931 1888 1058 1949 τοὺς
1097 1886 1324 1956 χρόνους
1367 1888 1640 1958 Ἡρακλῆς
1674 1891 1843 1957 ἐγνωο
1874 1880 1919 1940 Β

257 1978 449 2045 ρέζετο
482 1979 509 2029 6
563 1978 689 2039 τους
740 1975 973 2029 δεκαδύο
1030 1976 1226 2040 ἄθλους
1274 1978 1555 2041 διανύσας.
1617 1981 1839 2049 Σαμανῆ

254 2072 509 2139 ἡγήσατο
541 2069 635 2121 τοῦ
681 2068 813 2123 λαοῦ
872 2070 991 2133 ἔτος
1052 2067 1122 2123 α’.
1213 2071 1503 2140 Ἀναρχίας
1557 2072 1843 2142 γεγονυίας

253 2162 398 2214 κατὰ
435 2162 532 2224 τὰς
580 2161 879 2231 Ἐὃραῖκὰς
911 2162 1267 2232 παραδόσεις,
1294 2166 1390 2217 καὶ
1413 2164 1684 2233 ἔπραττεν
1709 2165 1841 2219 ἔκαε

255 2270 386 2315 στος
416 2254 555 2324 ὅπερ
576 2253 864 2322 ἠϐούλετο,
892 2248 978 2307 οἷα
999 2253 1149 2317 εἰκὸς
1171 2256 1231 2307 ὲν
1274 2255 1511 2326 ἀναρχίᾳ
1572 2256 1838 2323 γίνεσθαι,

251 2348 353 2414 ἔτη
386 2344 465 2414 μ’,
496 2347 724 2415 εἰρήνην
752 2346 913 2416 ἔσχεν
939 2346 967 2397 6
996 2345 1125 2408 λαὸς
1158 2346 1298 2416 πρὸς
1335 2349 1461 2411 τοὺς
1514 2349 1843 2419 ἀλλοφύλους

253 2440 353 2507 ἔτη
385 2438 435 2490 λ’
464 2439 687 2507 Σαμανῆ
720 2438 1049 2510 ἡγουμένου.
1088 2438 1198 2492 Καὶ
1244 2440 1392 2492 Ἠλεὶ
1426 2440 1454 2491 ὁ
1496 2442 1676 2511 ἱερεὺς
1707 2437 1843 2511 ἦρξε

251 2530 351 2583 τοῦ
386 2530 522 2584 λαοῦ
554 2531 647 2599 ἐτη
676 2537 744 2583 κ’.
773 2531 932 2583 Κατᾶ
957 2531 1181 2595 τούτους
1210 2533 1338 2593 τοὺς
1366 2531 1588 2600 χρόνους
1617 2534 1643 2585 6
1686 2534 1844 2587 Ἰλια-

256 2626 353 2686 κὸς
374 2624 612 2693 πόλεμος
644 2624 864 2692 ἐγένετο
880 2624 971 2693 ἐτη
994 2624 1148 2691 δέκα,
1174 2624 1270 2678 καὶ
1298 2625 1358 2677 τὸ
1385 2624 1545 2677 Ἴλιον
1574 2625 1708 2695 ἥλω.
1737 2627 1843 2679 Σα-

256 2717 439 2785 μουὴλ
466 2715 849 2786 διαδεξάμενος
876 2716 966 2769 τοῦ
1009 2717 1158 2769 Ἠλεὶ
1194 2717 1295 2785 τὴν
1326 2718 1604 2787 ἱερατείαν
1630 2720 1725 2772 καὶ
1746 2718 1845 2789 τὴν

250 2806 564 2875 ἡγεμονίαν
592 2807 903 2875 κρατείτοῦ
934 2806 1087 2861 λαοῦ.
1131 2808 1266 2859 Φασὶ
1296 2806 1351 2859 δὲ
1403 2808 1563 2861 αὐτὴν
1620 2808 1845 2861 δεκαδύο

252 2899 397 2951 ὲτὼν
430 2893 593 2962 εἶναι,
620 2900 708 2951 ὅτε
740 2898 957 2970 πρῶτον
989 2899 1140 2969 αὑτῷ
1169 2901 1339 2969 ἐφάνη
1357 2899 1594 2970 λαλήσας
1624 2903 1653 2953 6
1674 2901 1806 2963 Θεός
1828 2919 1841 2932 ·

254 2986 341 3053 οἷς
380 2994 417 3060 ὴ
455 2990 691 3054 κιϐωτὸς
729 2992 841 3061 (79)
879 2993 935 3043 ἐν
963 2990 1041 3060 τῷ
1081 2992 1391 3061 Ἀμιναδὰμ
1418 2994 1551 3062 οἴκῳ
1581 2994 1841 3064 διέτριψε.

257 3083 371 3135 Καὶ
405 3081 678 3151 βασιλέως
732 3081 1047 3151 χρισθέντος
1104 3078 1172 3152 ἦν
1228 3083 1767 3154 ἀντιλαμϐανόμενος
1818 3087 1848 3138 6

263 3174 420 3225 Ἠλεὶ
444 3172 539 3242 ἔτη
568 3170 631 3224 ο’·
666 3172 881 3226 Γίνεται
908 3172 1087 3227 τοίνυν
1111 3174 1219 3227 ἀπὸ
1254 3175 1351 3243 τῆς
1377 3175 1635 3245 τελευτῆς
1669 3175 1844 3246 Ἰησοῦ

252 3265 349 3315 ἐπὶ
367 3265 469 3333 τὴν
502 3240 757 3333 τελευτὴν
785 3264 1039 3335 Σαμουὴλ
1071 3264 1164 3333 ετη
1191 3271 1259 3334 χ’,
1283 3240 1393 3319 απὸ
1412 3267 1469 3319 δὲ
1496 3240 1616 3320 Νῶέ
1640 3240 1846 3322 καὶ-τοῦ
1876 3240 1917 3299 ο

255 3356 653 3425 κατακλυσμοῦ
680 3355 772 3425 ἔτη
816 3355 955 3425 βρκ¹,
975 3356 1080 3409 ἀπὸ
1125 3357 1292 3425 ’Δδὰμ
1320 3357 1412 3427 ἔτη
1439 3357 1626 3429 γδτπβξ
1665 3360 1724 3414 Ὀ
1751 3362 1849 3431 μὲν

253 3445 522 3514 Σαμουὴλ
552 3445 652 3515 ἠδη
700 3444 1031 3516 γεγηρακὼς
1067 3448 1161 3499 καὶ
1194 3447 1286 3500 τοῦ
1321 3447 1448 3502 λαοῦ
1475 3451 1853 3521 ὀκνηροτέρως

254 3540 588 3608 πσιούμενος
609 3539 707 3609 τὴν
728 3541 817 3608 [Ρ.
842 3539 934 3610 85]
954 3539 1206 3609 ὲποψίαν,
1238 3541 1349 3595 τῶν
1367 3560 1427 3595 τε
1460 3545 1665 3598 παίδων
1687 3546 1852 3601 αὑτοῦ

251 3632 455 3700 δώροις
478 3632 567 3684 ἀεὶ
581 3632 641 3684 τὸ
668 3632 875 3685 δίκαιον
911 3633 1274 3703 προϊεμένων,
1300 3636 1443 3705 χρίει
1480 3636 1724 3706 βασιλέα.
1759 3640 1852 3694 τοῦ

253 3724 389 3775 λαοῦ
408 3724 511 3792 μὲν
538 3723 1067 3791 καταναγκάζοντος,
1089 3727 1183 3779 τοῦ
1206 3728 1341 3781 Θεοῦ
1372 3730 1427 3782 δὲ
1461 3735 1716 3802 συγχωρή
1727 3751 1851 3788 σαν-

254 3830 373 3875 τος,
409 3814 504 3865 τὸν
546 3815 717 3867 Σαοὺλ
758 3816 874 3867 υἱὸν
910 3816 1036 3883 Κὶς,
1068 3819 1131 3870 ὲκ
1159 3819 1331 3886 φυλῆς
1355 3819 1650 3891 ΙΒενιαμίν.
1687 3819 1855 3889 Οὗτος

258 3905 719 3974 συνεπισχύοντος
746 3908 838 3959 τοῦ
867 3908 1130 3979 ιΣαμουὴλ
1190 3909 1465 3979 βασιλεύει
1526 3913 1623 3983 ἔτη
1664 3924 1733 3980 κ’,
1767 3919 1854 3987 ἐφ’

257 3997 459 4050 ἑαυτοῦ
485 3997 540 4049 δὲ
574 3997 668 4066 ἔτη
701 3998 769 4051 κ’.
797 3999 1175 4070 Προεφήτευσε
1205 4002 1260 4055 δὲ
1285 4001 1376 4055 ἐπ’
1422 4004 1587 4057 αὐτοῦ
1618 4007 1733 4076 ἅμα
1762 4010 1855 4063 καὶ

259 4089 551 4154 [spinosa
573 4089 850 4160 Σαμουὴλ.
886 4091 1145 4163 Ἀὅεννὴρ
1173 4094 1230 4146 δὲ
1258 4096 1286 4146 6
1304 4095 1399 4148 τοῦ
1424 4097 1546 4166 Νὴρ
1566 4098 1665 4168 τῆς
1687 4116 1855 4166 στρα-

258 4181 384 4238 τιὶς
410 4180 698 4248 ἀφηγεῖτο.
727 4180 834 4233 Τοῦ
862 4181 918 4234 δὲ
941 4182 1115 4235 Σαοὺλ
1138 4186 1610 4255 προσπταίσαντος
1635 4191 1712 4259 τῷ
1738 4191 1855 4261 Θεῷ

263 4270 553 4334 πολλάκις,
589 4271 849 4339 μειζόνως
879 4272 935 4324 δὲ
958 4272 1045 4326 διὰ
1068 4273 1167 4344 τὴν
1194 4276 1511 4345 παράὸασιν
1543 4280 1641 4349 τῆς
1685 4282 1852 4335 αὐτού

265 4364 641 4431 προστάξεως,
664 4366 1165 4436 περιποιησαμένου
1185 4368 1276 4420 τὸν
1301 4370 1480 4438 Ἀγαγ
1512 4370 1735 4441 βασιλέα
1768 4376 1853 4427 Ἀ-

267 4452 828 4521 ;.ι.ιληκιτῶν,ᾕκουσε
858 4455 1116 4527 παρὰτοῦ
1142 4458 1448 4528 προφήτου·
1471 4477 1488 4510 ι
1516 4461 1851 4530 Μεματαίω-

1955 617 2048 670 vit.
2096 616 2322 686 Lyricus
2364 628 2417 671 ct
2454 618 2793 672 citharmdus
2849 617 3018 670 fuisse
3048 618 3395 686 praedicatur.
3426 616 3522 684 qui

1952 709 2222 763 suavitate
2254 712 2524 765 sermonis
2554 712 2805 780 quamvis
2849 710 3084 764 oblectet
3114 718 3273 779 atque
3313 710 3524 764 demul-

1951 810 2069 857 ccat
2110 802 2369 854 animam.
2406 801 2632 868 Reliqua
2661 817 2825 871 supra
2858 801 3168 855 retulimus.

2020 891 2222 945 Eodem
2262 902 2504 959 tempore
2547 891 2809 963 Marsyam
2868 904 3085 960 quoque
3139 885 3520 957 philosophum

1952 982 2118 1038 fuisse
2152 991 2399 1044 narrant,
2433 981 2523 1050 qui
2572 987 2688 1033 arte
2736 981 2939 1035 musica
2976 979 3181 1032 invenit
3218 975 3522 1030 ﬁstularum

1948 1090 2013 1128 ex
2041 1074 2266 1129 calamis
2294 1072 2717 1135 coniectionem,
2753 1079 2913 1140 atque
2954 1071 3019 1124 ad
3072 1070 3345 1123 insaniam
3397 1082 3526 1136 pro-

1950 1165 2136 1235 lapsus
2166 1164 2256 1219 Dei
2290 1165 2392 1219 sibi
2416 1179 2613 1217 nomrn
2633 1161 2931 1231 arrogavit,
2958 1160 3143 1213 dicens
3176 1173 3234 1213 se
3264 1156 3522 1211 alimenta

1950 1255 2264 1309 hominibus
2311 1255 2555 1309 carmine
2610 1252 2912 1306 ﬁstularum
2965 1250 3272 1319 reperisse;
3327 1249 3525 1302 fertur-

1948 1363 2052 1417 que
2108 1355 2287 1401 mente
2336 1354 2529 1415 captus
2579 1360 2699 1398 sese
2751 1344 2804 1396 in
2842 1342 3064 1395 ﬂuvium
3114 1341 3405 1410 abjecisse,
3437 1340 3521 1391 cui

1950 1438 2175 1508 Marsyae
2201 1453 2398 1492 nomen
2446 1436 2569 1491 inde
2605 1435 2804 1490 factum
2834 1452 2846 1487 :
2883 1435 2928 1489 is
2963 1449 3026 1488 ex
3051 1431 3314 1487 Colchide
3352 1432 3520 1483 venit.

2016 1530 2284 1584 Cazterum
2318 1528 2549 1599 populus
2580 1542 2701 1581 cum
2754 1541 2942 1579 rursus
2972 1524 3138 1579 Deum
3186 1522 3523 1583 offendisset,

1948 1626 2017 1679 ab
2040 1639 2106 1679 eo
2140 1623 2397 1678 Barbaris
2427 1637 2521 1691 per
2553 1620 2623 1675 40
2656 1635 2829 1673 annos
2860 1619 3074 1673 deditus
3109 1626 3211 1672 est.
3231 1616 3526 1671 Convers‘s

1946 1718 2011 1773 ad
2043 1733 2100 1773 se
2134 1716 2274 1772 Deus
2305 1715 2627 1769 Samsonem
2655 1712 2859 1766 Manum
2895 1711 3061 1765 lilium
3092 1710 3353 1777 praeterit.
3378 1708 3523 1761 tribu

1948 1808 2232 1863 Danicum.
2286 1806 2335 1861 Is
2389 1807 2621 1862 deviCtis
2678 1804 2933 1859 Barharis
2997 1804 3197 1873 p0pulo
3241 1816 3416 1855 annos
3454 1800 3526 1851 20

1952 1900 2159 1973 praefuit
2174 1942 2186 1955 .
2202 1899 2276 1953 Ea
2298 1899 2458 1971 15.9
2477 1907 2795 1968 tempestate
2817 1894 3345 1959 Herculesinuotuit,
3362 1894 3407 1948 is
3432 1893 3526 1963 qui

1950 1994 2239 2051 duodecim
2297 2006 2573 2047 erumnas
2628 1990 2895 2045 toleravit.
2953 1988 3219 2043 Samanes
3267 1986 3525 2059 populum

1951 2090 2092 2143 rexit
2128 2102 2331 2142 annum
2369 2101 2559 2141 unum.
2590 2084 2747 2148 Cum,
2781 2091 2839 2137 ut
2865 2090 2948 2139 est
2979 2082 3046 2137 ab
3073 2082 3317 2139 Hebraeis
3356 2081 3529 2135 tradi-

1952 2189 2091 2245 tum,
2122 2180 2446 2250 magistratu
2475 2178 2711 2249 populus
2738 2185 2977 2241 vacaret,
3004 2190 3067 2229 ac
3091 2190 3191 2230 suo
3218 2172 3399 2244 quivis
3438 2187 3528 2226 ar-

1952 2273 2116 2327 bitrio
2151 2281 2357 2344 ageret,
2397 2271 2539 2326 sicut
2575 2272 2629 2324 in
2664 2271 2978 2337 interregno
3031 2268 3147 2324 ﬁeri
3180 2269 3402 2331 assolet,
3435 2280 3531 2335 per

1952 2381 2127 2421 annos
2182 2364 2283 2428 40,
2314 2373 2509 2435 pacata
2567 2377 2598 2417 a
2649 2362 2907 2419 Barbarie
2939 2361 3140 2431 papulo
3172 2358 3354 2414 omnia
3410 2356 3530 2413 fue-

1953 2465 2081 2512 runt
2108 2472 2205 2526 per
2234 2470 2408 2512 annos
2442 2455 2531 2517 30,
2560 2454 2795 2510 Samane
2818 2453 2980 2509 duce.
3016 2453 3128 2507 Elis
3162 2451 3420 2507 sacerdos
3457 2450 3529 2505 20

1953 2564 2128 2602 annos
2183 2549 2445 2618 p0pulum
2484 2547 2831 2618 gubernavit.
2892 2543 3068 2614 Hujus
3116 2553 3274 2599 aetate
3328 2543 3528 2599 bellum

1954 2640 2251 2711 Troianum
2282 2640 2585 2695 decennale
2622 2646 2835 2710 gestum
2862 2646 2945 2693 est
2976 2652 3039 2692 ac
3080 2636 3236 2691 Ilium
3287 2644 3529 2703 captum.

1953 2732 2032 2787 Eli
2068 2732 2355 2787 Samuelus
2389 2729 2656 2787 successit
2699 2730 2752 2783 in
2783 2728 3094 2784 sacerdotio
3118 2734 3172 2782 et
3218 2726 3401 2799 populi
3433 2742 3533 2795 gu-

1955 2823 2293 2879 bernatione.
2313 2819 2467 2874 Hunc
2493 2820 2714 2873 tradunt
2736 2817 3021 2873 duodecim
3044 2832 3312 2873 annorum
3337 2814 3529 2882 fuisse,

1954 2931 2075 2971 cum
2112 2916 2347 2985 primum
2373 2913 2420 2967 ei
2449 2911 2590 2968 Deus
2621 2911 2874 2982 apparuit
2902 2920 3065 2979 atque
3100 2912 3278 2980 ipsum
3331 2908 3531 2963 aﬂ‘atus

1954 3014 2037 3062 est
2068 3025 2080 3061 :
2108 3006 2309 3075 quibus
2350 3018 2475 3059 arca
2506 3004 2561 3058 in
2592 3003 2756 3058 domo
2802 3002 3143 3057 Aminadami
3190 3006 3530 3056 commorata

1955 3098 2075 3154 fuit.
2109 3097 2177 3152 Et
2224 3112 2349 3167 rege
2397 3104 2561 3151 uncto
2606 3093 3047 3165 apprehendehat
3079 3091 3189 3147 Elis
3229 3106 3404 3146 annos
3434 3090 3524 3147 70.

1954 3191 2188 3246 Proinde
2210 3189 2487 3244 ﬂuxerunt
2512 3188 2580 3243 ab
2602 3189 2749 3243 obitu
2778 3186 2958 3242 Josuze
2986 3202 3157 3256 usque
3188 3185 3255 3239 ad
3288 3183 3531 3239 Satnucli

1954 3290 2185 3340 mortem
2222 3283 2347 3337 anni
2384 3281 2507 3344 610,
2552 3297 2579 3333 a
2613 3280 2723 3333 Noa
2768 3289 2820 3334 et
2853 3280 3059 3333 diluvio
3086 3278 3245 3343 2|‘20,
3278 3277 3344 3332 ab
3388 3277 3532 3332 Ada-

1956 3390 2044 3430 mo
2058 3373 2215 3428 4382.
2238 3371 2393 3427 Enim
2412 3387 2538 3427 vero
2557 3370 2864 3435 Samuelns,
2881 3386 3002 3425 cum
3019 3369 3135 3439 ipse
3156 3369 3227 3423 ob
3252 3375 3528 3423 senectam

1955 3475 2169 3522 atatem
2201 3466 2424 3533 segnius
2472 3463 2653 3535 pepuli
2693 3461 2910 3532 negotia
2941 3462 3133 3526 obiret,
3170 3468 3223 3516 et
3274 3460 3365 3513 lilii
3408 3460 3528 3528 ejus

1956 3557 2118 3612 donis
2141 3572 2199 3611 se
2228 3556 2506 3624 corrumpi
2541 3554 2683 3624 passi
2719 3554 2786 3607 ab
2811 3553 3064 3622 aequitate
3089 3552 3385 3607 identidem
3432 3552 3527 3606 de-

1957 3648 2263 3713 ﬂecterent,
2299 3647 2498 3718 populo
2528 3654 2758 3717 cogente
2818 3660 2881 3699 ac
2914 3646 3183 3713 permissu
3223 3644 3314 3698 Dei
3348 3659 3528 3712 regem

1958 3742 2161 3813 populo
2195 3739 2454 3793 unclione
2482 3738 2732 3808 designat
2763 3735 2988 3790 Saulum
3036 3735 3149 3789 Κἰεί
3186 3736 3352 3789 lilium
3384 3735 3527 3788 tribu

1959 3832 2413 3901 Benjaminicum.
2447 3830 2494 3885 ls
2527 3828 2783 3883 Samuclo
2830 3828 3130 3882 auxiliante
3157 3842 3381 3897 regnum
3435 3842 3531 3895 per

1957 3925 2147 3997 viginti
2172 3938 2344 3978 annos
2377 3922 2708 3990 totidemque
2735 3920 2885 3975 solus
2920 3919 3106 3990 gessit.
3145 3920 3433 3974 Samuelus
3465 3934 3532 3972 eo

1959 4024 2223 4087 regnante
2278 4023 2331 4069 et
2383 4012 2713 4066 vaticinatus
2738 4019 2821 4064 est
2844 4017 2907 4076 ,οι
2940 4007 3251 4063 sacerdotio
3285 4005 3527 4059 fllllcllls.

1957 4109 2209 4163 Abnerus
2225 4103 2347 4159 Neri
2363 4104 2506 4158 [ilius
2522 4102 2783 4157 exercitui
2801 4099 3176 4169 prcel'uit.Cum
3192 4108 3370 4152 autem
3392 4096 3533 4150 Sau-

1960 4204 2044 4255 lus
2066 4200 2231 4253 Deum
2254 4206 2627 4265 saepenumero
2661 4191 2999 4253 oll‘rndisset,
3026 4205 3090 4243 ac
3117 4190 3352 4243 maxime
3382 4188 3531 4256 quod

1956 4298 2147 4347 contra
2191 4287 2310 4357 ejus
2344 4292 2671 4356 praeceptum
2714 4282 3132 4336 Amalecitarum
3163 4281 3324 4351 150
3348 4296 3527 4349 regem

1954 4389 2195 4456 Agagum
2226 4380 2554 4434 incolumem
2600 4382 2891 4437 servasset,
2924 4373 2997 4425 ita
3026 4381 3109 4428 est
3158 4388 3187 4426 a
3222 4382 3343 4426 vate
3370 4388 3524 4427 com-

1955 4476 2185 4545 pellatus
2214 4469 2263 4502 “
2301 4487 2314 4521 :
2365 4485 2383 4519 ‹
2414 4466 2607 4519 Actum
2663 4472 2746 4518 est
2793 4462 2859 4517 de
2904 4470 2978 4527 te,
3022 4469 3313 4533 propterea
3374 4461 3523 4530 quod

263 4546 359 4593 ταί
399 4561 504 4608 σοι,
536 4546 618 4597 ὃτι
646 4545 745 4597 οὐκ
789 4546 1062 4614 ἐφύλαξας
1085 4547 1181 4618 τὴν
1203 4550 1423 4618 ἐντολὴν
1447 4552 1513 4620 ἣν
1537 4552 1841 4607 ἐνετείλατό

271 4650 342 4654 --Α
398 4634 603 4654 I!,'_,A_
668 4635 851 4654 .II,,,',,
919 4653 954 4654 κέ
1013 4636 1067 4654 ,,‘
1168 4637 1190 4654 η
1306 4638 1316 4654 ε
1415 4638 1440 4654 n
1543 4641 1558 4654 ἢ
1612 4643 1624 4654 ι

1952 4554 2260 4627 mandatum
2307 4559 2403 4614 Dei
2465 4556 2699 4611 violasti.
2737 4555 2952 4624 Absque
3002 4555 3147 4609 enim
3204 4554 3310 4608 hoc
3353 4561 3521 4615 esset,

266 4650 350 4686 σοι
397 4634 626 4703 Κύριος.
668 4635 960 4705 Ἠτοίμασε
1007 4636 1117 4706 γὰρ
1164 4637 1229 4690 ἂν
1267 4638 1366 4708 τὴν
1414 4638 1691 4708 βασιλείαν
1747 4660 1838 4697 σου

263 4728 367 4788 Ξως
410 4727 609 4789 αἰῶνος
650 4730 744 4780 ἐπὶ
786 4729 1026 4799 Ἰσραήλ.
1087 4730 1195 4783 Καὶ
1249 4731 1344 4783 νῦν
1386 4733 1447 4785 οὐ
1502 4736 1761 4803 στήσεται
1808 4739 1841 4807 ἠ

1948 4674 2175 4734 regnum
2226 4663 2381 4708 tuum
2446 4651 2498 4705 in
2556 4648 2865 4704 lsraelicam
2895 4657 3108 4719 gentem
3156 4645 3333 4699 fuerat
3379 4643 3521 4699 Deus

1950 4763 2185 4823 perenne
2238 4745 2503 4798 facturus.
2562 4737 2719 4793 Nunc
2778 4738 2831 4792 id
2881 4753 2991 4791 non
3045 4736 3365 4792 consistet;
3423 4736 3518 4788 sed

264 4817 514 4885 suasi;
547 4835 664 4886 σου,
695 4819 831 4872 ἀλλὰ
854 4818 1080 4890 ζητήσει
1116 4821 1319 4893 Κύριος
1386 4822 1674 4895 ἄνθρωπον
1707 4830 1846 4883 κατὰ

1952 4817 2153 4914 qureret
2214 4835 2357 4892 Deus
2411 4832 2688 4887 hominem
2745 4845 2809 4886 ex
2867 4828 3035 4882 animi
3096 4828 3181 4882 sui
3244 4827 3517 4882 sententia

265 4911 365 4978 τὴν
388 4910 620 4979 καρδίαν
650 4911 815 4965 αὑτοῦ
851 4915 933 4976 εἰς
968 4913 1308 4984 ἄρχονταὲπὶ
1331 4917 1420 4969 τὸν
1443 4916 1572 4970 λαὸν
1597 4919 1785 4973 αὑτοῦ.
1820 4940 1837 4972 ι

266 5002 421 5054 Μετὰ
461 5002 520 5054 δὲ
557 5002 735 5056 ταῦτα
768 5004 1056 5074 χρίσαντος
1094 5005 1184 5058 τὸν
1216 5007 1381 5061 Δαὸὶδ
1418 5008 1513 5061 τοῦ
1567 5011 1841 5082 Σαμουὴλ,

268 5088 389 5144 εἶτα
408 5092 761 5160 γηράσαντος
792 5095 888 5149 καὶ
910 5096 1356 5167 τελευτήσαντος,
1380 5100 1677 5171 προσέθετο
1704 5105 1843 5172 μᾶλ-

268 5183 413 5234 λονό
462 5184 635 5236 Σαοὺλ
688 5188 1046 5256 παροργίζειν
1106 5189 1199 5242 τὸν
1250 5189 1476 5261 Κύριον.
1538 5194 1703 5248 Ὀοεν
1752 5198 1847 5250 καὶ

272 5276 494 5347 Ιινεῦμα
524 5278 731 5348 Κυρίου
763 5280 970 5351 ἀπέστη
997 5281 1090 5336 ἀπ’
1118 5282 1305 5350 αὐτοῦ,
1356 5286 1451 5338 καὶ
1502 5286 1722 5355 ἔπνιγεν
1744 5290 1843 5343 αύ-

274 5370 359 5420 τδν
388 5370 607 5440 πνεῦμα
662 5374 916 5441 πονηρόν.
951 5368 1027 5429 Ob
1056 5376 1217 5448 χάριν
1276 5380 1369 5431 καὶ
1393 5380 1421 5431 6
1447 5382 1611 5435 Aa6‘t6
1653 5381 1845 5450 ἄγεται

277 5463 408 5533 πρὸς
445 5464 629 5528 αὐτὸν,
656 5466 736 5529 είς
773 5468 1118 5539 παρηγορίαν
1141 5468 1360 5540 ψάλλων
1381 5472 1469 5526 διὰ
1513 5474 1610 5541 τῆς
1665 5476 1843 5528 κιννύ-

346 5620 388 5650 ⁵⁸
418 5621 436 5674 l
461 5621 597 5693 Reg.
642 5637 727 5675 xv.

1952 4936 2181 4997 factum,
2208 4941 2369 4999 quem
2426 4937 2525 4978 suo
2570 4922 2771 4992 p0pulo
2820 4926 3117 4988 prmponat.
3152 4936 3169 4969 ν
3203 4917 3515 4972 Secundum

1947 5026 2063 5078 haec
2107 5033 2231 5075 cum
2269 5013 2557 5071 Samuelus
2613 5008 2871 5064 unctione
2924 5005 3184 5060 Davidum
3226 5018 3392 5072 regno
3420 5003 3515 5057 de-

1950 5117 2211 5172 stinasset
2243 5108 2508 5176 senioque
2539 5102 2820 5157 confectus
2851 5099 2991 5154 diem
3028 5113 3185 5152 suum
3228 5095 3511 5157 obivisset,

1950 5207 2191 5282 perrexit
2220 5202 2419 5259 Saulus
2438 5200 2598 5253 etiam
2618 5193 2852 5264 amplius
2872 5192 3035 5245 Deum
3071 5190 3306 5243 irritare.
3333 5188 3519 5255 Itaque

1950 5279 2002 5356 et
2028 5315 2057 5354 a
2087 5297 2178 5353 Dei
2214 5293 2420 5366 Spiritu
2463 5290 2710 5345 desertus
2750 5292 2833 5340 est
2880 5291 2931 5337 et
2970 5297 2997 5335 a
3035 5281 3270 5351 maligno
3319 5279 3512 5349 spiritu

1953 5389 2123 5461 premi
2162 5387 2344 5455 coepit.
2378 5383 2509 5438 Eam
2540 5381 2609 5436 ob
2641 5395 2749 5432 rem
2801 5375 3039 5431 Davidus
3070 5374 3133 5427 ad
3184 5389 3306 5429 eum
3342 5371 3516 5425 addu-

1953 5491 2075 5538 ctus
2095 5487 2197 5543 est,
2226 5477 2317 5547 qui
2343 5474 2537 5530 [idibus
2605 5471 2798 5524 ludens
2835 5468 2905 5523 ab
2936 5481 3001 5522 eo
3049 5467 3248 5519 malum
3299 5464 3513 5536 genium

1487 5749 1838 5809 XYLANDHI
1883 5756 1967 5809 ET
1998 5753 2204 5811 GOARI
2238 5752 2465 5810 NOT.E.

355 5836 453 5901 (79)
482 5839 659 5897 Locus
697 5844 1169 5911 corruptissiuus.
1205 5847 1440 5903 Historia
1476 5858 1651 5904 exstat
1696 5851 1709 5902 1
1744 5850 1948 5921 Regum
1980 5852 2100 5906 libri
2130 5852 2321 5922 primis
2360 5865 2432 5904 vn
2479 5848 2767 5919 capitibus.
2808 5844 2939 5900 ΧΠ..
