4214 6448
683 403 780 468 187

1970 413 2286 476 GliOllGll
2331 411 2665 470 CEDllENl

3856 413 3959 474 188

681 518 917 583 ιιι-Ιιεινὶι,
958 537 1112 571 suam
1149 538 1272 576 csse
1328 525 1567 595 culpam,
1615 542 1673 583 se
1734 533 2009 598 pastorem
2074 527 2255 597 populi

2387 521 2565 590 ποῦμαι
2610 523 2692 582 εἰς
2731 523 2920 590 χεῖρας
2957 519 3181 588 Κυρίου.
3234 521 3316 572 ὅτι
3365 521 3549 574 πολλοὶ
3590 524 3637 574 οἱ
3678 525 3955 592 οἱκτιρμοὶ

678 607 1000 676 deliquisse,
1037 611 1242 665 ttulltttu
1272 630 1396 670 esse
1425 619 1608 671 ovium
1641 622 1966 674 maleficium
1997 638 2008 673 :
2039 636 2097 673 se
2127 636 2258 690 ergo

681 699 822 756 Deus
846 711 899 756 et
932 711 1214 772 paternam
1245 706 1435 763 Davidi
1464 711 1725 766 familiam
1759 715 1943 784 potius
1975 713 2255 783 afﬂigeret.

684 790 950 846 Exoratus
989 793 1130 851 Deus
1148 800 1342 868 angelo
1367 801 1645 856 mandavit
1672 813 1729 856 ut
1757 819 2149 858 mauumsuam
2175 819 2262 858 re-

681 883 946 942 traheret.
984 885 1170 958 lbique
1200 891 1442 947 Davidus
1465 908 1617 947 aram
1646 895 1918 950 exstruxit
1943 903 1996 948 et
2026 896 2260 950 Solidum

684 973 792 1027 Deo
843 978 1174 1032 sacriﬁcium
1211 982 1444 1046 obtulit;
1488 995 1652 1054 atque
1693 986 1803 1038 Deo
1851 987 2110 1055 precibus
2165 1003 2264 1040 an-

685 1075 886 1119 nuctite
939 1073 1176 1125 cessavit
1217 1073 1403 1129 clades
1443 1077 1651 1144 populi.
1690 1074 1835 1137 Haec.
1870 1079 2048 1148 inquit
2082 1077 2264 1132 Theo-

685 1155 927 1218 doretus,
965 1175 1070 1212 non
1107 1160 1206 1216 abs
1233 1179 1290 1217 re
1326 1166 1398 1218 ita
1438 1180 1773 1223 evenerunt:
1806 1183 1994 1223 verum
2022 1186 2085 1224 ea
2112 1184 2268 1225 occa-

687 1244 840 1297 sione
896 1249 1128 1314 populus
1197 1254 1280 1306 sui
1365 1257 1576 1324 peccati
1633 1272 1827 1326 poenas
1877 1259 2046 1322 dedit,
2093 1261 2263 1329 quod,

688 1333 777 1402 pio
817 1353 880 1388 ae
935 1340 1200 1395 divinitus
1227 1346 1530 1398 constituto
1580 1363 1712 1416 rege
1759 1349 2046 1413 derelicto,
2081 1362 2264 1406 castra

688 1429 902 1493 tyranni
941 1445 1004 1483 ac
1037 1435 1176 1500 patri
1212 1449 1314 1488 suo
1356 1453 1543 1490 necem
1577 1441 1839 1495 struentis
1880 1451 2105 1495 secutus
2129 1449 2266 1494 erat.

692 1517 781 1570 Sic
813 1521 975 1574 etiam
1017 1541 1045 1580 a
1098 1536 1271 1582 morte
1314 1528 1464 1584 Sauli
1499 1531 1672 1586 fames
1711 1548 1806 1586 eos
1857 1534 2145 1602 castigavit
2198 1533 2270 1587 ob

693 1609 1011 1669 interfectos
1103 1632 1130 1669 a
1222 1616 1388 1673 Saulo
1472 1621 1826 1678 Gabaonitas.
1921 1625 2132 1678 Etenim
2215 1633 2269 1678 et

689 1699 858 1758 Josua
917 1713 971 1759 et
1026 1710 1317 1765 universus
1377 1714 1610 1780 populus
1647 1724 1864 1783 pactum
1917 1715 2114 1770 iterant
2145 1731 2268 1769 cum

700 1792 857 1862 155
893 1796 1239 1865 Gabaonitis,
1272 1802 1434 1870 cujus
1461 1805 1758 1872 juramenti
1795 1805 1958 1858 etiam
1995 1806 2270 1874 particeps

2365 612 2550 664 αὑτοῦ.
2589 613 2683 674 Et;
2717 612 2772 664 δὲ
2817 613 3004 681 χεῖρας
3035 611 3341 689 ἀνθρώπων
3370 613 3430 664 οὐ
3468 613 3543 682 μὴ
3571 615 3818 681 ἐμπέσω.
3851 615 3960 667 Καὶ

2367 705 2654 769 ἐξελέξατο
2689 704 2853 757 Δαϐὶδ
2909 705 3000 757 τὸν
3052 704 3302 757 θάνατον.
3351 706 3463 758 Kal
3522 706 3704 775 ἡμέρα
3758 706 3956 774 θέρους

2367 797 2576 866 πυρῶν,
2613 797 2709 850 καὶ
2749 795 2918 849 ἔδωκε
2968 798 3172 866 Κύριος
3223 795 3454 848 θάνατον
3483 798 3540 850 ὲν
3585 798 3801 867 Ἰσραὴλ
3849 797 3958 848 ἀπὸ

2368 889 2610 958 πρωΐθεν
2661 888 2766 951 ’έως
2807 888 3054 957 ἀρίστου,
3092 888 3188 940 καὶ
3238 888 3511 940 ἀπέθανον
3566 891 3630 940 ὲκ
3680 891 3774 942 τοῦ
3825 889 3957 942 λαοῦ

2368 980 2605 1049 χιλιάδες
2634 980 3030 1050 ὲὸδομήκοντα.
3067 982 3176 1033 Kal
3199 977 3467 1043 ἐξέτεινεν
3503 983 3530 1032 6
3561 979 3790 1046 ἄγγελος
3825 978 3962 1031 Θεοῦ

2369 1075 2469 1139 τὴν
2498 1077 2654 1142 χεῖρα
2692 1073 2857 1124 αὑτοῦ
2902 1075 2980 1135 εἰς
3016 1071 3374 1141 Ἰερουσαλὴμ
3420 1071 3512 1124 τοῦ
3549 1072 3858 1141 διαφθεῖραι
3901 1076 3960 1124 ἐν

2370 1164 2529 1232 αὐτῇ.
2556 1164 2661 1215 Καὶ
2680 1159 2830 1215 εἶπεν
2853 1163 3016 1215 Δα6“ιδ
3038 1162 3171 1232 πρὸς
3194 1163 3286 1214 τὸν
3300 1161 3454 1213 Θεόνο
3497 1162 3629 1213 Ἰδοὺ
3654 1160 3762 1228 ἐγὼ
3785 1161 3965 1230 ἡμάρ-

2369 1267 2531 1321 τηκα,
2565 1254 2658 1304 καὶ
2691 1253 2801 1319 ἐγώ
2831 1254 2947 1320 εἰμι
2981 1253 3009 1304 6
3040 1251 3244 1320 ποιμὴν
3278 1253 3305 1304 6
3339 1251 3738 1319 κακοποιῆσαε.
3774 1253 3866 1303 καὶ
3894 1251 3963 1302 τὰ

2375 1343 2626 1412 πρόϐατα
2649 1344 2704 1394 τί
2728 1343 2992 1411 ἐποίησαν
3012 1361 3027 1408 ;
3050 1343 3295 1410 γενέσθω
3319 1343 3374 1394 δὲ
3403 1346 3435 1412 ὴ
3462 1345 3582 1413 χείρ
3616 1359 3710 1396 σου
3733 1343 3791 1394 ἐν
3818 1344 3962 1412 ἐμοὶ,

2372 1436 2567 1503 Κύριε,
2597 1435 2688 1486 καὶ
2711 1435 2767 1485 ἐν
2797 1434 2874 1503 τῷ
2899 1433 3032 1502 οἴκῳ
3054 1434 3146 1486 τοῦ
3171 1434 3374 1505 πατρός
3402 1451 3524 1504 μου.
3551 1435 3658 1487 Kal
3678 1435 3966 1504 παρακλη-

2373 1523 2485 1586 θεὶς
2510 1526 2537 1576 6
2566 1524 2767 1593 Κύριος
2798 1519 2918 1575 εἶπε
2948 1525 3081 1593 πρὸς
3108 1525 3196 1576 τὸν
3218 1524 3472 1592 ἄγγελονο
3503 1526 3662 1587 Ἀνες
3682 1526 3780 1595 τὴν
3807 1528 3969 1596 χεῖρά

2375 1633 2488 1669 σου.
2523 1617 2633 1668 Kal
2663 1615 3018 1686 ᾠκοδόμησεν
3069 1617 3186 1668 ἐκεῖ
3227 1617 3396 1669 Δαϐὶδ
3425 1617 3834 1688 θυσιαστήριον,
3873 1621 3968 1670 καὶ

2375 1709 2650 1775 ἀνήγαγεν
2677 1706 2839 1767 εὐθὺς
2862 1705 3282 1768 ὁλοκαυτώσεις.
3317 1709 3426 1760 Kal
3455 1707 3762 1776 ἐπήκουσεν
3798 1707 3962 1760 αὑτοῦ

2377 1798 2600 1866 Κύριος,
2630 1799 2720 1848 καὶ
2753 1797 3048 1867 συνεσχέθη
3079 1797 3361 1867 ὴθραῦσις
3391 1799 3483 1851 τοῦ
3518 1799 3666 1851 λαοῦ.
3700 1819 3718 1850 ι
3759 1799 3843 1871 [Ρ.
3875 1798 3969 1869 88ί

697 1884 797 1937 fuit
830 1886 1123 1946 Eleazarus
1157 1867 1422 1960 pontifex.
1455 1867 1575 1950 Non
1618 1895 1928 1951 debuerunt
1968 1867 2099 1967 ergo
2140 1912 2263 1967 pos-

2389 1889 2559 1941 1ἀῦτα
2587 1889 2664 1951 δὲ,
2691 1890 2821 1957 φησὶ
2836 1889 3206 1957 Θεοδώρητος,
3232 1891 3332 1942 οὐκ
3353 1890 3582 1952 ἁπεικδς
3601 1867 3968 1958 συμϐέϐηκεν,

700 1974 800 2025 teri
829 1991 1020 2030 eorum
1084 1981 1178 2048 qui
1212 1981 1560 2050 juraverant,
1600 1984 1989 2054 jusjurandum
2043 1988 2267 2041 violare.

694 2063 824 2119 Post
851 2068 1119 2125 detectam
1144 2075 1287 2128 enim
1315 2076 1557 2131 fraudem
1587 2077 2040 2142 Gabaonitarum,
2071 2081 2144 2133 ita
2179 2077 2272 2134 Jo-

697 2173 796 2211 sna
815 2176 909 2211 eos
941 2162 1140 2217 atl‘atns
1167 2163 1366 2219 fuit":
1407 2186 1425 2216 ι
1445 2165 1562 2220 Jam
1587 2185 1734 2224 nunc
1763 2187 1892 2240 ergo
1908 2172 2270 2226 exsecrationi

697 2248 922 2305 obnoxii
979 2255 1134 2308 eStis.
1173 2255 1463 2326 Nunquam
1497 2261 1602 2313 erit
1656 2269 1710 2314 ut
1754 2278 1861 2316 non
1900 2263 1966 2316 de
1993 2263 2147 2318 vobis
2201 2265 2274 2319 sit

701 2352 916 2403 servus,
955 2342 1224 2412 lignorum
1284 2354 1468 2401 sector
1522 2357 1574 2401 et
1609 2363 1764 2418 aquze
1817 2350 2114 2419 bajulator,
2179 2353 2276 2422 qui

702 2432 833 2485 mihi
861 2442 915 2485 et
945 2433 1056 2502 Deo
1095 2452 1216 2490 meo
1251 2439 1474 2492 serviat.
1502 2441 1799 2508 Propterea
1848 2441 2113 2497 destinati
2150 2453 2278 2499 sunt

702 2523 768 2576 ad
797 2524 1110 2580 ﬁndendum
1140 2529 1285 2597 ligna
1319 2538 1371 2583 et
1400 2534 1728 2599 portandum
1763 2550 1960 2604 aquam
2005 2537 2074 2590 ad
2105 2537 2278 2594 altare

702 2615 794 2671 Dei
831 2625 884 2671 et
912 2620 1005 2672 loti
1043 2623 1209 2675 C(Bllll
1263 2638 1438 2692 usque
1463 2624 1516 2677 in
1576 2625 1720 2680 hunc
1747 2626 1916 2682 diem.
1959 2646 1979 2680 ι
2009 2627 2277 2694 Quoniam

703 2725 834 2777 ergo
862 2713 1136 2766 calumnia
1165 2715 1215 2768 id
1254 2715 1437 2771 foedus
1473 2717 1712 2772 lsraelici
1760 2720 2125 2785 disciderunt,
2157 2723 2280 2778 ideo

705 2802 870 2855 etiam
905 2813 1028 2874 post
1056 2806 1177 2874 ejus
1201 2819 1431 2861 mortem
1473 2809 1616 2865 fame
1661 2812 1911 2882 castigati
1949 2822 2101 2868 sunt.
2155 2812 2282 2870 Haec

708 2906 808 2946 nos
839 2894 1016 2948 oratio
1044 2899 1224 2956 docet,
1265 2912 1388 2966 qua:
1420 2899 1747 2966 interposito
1773 2901 2089 2970 juratnento
2123 2911 2283 2973 pacta

706 2991 834 3036 Stttll
857 2991 998 3040 teste
1044 2985 1154 3041 Deo
1189 2989 1346 3052 inita,
1383 2991 1639 3044 violanda
1671 3008 1778 3046 non
1805 3009 1952 3058 esse,
2002 3004 2284 3066 utcunque

707 3088 768 3123 ea
796 3075 1019 3130 violatio
1070 3077 1196 3132 aliis
1223 3080 1496 3148 expediat.
1546 3079 1784 3136 Davidus
1811 3092 1994 3136 autem
2055 3099 2281 3138 causam

709 3169 975 3224 divinitus
1001 3171 1259 3226 immissae
1281 3174 1522 3241 penuria:
1559 3175 1822 3244 ignorans
1859 3175 2026 3230 Deum
2080 3191 2288 3231 consu-

709 3260 843 3318 luit;
875 3261 943 3314 ah
989 3278 1166 3332 eoque
1218 3265 1448 3319 edoctus
1488 3267 1668 3335 puniri
1696 3267 1956 3336 populum
1983 3267 2053 3321 ob
2086 3268 2288 3336 injuste

711 3361 937 3408 necatos
971 3351 1330 3418 Gabaonitas,
1358 3371 1452 3411 eos
1511 3358 1660 3427 ipsos
1683 3359 1776 3427 qui
1811 3357 2013 3426 injuria
2068 3359 2287 3414 fuerant

709 3442 912 3509 allecti,
948 3445 1190 3502 arbitros
1217 3449 1525 3512 constituit,
1559 3464 1623 3503 ac
1674 3459 2025 3519 percontatus
2067 3460 2151 3505 est
2180 3466 2286 3521 qua

711 3551 771 3588 se
801 3536 1007 3603 placari
1039 3540 1252 3594 ratione
1278 3541 1502 3595 vellent.
1528 3541 1952 3610 Responderunt
1972 3541 2290 3596 Gabaonitte

718 3641 780 3679 se
812 3643 989 3697 neque
1020 3645 1214 3684 aurum
1255 3633 1408 3686 Sauli
1441 3648 1617 3700 neque
1649 3643 1937 3703 argentum
1960 3634 2082 3702 ejus
2112 3650 2292 3706 neque

717 3721 886 3774 ullum
949 3738 1011 3776 ex
1068 3721 1324 3778 lsraelico
1389 3725 1589 3792 populo
1647 3726 1922 3780 hominem
1977 3725 2043 3780 ad
2100 3742 2288 3782 necem

717 3815 1053 3882 deposcere:
1090 3815 1211 3883 ejus
1251 3817 1358 3869 viri
1398 3817 1492 3886 qui
1543 3818 1695 3886 ipsos
1741 3826 2064 3888 persecutus
2097 3818 2293 3874 fuisset

721 3921 782 3959 ac
812 3907 1139 3961 exscindere
1190 3909 1436 3975 molitus,
1501 3925 1704 3978 cupere
1759 3925 1818 3964 se
1874 3912 2194 3965 memoriam
2226 3929 2288 3966 ex

725 3997 972 4050 lsraeliea
1006 4008 1168 4067 gente
1198 4000 1410 4065 delere;
1475 4001 1661 4070 itaque
1695 4009 1904 4071 septem
1947 4003 2066 4070 ejus
2121 4005 2295 4072 stirpe

723 4094 886 4141 natos
921 4104 978 4142 se
1013 4089 1333 4156 deposcere,
1354 4091 1440 4145 his
1473 4107 1530 4143 se
1560 4091 1822 4159 ﬂagitium
1847 4107 2031 4146 coram
2063 4091 2293 4148 Domino

724 4181 1043 4248 expiaturos
1071 4181 1124 4234 iu
1158 4182 1298 4236 colle
1329 4182 1502 4237 Sauli.
1536 4182 1612 4237 Eo
1664 4182 1832 4251 igitur
1890 4183 1943 4237 in
1984 4183 2104 4239 loco
2144 4187 2295 4240 viros

725 4286 821 4326 eos
851 4271 905 4324 in
935 4288 1157 4327 crucem
1194 4284 1448 4343 egerunt,
1485 4274 1539 4328 in
1573 4289 1682 4344 quo
1708 4275 1946 4341 injustas
1991 4276 2080 4330 ille
2123 4279 2297 4332 caades

727 4377 897 4417 ausus
956 4363 1154 4418 fuerat.
1211 4364 1374 4417 Erant
1419 4371 1624 4429 autem,
1680 4365 1839 4436 156
1890 4365 1983 4435 qui
2037 4367 2298 4421 crucibus

727 4453 872 4507 allixi
901 4465 1051 4520 sunt,
1113 4455 1225 4509 duo
1257 4455 1376 4509 -ﬁlii
1433 4454 1582 4508 Sauli
1626 4457 1798 4525 Spltl‘ii
1848 4465 1903 4511 et
1959 4458 2206 4528 quinque
2233 4473 2296 4512 ex

2375 1978 2490 2032 ἀλλ’
2519 1980 2726 2042 οἰκείας
2754 1980 3100 2049 παρανομίας
3131 1979 3274 2032 ἔτισε
3307 1981 3466 2045 δίκας
3507 1985 3536 2035 6
3573 1982 3696 2044 λαὸς
3716 1983 3806 2035 διὰ
3837 2000 3971 2048 προ-

2377 2072 2615 2138 φάσεωςο
2641 2070 2958 2121 καταλιπὼν
2991 2069 3200 2138 γὰρτὸν
3223 2071 3424 2142 εὐσεϐῆ
3445 2073 3538 2124 καὶ
3565 2071 3708 2124 θεῖον
3739 2072 3972 2142 βασιλέα

2373 2165 2623 2234 τυράννῳ
2655 2165 2748 2216 καὶ
2777 2163 3087 2233 πατραλοία
3113 2163 3264 2215 παιᾶ
3289 2167 3772 2235 συνεστράτευσεν.
3807 2166 3972 2218 Οὕτω

2377 2256 2434 2308 δὲ
2458 2258 2550 2308 καὶ
2575 2256 2664 2308 διὰ
2691 2257 2791 2324 τὴν
2816 2256 2910 2308 τοῦ
2956 2255 3120 2308 Σαοὺλ
3158 2257 3237 2318 είς
3266 2258 3395 2319 τοὺς
3431 2257 3780 2320 Γαϐαωνίτας
3815 2257 3971 2310 ἀναί-

2381 2365 2532 2418 ρεσιν
2562 2348 2964 2418 ὲπαιδεῦοησαν
2990 2347 3080 2401 διὰ
3127 2347 3288 2418 λιμοῦ
3330 2349 3470 2418 μετὰ
3498 2348 3596 2420 τὴν
3622 2351 3833 2403 ἐκείνου
3873 2367 3965 2402 τε-

2376 2440 2596 2512 λευτήν.
2663 2441 2724 2493 '0
2757 2441 2855 2510 μὲν
2894 2441 3005 2510 γὰρ
3048 2441 3176 2503 λαὸς
3223 2443 3370 2504 ἄπας
3413 2442 3507 2494 καὶ
3554 2441 3761 2510 Ἰησοῦς
3806 2443 3834 2494 6
3869 2443 3967 2496 τοῦ

2379 2531 2535 2600 Ναυῆ
2563 2531 2828 2600 πεποίηκε
2855 2530 2953 2593 τὰς
2977 2531 3114 2598 πρὸς
3136 2533 3263 2595 τοὺς
3285 2531 3639 2596 Γαϐαωνίτας
3669 2533 3969 2603 συνθήκας,

2381 2619 2711 2690 ἐκοινώνησε
2741 2621 2800 2674 δὲ
2825 2621 2935 2673 τῶν
2955 2623 3137 2690 ὅρκων
3169 2624 3263 2674 καὶ
3298 2622 3566 2693 Ἐλεάζαρ
3595 2625 3623 2677 6
3654 2625 3973 2695 ἐρχιερεύς.

2387 2713 2537 2765 Ἔδει
2583 2713 2766 2764 τοίνυν
2816 2714 2942 2776 τοὺς
2980 2713 3281 2781 ἀπογόνους
3320 2715 3430 2767 τῶν
3477 2715 3850 2785 ὀμωμοκότων
3896 2721 3975 2788 μὴ

2387 2803 2701 2874 παραϐῆναι
2727 2805 2816 2857 τὸν
2837 2805 3017 2873 ὅρκον.
3053 2804 3189 2872 Φησὶ
3225 2805 3333 2875 γὰρ
3361 2806 3502 2874 πρὸς
3531 2807 3725 2869 αὐτοὺς
3769 2807 3980 2876 Ἰησοῦς

2389 2897 2528 2968 μετὰ
2546 2897 2644 2967 τὴν
2661 2898 2968 2967 φανέρωσιν
2997 2898 3094 2964 τῆς
3122 2898 3458 2967 πανουργίας
3475 2899 3678 2950 αὐτῶνθ
3711 2919 3728 2950 ι
3755 2900 3862 2954 Kal
3881 2899 3981 2951 νῦν

2387 2989 2781 3054 ὲπικατάρατοι
2825 2989 2971 3042 ἐστέ.
3005 2991 3080 3042 Οὑ
3124 2990 3197 3060 μὴ
3229 2989 3455 3062 ἐκλείψῃ
3488 2992 3549 3055 ἐξ
3584 2992 3737 3058 ὑμῶν
3763 2992 3976 3053 δοῦλος,

2387 3080 2507 3134 οὐδὲ
2536 3080 2830 3144 ξυλοκόπος
2857 3081 2952 3134 καὶ
2977 3081 3272 3150 ὑδροφόρος
3305 3084 3429 3152 ἐμοὶ
3461 3083 3556 3135 καὶ
3585 3082 3663 3151 τῷ
3692 3083 3812 3151 Θεῷ
3846 3102 3974 3153 μου.

2399 3170 2500 3223 Διὰ
2528 3170 2686 3224 τοῦτο
2722 3171 2972 3239 ἐγένοντο
2995 3171 3283 3234 ξυλοκόποι
3333 3172 3430 3225 καὶ
3458 3172 3742 3244 ὑδροφόροι
3781 3175 3857 3244 τῷ
3887 3175 3986 3228 θυ·

2397 3262 2701 3332 σιαστηρίῳ
2725 3261 2820 3314 τοῦ
2861 3261 2998 3314 Θεοῦ
3032 3263 3125 3314 καὶ
3155 3262 3304 3333 πάσῃ
3337 3265 3403 3331 τῇ
3433 3267 3724 3334 συναγωγῇ
3754 3265 3861 3329 ἕως
3885 3268 3986 3334 τῆς

2391 3353 2604 3424 ἡμέρας
2632 3354 2856 3425 ταύτης.
2873 3374 2890 3406 ι
2929 3355 3084 3408 Ἐπεὶ
3108 3352 3201 3409 οῦν
3220 3357 3391 3409 ταῦτα
3416 3357 3861 3427 παρελογίσαντο,
3889 3359 3982 3410 διὰ

2390 3442 2552 3495 τοῦτο
2588 3443 2684 3495 καὶ
2715 3445 2853 3514 μετὰ
2875 3448 2973 3516 τὴν
2999 3447 3213 3498 ἐκείνου
3240 3445 3498 3516 τελευτὴν
3529 3447 3842 3515 ὑπέστησαν
3878 3449 3983 3515 τὴν

2389 3536 2479 3590 διὰ
2510 3535 2603 3590 τοῦ
2638 3536 2800 3608 λιμοῦ
2830 3539 3103 3592 παιδείαν.
3139 3539 3393 3592 Διδάσκει
3424 3538 3554 3605 γοῦν
3587 3539 3733 3608 ἡμᾶς
3765 3540 3793 3591 ὁ
3821 3538 3982 3604 λόγος

2396 3626 2471 3694 μὴ
2503 3627 2865 3697 παραὸαίνειν
2891 3628 2990 3693 τὰς
3024 3628 3142 3699 μεθ’
3189 3630 3368 3698 ὅρκων
3401 3629 3674 3699 συνθήκας
3726 3629 3817 3680 ἐπὶ
3843 3629 3984 3681 Θεοῦ

2393 3720 2713 3788 γινομένας,
2749 3721 2871 3773 ,κᾶν
2924 3724 3003 3784 εἰς
3043 3721 3218 3775 ἄλλων
3256 3721 3528 3788 ὠφέλειαν
3574 3722 3606 3789 ἡ
3664 3720 3986 3791 παράϐασις

2394 3811 2632 3879 γίνηται.
2683 3812 2918 3879 ’Λγνοῶν
2949 3815 3004 3866 δὲ
3036 3815 3134 3884 τὴν
3185 3814 3365 3867 αἰτίαν
3395 3815 3423 3864 6
3459 3812 3622 3866 Δαὸὶδ
3654 3813 3752 3881 τῆς
3783 3812 3987 3880 θεηλά-

2395 3919 2487 3955 του
2525 3903 2739 3974 πληγῆς
2767 3904 2860 3958 τοῦ
2897 3904 3057 3974 λιμοῦ
3088 3904 3180 3958 τὸν
3212 3904 3346 3958 Θεὸν
3399 3905 3678 3975 ἀνηρώτα.
3716 3906 3824 3958 Kal
3877 3923 3987 3974 μα-

2397 3992 2506 4048 θὼν
2537 3995 2612 4058 ὡς
2655 3995 2818 4048 ἕνεκα
2848 3997 2947 4064 τῆς
2979 3997 3087 4049 τῶν
3122 3997 3487 4050 Γαϐαωνιτῶν
3529 3996 3716 4049 ἀδίκου
3765 3998 3990 4064 ἀναιρέ-

2400 4101 2538 4148 σεως
2566 4086 2795 4150 εὐθύνας
2825 4089 3266 4158 εἰσπράττονται,
3312 4090 3498 4151 αὐτοῖς
3555 4090 3785 4151 ἐκείνοις
3819 4091 3989 4159 ἐχρη-

2399 4193 2527 4229 σατο
2544 4179 2758 4247 κριταῖς
2775 4179 2885 4241 τοῖς
2897 4179 3467 4247 ἡδικημένοις,λέγων·
3479 4199 3496 4230 ι
3511 4178 3575 4232 Τί
3598 4181 3807 4248 ποιήσω
3833 4181 3859 4232 ὑ
3870 4183 3985 4248 μῖν,

2400 4269 2494 4320 καὶ
2515 4269 2570 4320 ὲν
2597 4268 2706 4322 τίνι
2737 4267 3076 4338 ὲξιλάσομαις
3101 4288 3120 4320 ι
3153 4270 3261 4322 Καί
3294 4285 3484 4338 φασινο
3511 4290 3529 4322 ι
3553 4272 3665 4324 Οὐκ
3685 4271 3833 4322 ἐστιν
3855 4272 3984 4340 ἡμῖν

2403 4359 2669 4428 ἀργύριον
2723 4359 2845 4411 οὐδὲ
2897 4359 3297 4430 χρυσίονμετὰ
3335 4361 3532 4425 Σαοὺλ,
3569 4362 3661 4412 καὶ
3694 4362 3792 4412 οὐκ
3837 4360 3991 4412 ἔστιν

2403 4450 2535 4518 ἡμῖν
2583 4450 2894 4504 θανατῶσαι
2936 4451 3104 4521 ἄνδρα
3146 4454 3210 4504 ἐκ
3261 4453 3466 4516 παντὸς
3501 4452 3738 4524 Ἰσραήλο
3790 4453 3900 4504 ἀλλ’
3961 4455 3992 4505 ὁ

730 4546 1130 4614 posterioribus
1195 4545 1324 4599 ﬁliis
1397 4545 1538 4614 ejus.
1606 4545 1682 4599 Eo
1746 4547 2021 4616 supplicio
2079 4558 2260 4617 peraet

2407 4544 2546 4614 ἀνὴρ
2587 4546 2616 4596 ὁ
2661 4543 2856 4609 διώξας
2901 4546 2996 4598 καὶ
3052 4547 3378 4607 συντελέσας
3423 4546 3594 4615 ἡμεῖς.
3644 4546 3833 4616 ὥσπερ
3865 4548 3992 4598 ἐλοο

730 4637 978 4704 placatus
1009 4646 1094 4690 est
1123 4634 1411 4698 Dominus,
1446 4651 1508 4690 ac
1541 4646 1686 4691 terra
1709 4638 1900 4693 solitas
1937 4639 2117 4709 fruges
2144 4640 2302 4694 exhi-

731 4727 864 4780 huil.

2408 4638 2602 4704 γίσατο
2636 4638 2782 4707 ἡμᾶς
2831 4637 3233 4707 ὲξολοθρεῦσαι,
3285 4639 3642 4708 ἀφανίσωμεν
3668 4640 3848 4691 ἀὖτὸν
3890 4638 3988 4692 τοῦ

2411 4731 2485 4798 μὴ
2515 4728 2999 4782 ἀντικαθίστασθαι
3037 4731 3200 4782 παντὶ
3241 4729 3375 4798 ὁρίῳ
3421 4730 3664 4800 Ἰσραήλ.
3698 4731 3806 4782 Ka‘:
3835 4729 3992 4798 6001';-

728 4836 904 4872 τωσαν
938 4822 1068 4890 ἡμῖν
1115 4821 1306 4890 ἄνδρες
1346 4819 1485 4873 ἑπτὰ
1520 4821 1581 4872 ὲκ
1628 4819 1736 4872 τῶν
1775 4819 1908 4872 υἱῶν
1956 4822 2145 4884 αὑτοῦ,
2199 4821 2294 4874 καὶ
2331 4820 2693 4892 ὲξιλασόμεθα
2760 4823 2818 4874 ὲν
2861 4823 3045 4885 αὐτοῖς
3092 4821 3282 4891 Κυρίῳ
3324 4822 3380 4873 ἐν
3415 4821 3492 4891 τῷ
3535 4820 3708 4892 βου·ιῷ
3739 4822 3934 4877 Σαούλ.
3972 4840 3990 4872 ι

744 4915 832 4966 Ἐν
887 4914 1081 4981 ἐκείνῳ
1156 4914 1334 4966 τοίνυν
1374 4912 1453 4982 τῷ
1502 4912 1689 4984 χωρίῳ
1739 4913 2171 4966 ἁνεσκολόπισαν
2219 4916 2346 4977 τοὺς
2422 4915 2641 4983 ἄνδρας,
2700 4915 2757 4966 ἐν
2799 4907 2843 4982 ᾧ
2893 4915 2993 4976 τὰς
3043 4915 3398 4984 παρανόμους
3447 4914 3746 4983 ἐτόλμησεν
3789 4917 3996 4978 ἐκεῖνος

733 5006 1066 5074 μιαιςρονίας.
1115 5001 1274 5060 Οὗτοι
1304 5006 1361 5058 δὲ
1394 5002 1535 5077 ἦσαν
1578 5005 1669 5058 τοῦ
1713 5005 1887 5058 Σαοὺλ
1918 5007 2010 5060 δύο
2044 5007 2145 5076 μὲν
2196 5008 2303 5061 υἱοὶ
2342 5007 2509 5071 νόθοι,
2546 5008 2706 5061 πέντε
2737 5007 2795 5060 δὲ
2847 5007 2957 5060 τῶν
3002 5007 3246 5077 ὑστέρων
3287 5007 3420 5060 υίῶν
3451 5009 3638 5063 αὑτοῦ.

3718 5007 3830 5078 Τῆς
3899 5007 4000 5066 οὖν

728 5099 997 5172 τιμωρίας
1022 5101 1396 5170 γεγενημένης
1427 5100 1584 5161 ἵλεως
1613 5102 1641 5153 6
1669 5100 1950 5171 Δεσπότης
1982 5101 2218 5169 ἐγένετο,
2243 5103 2337 5154 καὶ
2378 5103 2410 5172 ἡ
2438 5102 2510 5171 γῆ
2537 5102 2628 5155 τὸν
2654 5103 2710 5168 ἐξ
2746 5101 2898 5166 ἔθους
2923 5101 3089 5156 ἔδωκε
3123 5102 3354 5170 καρπόν.

809 5197 1125 5253 Secundum
1147 5199 1282 5265 haec,
1311 5197 1546 5266 quadam
1572 5213 1795 5266 vespera
1826 5197 2069 5257 Davidus
2088 5213 2211 5252 cum
2235 5197 2303 5252 de

735 5292 877 5346 lecto
910 5306 1011 5346 suo
1045 5290 1402 5355 surrexisset,
1439 5288 1810 5343 deambulavit
1857 5289 1911 5342 in
1941 5299 2086 5345 tecto
2121 5291 2304 5359 regiae,

737 5384 977 5452 indeque
1009 5383 1289 5437 mulierem
1321 5382 1596 5437 lavantem
1640 5380 1924 5452 prospexit
1955 5381 2131 5438 forma
2167 5382 2302 5438 insi-

739 5477 850 5544 gni.
888 5473 1078 5544 Neque
1108 5488 1236 5528 vero
1262 5489 1319 5528 se
1350 5475 1419 5529 ab
1446 5489 1512 5528 eo
1535 5475 1856 5543 spectaculo
1882 5473 2169 5535 subtraxit,
2206 5473 2301 5526 sed

741 5567 927 5620 formae
983 5566 1398 5641 pulchritudine
1465 5565 1750 5620 inescatus
1819 5566 2038 5619 hamum
2097 5565 2306 5634 peccati

739 5657 1046 5725 oleglutivit.
1071 5656 1228 5724 Quod
1261 5658 1311 5712 ei
1365 5659 1618 5723 alterius,
1674 5659 1932 5712 nimirum
1989 5655 2301 5716 deterioris.

741 5749 968 5802 allectus
1008 5749 1113 5802 fuit
1157 5749 1480 5814 remedium,
1511 5751 1763 5805 videlicet
1809 5748 1976 5802 animi
2024 5747 2300 5808 elationis.

745 5840 793 5891 nl
825 5841 968 5909 quod
1005 5840 1123 5910 ipsc
1155 5843 1332 5896 itmuit
1364 5843 1450 5898 his
1478 5843 1695 5899 verbis:
1739 5862 1754 5893 ι
1789 5843 1895 5908 ligo
1921 5855 2042 5893 t'llm
2079 5839 2302 5894 fuissem

810 5955 856 5986 “
891 5955 1000 6014 Jns.
1047 5973 1122 6016 ix.
1154 5957 1243 6022 τε,
1285 5960 1372 6021 25,
1403 5959 1491 6011 9.7.

2488 5199 2736 5265 Ἐγένετο
2779 5199 2836 5252 δὲ
2890 5200 3028 5268 μετὰ
3076 5199 3273 5257 ταῦτα.
3330 5199 3424 5250 καὶ
3482 5200 3540 5250 ἐν
3593 5197 3770 5266 καιρῷ
3813 5197 3999 5268 δείλης

2407 5291 2608 5360 ἀνέστη
2643 5289 2804 5344 Δαόὶδ
2832 5289 2941 5345 ἀπὸ
2974 5291 3069 5360 τῆς
3104 5291 3290 5358 κοίτης
3326 5290 3512 5355 αὒτοῦ,
3542 5290 3635 5343 καὶ
3673 5292 4000 5360 περιεπάτει

2411 5384 2502 5436 ἐπὶ
2532 5381 2627 5435 τοῦ
2666 5381 2917 5450 δώματος
2948 5381 3043 5435 τοῦ
3092 5383 3242 5436 οἴκου
3291 5382 3401 5434 τῶν
3432 5381 3720 5450 βασιλέων,
3761 5383 3856 5433 καί
3886 5376 3999 5433 εἶδε

2408 5478 2646 5542 γυναῖκα
2679 5475 2981 5544 λουομένην
3025 5473 3134 5527 ἀπὸ
3173 5473 3268 5527 τοῦ
3315 5474 3591 5544 δώματος.
3641 5474 3736 5526 καὶ
3783 5475 3814 5541 ἡ
3857 5475 4001 5542 γυνὴ

2410 5567 2554 5637 καλὴ
2587 5569 2653 5638 τῇ
2686 5566 2807 5635 ὕψει
2861 5567 3084 5636 σφόδρα.
3118 5567 3226 5620 Kal
3262 5565 3387 5619 ἰδὼν
3417 5564 3478 5617 τὸ
3514 5565 3735 5631 γύναιον
3774 5564 4004 5632 λουόμε-

2407 5676 2500 5712 νον
2527 5659 2626 5712 οὺκ
2656 5658 2826 5726 ἔφυγε
2858 5659 2956 5726 τὴν
2991 5659 3119 5710 θέαν
3143 5658 3218 5720 ὼς
3247 5657 3523 5726 ὀλεθρίαν,
3565 5655 3697 5707 ἀλλὰ
3730 5654 3990 5706 καταθελ.

2414 5748 2566 5820 χθεὶς
2597 5747 2675 5818 τῷ
2707 5748 2806 5817 τῆς
2839 5747 2986 5818 ὧρας
3043 5749 3254 5802 δελέατι
3311 5749 3368 5800 τὸ
3417 5748 3512 5816 τῆς
3551 5746 3821 5815 ἁμαρτίας
3873 5763 4003 5797 κατ-

2416 5840 2573 5891 έπιεν
2602 5839 2916 5908 ἄγκιστρον.
2959 5839 3063 5893 Καὶ
3091 5839 3274 5908 ἑτέρου
3311 5840 3447 5904 τάχα
3488 5836 3685 5891 πάθους
3722 5837 3999 5904 χείρονος.
