4214 6448
258 404 365 467 189

1274 407 1639 468 HISTORIA
1653 408 1816 470 ιιυΜ
1853 410 2000 470 COM
2013 410 2381 471 l’ENDlUM.

3420 407 3520 472 100

256 520 356 586 τῆς
394 516 684 588 ἐπάρσεως
711 517 974 590 δηλονότι,
998 518 1223 588 γέγονεν
1250 520 1406 590 ῐαμα.
1440 522 1619 593 Ὅπερ
1641 521 1726 594 [Ρ.
1751 521 1841 592 89]

1950 522 2153 588 elatus,
2206 520 2503 589 depressus
2567 532 2688 574 sum
2734 525 2787 572 et
2828 517 3177 581 insummas
3234 517 3520 585 angustias

246 609 315 676 δὴ
348 610 450 660 καὶ
472 609 635 671 αὐτὸς
656 609 971 679 ὑποφαίνων
999 608 1207 679 ἔλεγεν·
1252 631 1272 663 ι
1320 611 1595 682 Ὑψωθεὶς
1630 614 1689 666 δὲ
1717 616 1842 667 ἑτα-

246 701 542 772 πεινώθην
592 703 688 754 καὶ
734 703 1103 771 ὲξηπορὴθην.
1159 705 1269 758 Καὶ
1304 704 1414 771 ἐγὼ
1452 705 1551 773 μὲν
1582 701 1737 758 εἷπον
1787 708 1844 758 ἐν

244 795 316 862 τῇ
361 793 592 864 εὐθηνίᾳ
620 810 745 863 μου·
780 796 853 847 Οὐ
888 793 962 864 μὴ
991 794 1235 847 σαλευθῶ
1262 798 1340 855 εἰς
1370 797 1460 847 τὸν
1513 797 1705 857 αἰῶνα,
1741 797 1846 848 ἀπ-

245 885 531 953 inpegi.“
560 885 615 939 δὲ
647 886 706 938 τὸ
735 887 1026 955 πρόσωπόν
1058 904 1175 951 σου,
1214 887 1308 939 καὶ
1355 887 1651 957 ἐγεννήθην
1684 904 1844 939 τετα-

250 978 553 1045 ραγμένος.
590 977 731 1030 Ἀλλ’
770 978 974 1045 ἀγαθόν
1032 996 1146 1047 μοι,
1199 979 1280 1031 ὃτι
1332 979 1703 1041 ἐταπείνωσὰς
1752 995 1840 1047 με.

244 1070 403 1130 ὅπως
454 1070 520 1121 ἂν
556 1069 713 1139 μάθω
757 1071 825 1122 τὰ
858 1069 1209 1139 δικαιώματά
1259 1087 1374 1124 σου.
1413 1090 1432 1121 ι
1472 1070 1569 1122 Διά
1606 1067 1712 1138 γὰρ
1746 1069 1845 1137 τῆς

247 1162 349 1213 τοῦ
377 1161 501 1214 υἱοῦ
527 1162 956 1223 ἐπαναστάσεως
988 1162 1143 1224 δίκας
1185 1163 1437 1231 ἐναργεῖς
1468 1162 1611 1215 ἔτισε
1658 1160 1751 1213 τοῦ
1784 1177 1842 1213 τε

248 1256 419 1321 ᾳὸνου
454 1258 550 1308 καὶ
591 1256 691 1322 τῆς
735 1255 979 1324 μοιχείας
1024 1256 1165 1308 κατὰ
1202 1255 1303 1324 τὴν
1327 1254 1479 1308 θείαν
1510 1254 1840 1325 πρόρρησιν.

242 1349 390 1415 ᾥηςὶ
419 1348 549 1415 γάρ·
576 1348 744 1399 «Τάδε
768 1347 915 1414 λέγει
946 1347 1168 1417 Κύριος·
1191 1349 1321 1400 Ἰδοὺ
1344 1347 1453 1415 ἐγὼ
1475 1348 1672 1417 ἐγείρω
1701 1348 1844 1401 κακὰ

243 1440 344 1491 ἐπὶ
379 1440 443 1489 σὲ
472 1437 658 1490 ἐκτοῦ
682 1438 832 1489 οἴκου
863 1455 978 1502 σου,
1015 1457 1034 1490 ι
1070 1437 1164 1491 καὶ
1197 1438 1265 1489 τὰ
1288 1438 1433 1506 ἑξῆς,
1476 1436 1639 1489 Ὅσον
1664 1438 1844 1490 τοίνυν

242 1531 436 1595 θλῖψις
480 1532 693 1599 ὀνίνησι
733 1529 829 1581 καὶ
876 1529 1132 1598 συμφορὰ
1185 1530 1277 1582 καὶ
1328 1529 1590 1599 μέριμνα,
1649 1530 1742 1581 καὶ
1778 1531 1839 1580 ἐκ

241 1621 459 1689 ταύτης
488 1623 587 1689 τῆς
639 1620 882 1688 ἱστορίας
933 1621 1299 1690 μανθάνομεν.
1348 1621 1686 1689 Διωκόμενος
1734 1622 1842 1689 γὰρ

244 1714 355 1765 ὑπο
400 1714 497 1765 τοῦ
532 1714 705 1765 Σαοὺλ
750 1714 779 1764 ὀ
812 1712 943 1774 Θεὸς
994 1712 1160 1765 Δαϐὶδ
1202 1714 1385 1764 πᾶσαν
1432 1711 1717 1782 κατώρθου
1754 1728 1842 1777 φι-

242 1803 535 1871 λοσοφίαν,
592 1804 686 1856 καὶ
731 1802 1223 1872 παραταττόμενος
1274 1800 1371 1852 καὶ
1424 1802 1544 1862 ταῖς
1594 1799 1843 1870 φροντίσι

243 1894 358 1947 τῶν
397 1893 653 1961 πολέμων
702 1892 1014 1963 ἐνασχολῶν
1077 1894 1176 1961 τὴν
1229 1892 1471 1944 διάνοιαν
1520 1892 1660 1944 κατὰ
1716 1891 1842 1953 τους

245 1988 438 2053 ἱεροὺς
481 1985 831 2037 ἐπολιτεύετο
878 1985 1097 2053 νόμους.
1181 1985 1495 2053 Ἀνακωχῆς
1553 1984 1607 2035 δὲ
1663 1981 1842 2051 τυχὼν

242 2082 443 2149 ὀλίγης
470 2078 560 2131 τὸν
592 2076 807 2131 ὄλισθον
846 2080 1055 2130 ἐκεῖνον
1084 2076 1366 2144 ὑπέμεινε.
1405 2075 1509 2127 Τοῦ
1540 2074 1597 2127 δὲ
1632 2077 1841 2144 προφή-

239 2190 339 2226 του
385 2172 525 2241 πρὸς
552 2170 716 2223 αὐτὸν
757 2170 1112 2233 εἰσελθόντος,
1149 2169 1243 2222 καὶ
1299 2169 1390 2220 τδιν
1422 2166 1643 2236 ἔλεγχον
1675 2163 1839 2218 αὑτοῦ

240 2265 667 2331 ὑπομείναντος,
705 2262 801 2315 καὶ
859 2261 956 2331 τὴν
1020 2259 1413 2329 ἐξομολόγησιν
1468 2259 1839 2326 ποιησαμένου

240 2355 360 2410 καὶ,
390 2373 408 2402 ι
448 2353 773 2422 Ἠμάρτηκα
792 2350 868 2419 τῷ
890 2350 1081 2419 Κυρίῳ
1108 2367 1230 2419 μου,
1265 2368 1283 2400 ι
1315 2349 1605 2420 φήσαντος,
1631 2349 1793 2416 φησιν
1814 2348 1843 2399 ὁ

240 2448 556 2515 προφήτης·
581 2464 600 2496 ι
629 2446 703 2497 Οὐ
735 2445 809 2513 μὴ
835 2442 1130 2514 ἀποθάνῃς,
1160 2443 1300 2510 πλὴν
1331 2441 1682 2513 παροργίξων
1704 2459 1845 2512 παρ-

238 2539 491 2608 ὠρῖισας
522 2539 581 2589 ἐν
613 2539 723 2598 τοῖς
759 2536 1102 2597 ὑπεναντίοις
1129 2535 1221 2587 τὸν
1253 2534 1513 2604 Κύριον.»
1551 2535 1661 2587 Καὶ
1690 2534 1843 2603 πρῶ-

240 2646 337 2679 τον
370 2629 559 2697 μέντοι
586 2628 645 2679 το
678 2626 1010 2696 μοιχαλίδιον
1042 2626 1252 2677 παιδίον
1298 2624 1569 2689 ἐπάταξεν
1599 2625 1627 2675 ὁ
1657 2624 1789 2687 Θεὸς
1816 2664 1831 2684 ,

245 2724 448 2774 ἔπειτα
502 2721 599 2772 καὶ
636 2719 736 2789 τὴν
790 2718 884 2771 τοῦ
931 2716 1047 2770 υίοῦ
1084 2717 1252 2770 αὐτοῦ
1294 2716 1670 2769 ἐπανάστασιν
1721 2718 1840 2769 κατ’

238 2810 417 2863 αὖτοῦ
476 2808 804 2880 παραδηλῶν
829 2807 961 2876 φησί
1004 2823 1018 2837 ε
1054 2826 1071 2857 ι
1107 2806 1217 2857 Καὶ
1243 2805 1336 2856 νῦν
1357 2805 1459 2857 οὐκ
1488 2803 1845 2873 ἐξαρθήσεται

246 2902 501 2972 ῥομφαία
544 2905 610 2954 ἐκ
634 2900 729 2955 τοῦ
756 2900 905 2953 οἴκου
931 2916 1043 2951 σου.
1061 2918 1079 2950 ι
1107 2898 1345 2958 Εἰκότως
1366 2894 1458 2949 οὖν
1475 2896 1647 2963 ἔλεγε.
1680 2914 1696 2945 ι
1714 2898 1847 2949 Παι-

237 2996 417 3049 δεὶων
447 2993 736 3046 ἐπαίδευσε
768 3009 834 3059 με
856 2994 882 3044 ὁ
904 2990 1128 3060 Κύριος.
1161 2988 1237 3057 τῷ
1264 2989 1318 3041 δὲ
1341 2988 1555 3055 θανάτῳ
1584 2989 1644 3040 οὐ
1669 2988 1845 3058 παρέ-

238 3087 382 3138 δωκὲ
404 3104 491 3155 με.
511 3105 530 3135 ι»
555 3086 664 3137 Καὶ
681 3084 751 3149 τὰ
759 3101 787 3153 ρ
814 3082 1180 3144 παντοδαπαῖς
1198 3082 1379 3144 αὑτὸν,
1396 3076 1481 3133 οἷα
1493 3080 1555 3150 δὴ
1571 3080 1844 3148 πάνσοφος

1946 613 2230 667 redactus.
2260 612 2441 681 Atque
2470 625 2570 681 ego
2624 609 2842 679 quidem
2873 611 3037 666 rebus
3090 610 3226 665 meis
3260 619 3520 666 secundis

1945 704 2081 766 dixi,
2118 703 2269 758 nullo
2299 718 2537 771 unquam
2566 710 2815 772 tempore
2857 701 3265 757 labefactabor:
3308 713 3368 756 ut
3404 703 3510 772 pri-

1948 807 2095 843 mum
2130 806 2258 844 vero
2284 798 2431 844 luam
2467 790 2660 845 faciem
2690 791 2964 854 avertisti,
3016 793 3376 847 conturbatus
3420 792 3518 845 fui.

1946 881 2075 935 Mihi
2107 898 2234 936 vero
2269 880 2617 935 conducibile
2659 881 2761 936 fuit
2818 881 2919 936 abs
2972 891 3025 936 te
3057 881 3309 951 deprimi,
3352 889 3409 935 ut
3443 883 3523 937 sic

1948 982 2041 1026 tua
2071 974 2195 1041 jura
2237 974 2532 1029 discerem.
2580 991 2601 1024 ι
2644 971 2856 1027 Etenim
2885 974 3184 1027 rebellione
3215 973 3309 1027 lilii
3336 981 3521 1042 aperte

1946 1077 2139 1134 poenas
2165 1082 2288 1121 cum
2320 1064 2577 1119 adulterii
2609 1072 2723 1117 tum
2757 1064 3037 1119 homicidii
3066 1066 3350 1134 persolvit,
3380 1080 3522 1135 quo-

1947 1157 2112 1212 modo
2155 1158 2201 1211 ei
2249 1158 2516 1212 divinitus
2560 1158 2880 1225 praedictum
2913 1159 3124 1211 fuerat:
3168 1178 3187 1209 ι
3230 1158 3375 1211 Ecce
3422 1173 3525 1226 ego

1948 1249 2041 1303 tibi
2066 1264 2131 1302 ex
2158 1250 2318 1304 domo
2346 1259 2435 1303 tua
2464 1250 2806 1304 calamitates
2839 1250 3153 1313 immittam,
3180 1268 3198 1300 ι
3229 1261 3283 1304 et
3306 1260 3520 1303 caetera.

1945 1338 2064 1393 Jam
2104 1342 2218 1395 haec
2256 1356 2476 1409 quoque
2501 1358 2603 1395 nos
2630 1342 2858 1395 historia
2894 1340 3057 1395 docet
3109 1357 3196 1396 res
3239 1341 3520 1404 adversas,

1945 1436 2286 1489 calamitates
2318 1444 2483 1503 atque
2503 1434 2903 1488 sollicitudines
2927 1434 3207 1504 expedire.
3236 1431 3356 1499 Quo
3378 1434 3521 1487 enim

1947 1537 2195 1595 tempore
2246 1528 2439 1580 beatus
2494 1525 2734 1580 Davidns
2792 1525 3050 1579 infestum
3090 1525 3319 1579 Saulum
3362 1524 3521 1593 fugit,

1944 1632 2011 1672 eo
2044 1618 2099 1670 in
2131 1618 2390 1672 onmibus
2421 1618 2713 1686 sapientia:
2740 1616 2947 1671 studiis
2998 1620 3262 1684 praclarc
3308 1631 3369 1671 se
3392 1630 3521 1684 ges-

1945 1709 2052 1766 sit:
2089 1710 2341 1778 interque
2367 1710 2492 1764 belli
2536 1710 2778 1777 pericula
2804 1717 2857 1763 et
2894 1709 3177 1762 hostilium
3213 1716 3512 1774 conatuum

1944 1802 2403 1870 occupationibus
2478 1802 2666 1854 animo
2747 1803 2961 1855 intento
2999 1840 3014 1864 ,
3077 1815 3140 1853 ex
3202 1797 3522 1868 praescripto

1946 1906 2233 1945 sacrarum
2273 1892 2452 1960 legum
2508 1890 2667 1944 vixit.
2711 1890 2856 1945 Idem
2908 1890 3211 1959 pauxillum
3261 1887 3523 1957 requietis

1952 1982 2110 2051 157
2161 1992 2362 2036 nactus
2410 1982 2462 2035 in
2495 1984 2654 2037 istam
2721 1990 2805 2035 est
2864 1982 3158 2050 prolapsus
3199 1981 3519 2035 fmditatem.

1946 2074 2199 2143 Ingresso
2230 2074 2294 2127 ad
2322 2091 2379 2129 se
2407 2084 2552 2136 vate,
2581 2083 2634 2127 ct
2661 2074 2846 2128 delicti
2874 2075 3358 2143 exprobrationem
3398 2089 3523 2127 sus-

1944 2168 2109 2219 tinuit
2137 2177 2186 2220 et
2225 2166 2517 2221 confessus
2549 2164 2817 2235 ﬂagitium
2848 2176 2954 2229 est,
3007 2180 3269 2235 peccasse
3324 2173 3518 2219 contra

1947 2259 2236 2312 Dominum
2270 2274 2391 2313 sese
2433 2260 2749 2328 perhibetis.
2787 2259 2977 2326 Itaque
3011 2259 3313 2314 vatcs'eum
3348 2265 3524 2312 morte
3592 2242 3595 2243 ν

1950 2368 2056 2405 ιιοιι
2092 2353 2438 2421 plectendum
2472 2353 2638 2421 bujus
2682 2353 2856 2420 culpa:
2903 2367 3068 2407 causa
3123 2350 3521 2421 pronuntiavit,

1946 2458 2264 2512 quanquam
2332 2444 2685 2497 vehementer
2750 2444 2916 2497 Deum
2993 2447 3400 2510 exasperasset.
3471 2439 3524 2493 ls

1949 2535 2186 2600 primum
2236 2536 2444 2603 prolem
2498 2550 2560 2589 ex
2610 2549 2676 2588 eo
2728 2534 2996 2588 adulterio
3052 2544 3236 2588 natam
3284 2533 3522 2594 necavit,

1949 2627 2148 2681 deinde
2205 2627 2301 2681 filii
2367 2626 2721 2681 rebellionem
2782 2627 2832 2680 ci
2894 2626 3246 2697 significavit,
3293 2642 3419 2681 cum
3465 2627 3520 2680 in

1949 2719 2155 2772 familia
2197 2720 2371 2788 ipsius
2400 2734 2679 2787 nunquam
2710 2732 2737 2769 a
2774 2718 2970 2786 gladiis
3018 2718 3132 2772 fore
3182 2721 3521 2771 vacationem

1948 2812 2317 2865 denuntiaret.
2358 2811 2765 2866 Convenienter
2793 2824 2926 2878 ergo
2962 2808 3206 2865 Davidus
3248 2810 3387 2863 dixit
3409 2824 3468 2865 se
3492 2823 3521 2860 a

1952 2902 2064 2955 Deo
2114 2902 2465 2956 vehementer
2512 2901 2733 2972 quidem
2775 2901 3129 2972 castigatum,
3179 2917 3286 2956 non
3340 2908 3523 2954 tamen
3584 2923 3591 2927 ·

1955 2993 2075 3046 neci
2111 2994 2370 3047 traditum
2403 2994 2593 3049 fuisse.
2626 2992 2758 3045 Nam
2790 2993 2953 3057 Deus,
2989 3002 3046 3047 ιιι
3068 2993 3520 3063 sapientissimus

1950 3086 2217 3148 iiiedicus,
2265 3087 2446 3140 omnis
2475 3086 2690 3155 generis
2718 3086 3174 3154 castigationibus
3210 3100 3334 3139 eum
3358 3100 3523 3141 exer-

243 3177 455 3245 ξετοδς,
490 3174 759 3235 παιδείαις
800 3171 1070 3225 ὑπέϐαλεν
1101 3174 1127 3225 ὁ
1160 3171 1290 3233 Θεὸς
1324 3170 1460 3239 μετὰ
1503 3171 1603 3238 τὴν
1646 3169 1837 3237 ὁμολο-

1950 3178 2086 3238 cuit,
2120 3186 2477 3247 posteaquam
2510 3188 2791 3247 peccatum
2820 3192 3007 3230 suum
3054 3177 3345 3231 confessus
3396 3174 3519 3229 fuit.

242 3268 377 3333 τίαν
403 3267 507 3334 τῆς
539 3264 836 3333 ἁμαρτίας.
874 3263 934 3315 ’0
958 3258 1050 3315 οὖν
1090 3261 1356 3331 μακάριος
1386 3260 1554 3313 Δαϐἱδ
1592 3260 1697 3328 πρὸ
1744 3259 1843 3326 τῆς

240 3358 511 3427 τελευτῆς
544 3356 709 3411 αὑτοῦ
735 3356 972 3417 καλέσας
1011 3354 1101 3408 τὸν
1146 3354 1262 3407 υἱὸν
1308 3351 1477 3406 αὐτοῦ
1524 3352 1845 3422 Σολομῶντα

240 3445 401 3505 εἶπεν
430 3446 600 3516 αὐτῷ’
636 3468 651 3495 ι
685 3445 937 3515 Σολομῶν
974 3445 1163 3497 τέκνον
1206 3461 1330 3512 μου,
1358 3444 1481 3513 ἐμοὶ
1510 3444 1726 3510 ἐγένετο
1753 3445 1845 3497 ἐπὶ

239 3542 427 3609 day/ip)
451 3539 542 3590 τοῦ
570 3538 922 3607 οἰκοδομῆσαι
947 3532 1096 3589 οἷκον
1128 3535 1318 3604 Κυρίῳ
1344 3535 1419 3603 τῷ
1444 3534 1562 3604 Θεῷ
1586 3536 1719 3606 (81).
1736 3537 1845 3589 Καὶ

242 3633 471 3697 ὲ·;έν,το
492 3632 647 3698 λόγος
665 3629 869 3698 Κυρίου
891 3628 975 3680 ἐπ’
996 3628 1139 3697 ἐμοὶ,
1158 3626 1354 3694 λέγων·
1372 3621 1520 3696 Αἷμα
1535 3628 1615 3689 εις
1636 3628 1842 3691 πλῆθος

247 3726 479 3791 ἐξέχεας
510 3725 604 3773 καὶ
639 3721 908 3790 πολέμους
937 3721 1196 3789 ἐποίησας
1237 3720 1525 3788 μεγάλους.
1555 3720 1669 3773 Οὐκ
1698 3722 1842 3772 οἰκοο

243 3818 514 3886 δομήσεις
545 3810 693 3866 οἷκον
734 3812 811 3882 τῷ
837 3813 1063 3881 ὀνόματί
1114 3829 1237 3881 μου.
1276 3811 1408 3864 Ἰδοὺ
1446 3812 1561 3876 υἱὸς
1590 3813 1840 3865 τίκτεταί

248 3927 357 3972 σοι,
394 3909 487 3960 καὶ
542 3906 840 3960 ἀναπαύσω
880 3907 1043 3959 αὑτὸν
1077 3906 1185 3959 ἀπὸ
1218 3907 1438 3958 πάντων
1486 3907 1596 3958 τῶν
1629 3906 1840 3977 ἐχθρῶν

246 4000 444 4063 αὐτοῦ,
480 3986 577 4051 ὅτι
597 3998 847 4068 Σολομῶν
878 3998 1049 4067 ὄνομα
1078 3998 1246 4067 αὐτῷ.
1293 3992 1462 4060 Οὗτος
1489 4000 1838 4068 οἰκοδομήσει

249 4088 401 4142 οἴκου
432 4089 510 4156 τῷ
540 4089 764 4157 ὀνόματί
809 4105 931 4157 μου.
983 4088 1093 4141 Καὶ
1122 4086 1216 4141 νῦν
1245 4086 1499 4155 ἀνδρίζου
1540 4089 1634 4139 καὶ
1664 4088 1839 4155 ἴσχυε.

252 4183 361 4234 Καὶ
393 4180 501 4233 ἰδοῦ
530 4178 640 4246 ἐγὼ
669 4178 810 4232 κατὰ
831 4179 930 4247 τὴν
966 4178 1241 4247 πτωχείαν
1273 4195 1376 4247 μου
1417 4177 1532 4246 (82)
1564 4176 1842 4248 ήτοίμασα

248 4278 329 4337 εἰς
360 4268 511 4326 οἷκον
558 4270 759 4340 Κυρίου
793 4269 1017 4341 χρυσίου
1066 4268 1306 4322 τάλαντα
1358 4268 1601 4338 χιλιάδας
1642 4265 1843 4321 ἑκατὸν

249 4366 346 4418 καὶ
396 4364 663 4434 ἀργυρίου
700 4361 940 4415 τάλαντα
975 4360 1152 4430 χιλίας
1185 4359 1450 4428 χιλιάδας,
1500 4358 1596 4413 καὶ
1643 4359 1843 4429 χαλκὸν

251 4460 344 4510 καὶ
386 4458 607 4526 σίδηρον
640 4448 703 4509 οὗ
741 4455 842 4507 οὐκ
872 4452 1020 4507 εστιν
1059 4452 1314 4522 ἀριθμόςο
1352 4452 1445 4505 καὶ
1491 4452 1628 4522 πρὸς
1668 4451 1842 4506 ταῦτα

257 4544 496 4614 πρόσθες
543 4546 623 4605 εἰς

253 4638 340 4688 ὅὶδ
372 4637 486 4704 (35)
524 4634 840 4704 πρεσϐύτης
873 4635 968 4686 καὶ
998 4633 1214 4702 πλήρης
1262 4633 1511 4703 ἡμερῶν,
1565 4634 1661 4686 καὶ
1690 4634 1840 4703 βασι-

206 4726 213 4731 ’
249 4729 448 4786 λεὺσας
484 4728 577 4779 τὸν
608 4727 723 4778 υἱον
751 4724 919 4777 αὐτοῦ
962 4725 1288 4793 Σολομῶντα
1318 4724 1417 4776 πά.)
1433 4742 1481 4775 ιν
1516 4719 1668 4777 εἶπεν
1692 4723 1842 4793 αὐτῷ

252 4822 481 4872 ἐψὲιπιον
513 4820 604 4870 τοῦ
637 4818 766 4871 λαοῦ
788 4835 802 4847 ⁸
851 4818 980 4870 Ἰδοὺ
1006 4815 1277 4887 ἡτοίμασα
1306 4817 1387 4876 είς
1412 4811 1559 4868 οἶκον
1584 4816 1678 4868 τοῦ
1699 4815 1837 4867 Θεοῦ

253 4931 353 4979 μου
390 4913 633 4982 χρυσίον,
654 4909 1179 4980 ἁργύριον,χαλκὺν,
1223 4907 1309 4979 [Ρ.
1343 4908 1435 4977 90]
1469 4909 1709 4978 ·σίδηρον
1742 4910 1835 4962 καὶ

253 5010 430 5059 πάντα.
458 5004 608 5055 λίθον
632 5004 813 5072 τίμιον
837 5003 929 5054 καὶ
951 5001 1131 5064 λίθους
1160 5002 1375 5071 τιμίους
1402 5000 1713 5064 πολυτελεῖς
1742 5002 1834 5054 καὶ

1952 3270 2001 3324 Is
2040 3286 2170 3339 ergo
2221 3270 2414 3323 beatus
2458 3268 2737 3332 Das-idus,
2787 3277 3082 3336 antequam
3138 3282 3203 3321 ex
3254 3268 3358 3321 hac
3412 3266 3520 3319 vita

1948 3363 2357 3430 commigraret,
2387 3361 2710 3414 advocatum
2739 3360 2806 3413 ad
2864 3374 2924 3414 se
2952 3359 3122 3412 filium
3168 3357 3519 3413 Solomonem

1949 3455 2005 3509 in
2031 3456 2169 3507 hanc
2200 3455 2530 3509 sententiam
2562 3459 2643 3507 est
2677 3453 2947 3507 allocutus
2976 3469 2991 3505 :
3034 3469 3053 3502 ι
3092 3449 3196 3505 Fili
3228 3450 3300 3504 mi
3358 3449 3519 3505 Solo-

1948 3562 2100 3610 mon,
2144 3546 2469 3600 induxeram
2520 3560 2621 3614 ego
2651 3545 2704 3598 in
2752 3544 2997 3598 animum
3054 3557 3235 3596 meum
3290 3540 3521 3595 Domino

1948 3638 2059 3693 Deo
2092 3639 2354 3707 templum
2386 3636 2694 3691 aedificare:
2741 3635 2834 3691 sed
2885 3652 2969 3689 me
3003 3636 3144 3689 Deus
3176 3635 3249 3687 ita
3286 3632 3516 3696 monuit,

1949 3740 2005 3783 ut
2040 3730 2372 3798 significaret
2404 3745 2507 3791 me,
2536 3727 2666 3796 quia
2723 3729 2952 3782 multum
3007 3726 3290 3797 sanguinis
3337 3723 3517 3779 fudis-

1952 3834 2065 3872 sem
2126 3833 2191 3872 ac
2245 3833 2440 3888 magna
2502 3817 2645 3872 bella
2698 3818 3030 3887 gessissem,
3088 3816 3260 3885 ipsius
3310 3815 3519 3870 nomini

1947 3911 2119 3964 aedem
2145 3909 2494 3962 conditarum
2526 3923 2634 3961 non
2659 3922 2818 3963 esse:
2873 3907 3040 3960 filium
3088 3905 3218 3958 inihi
3280 3904 3454 3969 nasci,
3487 3919 3516 3955 a

1946 4017 2055 4072 quo
2097 4001 2173 4069 (id
2209 4001 2353 4069 quod
2378 4010 2431 4055 et
2461 3999 2777 4056 Solomonis
2798 4014 2997 4053 nomen
3029 3998 3269 4062 denotat)
3298 4011 3516 4051 omnem

1950 4094 2188 4148 hostium
2248 4094 2509 4162 impetum
2568 4099 2714 4145 esset
2773 4091 2892 4160 ipse
2929 4089 3344 4158 prohibiturus:
3390 4102 3517 4141 eum

1949 4185 2159 4241 nomini
2189 4182 2283 4237 Dei
2324 4184 2584 4253 templum
2618 4190 3055 4237 exstructurum.
3080 4179 3159 4234 Tu
3187 4182 3392 4250 itaque,
3420 4179 3519 4244 fili,

1950 4280 2033 4334 \‘il‘
2062 4288 2202 4340 esto,
2230 4284 2283 4331 et
2316 4278 2460 4333 vires
2483 4292 2657 4332 sume.
2690 4276 2869 4344 Atque
2921 4290 3050 4329 ecce
3096 4290 3214 4344 ego,
3248 4282 3519 4342 quantum

1952 4387 2071 4426 mea
2130 4379 2426 4441 paupertas
2482 4370 2643 4433 tulit,
2710 4368 2778 4423 ad
2836 4367 3213 4423 aedificandam
3281 4366 3520 4421 Domino

1948 4464 2198 4526 domum,
2240 4462 2451 4518 confeci
2506 4463 2711 4517 talenta
2755 4462 2874 4516 auri
2911 4460 3143 4527 100000,
3178 4459 3388 4530 argenti
3438 4468 3523 4511 ta-

680 4542 966 4611 οἱκοδομὴν
1015 4542 1145 4595 ναοῦ
1203 4542 1432 4613 Κυρίου.
1493 4560 1511 4593 ι
1574 4542 1684 4595 Καὶ
1735 4545 1841 4595 Δα-

1950 4553 2095 4605 lenta
2130 4552 2399 4615 1000000,
2431 4560 2693 4621 praeterea
2726 4551 2852 4606 acris
2896 4557 3062 4619 atque
3097 4548 3227 4603 ferri
3273 4549 3527 4602 innume-

1950 4641 2179 4695 rabilem
2214 4643 2345 4695 vim.
2401 4641 2480 4694 Tu
2530 4642 2598 4696 iis
2645 4642 2783 4696 adde
2839 4656 2963 4709 qua:
3021 4640 3087 4694 ad
3142 4637 3525 4693 aediﬁcandum

1954 4730 2061 4784 Deo
2089 4732 2351 4799 templum
2390 4732 2613 4785 facient.
2652 4752 2671 4784 ι
2707 4731 2883 4802 ’158
2916 4732 3042 4786 Erat
3070 4739 3253 4785 autem
3288 4729 3525 4783 Davidus

1954 4824 2247 4876 admodum
2287 4835 2537 4894 provecta
2567 4833 2727 4879 atate
2759 4833 2814 4879 et
2842 4833 2997 4879 satur
3029 4837 3322 4878 annorum.
3356 4822 3527 4874 Cum-

1949 4929 2056 4983 que
2099 4913 2270 4968 filium
2302 4930 2463 4969 suum
2501 4914 2852 4969 Solomonem
2884 4930 3052 4983 regno
3113 4915 3523 4982 inaugurasset,

1944 5020 2137 5060 rursus
2160 5020 2344 5060 coram
2372 5005 2571 5077 populo
2595 5005 2672 5060 ita
2702 5021 2826 5060 eum
2850 5013 2933 5061 est
2969 5005 3245 5059 allocutus
3274 5022 3288 5058 :
3327 5022 3346 5054 ι
3387 5002 3528 5057 Ecce

1372 5149 1728 5237 umnam
1762 5150 1847 5207 ET
1877 5153 2093 5209 coam
2120 5155 2351 5213 noras.

324 5291 438 5360 (8|)
476 5291 533 5344 In
567 5291 825 5360 margine
868 5297 1106 5360 nolatur_
1129 5286 1234 5360 alia
1272 5289 1453 5360 lectio,
1489 5288 1569 5357 τῷ
1609 5288 1834 5358 ὀνόματι

255 5358 462 5430 Κυρίου
492 5359 589 5413 τοῦ
635 5358 794 5423 Θεοῦ,
841 5360 1037 5430 nomini
1076 5358 1301 5430 Domina:
1321 5358 1436 5422 Dei,
1477 5375 1597 5427 qua:
1643 5361 1830 5430 eodem

257 5428 466 5486 recidit.
502 5430 791 5498 Desnmpta
821 5438 949 5484 sunt
984 5429 1097 5498 haec.
1122 5444 1187 5482 ex
1223 5428 1241 5480 ι
1275 5428 1453 5480 Paral.
1488 5444 1678 5483 xxvnr.
1702 5429 1831 5498 (Ζίρ-

257 5517 429 5554 tcrum
461 5497 775 5553 Solomonis
814 5514 1010 5553 nomen
1039 5497 1162 5550 Paci
1198 5498 1526 5566 παρώνυμον
1564 5507 1668 5552 est.
1698 5497 1831 5552 XrL.

326 5570 437 5635 (κε)
488 5570 547 5623 In
606 5571 848 5638 margine
900 5570 1160 5623 atleverat
1212 5568 1491 5632 librarius,
1539 5568 1641 5621 nisi
1693 5569 1829 5627 forte

258 5643 532 5695 llcdrenus
554 5648 658 5691 tam
696 5640 795 5692 fuit
818 5640 1046 5699 facetus,
1079 5639 1312 5707 Τοιαύτη
1332 5640 1423 5690 καὶ
1444 5638 1568 5706 ἐμοὶ
1590 5639 1834 5707 πτωχεία

260 5713 483 5775 γένοιτο.
518 5709 626 5760 θεῖε
653 5709 832 5771 Δαϐίδ,
867 5709 1042 5776 lepide
1080 5708 1321 5774 profecto
1353 5717 1405 5760 ct
1432 5708 1671 5762 historia:
1697 5724 1830 5761 con-

262 5782 537 5832 venienter
576 5777 1115 5847 ém;mvﬁaa;.'falis
1144 5786 1260 5831 crat
1293 5778 1457 5829 etiam
1494 5777 1827 5845 supra,folio

266 5851 423 5907 5κάιο
457 5848 722 5902 Manassis
747 5858 799 5900 ιιι
832 5849 1103 5914 Ισζιιιιτειίιιιί
1139 5847 1569 5901 hem-dictionem
1597 5858 1827 5901 ξιιμ-ωει-

269 5932 335 5974 uo
364 5937 375 5973 '.
408 5916 572 5992 υἶμαι
606 5918 693 5973 διὰ
740 5919 890 5972 τοῦτο
923 5918 1014 5971 καὶ
1053 5919 1174 5992 ἐμοὶ
1219 5917 1289 5980 ὼς
1329 5917 1405 5984 τῷ
1461 5918 1722 5987 Μανασσῇ
1769 5918 1826 5972 τὸ

1934 5293 2220 5364 δυστυχεῖν
2241 5294 2716 5364 ἀποκεκλήρωται.
2752 5294 2974 5364 Suntet
2997 5291 3101 5346 alia
3137 5290 3340 5364 passim
3370 5290 3523 5348 talia.

1937 5381 2058 5433 qua:
2093 5362 2345 5418 consulto
2377 5362 2554 5428 omisi,
2575 5364 2705 5417 nihil
2742 5378 2870 5418 sane
2909 5362 3271 5433 lectoremiis
3301 5370 3529 5433 praeter-

1939 5431 2031 5489 itis
2084 5434 2413 5489 defraudans
2464 5436 2553 5503 qui
2582 5472 2597 5496 ,
2639 5434 2686 5488 si
2722 5435 2859 5487 volet
2883 5473 2899 5499 ,
2928 5433 3115 5487 utilius
3149 5431 3350 5500 aliquid
3383 5446 3529 5483 mar-

1938 5506 2047 5574 gini
2077 5504 2233 5557 facile
2266 5505 2473 5574 allinet.
2510 5503 2641 5556 ΧιΊ..

2032 5577 2121 5642 85)
2158 5574 2213 5627 Ιιι
2247 5573 2510 5643 margine,
2534 5573 2756 5626 Ἐλιπεν
2780 5574 2843 5625 ἐκ
2867 5571 2961 5624 τοῦ
2990 5572 3366 5643 κάντιγρᾴφου.
3393 5568 3523 5643 Mihi

1940 5640 2117 5699 autem
2146 5640 2389 5712 profecto
2430 5660 2535 5696 non
2573 5644 2788 5697 videtur
2826 5643 2915 5695 hic
2952 5642 3156 5709 aliquid
3198 5642 3414 5712 deesse,
3448 5640 3520 5692 ita

1940 5724 1996 5768 ιιι
2043 5709 2206 5768 mirer
2260 5713 2471 5767 librarii
2523 5713 2862 5779 religionem,
2910 5712 3025 5781 qui,
3063 5719 3170 5781 tarn
3207 5710 3374 5762 multa
3403 5709 3520 5762 loca

1935 5786 2177 5839 mutilata
2218 5800 2314 5852 pro
2339 5784 2565 5853 integris
2593 5779 2940 5847 describens;
2962 5781 3047 5835 hic
3080 5779 3297 5834 domum
3335 5792 3521 5834 sense-

1937 5856 2003 5910 rit
2028 5856 2229 5925 aliquid
2258 5854 2547 5911 excidisse.
2586 5853 2710 5907 Χιί..
