4214 6448
714 437 810 496 iiii

1988 431 2311 492 (iEUltGII
2343 429 2676 492 CE[)llEL\'I

3867 435 3881 494 l
3899 437 3965 495 ac.

706 559 805 614 pro
847 544 957 600 vita
1009 539 1235 596 infantis
1292 539 1616 610 deprecans.
1664 541 1804 606 Quin
1854 552 1905 596 et
1956 552 2279 613 praesentem

2393 537 2551 610 ζῆσαι
2584 540 2642 593 τὸ
2673 539 2904 593 παιδίον.
2939 540 3044 594 Καὶ
3092 539 3242 611 ῥῆμα
3280 540 3495 607 ἐξέθετο
3537 543 3610 606 ὡς
3645 543 3695 595 εί
3721 559 3802 604 τις
3837 545 3968 616 εἴπῃ

710 643 941 690 mortem
993 635 1042 689 ei
1091 633 1528 698 denuntiaverat,
1586 633 1898 703 quicunque
1946 634 2012 693 de
2056 633 2280 689 infantis

707 727 859 781 obitu
893 726 1191 782 retulisset.
1228 725 1436 780 Mortuo
1468 725 1675 780 infante
1717 734 2069 782 accesserunt
2103 741 2280 796 regem

711 817 1009 872 familiares
1049 817 1207 888 162
1243 817 1384 872 tristi
1412 819 1583 872 vultu.
1610 817 1765 873 Unde
1798 835 1889 874 rex
1926 817 2055 889 quid
2080 816 2280 872 factum

708 917 856 964 esset
895 910 1194 980 colligens:
1230 929 1248 961 ι
1285 909 1532 965 Mortuus
1559 923 1660 972 est.
1693 911 1892 981 inquit,
1928 927 2080 982 puer.
2118 930 2136 962 ι
2180 910 2284 964 Re-

707 1001 1082 1069 sponderunt;
1113 1021 1131 1053 ι
1155 1001 1232 1055 Tu
1255 1003 1356 1057 hoc
1374 1002 1577 1058 dixisti.
1594 1022 1611 1052 ι
1636 1001 1812 1056 Atrex
1831 1003 2010 1058 statim
2033 1016 2279 1072 surgere,

708 1093 890 1148 lavare
921 1109 1142 1164 corpus,
1177 1094 1400 1160 vestire,
1464 1093 1571 1149 Deo
1609 1097 1814 1164 gratias
1855 1108 2016 1162 agere
2043 1133 2057 1156 ,
2099 1095 2283 1147 cibum

707 1200 942 1238 sumere.
1013 1187 1384 1256 Interrogatus
1441 1201 1662 1240 causam
1717 1186 1879 1256 hujus
1919 1187 2282 1251 mutationis,

717 1276 872 1335 Dum.
930 1276 1128 1345 inquit,
1169 1277 1523 1332 decumbebat
1557 1276 1759 1339 infans,
1788 1293 1816 1328 a
1874 1277 1981 1332 Deo
2035 1278 2286 1345 precibus

709 1368 943 1420 salutem
970 1367 1087 1436 ejus
1113 1367 1378 1436 flagitavi:
1406 1376 1626 1420 mortuo
1648 1383 1713 1421 eo
1738 1383 1999 1436 quorsum
2028 1367 2285 1421 attineret

711 1471 796 1508 me
827 1455 1096 1518 atilictari,
1159 1473 1444 1527 nunquam
1510 1459 1830 1513 effecturum
1891 1465 1949 1511 ut
1991 1459 2169 1512 anima
2223 1457 2277 1510 in

709 1563 909 1618 corpus
938 1551 1160 1603 redeat?

782 1641 1130 1695 Solomoncm
1169 1641 1312 1698 Deus
1337 1643 1622 1712 prudentia
1657 1659 1722 1700 ac
1753 1645 2019 1714 sapientia
2047 1643 2284 1698 maxima

714 1732 960 1795 donavit,
999 1744 1299 1804 pectusque
1332 1743 1410 1789 tot
1441 1737 1847 1806 cognitionibus
1877 1753 2058 1791 rerum
2096 1737 2289 1807 imple-

710 1825 788 1877 vit
817 1834 950 1891 quot
981 1841 1270 1880 numerum
1303 1842 1483 1881 arena:
1515 1829 1799 1882 maritimae
1832 1841 2136 1898 aequarent.
2174 1831 2274 1884 lta-
2319 1853 2362 1906 Β

709 1931 816 1983 que
848 1917 1117 1982 sapientia
1161 1927 1215 1972 et
1245 1919 1458 1987 priscos
1512 1935 1705 1974 omnes
1742 1924 2028 1989 superavit
2075 1929 2129 1974 et
2163 1921 2286 1974 titti-

713 2008 880 2060 versis
910 2006 1126 2078 Aigypti
1165 2010 1506 2078 sapientibus
1554 2013 1894 2071 antecellnit.
1947 2011 2190 2068 Veniunt
2218 2014 2283 2068 ad

711 2113 833 2151 eum
868 2100 988 2154 diue
1019 2102 1275 2164 mulieres
1307 2103 1679 2173 disceptanda:
1739 2106 1848 2160 litis
1899 2122 2088 2162 causa.
2131 2106 2287 2162 Prior

713 2192 876 2246 refert
935 2211 1014 2256 se,
1067 2213 1192 2250 eum
1264 2197 1316 2250 in
1381 2214 1487 2251 ttna
1555 2199 1728 2253 amba:
1781 2200 1942 2253 domo
2003 2200 2285 2269 degerent,

712 2290 1011 2357 peperisse,
1046 2300 1207 2359 atque
1267 2292 1494 2345 alteram
1543 2292 1672 2346 item
1728 2293 1910 2346 triduo
1973 2303 2121 2363 post.
2157 2293 2286 2363 Ejus

712 2380 1000 2441 infantem,
1031 2398 1154 2434 cum
1192 2398 1287 2450 per
1323 2395 1538 2436 noctem
1592 2399 1715 2436 cum
1749 2394 1922 2438 matre
1953 2401 2052 2437 sua
2088 2386 2284 2439 eulias-

714 2481 822 2535 set,
857 2475 1191 2526 exstinctum
1227 2471 1427 2540 fuisse;
1457 2485 1620 2544 atque
1651 2492 1768 2530 eam
1792 2478 2122 2540 surrexisse,
2150 2477 2286 2532 sibi-

715 2580 823 2632 que
852 2564 1144 2618 dormienti
1177 2581 1336 2620 suum
1370 2565 1632 2622 infantem
1663 2567 1998 2637 surripuisse
2019 2583 2084 2622 ex
2114 2569 2282 2631 ulnis,

711 2657 876 2723 inque
911 2657 1088 2710 locum
1118 2658 1239 2726 ejus
1267 2668 1546 2713 mortuum
1593 2663 1972 2730 supposuisse.
2015 2659 2109 2726 Se,
2165 2677 2284 2714 cum

715 2761 872 2800 mane
912 2749 975 2800 ad
1018 2748 1330 2803 lactandum
1382 2767 1544 2804 suum
1599 2753 1952 2816 surrexisset,
2008 2761 2286 2806 mortuum

716 2839 978 2893 infantem
1013 2840 1330 2903 offendisse,
1361 2857 1423 2895 ac.
1445 2858 1502 2897 re
1533 2843 1817 2912 explorata
1857 2843 2288 2912 deprehendisse

714 2945 838 2982 eum
875 2947 1034 2984 suum
1065 2948 1170 2984 non
1204 2948 1348 2986 esse.
1387 2933 1521 2987 Cum
1552 2934 1724 2988 altera
1760 2935 1861 2989 ltoc
1901 2944 2148 3005 negaret,
2181 2952 2288 2989 non

715 3036 875 3072 suum
913 3022 1008 3074 sed
1048 3022 1196 3074 illius
1223 3022 1486 3076 infantem
1524 3033 1756 3078 mortem
1801 3025 2005 3080 ol-éisse
2057 3034 2288 3078 centen-

714 3111 872 3174 dens,
910 3110 1169 3165 Solomon
1206 3123 1500 3186 utrumque
1537 3117 1771 3170 medium
1802 3118 1977 3172 secari
2019 3117 2284 3171 infantem

2388 631 2470 685 ὅτι
2501 631 2876 700 ἐτελεύτησεν,
2917 630 3080 694 εὐθὺς
3123 631 3474 687 ἀποθανεῖται
3524 633 3709 697 αὑτός.
3756 635 3966 705 Τεονη-

2387 725 2541 786 κοτος
2576 723 2630 776 δὲ
2665 721 2760 776 τού
2786 723 2976 786 παιδὸς
3003 721 3250 793 εἰσῆλθον
3276 726 3412 795 πρδς
3443 725 3609 779 Δαϐὶδ
3631 727 3678 778 οί
3715 727 3964 794 συνήθεις

2387 815 2607 883 στυγνοὶ
2636 815 2732 868 καὶ
2767 817 3054 884 κατηφεῖς.
3101 816 3157 871 Ὀ
3186 817 3242 870 δὲ
3263 817 3425 886 γνοὺς
3445 816 3662 870 ἀπὸτοῦ
3689 817 3965 886 σχήματος

2386 903 2530 959 εἴπεο
2558 927 2574 959 ι
2601 906 2839 977 Τέθνηκε
2866 908 2926 961 τὸ
2946 908 3180 962 παιδίον.
3206 929 3224 961 ι
3246 909 3308 962 OE
3327 909 3383 961 δὲ
3407 904 3580 961 εἴποιμ
3602 928 3618 960 r
3645 910 3716 962 Συ
3731 903 3910 972 εἴπας.
3937 928 3958 961 ι

2387 999 2498 1051 Καὶ
2531 1000 2691 1062 εύθυς
2747 999 3030 1054 κατελθὼν
3087 1000 3348 1055 ἐλούσατο
3376 1002 3468 1056 καὶ
3503 1001 3820 1072 ἠμφιάσατο
3868 1003 3962 1053 καὶ

2385 1092 2757 1160 ηύχαρίστησε
2785 1090 2865 1160 τῷ
2888 1091 3006 1162 Θεῷ
3033 1093 3126 1145 καὶ
3159 1093 3422 1161 μετέλαϐε
3443 1092 3670 1162 τροφῆς.
3713 1093 3962 1162 Ἐρωτῶ-

2391 1199 2552 1252 μενος
2581 1183 2637 1235 δὲ
2665 1185 2766 1254 τὴν
2797 1184 2978 1236 αἰτίαν
3002 1185 3104 1252 τῆς
3134 1185 3436 1252 ὲναλλαγῆς
3482 1181 3638 1238 εἶπεν
3674 1187 3757 1237 ὅτι
3802 1187 3962 1241 ἀσθε-

2387 1272 2609 1336 νοῦντος
2654 1275 2820 1329 αὑτοῦ
2879 1277 3148 1328 ἐδυσώπει
3197 1278 3289 1329 τὸν
3339 1277 3472 1330 Θεὸν
3518 1280 3812 1348 ἀναστῆναι
3872 1281 3965 1331 τὶν

2389 1365 2587 1416 παῖδαο
2614 1367 2740 1418 ἐπεὶ
2770 1367 2826 1419 δὲ
2861 1367 3238 1437 τετελεύτηκε,
3274 1367 3358 1430 τίς
3403 1369 3435 1438 ἠ
3468 1369 3628 1438 χρεία
3660 1368 3959 1422 κοποῦσθαί

2393 1473 2496 1526 με;
2528 1457 2618 1527 Μὴ
2650 1458 2865 1528 δυνηθῶ
2890 1459 3227 1531 ἀναστρέψαι
3273 1463 3372 1531 τὴν
3408 1461 3584 1531 ψυχὴν
3617 1461 3712 1514 τοῦ
3748 1461 3963 1514 παιδίου

2389 1549 2447 1600 ὲν
2483 1550 2664 1618 αύτῷ;

2464 1641 2585 1694 Ὅτι
2613 1642 2782 1695 ἔδωκε
2848 1643 3054 1716 Κύριος
3106 1643 3184 1714 τῷ
3219 1644 3525 1713 Σολομῶντι
3568 1644 3834 1714 φρόνησιν
3867 1645 3960 1698 καὶ⁵

2393 1733 2586 1801 σοφίαν
2630 1734 2830 1804 πολλὴν
2901 1735 3107 1804 σφόδρα
3138 1737 3231 1788 καὶ
3271 1737 3472 1799 πλάτος
3531 1736 3780 1803 καρδίας,
3831 1736 3963 1788 ὡσεὶ

2391 1825 2636 1896 ἄμμοςή
2705 1826 2856 1897 παρὰ
2904 1828 3001 1897 τὴν
3046 1827 3347 1883 θάλασσαν.
3401 1830 3511 1882 Καὶ
3563 1828 3873 1898 ἐπληθύνθη
3906 1831 3964 1879 ἐν

2389 1915 2593 1985 αύτῷή
2625 1919 2886 1988 φρόνησις
2911 1917 3052 1988 ὑπὲρ
3099 1919 3311 1982 πάντας
3368 1920 3629 1990 ἀρχαίους
3686 1921 3780 1972 καὶ
3823 1921 3962 1988 ὑπὲρ

2389 2007 2599 2071 πάντας
2627 2009 2926 2078 φρονίμους
2962 2009 3267 2077 Αἰγύπτου.
3307 2009 3598 2080 Ἔρχοντειι
3639 2010 3773 2080 πρὸς
3799 2009 3964 2062 αὑτὸν

2391 2103 2647 2168 γυναῖκες
2667 2101 2759 2154 δύο
2775 2101 3124 2172 δικασθῆναι,
3149 2104 3242 2154 καὶ
3275 2099 3426 2154 εἶπεν
3455 2103 3487 2171 ἡ
3512 2101 3629 2171 μία·
3666 2121 3684 2151 r
3709 2100 3850 2166 Ἐγὼ
3870 2105 3964 2153 καὶ

2390 2191 2584 2261 ὴγυνὴ
2632 2192 2768 2262 αὕτη
2823 2193 3087 2263 οἰκοῦμεν
3127 2195 3184 2245 ἐν
3235 2195 3370 2262 οἴκῳ
3427 2195 3529 2247 ἐνί.
3559 2195 3664 2246 Καὶ
3708 2193 3818 2261 ἐγὼ
3865 2193 3964 2260 μὲν

2390 2284 2598 2350 ἔτεκον,
2640 2287 2734 2337 καὶ
2759 2285 2896 2354 μετά
2926 2285 3117 2356 τρίτην
3170 2285 3333 2354 αὕτη.
3395 2285 3611 2354 Ταύτης
3658 2286 3720 2336 τὸ
3750 2284 3964 2337 παιδίον

2389 2375 2671 2444 τέθνηκεν,
2708 2378 2832 2429 ἐπεὶ
2866 2376 2966 2446 τὴν
3015 2377 3187 2429 νύκτα
3249 2377 3594 2444 ἐπεκοιμήθη
3644 2375 3815 2443 αύτῷ.
3856 2374 3970 2426 Καὶ

2394 2468 2502 2520 ἰδοὺ
2534 2469 2814 2521 ἀναστᾶσα
2853 2467 3010 2522 ἔλαϐε
3042 2469 3100 2522 τὸ
3131 2471 3265 2538 ὲμδν
3297 2469 3511 2520 παιδίον
3537 2469 3600 2519 ἐκ
3652 2467 3752 2535 τῆς
3786 2464 3960 2532 ἀγκά-

2389 2557 2488 2625 λης
2531 2573 2632 2626 μου
2665 2557 2964 2628 ὑπνούσης,
2989 2560 3083 2611 καὶ
3106 2557 3322 2610 τέθεικε
3354 2557 3416 2610 τὸ
3439 2556 3640 2624 ἑαυτῆς
3674 2557 3967 2626 τεθνηκόςο

2391 2645 2526 2716 ἐμοῦ
2559 2647 2614 2700 δὲ
2632 2647 2694 2700 τὸ
2725 2647 2870 2718 πρωῒ
2912 2648 3223 2718 ἀναστάτης
3273 2647 3508 2717 θηλάσαι
3557 2645 3709 2710 αύτδ,
3765 2646 3967 2716 εύρέίη

2390 2739 2450 2789 τὸ
2481 2739 2760 2808 τεθνηκός.
2796 2741 2903 2793 Καὶ
2929 2741 3325 2809 καταμαθοῦσα
3359 2736 3499 2792 εἶδον
3525 2740 3600 2802 ὠς
3625 2739 3724 2790 οῦκ
3754 2739 3868 2790 ἔστι
3903 2739 3967 2790 τὸ

2392 2828 2602 2880 παιδίον
2618 2845 2738 2898 μου.
2756 2848 2774 2880 ι
2801 2830 2908 2882 Καὶ
2923 2825 3074 2880 εἶπεν
3095 2831 3126 2898 ἡ
3148 2830 3331 2899 ἑτέρα·
3361 2848 3377 2879 ι
3403 2829 3558 2898 Οὐχὶ,
3582 2827 3718 2881 ἀλλὰ
3743 2829 3830 2879 σόν
3852 2829 3970 2880 ἐστι

2390 2921 2742 2991 τὸτεθνηκὸς,
2763 2921 2894 2990 ἐμὸν
2911 2921 2966 2972 δὲ
2984 2922 3042 2973 το
3061 2919 3190 2983 ζῶν.
3221 2941 3238 2972 ι
3264 2923 3370 2974 Καὶ
3395 2915 3518 2973 εἷπε
3540 2921 3812 2990 Σολομῶνο
3836 2941 3852 2971 ι
3881 2923 3964 2968 Δι-

2393 3013 3038 3086 χοτσμήσπτειὰμφύυρα
3061 3012 3128 3068 τὰ
3151 3012 3350 3086 βρέφη,
3378 3015 3471 3068 καὶ
3487 3014 3604 3066 δότε
3630 3015 3970 3084 ἀμφοτέραις

2389 3109 2507 3169 ταῖς
2543 3111 2793 3174 γυναιξὶν
2837 3108 2944 3160 ἀπὸ
2986 3109 3095 3160 τὼν
3122 3109 3214 3160 δύο
3244 3108 3493 3162 παιδίων.
3537 3127 3554 3159 ι
3594 3109 3701 3160 Καὶ
3747 3104 3900 3160 εἶπεν
3932 3107 3968 3173 ἠ

709 3203 893 3270 jussit,
929 3219 992 3256 ac
1027 3205 1094 3258 de
1126 3216 1356 3274 utroque
1385 3208 1687 3274 portionem
1720 3208 1988 3264 ambabus
2034 3207 2173 3262 dari.
2209 3209 2286 3262 lbi

2395 3197 2531 3270 γυνὴ
2553 3201 2583 3266 ἡ
2607 3199 2790 3270 μήτηρ
2809 3198 2904 3251 τοῦ
2921 3199 3141 3262 ζῶντοςο
3165 3219 3181 3250 ι
3207 3200 3320 3267 Μὴ,
3342 3199 3521 3269 κύριε,
3542 3199 3674 3251 ἀλλὰ
3696 3199 3809 3251 δότε
3829 3200 3969 3268 αὐτῇ

718 3303 894 3345 mater
931 3294 1162 3348 infantis
1199 3311 1382 3365 regem
1416 3306 1633 3365 precata
1655 3306 1738 3353 est
1762 3295 1828 3353 ne
1859 3299 1964 3354 ltoe
2011 3306 2288 3368 ageretur,

716 3384 1004 3453 potiusque
1029 3385 1425 3440 concederetur
1456 3389 1612 3442 alteri
1645 3391 1862 3444 mulieri
1898 3391 2056 3444 vivus
2084 3390 2288 3455 infans,

717 3482 772 3525 nt
804 3489 872 3527 tte
907 3476 1138 3542 periret,
1173 3477 1344 3529 altera
1369 3477 1698 3534 divisionem
1726 3480 1887 3535 istam
1921 3481 2206 3548 probante,
2232 3491 2292 3535 ut

715 3583 890 3634 neque
915 3567 1018 3619 sibi
1061 3567 1216 3636 163
1248 3584 1421 3636 neque
1468 3571 1622 3624 alteri
1674 3572 1830 3625 vivus
1879 3573 2061 3626 infans
2112 3572 2292 3626 obtin-

711 3666 886 3723 geret.
929 3655 1255 3710 Pronuntiat
1293 3675 1421 3728 ergo
1462 3660 1720 3716 Solomon
1773 3663 1956 3716 vivum
2019 3663 2286 3716 infantem

2396 3292 2456 3343 τὸ
2489 3291 2698 3343 παιδίον
2724 3291 2786 3342 τὸ
2817 3291 2949 3358 ζῶν,
2978 3293 3078 3344 καὶ
3118 3293 3192 3359 μὴ
3237 3291 3506 3360 ἀποθάνῃ.
3543 3310 3560 3342 ι
3610 3293 3673 3344 ἰι
3707 3291 3762 3343 δ.
3809 3290 3977 3360 ἑτέρα

2395 3377 2538 3434 εἷπε·
2567 3401 2584 3432 ι
2609 3383 2758 3452 Μήτε
2775 3383 2934 3451 αὐτῇ,
2953 3383 3090 3452 μήτε
3109 3384 3384 3451 ὲμο“ιέστω
3427 3384 3629 3435 διελετε
3650 3384 3797 3435 αὐτὸ.
3822 3401 3839 3432 ›
3862 3385 3977 3434 Και

2397 3473 2672 3544 ἀπεκρίθη
2699 3476 2726 3526 ὁ
2759 3473 3035 3542 βασιλεύς·
3063 3491 3080 3523 ι
3107 3475 3234 3526 Δότε
3260 3474 3319 3526 τὸ
3338 3475 3549 3526 παιδίον
3573 3476 3630 3526 τδ
3663 3474 3770 3538 ζῶν
3798 3476 3861 3542 τῇ
3897 3473 3974 3542 μὴ

2397 3561 2677 3633 θελησάσῃ
2730 3562 2950 3628 γυναικὶ
2989 3560 3280 3616 ἀποθανεῖν
3325 3563 3480 3628 αὐτὸ,
3531 3565 3611 3617 ὅτι
3648 3564 3816 3632 αὐτῆς
3849 3565 3976 3615 ἐστι

2402 3655 2616 3706 τέκνον.
2659 3671 2677 3704 ι

713 3747 760 3800 ei
795 3762 918 3802 esse
952 3749 1165 3802 mulieri
1193 3750 1457 3812 dandum,
1491 3769 1610 3821 qua:
1646 3769 1768 3806 cum
1800 3757 1932 3808 mori
1986 3757 2251 3809 uoluisset
2293 3769 2307 3808 :
2353 3749 2493 3802 IIMIC
2520 3747 2664 3799 (‘Ililll
2693 3762 2816 3801 esse
2854 3745 2973 3814 (‘jUS
3017 3757 3268 3802 mairem.

786 3837 1050 3892 Disseruit
1103 3835 1360 3892 Solomon
1402 3840 1469 3894 de
1519 3844 1784 3912 stirpibus
1824 3860 1851 3896 a
1890 3845 2054 3899 cedro
2105 3845 2296 3902 Libani

713 3927 972 3996 usquead
1012 3927 1307 3998 hyssopum
1361 3947 1424 3984 ex
1467 3949 1622 3986 muro
1654 3944 2028 3996 enascentetn;
2057 3938 2184 3992 item
2232 3939 2299 3992 de

714 4017 1034 4084 pecudibus,
1064 4018 1238 4087 iisque
1277 4035 1396 4088 quae
1423 4022 1571 4074 humi
1610 4035 1826 4093 repunt,
1879 4025 1946 4080 de
1981 4028 2299 4084 volucribus

711 4119 763 4163 et
797 4113 1211 4177 piscillus,vires
1245 4129 1431 4167 eorum
1477 4124 1642 4184 atque
1699 4119 1943 4174 actiones
1994 4122 2294 4190 explicans,

715 4205 788 4256 nti
823 4202 1091 4273 Josephns
1123 4207 1310 4260 refert.
1346 4206 1751 4264 lneantationes
1771 4227 1989 4280 quoque
2012 4220 2067 4265 et
2089 4228 2296 4265 excan-

716 4293 949 4346 tationes
986 4294 1294 4348 daemonum
1343 4297 1568 4360 invenit,
1596 4300 1798 4367 quibus
1853 4302 2076 4370 quidam
2120 4301 2290 4356 Judtei

2478 3840 2600 3890 ’Ὁτι
2648 3837 2877 3907 ἐλάλησε
2924 3837 3177 3908 Σολομῶν
3212 3839 3342 3906 περὶ
3380 3841 3489 3892 τῶν
3534 3841 3706 3906 ξύλων
3735 3842 3844 3894 τῶν
3867 3845 3980 3896 ἀπί-

2405 3930 2504 3998 τῆς
2530 3928 2722 3999 κέδρου
2755 3928 2850 3980 τοῦ
2898 3929 3132 3982 Λιϐάνου
3188 3934 3281 3983 καὶ
3333 3930 3438 3993 ἓως
3494 3935 3593 4002 τῆς
3625 3933 3844 3986 ύσωπου
3878 3936 3976 4004 τῆς

2403 4021 2843 4092 ὲκπορευομένης
2873 4021 2960 4073 διὰ
2992 4019 3086 4073 τοῦ
3117 4022 3351 4091 τείχους,
3395 4025 3489 4075 καὶ
3523 4027 3651 4094 περὶ
3696 4026 3806 4078 τῶν
3838 4044 3977 4095 κτη-

2402 4115 2510 4166 νῶν
2561 4113 2656 4166 καὶ
2692 4114 2800 4166 τῶν
2838 4115 3086 4184 ἑρπετῶν
3140 4121 3232 4168 καὶ
3287 4117 3395 4167 τῶν
3441 4118 3705 4170 πετεινῶν
3740 4123 3832 4170 καὶ
3865 4123 3979 4170 τᾶν

2406 4201 2622 4272 ἰχθύων,
2679 4205 2779 4265 τὰς
2825 4202 3086 4273 δυνάμεις
3132 4205 3225 4258 καὶ
3276 4206 3374 4268 τὰς
3428 4207 3709 4275 ἐνεργείας
3773 4209 3978 4274 αὐτῶν,

2403 4297 2581 4358 καθὼς
2632 4295 2896 4364 Ἰώσηπος
2939 4299 3230 4367 μαρτυρεῖ.
3281 4295 3367 4368 [Ρ.
3405 4298 3498 4369 9'5]
3542 4299 3698 4351 Ἀλλὰ
3750 4302 3843 4352 καὶ
3876 4306 3978 4353 ἐπ-

716 4394 928 4438 utentes
967 4384 1247 4441 daemonas
1307 4388 1619 4457 exigebant.
1669 4389 1904 4446 Naribus
1956 4393 2074 4461 ejus
2122 4395 2216 4461 qui
2269 4408 2295 4446 a

2403 4389 2543 4456 (:31;
2579 4405 2674 4442 και
2703 4387 3064 4458 ὲξορκισμοὺς
3095 4390 3235 4442 κατὰ
3257 4391 3528 4459 δαιμόνων
3550 4393 3863 4462 ἐπενόησεν,
3889 4389 3978 4456 αἷς

717 4477 987 4530 ιΙιιειηοιιίο
1010 4477 1366 4532 obsidebatur
1412 4481 1670 4534 annulum
1696 4481 2009 4550 quemdam,
2052 4484 2104 4537 in
2135 4485 2295 4553 cujus

719 4570 839 4636 p.la
872 4569 1024 4622 radiv
1070 4581 1245 4623 erata
1297 4571 1591 4628 Solomone
1645 4575 1710 4628 ad
1762 4575 1862 4629 llOS
1907 4593 2040 4630 usus
2071 4578 2296 4631 demon-

719 4667 910 4721 strata,
941 4660 1292 4723 adhibebant,
1328 4671 1388 4714 ut
1416 4663 1712 4718 olfaceret:
1745 4665 1865 4733 ejus
1898 4667 1945 4718 vi
1974 4668 2154 4720 statim
2183 4668 2296 4722 da:-

720 4763 844 4800 mon
891 4753 1279 4816 expellebatur.
1337 4752 1674 4822 Argumento
1737 4766 1855 4808 erat
1905 4760 2156 4826 poculum
2206 4769 2298 4812 aut

722 4839 867 4890 aliud
919 4857 1014 4894 vas
1075 4856 1215 4910 aqua
1277 4844 1524 4912 plenum,
1577 4847 1724 4914 quod
1776 4847 2032 4915 fugiendo
2089 4852 2300 4906 daemon

720 4931 1142 4985 rounninuebat.

793 5105 1051 5160 Solomon
1093 5109 1351 5178 templum
1400 5111 1496 5166 Dei
1532 5128 1656 5167 cum
1693 5115 2038 5180 absolvisset,
2089 5119 2310 5173 dedica-

724 5196 822 5258 vit,
863 5200 1112 5253 mactatis
1169 5201 1233 5254 ad
1293 5205 1560 5258 sacrilieia
1625 5208 1914 5261 vitulorum
1935 5209 2006 5262 Si
2042 5212 2304 5275 millibus,

725 5287 906 5338 ovium
941 5290 1177 5344 millibus
1212 5292 1330 5345 120.
1391 5293 1622 5362 Diesque
1679 5295 1847 5352 festos
1885 5308 2091 5366 septem
2124 5302 2304 5370 splen-

727 5375 846 5428 dide
871 5379 1018 5446 egit:
1071 5393 1262 5435 octavo
1293 5386 1552 5453 populum
1590 5387 1766 5442 fausta
1816 5401 2194 5460 comprecatus
2216 5393 2302 5444 tli-

728 5467 893 5518 misit.
918 5469 1041 5522 Post
1072 5482 1322 5539 peractas
1361 5493 1458 5543 pro
1488 5480 1689 5549 templo
1719 5489 1771 5535 et
1797 5484 1996 5551 populo
2043 5484 2304 5552 depreca-

727 5559 922 5621 tiones,
945 5559 1082 5613 Deus
1109 5564 1155 5615 ei
1187 5569 1456 5633 apparuit,
1481 5571 1662 5640 itaque
1689 5572 1931 5627 eStfatus
1950 5576 1994 5605 "
2024 5591 2037 5626 ι
2067 5592 2084 5624 t
2126 5575 2302 5627 Exau-

729 5647 832 5702 (ιλιι
861 5665 1046 5705 vocem
1085 5663 1186 5708 tu.e
1223 5660 1575 5725 precationis,
1598 5665 1988 5735 templumque,
2029 5668 2172 5736 quod
2203 5684 2300 5722 ex-

801 5829 840 5854 “
876 5828 910 5878 11
947 5827 984 5880 li
1011 5849 1072 5901 ὃ.
1110 5849 1181 5887 ιχ,

2403 4479 2675 4550 χρώμενοί
2709 4499 2850 4543 τινες
2897 4482 3140 4534 Ἰουδαῖοι
3165 4483 3387 4545 τούτους
3418 4483 3709 4552 ἐξήλαυνον
3734 4503 3745 4515 ·
3773 4487 3941 4538 δακτύ
3959 4519 3978 4527 -

2403 4573 2515 4624 λιον
2539 4573 2646 4641 γὰρ
2673 4571 2864 4640 ἔχοντά
2898 4591 3019 4626 τινα
3052 4573 3321 4643 σφραγῖδα
3349 4576 3446 4627 καὶ
3493 4575 3647 4644 ῥίζαν
3677 4577 3734 4640 ἐξ
3766 4571 3839 4631 ὦν
3877 4580 3982 4630 ύπ-

2405 4661 2577 4725 ἔδειξε
2607 4662 2876 4732 Σολομῶν,
2907 4665 2964 4714 ὲν
3004 4665 3110 4732 ῥινὶ
3138 4664 3428 4727 ὑποθέντες
3459 4666 3852 4733 ὀσφραίνεσθαι
3881 4669 3979 4718 τὴν

2410 4753 2689 4822 πάσχοντα
2734 4754 3173 4823 παρεσκεύαζον,
3245 4749 3321 4808 ὧν
3370 4760 3436 4826 τῇ
3471 4758 3696 4827 δυνάμει
3725 4759 3884 4822 εὐθὺς
3917 4764 3983 4811 ττι

2410 4845 2688 4913 δαιμόνιον
2719 4846 3053 4910 ἑξέλκεσθαι.
3075 4847 3146 4915 Ση
3158 4849 3308 4914 μεῖον
3329 4848 3384 4899 δὲ
3408 4848 3602 4900 τούτου
3631 4846 3699 4919 ἧν
3720 4855 3982 4921 ποτήριον

2415 4939 2611 5005 μεστὸν
2646 4937 2835 4999 ὓδατος
2869 4937 2901 5006 ἢ
2929 4937 3115 5008 ἔτερόν
3148 4955 3201 4990 τι
3247 4941 3487 5008 ἀγγεῖον,
3532 4941 3560 4992 ὃ
3592 4942 3805 5004 πάντως
3854 4960 3979 4995 σαν-

2428 5027 2612 5097 ἀτριϐε
2651 5027 2853 5095 φεῦγον
2886 5029 2946 5081 τὸ
2968 5029 3266 5098 δαιμόνιον.

2485 5121 2640 5171 Μετὰ
2673 5121 2805 5186 γοῦν
2832 5122 2892 5173 τὸ
2925 5122 3237 5174 συντελέσαι
3264 5123 3352 5175 τὸν
3385 5121 3534 5177 οἷκον
3573 5127 3781 5198 Κυρίου
3827 5130 3986 5183 Salo-

2416 5211 2533 5278 μῶν
2567 5213 2904 5265 ἐνεκαίνισεν
2935 5214 3124 5277 αὑτὸν,
3156 5213 3327 5278 θύσας
3365 5218 3600 5287 μόσχους
3627 5221 3868 5289 χιλιάδας

2413 5304 2506 5356 καὶ
2562 5304 2805 5374 πρόϐατα
2873 5307 3116 5374 χιλιάδας
3149 5306 3251 5374 ρκ’.
3304 5311 3398 5360 καὶ
3456 5311 3677 5379 ἐποίησε
3738 5314 3986 5382 μεγάλην

2413 5395 2604 5465 ἑορτὴν
2627 5396 2840 5466 ἡμέρας
2863 5399 3024 5450 ἑπτά.
3059 5399 3135 5466 Τῇ
3169 5399 3226 5450 δὲ
3264 5400 3430 5470 ὀγδόῃ
3465 5402 3651 5472 ἡμέρα
3680 5403 3986 5472 εὐλογήσας

2407 5488 2497 5539 τὸν
2546 5489 2670 5540 λαὸν
2717 5489 3086 5551 ἐξαπέστειλε.
3133 5493 3243 5543 Καὶ
3283 5495 3420 5560 μετὰ
3469 5495 3530 5544 τὸ
3573 5495 3986 5561 προσεύξασθαι

2411 5579 2573 5629 αὑτὸν
2630 5579 2769 5650 ὑπὲρ
2828 5580 2922 5632 τοῦ
2973 5579 3101 5632 λαοῦ
3134 5582 3357 5634 καὶτοῦ
3389 5583 3517 5635 ναοῦ
3568 5584 3722 5653 (own
3773 5587 3923 5654 αύτῷ
3960 5592 3987 5639 ὁ

2409 5669 2610 5738 Κύριος
2655 5669 2846 5737 λέγων·
2885 5689 2902 5720 ‹
2941 5671 3183 5724 Ἰίκουσα
3214 5673 3309 5740 τῆς
3342 5673 3522 5740 φωνῆς
3559 5675 3655 5740 τῆς
3681 5679 3987 5740 nocens/1",;
