4214 6448
239 409 331 476 197

1265 406 1577 467 HISTORI
1589 407 1804 467 ARUM
1839 408 1986 468 CUM
2001 407 2140 468 PEN
2151 409 2366 469 DIUM.

3379 413 3484 482 198

238 543 343 589 σου,
381 525 480 576 καὶ
507 522 716 593 ήγίακα
747 521 836 574 τδν
881 515 1029 574 οἷκον
1083 520 1272 572 τοῦτον
1307 520 1365 573 ὃν
1416 519 1798 590 ᾠκοδόμησας,

1912 523 2179 585 struxisti,
2210 525 2552 586 consecravi,
2606 534 2662 578 ut
2697 526 2750 578 in
2799 540 2866 580 eo
2913 540 3111 580 nomen
3167 543 3346 583 meum
3387 534 3502 587 col-

234 617 321 670 τοῦ
351 614 546 670 Θέσθαι
602 617 664 668 τὸ
714 614 888 684 δνομὰ
937 631 1038 684 μου
1076 614 1194 665 ἐκεῖ
1217 613 1296 675 εἰς
1329 613 1419 665 τὸν
1461 613 1638 666 αίῶνα
1663 630 1677 643 ⁸
1709 611 1804 665 καὶ

234 708 442 759 ἔσονται
472 708 521 759 οί
550 705 824 775 ὀφθαλμοί
857 723 959 775 μου
991 705 1112 756 ἐκεῖ
1135 704 1282 774 καὶὴ
1315 703 1513 772 καρδία
1551 720 1653 771 μου
1685 703 1796 754 πα-

237 814 329 862 σας
362 799 463 860 τὰς
493 797 730 867 ἡμέρας.
759 798 871 851 Kal.
904 797 968 849 σὺ
1001 795 1096 848 ἐὰν
1141 794 1419 866 πορευθῇς
1439 793 1670 846 ἐνώπιόν
1703 810 1804 863 μου

237 889 412 950 καθὼς
435 887 708 959 ὲπορευθη
739 887 902 940 Δαϐὶδ
933 888 960 938 6
995 889 1180 958 πατήρ
1227 903 1324 939 σου
1357 889 1416 938 ὲν
1442 886 1682 956 ὁσιότητι
1711 884 1806 936 καὶ

237 982 485 1052 εὐθύτητι
512 981 760 1053 καρδίας,
788 979 882 1034 τοῦ
937 983 1110 1034 ποιεῖν
1156 979 1297 1032 κατὰ
1325 977 1499 1031 πάντα
1529 979 1566 1032 ἃ
1607 983 1808 1031 ἐνετει-

235 1074 408 1142 λάμην
437 1073 604 1145 αὐτῷ,
635 1075 727 1126 καὶ
756 1072 824 1126 τὰ
851 1072 1254 1142 προστάγματά
1275 1088 1377 1141 μου
1405 1071 1500 1123 καὶ
1523 1072 1622 1134 τὰς
1657 1072 1805 1122 ἐντο-

234 1169 328 1230 λάς
369 1185 470 1238 μου
511 1167 789 1234 φυλάξεις,
822 1168 1119 1236 ἀναστήσω
1167 1166 1260 1216 τὸν
1300 1163 1490 1235 θρόνον
1517 1164 1620 1232 τῆς
1653 1163 1810 1233 βασι-

233 1259 379 1321 λείας
411 1276 506 1310 σου
543 1259 634 1310 ἐπὶ
674 1258 890 1328 Ἰσραὴλ
913 1259 995 1319 είς
1022 1256 1114 1310 τὸν
1135 1255 1327 1320 αίῶνα,
1354 1255 1536 1318 καθὼς
1564 1255 1804 1325 ἐλάλησα

232 1349 308 1416 τῷ
334 1349 502 1416 πατρί
533 1365 627 1400 σου
655 1347 859 1416 λέγων’
884 1347 1001 1400 Οὐκ
1027 1345 1389 1417 ὲξαρθήσεται
1406 1345 1546 1417 ἀνὴρ
1573 1345 1810 1415 ήγούμε-

233 1458 319 1503 νος
355 1444 411 1494 ἐν
463 1441 679 1511 Ἰσραήλ
705 1455 720 1470 ·
749 1459 768 1492 ι
810 1439 937 1493 Ἐὰν
965 1441 1023 1492 δὲ
1052 1439 1498 1508 ἀποστραφέντες
1529 1440 1807 1509 ἀποστραο

234 1535 368 1603 φῆτε
412 1536 570 1604 ὑμεῖς
602 1533 699 1586 καὶ
730 1533 797 1586 τὰ
855 1535 1023 1586 τέκνα
1066 1533 1221 1603 ὑμῶν
1255 1533 1350 1584 ἀπ’
1396 1529 1555 1601 ἐμοῦ,
1605 1530 1699 1584 καὶ
1732 1531 1807 1601 μὴ

234 1626 505 1694 emam
535 1625 633 1688 τὰς
665 1624 883 1688 ἐντολάς
925 1643 1048 1695 μου,
1085 1624 1183 1677 καὶ
1219 1622 1524 1694 πορευθῆτε
1552 1621 1647 1674 καὶ
1684 1622 1807 1673 δου-

233 1717 464 1783 λεύσητε
516 1716 658 1780 θεοῖς
699 1718 908 1787 ἑτέροις
973 1715 1070 1768 καὶ
1125 1715 1543 1786 προσκυνήσητε
1601 1712 1807 1774 αὐτοῖς,

233 1807 414 1877 ὲξαρῶ
446 1807 538 1863 τὸν
582 1807 798 1878 Ἰσραὴλ
826 1806 935 1859 ἀπο
1000 1805 1102 1874 τῆς
1157 1807 1261 1876 γῆς
1295 1801 1363 1878 ἦς
1407 1805 1586 1858 ἔδωκα
1633 1802 1806 1872 αὐτῷ,

1910 614 2078 668 locem
2098 615 2151 668 in
2186 617 2582 685 sempiternum
2609 632 2625 682 ;
2651 617 2834 686 ibique
2865 630 3128 688 perpetuo
3157 629 3324 676 erunt
3351 627 3499 678 oculi

1910 705 2014 757 mei
2047 714 2101 757 et
2135 721 2233 760 cor
2265 722 2470 760 meum.
2505 704 2585 759 Tu
2613 722 2854 776 quoque,
2890 709 2934 765 si
2969 712 3034 764 ad
3064 715 3375 783 exemplum
3400 731 3500 784 pa-

1909 792 2009 847 tris
2042 795 2118 847 tui
2158 793 2342 850 Davidi
2371 803 2424 851 te
2455 797 2508 850 in
2533 804 2832 865 conspectu
2888 813 3010 853 meo
3045 816 3204 870 geras
3227 813 3420 860 sancte
3446 817 3502 861 et

1908 886 2122 941 sincero
2148 886 2306 958 164.
2337 891 2520 952 corde,
2544 897 2710 959 atque
2765 889 2948 943 omnia
3008 903 3276 963 praecepta
3335 911 3498 952 man-

1907 977 2032 1032 data
2059 989 2112 1032 et
2136 979 2291 1046 jussa
2326 995 2441 1032 mea
2469 981 2652 1044 obeas,
2680 981 2880 1035 solium
2915 983 3069 1052 regni
3099 984 3177 1038 tui
3215 987 3269 1041 in
3319 986 3501 1044 lsrae-

1908 1071 2040 1126 licos
2066 1072 2424 1136 confirmabo,
2461 1081 2520 1125 ut
2565 1075 2637 1127 sit
2662 1084 3008 1144 perpetuum,
3044 1078 3321 1146 quomodo
3358 1081 3497 1149 patri

1909 1172 2003 1216 tuo
2028 1163 2140 1216 dixi
2172 1179 2448 1232 nunquam
2513 1163 2700 1220 defore
2730 1168 2821 1236 qui
2880 1167 3193 1224 lsraelicum
3268 1186 3497 1242 regnum

1909 1264 2084 1325 gerat.
2119 1255 2215 1309 Szn
2233 1267 2410 1311 autem
2443 1272 2540 1312 vos
2564 1266 2618 1312 et
2646 1259 2809 1313 vestri
2840 1262 3042 1327 posteri
3068 1277 3095 1313 a
3130 1277 3217 1317 me
3244 1278 3340 1318 vos
3369 1280 3499 1333 pro-

1911 1349 2059 1401 tinus
2091 1349 2370 1412 avertetis,
2401 1349 2648 1417 meisque
2680 1351 2971 1419 praeceptis
3002 1352 3330 1420 posthabitis
3361 1355 3500 1409 alie-

1911 1454 2012 1493 nos
2046 1440 2178 1492 deos
2202 1439 2505 1508 sequemiui
2537 1451 2702 1508 atque
2726 1442 2939 1504 colctis,
2972 1442 3288 1496 exscindam
3325 1443 3500 1499 lsrae-

1911 1532 2076 1586 licum
2115 1531 2370 1600 p0pulum
2405 1533 2471 1585 de
2509 1542 2654 1586 terra
2705 1548 2868 1604 quam
2917 1537 2967 1588 ei
3006 1535 3151 1597 dedi,
3218 1536 3502 1606 ademque

1912 1623 2056 1678 banc
2085 1637 2248 1691 quam
2304 1625 2510 1678 nomini
2549 1641 2672 1680 meo
2721 1627 3064 1692 consecravi,
3094 1643 3123 1680 a
3182 1627 3320 1682 facie
3381 1643 3500 1682 mea

1914 1715 2219 1783 proficiam.
2249 1715 2427 1784 Atque
2459 1717 2692 1772 lsraelns
2738 1719 2957 1786 quidem
2979 1718 3196 1788 peribit,
3228 1720 3496 1773 ludibrio-

1912 1818 2019 1873 que
2059 1804 2233 1859 eritct
2259 1804 2437 1858 fabula
2476 1805 2733 1859 omnibus
2764 1807 3112 1862 natiOnibns:
3141 1808 3284 1862 aedes
3315 1821 3496 1863 autem

234 1871 345 1950 καὶ-
374 1900 469 1951 τὸν
523 1871 672 1952 οἷκον
691 1871 878 1950 τούτον
906 1899 966 1950 ὃν
1024 1871 1230 1968 ἡγίασα
1283 1871 1361 1967 τῶ
1416 1896 1646 1965 ὀνόματί
1702 1871 1804 1964 μου

1917 1871 2033 1948 ιιωο
2064 1896 2316 1948 sublimis
2352 1903 2407 1950 et
2429 1911 2620 1966 magna
2641 1896 2710 1950 ab
2739 1898 2993 1951 omnibus
3016 1900 3108 1968 qui
3139 1901 3498 1968 praeteribunt

231 1990 521 2060 ἀπορρίψω
550 1993 612 2043 ἐκ
639 1989 932 2059 προσώπου
964 2007 1066 2060 μου
1086 2007 1099 2019 ο
1149 1991 1244 2042 καὶ
1278 1990 1432 2040 ἔσται
1483 1987 1700 2057 Ἰσραὴλ
1729 1987 1808 2047 εἰς

233 2084 540 2150 ἀφανισμὸν
563 2084 659 2137 καὶ
682 2085 762 2146 εἰς
795 2083 1016 2151 λάλημα
1043 2082 1123 2142 είς
1153 2082 1220 2134 τά
1255 2079 1381 2150 ἔθνη
1413 2079 1614 2132 πάντα.
1645 2079 1754 2130 Καὶ
1780 2078 1809 2129 6

236 2172 382 2237 οἶκος
411 2167 568 2236 οὗτος
594 2177 622 2227 6
653 2173 858 2242 ὑψηλὸς
894 2174 990 2227 καὶ
1014 2173 1208 2242 μέγας,
1241 2172 1394 2225 ἔσται
1431 2171 1538 2231 πᾶς
1569 2171 1596 2222 6
1619 2169 1811 2222 διαπο-

241 2267 529 2335 ρευόμενος
561 2267 628 2318 δι’
663 2265 830 2319 αὐτοῦ
854 2265 950 2320 καὶ
971 2267 1167 2332 συριετ.
1213 2265 1324 2317 Kal.
1365 2261 1580 2333 ἐροῦσιν
1602 2278 1617 2293 ο
1662 2260 1807 2312 Ἀνθ’

1921 1987 2364 2041 subsannabitur.
2403 1987 2586 2055 Itaque
2640 1988 2823 2042 dicent
2881 1992 3337 2058 mortaleszouia
3389 1992 3498 2047 Do-

1919 2076 2124 2128 minum
2160 2076 2326 2132 Deum
2356 2094 2514 2134 suum
2543 2081 2897 2134 deseruerunt
2945 2081 3181 2136 lsraelici
3209 2092 3262 2137 et
3292 2086 3497 2140 alienos

1918 2166 2052 2221 deos
2079 2170 2537 2235 asciveruntsibi,
2566 2171 2697 2226 ideo
2733 2170 2994 2227 Dominus
3038 2175 3176 2228 hanc
3211 2176 3498 2228 calamita-

1921 2265 2026 2310 tem
2048 2258 2184 2327 ipsis
2218 2259 2420 2313 intulit.
2459 2281 2478 2311 ι
3159 2253 3162 2256 ’

235 2353 309 2411 ὧν
342 2362 699 2428 ἐγκατέλιπον
731 2362 937 2430 Κύριον
972 2360 1063 2411 τὸν
1097 2359 1232 2412 Θεὸν
1282 2357 1464 2410 αὐτῶν
1497 2357 1592 2409 καὶ
1642 2352 2002 2408 ἀντελάὀοντο
2035 2351 2168 2404 Θεὸν
2198 2353 2506 2423 ἀλλότριον,
2579 2353 2666 2406 διὰ
2741 2353 2898 2407 τοῦτο
2980 2356 3230 2425 ἐπήγαγε
3295 2357 3496 2428 Κύριος

237 2452 335 2522 τὴν
361 2451 564 2504 κακίαν
598 2451 824 2520 ταύτην.
869 2470 888 2502 ›

308 2544 422 2611 Τὴν
449 2543 505 2596 δὲ
530 2544 685 2596 πόλιν
715 2543 980 2614 μεγίστην
1001 2543 1095 2595 καὶ
1113 2540 1418 2613 περικαλλῆ
1448 2539 1808 2610 καταρτίσας,

241 2637 337 2690 καὶ
355 2637 418 2688 τὸ
449 2635 785 2704 περίμετρον
813 2635 986 2703 αὐτῆς
1023 2636 1258 2706 ποιήσας
1314 2634 1504 2688 στάδια
1541 2632 1810 2702 τεσσαρά-

240 2745 425 2788 κοντα,
465 2727 732 2795 γινόμενα
765 2726 921 2796 μίλια
950 2725 1011 2790 ἓξ
1041 2727 1237 2796 ἥμισυ,
1264 2725 1576 2778 δυσάλωτον
1608 2722 1812 2776 πάντοο

241 2817 334 2870 θεν
381 2817 592 2886 ταύτην
644 2813 1043 2871 κατεσκεύασε.
1101 2816 1464 2886 Περικλείσας
1497 2815 1608 2883 γὰρ
1647 2812 1818 2881 αὐτὴν

240 2908 392 2979 τρισὶ
417 2909 627 2976 τείχεσι
683 2907 779 2960 καὶ
823 2907 1098 2979 φάραγξιν
1143 2907 1581 2976 dixerim-rutam,
1615 2905 1820 2975 κατάῤ-

243 3002 404 3067 ρυτον
426 2999 614 3052 ὕδασιν
648 2999 777 3070 ὃλην
799 2999 1076 3065 ἐποίησεν,
1123 2996 1264 3050 ὥστε
1309 2998 1372 3049 ὲκ
1397 2996 1498 3064 τῆς
1517 2995 1820 3066 ἀπορροίας

1981 2531 2152 2586 Porro
2182 2529 2368 2584 urbem
2403 2528 2663 2584 Solomon
2703 2532 2996 2586 maximam
3035 2535 3500 2602 pulcherrimam.

1917 2637 2024 2693 que
2059 2620 2208 2684 fecit,
2256 2621 2328 2672 ita
2351 2630 2412 2673 ut
2445 2622 2684 2675 ambitus
2734 2622 2854 2690 ejus
2883 2633 3029 2678 esset
3077 2625 3376 2679 stadiorum
3405 2630 3496 2690 ιι).

1913 2727 2036 2782 quae
2065 2709 2365 2764 coniiciunt
2400 2711 2635 2764 miliaria
2669 2711 2701 2765 6
2729 2728 2799 2777 s.,
2821 2715 3172 2784 reddiditquc
3189 2732 3307 2770 eam
3341 2725 3497 2785 pror-

1916 2819 2012 2858 sus
2053 2801 2551 2871 inexpugnabilem.
2580 2801 2714 2856 Nam
2770 2812 2826 2857 et
2854 2804 3026 2859 tribus
3043 2808 3214 2862 muris
3237 2825 3354 2863 eam
3379 2811 3496 2866 cin-

1919 2894 1996 2947 xit
2027 2901 2080 2947 et
2100 2892 2265 2946 fossis
2297 2892 2565 2961 abruptis,
2610 2901 2890 2964 totamque
2920 2898 3080 2965 aquis
3127 2899 3316 2968 pertlni
3349 2902 3500 2968 fecit,

1917 2999 2150 3053 quarum
2181 2982 2420 3037 decursu
2470 2985 2611 3038 lmrti
2646 2985 2975 3054 rigarenlur.
3023 2990 3100 3042 Ad
3132 2992 3245 3045 haec
3263 3004 3414 3048 scuta
3432 3013 3495 3050 cs

239 3093 366 3153 τοὺς
394 3092 608 3160 κήπους
636 3091 816 3142 αὐτῶν
843 3089 1188 3160 ἀρδεύεσθαι.
1217 3089 1324 3141 Σὺν
1350 3087 1564 3150 τούτοις
1591 3087 1816 3157 ἐποίησε

1921 3089 2058 3129 auro
2081 3075 2274 3129 ductili
2301 3090 2497 3142 magna
2525 3076 2630 3130 800
2652 3076 2803 3142 fecit,
2861 3078 3050 3134 hastas
3073 3082 3198 3146 300,
3225 3085 3498 3154 aliamque

240 3181 471 3251 θυρεοὺς
493 3182 732 3253 χρυσοῦς
764 3181 986 3242 ἑλατοὺς
1029 3180 1389 3244 ὀκτακοσίους
1424 3179 1693 3249 μεγάλους
1724 3179 1817 3232 καὶ

239 3275 441 3343 δόρατα
468 3274 757 3340 τριακόσια
803 3273 899 3324 καὶ
951 3272 1114 3340 ἕτερα
1151 3273 1293 3324 ὅπλα
1328 3274 1508 3342 χρυσᾶ
1566 3272 1814 3324 πλεῖστα.

239 3368 351 3418 Kal.
382 3368 565 3434 μέντοι
599 3368 693 3419 καὶ⁹
743 3365 814 3417 τι
857 3367 1030 3432 σκεύη
1077 3363 1246 3417 αὑτοῦ
1293 3365 1388 3418 καὶ
1446 3365 1496 3418 οί
1553 3364 1818 3435 λουτῆρες

239 3459 420 3526 χρυσᾶ
450 3457 627 3510 πάντα
663 3455 930 3526 ὑπῆρχον,
961 3458 1055 3508 καὶ
1089 3455 1189 3508 οὐκ
1212 3452 1280 3526 ἧν
1302 3457 1569 3526 ἀργύριον
1601 3457 1818 3524 λογιζό-

243 3566 406 3616 μενον
432 3550 489 3600 ὲν
507 3551 631 3610 ταῖς
661 3549 898 3618 ἡμέραις
924 3547 1114 3600 αὐτοῦ.
1151 3549 1276 3602 Ὀτι
1302 3549 1436 3612 ναῦς
1485 3547 1653 3602 αὐτοῦ
1690 3551 1819 3600 ἐπο-

240 3639 435 3710 ρεύετο
476 3641 556 3700 είς
604 3639 842 3709 Θαρσεῖς
871 3639 967 3690 καὶ
1017 3638 1109 3690 διὰ
1134 3639 1344 3707 χρόνων
1394 3639 1564 3708 τριῶν
1593 3639 1817 3707 ήρχετο,

239 3730 486 3798 φέρουσα
512 3727 740 3798 χρυσίον
776 3726 911 3780 πολὺ
947 3728 1042 3780 xal.
1072 3727 1342 3798 ἀργύριον
1373 3730 1465 3781 καὶ
1505 3728 1687 3791 λίθους
1731 3747 1819 3780 τε·

241 3820 472 3889 ρευτοὺς
497 3818 592 3870 καὶ
612 3817 832 3880 ὀδόντας
862 3817 1171 3884 ἐλεφάντων
1189 3819 1282 3869 καὶ
1302 3816 1387 3887 [Ρ.
1411 3816 1504 3888 94]
1531 3818 1815 3885 πιθήκους.

243 3911 359 3962 Kal.
395 3909 567 3961 ἔδωκε
593 3908 844 3978 Σολομῶν
866 3909 928 3961 τὸ
965 3908 1186 3978 χρυσίον
1238 3909 1332 3960 καὶ
1353 3909 1414 3960 τὸ
1461 3907 1726 3977 ἀργύριον
1761 3910 1818 3960 ἐν

254 3999 621 4069 Ἰερουσαλὴμ
655 4000 732 4061 ὼς
780 3999 982 4062 λίθους,
1026 4001 1122 4052 καὶ
1165 4000 1262 4062 τὰς
1297 3999 1524 4068 κέδρους
1549 3999 1624 4062 ὡς
1655 4018 1820 4053 συκα-

245 4092 440 4160 μίνους
464 4093 545 4152 εἰς
577 4089 802 4158 πλῆθος.
838 4092 912 4142 Τδ
941 4091 998 4143 δέ
1045 4108 1108 4159 γε
1138 4089 1364 4161 ἄριστον
1396 4091 1564 4143 αὑτοῦ
1592 4087 1661 4161 ἦν
1697 4091 1819 4143 καθ’

242 4184 462 4252 ἡμέραν
496 4181 647 4252 κόροι
703 4183 1034 4252 σεμιδάλεως
1079 4183 1125 4235 λ’
1160 4186 1210 4252 (6
1235 4183 1291 4236 δὲ
1321 4184 1482 4254 κόρος
1511 4184 1687 4235 ἐποίει
1719 4184 1816 4252 μό-

239 4271 327 4324 δια
362 4271 427 4338 λ’)
455 4275 551 4325 καὶ
578 4272 727 4341 κόροι
755 4272 985 4342 ἀλεύρου
1022 4272 1500 4342 κεκοπανισμὲνου
1531 4273 1593 4338 ξ’,
1626 4273 1820 4342 μόσχοι

240 4365 492 4416 ἐκλεκτοὶ
517 4365 668 4423 δέκα,
695 4362 815 4432 βόες
853 4364 1085 4433 νομάδες
1108 4361 1255 4416 ὀκτὼ
1279 4363 1370 4417 καὶ
1402 4363 1655 4434 πρόϐατα
1685 4365 1819 4416 ἑκα-

1927 3175 2262 3222 armaturam
2297 3183 2516 3222 auream
2557 3171 2846 3239 plurimam
2889 3191 2902 3224 :
2934 3176 3064 3244 quin
3095 3186 3148 3230 et
3173 3193 3300 3233 vasa
3327 3183 3502 3249 ipsius

1927 3270 1982 3314 et
2011 3259 2226 3315 lavacra
2252 3263 2435 3314 omnia
2464 3275 2628 3315 aurea
2680 3275 2860 3328 erant,
2891 3281 3064 3335 neque
3116 3269 3288 3338 ipsius
3340 3283 3502 3327 a-taze

1927 3352 1982 3406 in
2014 3353 2186 3421 pretio
2211 3354 2395 3424 aliquo
2447 3366 2732 3424 argentum
2766 3357 3082 3416 habebatur.
3118 3362 3318 3420 Navem
3363 3384 3498 3437 quo-

1924 3459 2032 3513 que
2060 3445 2317 3510 habebat,
2340 3461 2462 3516 qua:
2483 3449 2683 3504 Tarses
2732 3451 2968 3516 petebat,
3009 3468 3073 3507 ac
3105 3456 3340 3512 triennio
3366 3476 3500 3528 qun-

1925 3554 2031 3608 que
2051 3555 2268 3595 reversa
2296 3542 2453 3611 165
2482 3545 2710 3598 multum
2754 3549 2872 3601 auri
2930 3553 3254 3622 argentique
3300 3571 3501 3625 appor-

1929 3629 2094 3696 tabat,
2128 3640 2182 3685 et
2207 3632 2412 3701 lapides
2430 3644 2691 3702 tornatos,
2745 3639 2882 3693 ebur
2913 3656 2977 3696 ac
3000 3643 3202 3700 simias.
3239 3646 3502 3716 Reposuit

1925 3731 2105 3774 autem
2136 3722 2389 3776 Solomon
2427 3724 2774 3782 Jerusalema:
2823 3745 3014 3786 aurum
3047 3745 3100 3788 ct
3129 3747 3410 3806 argentum
3443 3740 3496 3792 in

1929 3820 2072 3864 tanta
2101 3813 2448 3870 multitudine
2471 3827 2673 3885 quanta
2691 3820 2963 3877 soletesse
2983 3823 3239 3892 lapidum,
3273 3830 3496 3884 cedrus-

1925 3918 2032 3972 que
2096 3919 2160 3958 ea
2213 3907 2369 3975 copia
2401 3923 2522 3975 quae
2555 3919 2637 3964 est
2674 3915 3095 3982 sycaminorum.
3139 3917 3388 3983 Quotidie
3444 3923 3496 3975 in

1925 3996 2207 4064 prandium
2238 3997 2354 4066 ejus
2409 3999 3032 4061 insumebantursimilae
3053 4011 3164 4063 cori
3201 4011 3270 4064 50
3313 4012 3500 4080 (corus

1926 4084 1996 4138 50
2022 4085 2230 4140 modios
2269 4087 2556 4158 continet),
2578 4089 2763 4144 farinae
2785 4094 3034 4150 cribratze
3086 4099 3197 4153 cori
3218 4100 3306 4163 60,
3341 4101 3493 4155 vituli

1928 4175 2088 4230 electi
2117 4175 2202 4241 10,
2235 4178 2402 4234 boves
2419 4181 2511 4247 qui
2548 4180 2603 4234 in
2633 4185 2854 4251 pascuis
2884 4186 3100 4242 aluntur
3118 4188 3172 4253 8,
3201 4205 3330 4245 oves
3370 4191 3493 4257 100,

1925 4276 2122 4334 praeter
2153 4283 2342 4324 cervos
2364 4280 2528 4340 atque
2574 4287 2701 4327 aves
2735 4276 2934 4331 electas
2963 4289 3014 4331 et
3065 4282 3257 4336 altiles.
3295 4283 3370 4336 De
3411 4283 3509 4336 ει.-

1926 4359 2074 4428 genti
2118 4371 2298 4414 autem
2333 4361 2502 4428 ipsius
2523 4365 2808 4432 sapientia,
2853 4383 3014 4436 quam
3043 4384 3074 4423 a
3129 4370 3242 4426 Deo
3263 4372 3348 4427 bis
3392 4375 3494 4444 ipsi

241 4457 358 4517 τὶν,
391 4453 550 4515 ἐκτὸς
584 4455 801 4522 ἐλάφων
826 4456 921 4508 καὶ
945 4455 1177 4524 ὀρνίθων
1202 4455 1477 4508 ἐκλεκτῶν
1515 4457 1608 4509 καὶ
1638 4473 1816 4508 σιτευ-

1927 4449 2040 4503 viso
2063 4451 2292 4518 accepit,
2319 4453 2444 4507 audi
2489 4455 2616 4524 quid
2642 4472 2832 4512 rursus
2873 4460 2939 4513 ad
3004 4462 3183 4529 ipsum
3233 4463 3496 4520 Dominus

238 4548 375 4600 τῶν.
409 4547 548 4613 Περὶ
577 4546 633 4598 δέ
672 4563 735 4614 γε
784 4547 882 4616 τῆς
937 4546 1138 4616 πολλῆς
1177 4547 1493 4616 φρονήσεως
1521 4545 1684 4598 αὐτοῦ
1727 4548 1822 4598 καὶ

243 4641 465 4705 σοφίας,
489 4635 558 4709 ἧς
585 4638 774 4708 εἴληφε
807 4639 957 4707 παρὰ
978 4639 1112 4692 Θεοῦ
1135 4639 1232 4691 τοῦ
1260 4638 1518 4707 ὀφθέντος
1541 4638 1692 4708 αὐτῷ
1715 4638 1817 4702 δὶς,

240 4730 478 4780 ἄκουσον
507 4729 559 4780 τί
590 4729 751 4781 πάλιν
784 4731 812 4781 6
844 4728 978 4790 Θεός
1008 4744 1142 4798 φησι
1178 4729 1315 4798 πρὸς
1350 4730 1534 4781 αὐτόν·
1569 4748 1586 4780 ι
1663 4729 1817 4794 Ἰδοὺ,

238 4819 454 4871 δέδωκα
495 4837 575 4870 σοι
608 4819 838 4889 καρδίαν
875 4820 1145 4888 φρονίμην
1173 4820 1266 4872 καὶ
1297 4821 1466 4887 σοςςήν
1488 4836 1499 4849 ·
1530 4821 1603 4881 dx;
1638 4821 1725 4882 σὺν
1758 4823 1818 4873 οὗ

243 4912 473 4977 γέγονεν
507 4909 819 4980 ἔμπροσθέν
867 4926 985 4972 σου,
1019 4913 1115 4964 καὶ
1173 4913 1313 4982 μετὰ
1353 4911 1412 4963 σὲ
1441 4911 1542 4963 οὐκ
1582 4912 1822 4980 ἀναστή-

246 5019 404 5055 σεται
440 5002 627 5070 ὅμοιός
659 5000 765 5055 σοι.
798 5003 907 5054 Kal
940 5000 1172 5054 πλοῦτον
1222 5004 1318 5054 καὶ
1349 5003 1507 5068 δόξαν
1551 5004 1646 5055 καὶ
1683 5004 1822 5072 χρής

245 5110 394 5158 ματα
441 5090 600 5144 δώσω
661 5087 765 5146 σοι.
824 5109 843 5142 ι
895 5093 1010 5145 Kal.
1057 5089 1218 5143 τοῦτο
1249 5092 1485 5162 δηλοῦσα
1538 5093 1574 5162 ἡ
1627 5093 1819 5163 Γραφὴ

242 5182 444 5247 ἐπάγει
474 5180 730 5246 λέγουσα·
769 5199 790 5232 ι
811 5181 1020 5236 Ἔδωκε
1050 5181 1256 5252 Κύριος
1276 5183 1542 5253 φρόνησιν
1567 5182 1643 5250 τῷ
1665 5183 1822 5235 Σολο-

246 5275 459 5341 μῶντι,
527 5274 625 5326 καὶ
676 5273 868 5340 σοφίαν
931 5273 1137 5343 πολλὴν
1211 5273 1454 5343 σφόδρα,
1530 5275 1625 5327 καὶ
1672 5273 1818 5342 χύμα

244 5368 478 5435 καρδίας
507 5365 582 5427 ὡς
612 5367 648 5434 ἡ
679 5365 860 5434 ἄμμος
886 5366 917 5434 ἡ
940 5365 1093 5434 παρὰ
1126 5363 1229 5433 τὴν
1253 5363 1550 5416 θάλασσαν.
1598 5383 1616 5414 ι
1659 5363 1818 5415 Εἰκό-

245 5477 350 5518 τως
380 5458 474 5511 οὖν
504 5461 566 5510 ἐκ
599 5457 943 5526 παραλλήλου
967 5461 1060 5508 καὶ
1086 5457 1194 5508 τῶν
1221 5455 1394 5509 πάλαι
1425 5457 1815 5524 γεγενημένων

243 5548 483 5616 ἀρίστων
509 5549 691 5614 σοφῶν
714 5547 979 5618 ἐμνήσθη,
1012 5549 1107 5601 καὶ
1135 5549 1260 5609 τοὺς
1280 5547 1611 5611 Αίγυπτίους
1645 5561 1813 5609 προσ-

245 5639 486 5691 τέθεικεν
529 5640 603 5700 ὡς
632 5640 925 5701 δοκοῦντας
956 5640 1110 5706 παρὰ
1147 5641 1313 5691 πᾶσιν
1365 5633 1504 5688 εἶναι
1536 5638 1731 5704 σοφούς
1757 5653 1815 5688 τε

249 5732 342 5780 καὶ
372 5731 688 5800 φρονίμους.
726 5732 832 5784 Καὶ
863 5732 970 5799 γὰρ
993 5730 1066 5792 ὡς
1099 5731 1358 5800 Ἕλληνες
1392 5727 1687 5798 ἱστοροῦσι,
1721 5731 1816 5780 καὶ

318 5850 362 5878 "
392 5848 451 5901 tll
485 5847 614 5916 Reg.
650 5863 729 5913 ιιι,
757 5848 837 5902 14.
920 5847 964 5879 ⁸⁸
994 5845 1059 5901 ιιι
1094 5845 1238 5924 Reg:
1264 5863 1315 5914 ι’,
1352 5846 1453 5912 12;
1498 5863 1564 5913 IV,
1599 5848 1687 5902 32.

1923 4541 2104 4594 dicat:
2145 4560 2163 4592 ι
2193 4542 2331 4597 Ecce
2350 4543 2472 4598 dedi
2511 4546 2607 4600 tibi
2637 4562 2732 4602 cor
2756 4551 2998 4615 prudens
3028 4567 3091 4604 ac
3124 4557 3342 4622 sapiens
3367 4573 3384 4608 :
3416 4557 3495 4610 tui

1921 4630 2117 4686 similis
2141 4649 2314 4703 neque
2353 4644 2482 4690 ante
2513 4645 2565 4691 te
2597 4636 2698 4692 fuit
2722 4654 2898 4708 neque
2932 4642 3038 4696 erit
3063 4651 3188 4711 post
3238 4653 3310 4699 te.
3339 4646 3492 4701 Divi-

1923 4723 2024 4776 tias
2061 4739 2300 4794 quoque,
2334 4726 2558 4795 gloriam
2608 4737 2662 4781 et
2721 4744 2855 4799 opes
2902 4732 2995 4785 tibi
3026 4733 3166 4788 dabo
3183 4734 3250 4786 ⁸³.
3280 4754 3298 4785 ι
3331 4736 3499 4805 quue

1922 4815 2208 4870 declarans
2259 4817 2541 4887 Scriptura
2598 4820 2682 4875 sic
2719 4821 2954 4877 infert“
2997 4843 3010 4877 :
3047 4843 3067 4875 ι
3111 4825 3262 4880 Dedit
3314 4826 3493 4882 Domi-

1922 4922 2027 4961 nus
2067 4906 2346 4962 Solornoni
2399 4909 2812 4983 intelligentiam
2864 4915 3297 4987 sapientiamque
3335 4935 3488 4973 sum-

1923 5013 2087 5064 mam,
2121 5014 2324 5068 cnrque
2366 5008 2442 5055 tot
2465 5017 2646 5056 rerum
2677 5005 2870 5072 peritia
2907 5006 3232 5061 instructum
3252 5020 3496 5078 quantus

1921 5096 2002 5143 est
2028 5103 2209 5144 arenae
2244 5092 2298 5144 in
2331 5091 2508 5146 littore
2521 5094 2686 5148 maris
2713 5111 3028 5152 numerus.»
3055 5100 3498 5156 Consentaneum

1922 5178 2103 5248 itaque
2130 5189 2231 5244 est,
2255 5183 2398 5251 quod
2430 5195 2779 5253 comparatur
2813 5199 2973 5257 atque
3030 5193 3318 5259 praefertur
3347 5203 3400 5248 et
3431 5196 3502 5250 iis

1920 5271 2013 5340 qui
2046 5273 2186 5341 apud
2207 5274 2418 5342 priscos
2452 5275 2669 5331 fuerant
2702 5280 2972 5348 sapientes
3029 5283 3200 5338 habiti
3253 5302 3316 5339 ac
3359 5301 3499 5354 pra--

1921 5365 2266 5426 stantissimi,
2293 5366 2497 5434 etipsis
2527 5367 2818 5438 Egyptiis,
2850 5373 2941 5440 qui
2975 5375 3120 5442 apud
3151 5391 3347 5430 omnes
3393 5392 3493 5429 110·-

1921 5469 2044 5509 men
2070 5456 2640 5524 sapientumbabcnt.
2673 5459 2807 5512 Nam
2839 5464 3002 5515 sicuti
3047 5464 3218 5518 Graeci
3245 5477 3489 5529 narrant,

1921 5544 2260 5616 Pherecydes
2288 5550 2500 5619 Syrius,
2530 5548 2862 5622 Pythagoras
2882 5553 3119 5616 Samius,
3149 5558 3498 5628 Anaxagoras

1918 5638 2315 5704 Clazomenius,
2345 5639 2601 5709 Platoqnc
2625 5643 2964 5700 Atheniensis
2981 5647 3046 5700 ad
3063 5646 3343 5717 Egyptios
3370 5665 3498 5720 pro-

1920 5730 2041 5783 fecti
2058 5741 2184 5784 sunt
2202 5748 2293 5802 spe
2313 5747 2490 5785 rerum
2511 5733 2812 5788 divinarum
2829 5751 2890 5790 ac
2907 5747 3113 5791 naturm
3125 5740 3493 5807 cognitionem
