4214 6448
244 378 331 442 2‘31

1318 369 1369 425 il
1384 362 1858 425 lS'l‘URIARUM
1897 360 2042 420 (ΣοΜ
2058 360 2342 420 PENDIU
2354 362 2408 419 Μ
2416 407 2429 419 .

3376 362 3485 428 202

244 498 297 550 ὃν
324 497 531 565 ἤκουσα
555 491 612 542 ἐν
645 489 712 559 τῇ
749 490 819 558 γῇ
847 503 969 554 μου,
992 483 1088 537 καὶ
1118 485 1217 534 οὐκ
1249 480 1361 533 ἔστι
1392 481 1453 532 τὸ
1485 480 1655 548 ἣμισυ
1683 477 1813 531 καί)-

1918 490 2080 544 quam
2134 473 2530 528 inandivcram.
2588 472 2792 529 Felici-5
2839 472 3085 543 profecto
3152 474 3413 533 mulieres
3438 486 3493 533 ct
3585 523 3590 529 .

245 585 312 649 ὼς
345 580 629 653 ἀπηγγέλη
679 594 770 648 μοι
806 596 820 610 ·
878 575 1101 628 πλείονα
1151 573 1260 642 γὰρ
1332 570 1551 640 ἑώρακα
1591 568 1731 639 ὑπὲρ
1777 566 1812 619 ὃ.

248 680 467 750 ἧκουσα.
516 670 799 741 Μακάριαι
829 667 962 737 γοῦν
1005 667 1061 718 αί
1096 665 1354 731 γυναῖκες
1389 663 1482 713 καὶ
1530 662 1579 713 oi
1626 657 1814 719 παῖδές

250 748 355 827 σου,
384 765 436 816 οἱ
465 763 876 832 παρεστηκότος
906 748 1056 809 οὗτοι
1087 752 1315 807 ἐνώπιόν
1346 768 1441 806 σου
1473 752 1566 804 καὶ
1589 749 1819 804 ἀκούον-

247 874 330 918 τες
362 857 490 918 τοὺς
524 852 717 921 λόγους
755 849 852 914 τῆς
894 844 1208 917 φρονήσεώς
1258 861 1371 898 σου.
1438 864 1457 895 ι
1499 843 1608 896 Καὶ
1652 839 1817 893 δοῦσα

249 946 391 1016 αὑτῷ
423 946 655 1015 χρυσίου
690 940 927 993 τάλαντα
966 936 1160 991 ἑκατὸν
1190 935 1363 988 εῐκοσι
1395 934 1489 988 καὶ
1533 932 1817 1002 ἡδύσματα

248 1039 410 1091 πολλὰ
456 1036 550 1088 καὶ
585 1033 768 1093 λίθους
812 1029 1026 1098 τιμίους
1055 1027 1150 1081 καὶ
1181 1026 1247 1094 δὴ
1285 1025 1382 1077 καὶ
1419 1024 1519 1093 τὴν
1548 1021 1642 1075 τοῦ
1694 1023 1818 1075 ὁπο-

249 1130 526 1193 δαλσάμου
574 1125 768 1196 ῥίζαν,
802 1122 896 1190 ἀφ’
931 1115 993 1174 οὗ
1027 1122 1061 1187 ἠ
1096 1116 1424 1187 Παλαιστίνη
1463 1115 1622 1168 τοῦτο
1647 1114 1821 1185 γεώρ-

250 1237 359 1287 γιον
383 1218 560 1286 ἔσχεν.
593 1215 670 1278 ὥς
705 1229 871 1284 φησιν
914 1209 1196 1279 Ἰώσηπος,
1230 1205 1573 1277 ὑπέστρεψεν
1611 1208 1691 1279 εἰς
1722 1205 1821 1273 τὴν

249 1312 347 1379 γῆν
396 1308 566 1377 αὐτῆς
614 1299 1172 1374 ὑπσρεκπληττομένη
1214 1298 1354 1353 λίαν.
1411 1299 1545 1369 Περὶ
1571 1292 1639 1369 ἦς
1668 1297 1763 1349 καὶ
1794 1297 1822 1349 ὀ

247 1405 446 1469 Κύριος
478 1400 602 1466 ἔφη·
639 1413 657 1447 ι
697 1394 991 1448 Βασίλισσα
1012 1392 1183 1445 Νότου
1217 1387 1383 1461 ἦλθεν
1410 1393 1475 1444 ἐκ
1509 1389 1618 1442 τῶν
1653 1388 1823 1458 περά-

247 1508 350 1545 των
391 1490 492 1558 τῆς
527 1489 633 1557 γῆς
668 1486 794 1540 ἰδεῖν
826 1484 924 1555 τὴν
968 1485 1159 1553 σοφίαν
1193 1483 1563 1552 Σολομῶντος.
1607 1499 1625 1531 ι
1678 1479 1823 1550 Πρὸς

247 1581 303 1635 ὃν
345 1581 530 1650 μέντοι
561 1577 656 1633 καὶ
685 1577 857 1647 Σιρὰχ
882 1576 911 1626 ὁ
940 1573 1253 1642 σοφώτατος
1283 1573 1461 1640 ελεγεο
1497 1590 1515 1624 ι
1549 1571 1819 1642 Σολομῶν,

256 1671 546 1741 ἐσοφίσθης
574 1672 634 1722 ἐν
660 1668 874 1737 νεότητί
902 1682 995 1718 σου
1019 1706 1033 1730 ,
1061 1664 1157 1717 καὶ⁵
1183 1663 1523 1733 ἐνεπλήσθης
1554 1664 1629 1726 ὡς
1659 1679 1824 1716 ποτα-

252 1764 348 1832 μὶς
399 1765 693 1822 συνέσεως.
732 1758 842 1826 Γῆν
888 1756 1231 1825 ἐπεκάλυψεν
1280 1758 1312 1824 ἡ
1366 1756 1527 1825 σοφία
1570 1771 1695 1819 σου,
1728 1756 1823 1808 καὶ

1915 566 2071 635 pueri
2107 565 2197 632 qui
2228 562 2416 619 coram
2450 569 2505 618 te
2556 570 2743 617 astant
2780 572 3013 635 tuosque
3064 566 3341 636 sapientes
3374 581 3514 633 ser-g

1915 670 2108 709 mones
2128 653 2732 711 audiunt“.rl’r0inde
2752 669 2878 710 cum
2906 640 3250 713 Solomonem
3280 658 3382 713 120
3409 667 3497 712 ta-

1916 746 2081 802 lentis
2119 746 2240 799 auri
2288 746 2475 801 multis
2495 746 2838 803 aromatibus
2868 757 3031 817 atque
3072 750 3325 817 gemmis,
3366 764 3496 804 nec-

1915 853 2022 893 non
2069 838 2408 909 opobalsami
2450 840 2629 903 radice
2648 839 2927 906 donasset,
2952 838 3095 893 unde
3110 853 3231 894 eam
3270 842 3497 911 stirpem

1918 931 1972 985 in
2005 929 2296 986 Palaestina
2357 934 2645 1003 propagari
2699 943 2938 1005 emptam
2989 931 3260 1001 Josephus
3308 935 3495 1002 refert,
3573 962 3577 966 ~

1919 1023 2124 1092 ingenti
2139 1022 2501 1079 admiratione
2537 1024 2791 1092 perculsa
2823 1024 3043 1080 domum
3080 1025 3263 1081 rediit.
3297 1023 3371 1082 De
3396 1026 3501 1083 hac

1920 1111 2084 1167 etiam
2114 1113 2374 1168 Dominus
2425 1113 2631 1168 dixit"
2664 1115 2734 1169 ab
2780 1116 3042 1170 extremis
3089 1126 3251 1172 terra:
3300 1115 3500 1173 ﬁnibus

1923 1205 2225 1259 austrinam
2265 1205 2479 1261 venisse
2516 1207 2759 1277 reginam
2785 1246 2799 1269 ,
2864 1215 2926 1261 ut
2965 1207 3292 1273 sapientiam
3339 1207 3501 1265 Solo-

1922 1300 2101 1352 monis
2160 1309 2432 1353 cerneret.
2476 1297 2543 1354 Et
2599 1300 2865 1355 Sirachus
2916 1299 3360 1370 sapientissimus
3426 1305 3502 1356 ita

1923 1401 2047 1442 eum
2080 1386 2445 1456 alloquitur”
2486 1410 2499 1441 :
2555 1407 2575 1440 ‹
2616 1388 2661 1443 0
2688 1389 2971 1455 Solomon,
3009 1392 3065 1446 in
3098 1392 3387 1462 iuventute
3411 1400 3503 1448 tua

1925 1479 2143 1548 sapiens
2172 1477 2349 1534 factus
2378 1493 2459 1542 es,
2492 1490 2660 1549 atque
2685 1481 2866 1535 amnis
2917 1479 3090 1535 instar
3141 1482 3372 1538 scientia
3398 1482 3506 1536 im-

1928 1573 2126 1640 pletus.
2162 1571 2442 1641 Sapientia
2471 1580 2561 1625 tua
2591 1580 2794 1626 terram
2824 1572 2982 1635 texit,
3010 1587 3242 1644 eamque
3268 1574 3506 1643 parabo-

1926 1663 1993 1716 lis
2032 1673 2086 1717 ct
2126 1662 2422 1718 subtilibus
2473 1663 2872 1731 quaestionibus
2905 1665 3203 1727 replevisti.
3235 1662 3419 1736 Longe
3450 1666 3505 1721 in

1928 1751 2135 1805 insulas
2169 1759 2222 1804 et
2251 1759 2488 1806 remotas
2542 1760 2719 1807 terras
2758 1761 2850 1807 tua
2900 1756 3163 1811 memoria
3214 1759 3502 1827 pervenit:

246 1854 549 1921 ἐνέπλησας
597 1853 655 1903 ἐν
698 1848 1036 1920 παραϐολαῖς
1073 1849 1439 1917 αἰνιγμάτων.
1487 1847 1583 1908 Ei;
1627 1846 1822 1914 νήσους

1927 1840 2237 1910 charusque
2283 1840 2436 1895 fuisti
2477 1841 2531 1895 in
2581 1843 2766 1912 quiete
2825 1852 2936 1909 tua,
2987 1847 3252 1904 divinitus
3297 1851 3505 1918 paratis

247 1944 435 2015 πόρρω
467 1943 561 1995 καὶ
601 1940 821 2010 μακρὰς
852 1936 1038 2009 χώρας
1064 1937 1295 2005 ἀφίκετό
1331 1952 1425 1988 σου
1455 1933 1516 1987 τὸ
1544 1933 1823 2004 μνημόσυ-

248 2052 355 2093 νον,
382 2035 479 2087 καὶ
510 2032 802 2102 ἡγαπήθης
828 2033 886 2082 ἐν
911 2032 976 2099 τῇ
1008 2031 1197 2099 εἰρήνῃ
1231 2044 1346 2093 σου,
1380 2028 1448 2096 ἢν
1479 2027 1822 2080 κατέπαυσεν

246 2129 274 2179 ὁ
304 2126 435 2187 Θεὸς
473 2125 756 2176 κυκλόθεν.
793 2125 899 2177 Καὶ
925 2121 1088 2192 ᾠδαῖς
1117 2121 1212 2173 καί
1238 2117 1561 2188 παροιμίαις
1595 2119 1689 2171 καὶ
1720 2136 1823 2170 πα-

252 2216 505 2285 ραϐολαῖς
541 2213 990 2284 ἐθαυμαστώθης.
1034 2212 1145 2265 Καὶ
1189 2211 1498 2280 συνήγαγες
1528 2209 1602 2272 ὡς
1633 2210 1823 2263 κασσί-

248 2324 403 2377 τερον
442 2307 503 2358 τὸ
537 2306 781 2377 χρυσίον,
813 2305 910 2358 καὶ
944 2303 1018 2366 ὡς
1052 2300 1300 2370 μόλιϐδον
1328 2299 1630 2367 ἐπλήθυνας
1656 2300 1825 2369 ἄργυ-

254 2416 364 2469 ρον.
431 2400 593 2451 Ἀλλὰ
640 2397 972 2466 παρέκλινας
1020 2393 1119 2456 τὰς
1157 2392 1391 2460 λαγόνας
1440 2408 1534 2444 σου
1570 2392 1782 2459 γυναιξὶ
1810 2433 1823 2456 ,

252 2494 344 2545 καὶ
380 2487 798 2557 ἐνεξουσιάσθης
841 2489 898 2540 ἐν
948 2484 1025 2555 τῷ
1063 2483 1275 2554 σώματί
1313 2501 1445 2548 σου,
1476 2483 1571 2536 καὶ
1625 2482 1827 2545 ἔδωκας

256 2584 447 2653 μῶμον
489 2583 543 2634 ἐν
572 2583 638 2650 τῇ
680 2577 807 2649 δέξῃ
839 2594 968 2642 σου,
1007 2575 1103 2630 καὶ
1137 2574 1479 2647 ἐϐεϐήλωσας
1513 2574 1573 2627 τὺ
1607 2576 1827 2644 σπέρμα

255 2694 347 2729 σου
369 2716 385 2741 ,
414 2675 718 2742 ἐπαγαγεῖν
760 2670 930 2740 ὀργὴν
963 2672 1055 2723 ἐπ’·⁸
1094 2669 1163 2722 τα
1201 2668 1371 2723 τέκνα
1405 2685 1520 2723 σου.
1564 2687 1582 2719 ι
1618 2667 1691 2719 Οὐ
1722 2668 1827 2735 μὴν

250 2765 308 2819 δὲ
337 2766 476 2818 ἀλλὰ
499 2767 593 2817 καὶ
620 2762 781 2825 αὐτὸς
810 2762 878 2814 δι’
903 2759 1098 2814 ἐαυτοῦ
1129 2759 1443 2827 σαφέστατα
1472 2759 1599 2827 περὶ
1623 2755 1707 2829 [Ρ.
1735 2756 1826 2827 96]

252 2855 353 2924 τῆς
385 2855 525 2917 ἰδίας
557 2854 745 2921 σοφίας
776 2852 871 2906 καὶ
909 2849 1004 2904 τοῦ
1037 2849 1273 2903 πλούτου
1311 2850 1497 2920 φησίν·
1530 2867 1548 2901 ε
1593 2849 1748 2917 Ἐμοὶ
1772 2849 1829 2902 δὲ

253 2946 363 3015 ζῴη
410 2949 438 2998 ὀ
485 2947 614 3008 Θεὸς
662 2944 803 2998 κατὰ
834 2942 1061 3013 γνώμην
1114 2944 1287 2993 εἰπεῖν
1321 2942 1415 2993 καὶ
1460 2940 1830 3011 ἐνθυμηθῆναι

252 3037 421 3100 ἀξίως
457 3036 567 3088 τῶν
607 3036 949 3105 λεγομένων,
988 3036 1070 3087 ὅτι
1100 3032 1263 3096 αὐτὸς
1293 3035 1323 3086 ὁ
1357 3031 1558 3103 Κύριος
1600 3034 1695 3086 καὶ
1732 3032 1830 3100 τῆς

257 3128 453 3196 σοφίας
494 3126 688 3196 ὁδηγός
739 3129 854 3179 ἐστι
884 3126 977 3179 καὶ
1006 3124 1114 3177 τῶν
1156 3124 1334 3193 σοφῶν
1376 3123 1690 3195 διορθωτής.
1740 3123 1830 3176 Ἐν

256 3218 368 3290 γὰρ
393 3219 540 3289 χειρὶ
569 3216 733 3271 αὐτοῦ
768 3218 860 3269 καὶ
883 3216 1041 3286 ἡμεῖς
1071 3216 1167 3269 καὶ
1193 3217 1242 3268 οἱ
1270 3214 1418 3282 λόγοι
1447 3215 1629 3283 ἡμῶν.
1659 3215 1831 3280 Αὐτὸς

256 3311 366 3378 γάρ
407 3326 498 3378 μοι
546 3308 746 3360 δέδωκε
776 3305 883 3359 τῶν
937 3305 1108 3357 ὄντων
1150 3303 1251 3374 τὴν
1296 3304 1497 3371 γνῶσιν
1543 3304 1788 3373 ἁψευδῶς
1816 3348 1830 3367 ,

254 3396 454 3448 εἰδέναι
500 3392 763 3446 σύστασιν
819 3390 911 3443 τοῦ
961 3391 1166 3461 κόσμου
1214 3392 1308 3444 καὶ
1355 3391 1634 3461 ἐνεργείας
1692 3408 1832 3445 στοι-

254 3490 441 3558 χείων,
473 3488 649 3557 ἀρχὴν
681 3489 775 3541 καὶ
799 3487 950 3548 τέλος
972 3487 1069 3540 καὶ
1099 3487 1372 3557 μεσότητα
1403 3489 1631 3557 χρόνων,
1655 3489 1833 3543 ἐνιαυ-

255 3581 364 3632 τῶν
395 3578 629 3639 κύκλους
656 3580 751 3629 καὶ
778 3578 1024 3645 ἀστέρων
1063 3577 1236 3639 θέσεις
1260 3616 1276 3640 ,
1325 3577 1517 3645 φύσεις
1548 3578 1701 3643 ζώων
1741 3580 1833 3633 καὶ

255 3669 465 3739 θυμοὺς
500 3669 735 3739 Θηρίων,
778 3668 1102 3738 πνευμάτων
1151 3667 1273 3736 βίας
1311 3670 1404 3721 καὶ
1451 3669 1834 3740 διαλογισμοὺς

252 3761 586 3830 ἀνθρώπων,
616 3761 878 3827 διαφορὰς
908 3758 1088 3827 φυτῶν
1115 3760 1208 3813 καὶ
1235 3760 1492 3829 δυνάμεις
1515 3762 1699 3830 ῥιζῶν,
1732 3764 1832 3815 ὅσα

251 3853 313 3905 τὲ
341 3853 462 3903 ἐστι
507 3852 727 3919 κρυπτὰ
759 3851 851 3903 καὶ
881 3849 1097 3919 ἐμφανῆ
1141 3849 1331 3917 ἔγνων.
1383 3851 1440 3904 Ὀ
1480 3850 1589 3922 γὰρ
1617 3852 1834 3906 πάντων

252 3943 508 4012 τεχνίτης
544 3941 751 4005 ἐδίδαξε
782 3957 851 4011 με
884 3941 1097 4007 σορίαν.
1142 3942 1253 3995 Καὶ
1286 3941 1398 4010 ἐγὼ
1434 3942 1834 4013 ἐκκλησιαστὴς

255 4036 527 4104 ἐγενόμην
573 4033 825 4102 βασιλεὺς
896 4032 1114 4103 Ἰσραὴλ
1170 4033 1228 4085 ἐν
1282 4034 1639 4105 Ἰερουσαλὴμ
1666 4074 1680 4097 ,
1740 4036 1835 4087 καὶ

254 4130 438 4183 ἔδωκα
465 4127 565 4196 τὴν
596 4125 822 4195 καρδίαν
858 4139 958 4193 μου
986 4124 1080 4177 τοῦ
1106 4124 1407 4194 ἐκζητῆσαι
1438 4127 1533 4179 καὶ
1560 4127 1832 4179 κατασκέο

253 4218 465 4289 ψασθαι
500 4220 558 4271 ἐν
601 4220 667 4286 τῇ
718 4217 881 4286 σοφίᾳ
932 4217 1060 4284 περὶ
1112 4215 1219 4269 τῶν
1271 4216 1581 4284 γενομένων
1617 4217 1833 4271 πάντων

255 4314 366 4365 ὑπὸ
408 4312 503 4363 τὸν
553 4308 802 4378 οὐρανόν.
847 4308 959 4361 Καὶ
1008 4306 1118 4361 ἰδοὺ
1153 4306 1263 4375 ἐγὼ
1298 4308 1708 4380 ἐμεγαλύνθην,
1742 4311 1834 4362 καὶ

254 4401 582 4472 προσέθηκα
619 4399 807 4469 σοςίαν
836 4401 928 4452 ἐπὶ
960 4400 1126 4453 πᾶσιν
1158 4399 1206 4453 οἳ
1247 4400 1496 4467 ἐγένοντο
1526 4400 1834 4472 ἔμπροσθέν

1924 1933 2129 1987 circum
2167 1944 2218 1988 te
2241 1934 2576 2004 regionibus.
2603 1934 2993 2002 Carminatua,
3042 1940 3269 1996 dicteria
3326 1951 3380 1998 et
3406 1958 3505 2014 pa-

1926 2024 2126 2080 rabolm
2155 2025 2576 2081 admirationem
2602 2028 2678 2081 tui
2728 2030 3287 2086 excitarunt.Aurum
3345 2035 3504 2105 cupri

1925 2120 2098 2171 insear
2131 2118 2421 2187 collegisti,
2455 2133 2517 2174 ac
2548 2131 2834 2190 argentum
2861 2136 2922 2175 ea
2949 2123 3105 2192 capia
3129 2139 3192 2179 ac
3224 2126 3270 2180 si
3309 2124 3505 2194 plum-

1927 2210 2052 2264 bum
2080 2218 2245 2266 csset.
2279 2210 2570 2265 Enimvero
2618 2213 2784 2267 lumbi
2813 2214 2889 2268 tui
2951 2216 3277 2271 mulieribus
3332 2217 3504 2273 dediti

1929 2300 2169 2365 fuerunt,
2217 2309 2424 2371 tuoque
2464 2317 2522 2356 es
2570 2303 2773 2358 abusus
2804 2320 3051 2374 corpore.
3090 2307 3272 2373 Quare
3316 2310 3505 2381 gloria

1929 2396 2036 2445 tuae
2067 2392 2332 2446 maculam
2380 2392 2649 2460 inussisti,
2692 2404 2947 2466 tuamque
2996 2399 3309 2469 progeniem
3368 2416 3504 2457 con-

1930 2481 2229 2547 taminasti,
2262 2483 2571 2554 iratumqne
2612 2487 2749 2555 proli
2782 2495 2887 2542 tuae
2919 2487 3087 2543 Deum
3138 2490 3440 2548 reddidisti.
3479 2513 3499 2548 ι

1929 2568 2004 2623 Ac
2035 2569 2150 2639 ipse
2181 2571 2398 2639 quidem
2425 2574 2542 2628 suis
2584 2575 2768 2629 verbis
2796 2578 3138 2644 apertissime
3179 2582 3502 2650 sapientiam

1930 2659 2256 2731 divitiasque
2283 2678 2413 2719 suas
2447 2665 2759 2734 praedicam
2782 2667 2934 2734 Mihi,
2954 2669 3050 2733 ait,
3077 2671 3220 2728 Deus
3240 2673 3507 2745 largiatur

1932 2758 1990 2805 ut
2019 2760 2166 2808 recte
2189 2754 2420 2823 cogitem
2476 2765 2640 2827 atque
2670 2760 2897 2827 eloquar
2920 2775 3041 2830 quae
3081 2763 3362 2820 dicuntur.
3384 2768 3507 2836 Ipse

1931 2840 2075 2895 enim
2119 2840 2386 2898 Dominus
2428 2851 2483 2897 et
2521 2846 2803 2914 sapientia:
2857 2848 2968 2904 dux
3017 2860 3174 2908 estet
3228 2855 3507 2925 sapientes

1933 2929 2119 3002 dirigit
2140 2948 2154 2985 :
2175 2932 2375 3002 quippe
2407 2933 2461 2988 in
2490 2950 2653 2990 manu
2683 2939 2804 3006 ejus
2833 2951 2886 2994 et
2913 2956 3010 2996 nos
3034 2958 3224 3000 sumus
3252 2957 3308 3001 et
3339 2948 3509 3003 ratio-

1936 3037 2032 3077 nes
2057 3033 2275 3078 nostrze.
2293 3023 2412 3095 Ipse
2438 3027 2584 3081 extim
2613 3029 2747 3083 mihi
2785 3046 2970 3085 veram
2999 3048 3181 3089 rerum
3235 3039 3508 3109 cognitio-

1938 3130 2059 3169 ncm
2089 3115 2260 3183 dedit,
2300 3125 2357 3172 ut
2382 3118 2580 3172 scirem
2611 3121 2797 3175 mundi
2836 3124 3145 3191 exordium,
3204 3129 3507 3186 elemento-

1938 3220 2057 3259 rum
2105 3207 2370 3275 actiones,
2410 3210 2763 3280 principium,
2797 3213 2959 3269 linem
2991 3222 3046 3270 et
3073 3218 3313 3274 medium
3368 3228 3508 3277 temo

1908 3313 2148 3381 .porum,
2201 3312 2471 3354 annorum
2529 3301 2905 3368 circuitiones,
2972 3306 3212 3363 siderum
3268 3314 3504 3381 positus,

1935 3390 2518 3458 naturasanimalium,
2554 3393 2822 3449 saevitiam
2861 3394 3124 3464 ferarum,
3158 3399 3510 3459 viresvento-

1935 3495 2080 3542 rum,
2117 3481 2400 3535 hominum
2420 3484 2801 3553 cogitationes,
2822 3487 3131 3556 plantarum
3149 3491 3504 3559 diﬂ'erentias.

1936 3569 2182 3624 radicum
2214 3567 2521 3626 facultates.
2582 3573 2824 3645 Cognovi
2875 3578 3057 3632 omnia
3108 3587 3163 3635 et
3187 3584 3401 3639 occulta
3453 3596 3508 3642 et

1937 3657 2260 3715 manifesta:
2294 3675 2417 3714 nam
2439 3662 2617 3732 opifex
2644 3666 2887 3721 omnium
2914 3671 3171 3725 instruxit
3188 3686 3272 3728 me
3290 3675 3508 3744 sapien-

1937 3749 2030 3802 tia.
2046 3749 2158 3819 Ego
2178 3749 2534 3807 concionator
2553 3751 2947 3827 Hierosolymis
2978 3774 3205 3831 regnum
3224 3765 3277 3817 in
3298 3764 3508 3824 Israeli-

1936 3840 2552 3912 cosgessi;induxique
2601 3845 2656 3899 in
2676 3848 2919 3902 animum
2966 3865 3144 3906 meum
3182 3857 3509 3926 perquirere

1940 3932 2101 4003 169
2134 3933 2202 3988 de
2229 3935 2506 4002 omnibus,
2571 3951 2635 3993 ac
2667 3941 2945 4009 sapienter
2974 3948 3347 4018 pervestigare
3385 3965 3505 4006 om-

1936 4022 2027 4076 nia
2060 4038 2177 4090 quae
2202 4025 2308 4081 sub
2330 4026 2472 4081 etelo
2490 4025 2645 4083 ﬁunt.
2675 4028 2816 4087 Ecce
2844 4033 3112 4102 sapientia
3134 4048 3330 4096 auctus
3359 4057 3505 4107 sum,

1935 4129 2109 4183 caque
2142 4119 2393 4184 superavi
2428 4135 2619 4177 omnes
2666 4123 2910 4192 quiante
2940 4142 3027 4183 me
3057 4125 3277 4185 fuerunt
3313 4131 3505 4190 lliero-

1935 4206 2181 4276 solymis,
2216 4207 2546 4278 animusque
2577 4227 2732 4267 meus
2758 4214 3055 4270 multarum
3100 4233 3282 4274 rerum
3315 4224 3509 4293 cogni-

1939 4297 2089 4353 tione
2115 4297 2212 4353 fuit
2245 4308 2299 4353 et
2339 4301 2610 4369 sapientia
2665 4304 2950 4372 praeditus,
3012 4309 3291 4378 parabolis
3340 4323 3509 4383 atque

1938 4392 2206 4446 scientiis.
2233 4392 2516 4464 Magniﬁce
2530 4397 2714 4450 omnia
2739 4397 2847 4468 egi,
2870 4398 3064 4456 domos
3079 4402 3212 4456 mihi
3233 4408 3503 4473 exstruxi,

257 4512 362 4564 μου
424 4497 484 4546 ἐν
551 4490 929 4562 Ἰερουσαλὴμ,
968 4489 1061 4543 καὶ
1112 4489 1310 4560 καρδία
1353 4507 1454 4559 μου
1489 4486 1596 4544 εἶδε
1638 4490 1825 4557 πολλὰ,

1938 4483 2129 4538 vineas
2158 4486 2407 4550 conseri,
2448 4485 2639 4543 hortos
2668 4497 2723 4543 et
2766 4491 3012 4559 pomaria
3066 4493 3297 4560 confeci,
3342 4497 3505 4568 inque

254 4587 452 4654 σοί-ρίαν
483 4585 579 4637 καὶ
614 4581 842 4650 γνῶσιν,
877 4581 971 4634 καὶ
1009 4581 1180 4648 ἔγνων
1227 4580 1540 4651 παραϐολὰς
1582 4584 1676 4636 καὶ
1714 4584 1834 4634 ἐπι-

255 4679 477 4745 στήμας
501 4715 516 4737 ,
549 4676 643 4726 καὶ
689 4673 997 4740 ἐμεγάλυνα
1034 4674 1103 4724 τὰ
1142 4672 1425 4740 ποιήματά
1460 4689 1561 4741 μου
1583 4712 1596 4735 ,
1635 4672 1834 4741 ᾠκοδό-

256 4767 415 4837 μησα
458 4783 550 4835 μοι
592 4766 777 4826 οίκους
804 4764 900 4816 καὶ
938 4762 1211 4830 ἐςύτευσά
1240 4778 1332 4830 μοι
1374 4762 1705 4831 ἀμπελῶνας
1739 4764 1834 4817 καὶ

253 4858 495 4926 ἐποίησα
548 4871 639 4924 μοι
688 4857 895 4922 κήπους
951 4851 1043 4904 καὶ
1094 4849 1488 4918 παραδείσους,
1550 4853 1645 4904 και)⁸
1705 4852 1834 4920 ἐτρύ-

250 4962 425 4998 τευσα
468 4947 530 4997 ἐν
576 4944 762 5005 αὐτοῖς
801 4940 957 5005 ξύλον
1001 4939 1348 5009 πάγκαρπον.
1418 4939 1685 5008 Ἐποίησα
1742 4959 1832 5010 μοι

254 5038 385 5090 κολυ
393 5036 542 5105 μὸἡθ
550 5053 652 5105 ρας
675 5035 881 5088 ὑδάτων
904 5034 994 5088 τοῦ
1020 5034 1238 5087 ποτίσαι
1262 5034 1354 5088 ἀπ’
1373 5034 1551 5087 αὐτῶν
1574 5035 1832 5105 δρυμῶνα

252 5128 563 5199 βλαστόντα
589 5127 741 5192 ξύλα.
782 5126 1129 5197 Ἐκτησάμην
1154 5125 1374 5189 δούλους
1399 5128 1492 5179 καὶ
1517 5127 1831 5194 παιδίσκας,

251 5225 349 5274 καὶ
393 5221 694 5287 οἰκογενεῖς
729 5217 974 5284 ἐγένοντό
1013 5234 1125 5286 μοι,
1170 5217 1264 5271 καί
1294 5234 1355 5285 γε
1392 5221 1610 5287 κτήσεις
1644 5219 1835 5289 βουκο-

250 5310 372 5364 λίου
403 5312 499 5364 καὶ
526 5307 778 5378 ποιμνίου
812 5305 1058 5374 ἐγένοντό
1092 5322 1182 5376 μοι
1214 5307 1429 5374 πολλαὶ,
1462 5310 1598 5380 ὑπὲρ
1626 5312 1832 5375 πάντας

252 5402 383 5462 τοὺς
431 5399 761 5468 γενομένους
809 5398 1116 5467 ἔμπροσθέν
1167 5413 1269 5467 μου
1329 5401 1386 5451 ἐν
1454 5400 1830 5473 Ἰερουσαλήμ.

257 5493 369 5545 Καί
399 5508 459 5559 γε
495 5491 657 5559 σοφία
686 5507 787 5558 μου
814 5489 1014 5558 ἐστάθη
1043 5507 1154 5557 μοι.
1192 5491 1299 5543 Καὶ
1326 5490 1434 5543 πᾶν
1466 5490 1494 5544 ὃ
1525 5491 1590 5544 ἂν
1622 5491 1831 5563 ᾔτησαν

256 5585 310 5633 οἱ
334 5582 603 5653 ὀφθαλμοί
647 5598 748 5651 μου
771 5620 787 5643 ,
826 5582 927 5634 οὐκ
952 5581 1171 5650 ἀφεῖλον
1203 5579 1298 5635 ἀπ’
1334 5582 1512 5634 αὐτῶν
1534 5618 1550 5644 ,
1604 5584 1697 5636 καὶ
1733 5583 1834 5636 οὐκ

262 5675 583 5728 ἐπεκώλυσα
628 5673 729 5746 τὴν
778 5672 1010 5744 καρδίαν
1051 5691 1153 5743 μου
1205 5673 1312 5727 ἀπὸ
1346 5672 1526 5743 πάσης
1573 5674 1833 5743 εὐφροσύ-

265 5781 385 5831 νης.
450 5785 471 5818 s
510 5767 622 5820 Καὶ
670 5765 780 5836 γὰρ
835 5764 1038 5833 πολλῆς
1089 5764 1311 5834 εἰρήνης
1362 5766 1458 5818 καὶ
1509 5763 1830 5829 πολυολόίας

342 5858 386 5887 ’λ
412 5858 474 5913 lll
507 5855 642 5927 Reg.
674 5871 730 5920 ς,
762 5856 885 5911 6—8.
963 5856 1007 5887 ⁸⁷
1047 5853 1239 5908 Matth.
1271 5865 1366 5925 xu,
1392 5855 1486 5910 42.

584 5957 854 6014 Pareat.
890 5952 1012 6013 Gn.
1057 5950 1272 6011 CXXI.

1562 5857 1607 5892 ⁸⁸
1641 5856 1806 5915 Eccli.
1839 5873 2009 5914 nvu.

1938 4573 2003 4628 iis
2028 4574 2209 4629 omnis
2248 4577 2466 4646 generis
2494 4576 2785 4648 frugiferas
2822 4582 3048 4638 arbores
3088 4585 3347 4655 plantavi.
3379 4587 3506 4646 Pis-

1935 4668 2086 4720 cinas
2109 4665 2242 4719 mihi
2268 4668 2477 4736 paravi,
2509 4666 2654 4724 unde
2679 4671 2970 4727 viridantia
2996 4689 3219 4730 nemora
3258 4677 3504 4747 rigaren-

1938 4766 2048 4811 tur.
2104 4756 2376 4826 Acquisivi
2437 4775 2628 4816 servos
2664 4770 2719 4815 et
2770 4764 3018 4830 ancillas,
3056 4774 3108 4820 et
3154 4783 3338 4824 vernae
3371 4771 3502 4827 mihi

1938 4849 2048 4902 nati
2089 4857 2238 4914 sunt,
2275 4848 2407 4903 item
2439 4861 2689 4907 armenta
2721 4868 2782 4907 ac
2803 4869 2997 4924 greges
3049 4858 3292 4926 copiose,
3323 4875 3497 4931 quan-

1937 4948 2048 4994 tum
2077 4948 2201 4995 ante
2230 4956 2316 4995 me
2340 4938 2734 5012 Hierosolymis
2760 4951 2920 4998 nemo
2965 4947 3225 5014 possedit.
3276 4949 3420 5006 Sane
3443 4963 3497 5007 et

1936 5031 2203 5100 sapientia
2235 5046 2355 5085 mea
2385 5032 2658 5093 constitit.
2695 5049 2875 5103 neque
2900 5037 3090 5091 oculos
3111 5052 3262 5094 meos
3285 5040 3354 5096 ab
3385 5042 3496 5096 ulla

1937 5137 1994 5177 re
2016 5122 2326 5177 desiderata
2360 5124 2494 5193 ipsis
2520 5123 2783 5188 abstinui,
2810 5126 3124 5197 nullumque
3158 5145 3331 5199 genus
3363 5134 3499 5189 lasti-

1939 5216 2026 5270 tia:
2054 5214 2206 5269 cordi
2242 5231 2362 5270 meo
2391 5231 2500 5270 non
2527 5217 2831 5285 permisi".
2864 5236 2882 5269 ι
2911 5218 3047 5273 Nam
3079 5235 3212 5276 sane
3235 5224 3288 5278 ei
3311 5223 3499 5280 datum

1939 5306 2059 5369 fuit,
2094 5315 2154 5360 ut
2184 5307 2294 5360 alta
2321 5321 2476 5377 pace,
2517 5322 2730 5362 summa
2772 5309 3155 5377 prosperitate,
3206 5314 3501 5371 securitate

1935 5414 1999 5455 ac
2031 5399 2155 5453 vine
2188 5400 2560 5468 voluptatibus
2594 5398 2869 5453 frueretur
2907 5417 2921 5453 :
2956 5415 3143 5456 verum
3204 5404 3368 5461 luxus
3398 5406 3499 5461 iste

1934 5500 1987 5546 et
2008 5491 2245 5546 delicata
2279 5491 2390 5545 vita
2418 5492 2483 5545 ad
2505 5498 2809 5545 extremum
2841 5491 3128 5546 acerbitati
3160 5492 3284 5560 fuit,
3318 5510 3382 5549 ac
3414 5495 3499 5550 in-

1934 5583 2309 5653 temperantiae
2329 5582 2605 5637 materies.
2632 5582 2815 5651 Itaque
2838 5581 2953 5637 haec
2984 5582 3154 5638 dicit":
3186 5603 3205 5636 ι
3244 5584 3379 5640 Odio
3403 5585 3501 5640 han

1935 5673 2027 5729 bui
2063 5681 2233 5728 totam
2268 5685 2444 5726 meam
2476 5672 2646 5726 vitam
2670 5686 2967 5742 omnesque
3000 5688 3272 5730 aerumnas
3305 5690 3495 5742 meas;

1935 5765 2117 5820 omnia
2142 5765 2286 5818 enim
2323 5776 2462 5819 vana
2485 5773 2633 5817 sunt.
2670 5764 2934 5834 Expertus
2958 5765 3103 5820 enim
3131 5780 3250 5820 sum
3290 5767 3495 5822 mulie‘

2086 5857 2131 5890 σθ
2162 5854 2342 5913 Εοοιο.
2379 5871 2419 5913 ll
2467 5855 2617 5911 4-l0.

3020 5949 3051 6009 7
