  <div class='ocr_page' id='page_1' title='image "/cluster/home/n/w/nwhite01/storage/ocr_20150623/121/nnc1.0046980032/109.png"; bbox 0 0 4214 6448; ppageno 0'>
   <div class='ocr_carea' id='block_1_1' title="bbox 690 403 796 466">
    <p class='ocr_par' dir='ltr' id='par_1_1' title="bbox 690 403 796 466">
     <span class='ocr_line' id='line_1_1' title="bbox 690 403 796 466; baseline -0.009 -2"><span class='ocrx_word' id='word_1_1' title='bbox 690 403 796 466; x_wconf 73' lang='grc'>203</span> 
     </span>
    </p>
   </div>
   <div class='ocr_carea' id='block_1_2' title="bbox 1995 384 2681 449">
    <p class='ocr_par' dir='ltr' id='par_1_2' title="bbox 1995 384 2681 449">
     <span class='ocr_line' id='line_1_2' title="bbox 1995 384 2681 449; baseline -0.009 0"><span class='ocrx_word' id='word_1_2' title='bbox 1995 385 2317 449; x_wconf 76' lang='lat' dir='ltr'>GEORGII</span> <span class='ocrx_word' id='word_1_3' title='bbox 2347 384 2681 445; x_wconf 78' lang='lat' dir='ltr'>CEDRENI</span> 
     </span>
    </p>
   </div>
   <div class='ocr_carea' id='block_1_3' title="bbox 3857 386 3964 455">
    <p class='ocr_par' dir='ltr' id='par_1_3' title="bbox 3857 386 3964 455">
     <span class='ocr_line' id='line_1_3' title="bbox 3857 386 3964 455; baseline -0.028 0"><span class='ocrx_word' id='word_1_4' title='bbox 3857 386 3964 455; x_wconf 68' lang='lat'>205</span> 
     </span>
    </p>
   </div>
   <div class='ocr_carea' id='block_1_4' title="bbox 695 494 2285 573">
    <p class='ocr_par' dir='ltr' id='par_1_4' title="bbox 695 503 2272 573">
     <span class='ocr_line' id='line_1_4' title="bbox 695 503 2272 573; baseline -0.013 -4"><span class='ocrx_word' id='word_1_5' title='bbox 695 530 812 571; x_wconf 82' lang='lat' dir='ltr'>rem</span> <span class='ocrx_word' id='word_1_6' title='bbox 854 524 1033 568; x_wconf 82' lang='lat' dir='ltr'><strong>morte</strong></span> <span class='ocrx_word' id='word_1_7' title='bbox 1066 524 1188 565; x_wconf 84' lang='lat' dir='ltr'><strong>esse</strong></span> <span class='ocrx_word' id='word_1_8' title='bbox 1212 505 1563 569; x_wconf 86' lang='lat' dir='ltr'><strong>amariorcm,</strong></span> <span class='ocrx_word' id='word_1_9' title='bbox 1610 503 1737 573; x_wconf 91' lang='lat' dir='ltr'><strong>quia</strong></span> <span class='ocrx_word' id='word_1_10' title='bbox 1767 510 1883 556; x_wconf 88' lang='lat' dir='ltr'><strong>rete</strong></span> <span class='ocrx_word' id='word_1_11' title='bbox 1912 507 1995 553; x_wconf 88' lang='lat' dir='ltr'>est</span> <span class='ocrx_word' id='word_1_12' title='bbox 2025 506 2079 552; x_wconf 92' lang='lat' dir='ltr'>et</span> <span class='ocrx_word' id='word_1_13' title='bbox 2107 508 2272 551; x_wconf 80' lang='lat' dir='ltr'>nassa</span> 
     </span>
    </p>
   </div>
   <div class='ocr_carea' id='block_1_5' title="bbox 2391 494 3962 573">
    <p class='ocr_par' dir='ltr' id='par_1_5' title="bbox 2391 494 3962 569">
     <span class='ocr_line' id='line_1_5' title="bbox 2391 494 3962 569; baseline 0.003 -20"><span class='ocrx_word' id='word_1_14' title='bbox 2391 494 2559 557; x_wconf 66' lang='grc' dir='ltr'>ὶδείας</span> <span class='ocrx_word' id='word_1_15' title='bbox 2595 512 2656 548; x_wconf 87' lang='grc' dir='ltr'>τε</span> <span class='ocrx_word' id='word_1_16' title='bbox 2688 497 2780 549; x_wconf 74' lang='grc' dir='ltr'>καὶ</span> <span class='ocrx_word' id='word_1_17' title='bbox 2811 498 3017 568; x_wconf 66' lang='grc' dir='ltr'>τρυφῆς</span> <span class='ocrx_word' id='word_1_18' title='bbox 3069 496 3375 551; x_wconf 71' lang='grc' dir='ltr'>ἀπέλαυσεν</span> <span class='ocrx_word' id='word_1_19' title='bbox 3396 512 3410 529; x_wconf 75' lang='grc' dir='ltr'><strong>ο</strong></span> <span class='ocrx_word' id='word_1_20' title='bbox 3460 496 3574 552; x_wconf 84' lang='grc' dir='ltr'>ἀλλ’</span> <span class='ocrx_word' id='word_1_21' title='bbox 3606 497 3836 569; x_wconf 79' lang='grc' dir='ltr'>ὕστερον</span> <span class='ocrx_word' id='word_1_22' title='bbox 3881 504 3962 564; x_wconf 83' lang='grc' dir='ltr'>εἰς</span> 
     </span>
    </p>
   </div>
   <div class='ocr_carea' id='block_1_6' title="bbox 694 584 2277 674">
    <p class='ocr_par' dir='ltr' id='par_1_6' title="bbox 694 584 2277 674">
     <span class='ocr_line' id='line_1_6' title="bbox 694 584 2277 674; baseline -0.015 -16"><span class='ocrx_word' id='word_1_23' title='bbox 694 600 1046 674; x_wconf 78' lang='lat' dir='ltr'><strong>ii-Iaqueando</strong></span> <span class='ocrx_word' id='word_1_24' title='bbox 1102 598 1287 651; x_wconf 88' lang='lat' dir='ltr'><strong>animo</strong></span> <span class='ocrx_word' id='word_1_25' title='bbox 1315 596 1378 649; x_wconf 81' lang='lat'>‘°.</span> <span class='ocrx_word' id='word_1_26' title='bbox 1415 612 1435 646; x_wconf 73' lang='grc' dir='ltr'>ι</span> <span class='ocrx_word' id='word_1_27' title='bbox 1505 592 1579 649; x_wconf 90' lang='lat' dir='ltr'>De</span> <span class='ocrx_word' id='word_1_28' title='bbox 1628 593 1728 645; x_wconf 83' lang='lat' dir='ltr'><strong>hac</strong></span> <span class='ocrx_word' id='word_1_29' title='bbox 1769 603 1827 643; x_wconf 91' lang='lat' dir='ltr'>re</span> <span class='ocrx_word' id='word_1_30' title='bbox 1868 596 1941 640; x_wconf 82' lang='lat' dir='ltr'>ita</span> <span class='ocrx_word' id='word_1_31' title='bbox 1993 584 2277 654; x_wconf 79' lang='lat' dir='ltr'>Scriptura</span> 
     </span>
    </p>
   </div>
   <div class='ocr_carea' id='block_1_7' title="bbox 697 681 2273 752">
    <p class='ocr_par' dir='ltr' id='par_1_7' title="bbox 697 681 2273 752">
     <span class='ocr_line' id='line_1_7' title="bbox 697 681 2273 752; baseline -0.014 0"><span class='ocrx_word' id='word_1_32' title='bbox 697 704 923 752; x_wconf 84' lang='lat' dir='ltr'><strong>narrat:</strong></span> <span class='ocrx_word' id='word_1_33' title='bbox 958 712 975 745; x_wconf 79' lang='grc' dir='ltr'>ι</span> <span class='ocrx_word' id='word_1_34' title='bbox 1011 691 1278 747; x_wconf 64' lang='lat' dir='ltr'><strong>Caeterum</strong></span> <span class='ocrx_word' id='word_1_35' title='bbox 1309 704 1399 743; x_wconf 79' lang='lat' dir='ltr'><strong>rex</strong></span> <span class='ocrx_word' id='word_1_36' title='bbox 1458 686 1717 740; x_wconf 91' lang='lat' dir='ltr'><strong>Solomon</strong></span> <span class='ocrx_word' id='word_1_37' title='bbox 1775 681 2107 735; x_wconf 80' lang='lat' dir='ltr'>mulierosus</span> <span class='ocrx_word' id='word_1_38' title='bbox 2138 684 2273 731; x_wconf 89' lang='lat' dir='ltr'><strong>erat.</strong></span> 
     </span>
    </p>
   </div>
   <div class='ocr_carea' id='block_1_8' title="bbox 698 767 2275 847">
    <p class='ocr_par' dir='ltr' id='par_1_8' title="bbox 698 767 2275 847">
     <span class='ocr_line' id='line_1_8' title="bbox 698 767 2275 847; baseline -0.015 -4"><span class='ocrx_word' id='word_1_39' title='bbox 698 791 942 843; x_wconf 80' lang='lat' dir='ltr'><strong>Fuerunt</strong></span> <span class='ocrx_word' id='word_1_40' title='bbox 1004 784 1053 837; x_wconf 90' lang='lat' dir='ltr'>ei</span> <span class='ocrx_word' id='word_1_41' title='bbox 1100 796 1301 835; x_wconf 79' lang='lat' dir='ltr'>uxores</span> <span class='ocrx_word' id='word_1_42' title='bbox 1373 777 1650 847; x_wconf 92' lang='lat' dir='ltr'><strong>principes</strong></span> <span class='ocrx_word' id='word_1_43' title='bbox 1702 770 1827 835; x_wconf 86' lang='lat'>700,</span> <span class='ocrx_word' id='word_1_44' title='bbox 1874 771 2099 840; x_wconf 89' lang='lat' dir='ltr'><strong>pelliccs</strong></span> <span class='ocrx_word' id='word_1_45' title='bbox 2150 767 2275 821; x_wconf 81' lang='grc'>500.</span> 
     </span>
    </p>
   </div>
   <div class='ocr_carea' id='block_1_9' title="bbox 682 861 2276 937">
    <p class='ocr_par' dir='ltr' id='par_1_9' title="bbox 682 861 2276 937">
     <span class='ocr_line' id='line_1_9' title="bbox 682 861 2276 937; baseline -0.015 -1"><span class='ocrx_word' id='word_1_46' title='bbox 682 881 858 937; x_wconf 56' lang='lat' dir='ltr'><strong>Duxit</strong></span> <span class='ocrx_word' id='word_1_47' title='bbox 894 878 1039 932; x_wconf 90' lang='lat' dir='ltr'><strong>enim</strong></span> <span class='ocrx_word' id='word_1_48' title='bbox 1068 891 1262 929; x_wconf 73' lang='lat' dir='ltr'><strong>uxores</strong></span> <span class='ocrx_word' id='word_1_49' title='bbox 1290 870 1630 931; x_wconf 72' lang='lat' dir='ltr'><strong>MOabititlas,</strong></span> <span class='ocrx_word' id='word_1_50' title='bbox 1670 865 2035 925; x_wconf 85' lang='lat' dir='ltr'><strong>Amanitidas,</strong></span> <span class='ocrx_word' id='word_1_51' title='bbox 2067 861 2276 931; x_wconf 85' lang='lat' dir='ltr'><strong>Syrias,</strong></span> 
     </span>
    </p>
   </div>
   <div class='ocr_carea' id='block_1_10' title="bbox 695 942 2279 1032">
    <p class='ocr_par' dir='ltr' id='par_1_10' title="bbox 695 942 2279 1032">
     <span class='ocr_line' id='line_1_10' title="bbox 695 942 2279 1032; baseline -0.012 -10"><span class='ocrx_word' id='word_1_52' title='bbox 695 971 983 1032; x_wconf 64' lang='lat' dir='ltr'><strong>ldummas,</strong></span> <span class='ocrx_word' id='word_1_53' title='bbox 1021 969 1316 1026; x_wconf 75' lang='lat' dir='ltr'><strong>Cliettzoas,</strong></span> <span class='ocrx_word' id='word_1_54' title='bbox 1346 942 1717 1021; x_wconf 75' lang='lat' dir='ltr'><strong>Amorrlnras,</strong></span> <span class='ocrx_word' id='word_1_55' title='bbox 1750 955 2009 1009; x_wconf 84' lang='lat' dir='ltr'><strong>nimirum</strong></span> <span class='ocrx_word' id='word_1_56' title='bbox 2052 951 2160 1004; x_wconf 92' lang='lat' dir='ltr'><strong>illis</strong></span> <span class='ocrx_word' id='word_1_57' title='bbox 2212 949 2279 1003; x_wconf 90' lang='lat' dir='ltr'><strong>de</strong></span> 
     </span>
    </p>
   </div>
   <div class='ocr_carea' id='block_1_11' title="bbox 698 1040 2278 1134">
    <p class='ocr_par' dir='ltr' id='par_1_11' title="bbox 698 1040 2278 1134">
     <span class='ocr_line' id='line_1_11' title="bbox 698 1040 2278 1134; baseline -0.015 -18"><span class='ocrx_word' id='word_1_58' title='bbox 698 1063 957 1134; x_wconf 71' lang='lat' dir='ltr'><strong>gentibus</strong></span> <span class='ocrx_word' id='word_1_59' title='bbox 987 1071 1218 1130; x_wconf 87' lang='lat' dir='ltr'><strong>quarum</strong></span> <span class='ocrx_word' id='word_1_60' title='bbox 1270 1052 1552 1122; x_wconf 72' lang='lat' dir='ltr'><strong>coniugiis</strong></span> <span class='ocrx_word' id='word_1_61' title='bbox 1601 1050 1745 1103; x_wconf 92' lang='lat' dir='ltr'><strong>Deus</strong></span> <span class='ocrx_word' id='word_1_62' title='bbox 1778 1044 2031 1099; x_wconf 82' lang='lat' dir='ltr'><strong>Israelico</strong></span> <span class='ocrx_word' id='word_1_63' title='bbox 2075 1040 2278 1111; x_wconf 86' lang='lat' dir='ltr'><strong>populo</strong></span> 
     </span>
    </p>
   </div>
   <div class='ocr_carea' id='block_1_12' title="bbox 697 1138 2279 1219">
    <p class='ocr_par' dir='ltr' id='par_1_12' title="bbox 697 1138 2279 1219">
     <span class='ocr_line' id='line_1_12' title="bbox 697 1138 2279 1219; baseline -0.018 -7"><span class='ocrx_word' id='word_1_64' title='bbox 697 1156 1077 1212; x_wconf 80' lang='lat' dir='ltr'><strong>interdixerat.</strong></span> <span class='ocrx_word' id='word_1_65' title='bbox 1114 1149 1274 1219; x_wconf 81' lang='lat'>170</span> <span class='ocrx_word' id='word_1_66' title='bbox 1308 1147 1443 1202; x_wconf 87' lang='lat' dir='ltr'><strong>Cum</strong></span> <span class='ocrx_word' id='word_1_67' title='bbox 1465 1153 1617 1198; x_wconf 67' lang='lat' dir='ltr'><strong>.mtas</strong></span> <span class='ocrx_word' id='word_1_68' title='bbox 1644 1138 1949 1210; x_wconf 82' lang='lat' dir='ltr'><strong>ipsiusjam</strong></span> <span class='ocrx_word' id='word_1_69' title='bbox 1980 1145 2129 1189; x_wconf 78' lang='lat' dir='ltr'><strong>esset</strong></span> <span class='ocrx_word' id='word_1_70' title='bbox 2153 1149 2279 1202; x_wconf 83' lang='lat' dir='ltr'><strong>gra-</strong></span> 
     </span>
    </p>
   </div>
   <div class='ocr_carea' id='block_1_13' title="bbox 699 1221 2277 1313">
    <p class='ocr_par' dir='ltr' id='par_1_13' title="bbox 699 1221 2277 1313">
     <span class='ocr_line' id='line_1_13' title="bbox 699 1221 2277 1313; baseline -0.019 -10"><span class='ocrx_word' id='word_1_71' title='bbox 699 1251 799 1313; x_wconf 79' lang='lat' dir='ltr'><strong>vis,</strong></span> <span class='ocrx_word' id='word_1_72' title='bbox 822 1248 1067 1299; x_wconf 90' lang='lat' dir='ltr'><strong>animum</strong></span> <span class='ocrx_word' id='word_1_73' title='bbox 1097 1258 1203 1296; x_wconf 87' lang='lat' dir='ltr'><strong>non</strong></span> <span class='ocrx_word' id='word_1_74' title='bbox 1228 1240 1416 1310; x_wconf 81' lang='lat' dir='ltr'><strong>gessit,</strong></span> <span class='ocrx_word' id='word_1_75' title='bbox 1445 1233 1697 1301; x_wconf 77' lang='lat' dir='ltr'><strong>exemplo</strong></span> <span class='ocrx_word' id='word_1_76' title='bbox 1727 1228 1897 1299; x_wconf 77' lang='lat' dir='ltr'><strong>patris</strong></span> <span class='ocrx_word' id='word_1_77' title='bbox 1938 1224 2023 1279; x_wconf 90' lang='lat' dir='ltr'>sui</span> <span class='ocrx_word' id='word_1_78' title='bbox 2060 1221 2277 1286; x_wconf 82' lang='lat' dir='ltr'><strong>Davidi,</strong></span> 
     </span>
    </p>
   </div>
   <div class='ocr_carea' id='block_1_14' title="bbox 695 1316 2277 1404">
    <p class='ocr_par' dir='ltr' id='par_1_14' title="bbox 695 1316 2277 1404">
     <span class='ocr_line' id='line_1_14' title="bbox 695 1316 2277 1404; baseline -0.018 -9"><span class='ocrx_word' id='word_1_79' title='bbox 695 1349 909 1395; x_wconf 84' lang='lat' dir='ltr'><strong>rectum</strong></span> <span class='ocrx_word' id='word_1_80' title='bbox 958 1352 1088 1404; x_wconf 67' lang='lat' dir='ltr'><strong>erga</strong></span> <span class='ocrx_word' id='word_1_81' title='bbox 1145 1331 1434 1387; x_wconf 89' lang='lat' dir='ltr'><strong>Dominum</strong></span> <span class='ocrx_word' id='word_1_82' title='bbox 1483 1326 1653 1381; x_wconf 90' lang='lat' dir='ltr'><strong>Deum</strong></span> <span class='ocrx_word' id='word_1_83' title='bbox 1701 1336 1863 1376; x_wconf 88' lang='lat' dir='ltr'><strong>suum</strong></span> <span class='ocrx_word' id='word_1_84' title='bbox 1921 1335 1937 1372; x_wconf 90' lang='lat'><strong>:</strong></span> <span class='ocrx_word' id='word_1_85' title='bbox 2006 1316 2102 1373; x_wconf 89' lang='lat' dir='ltr'>sed</span> <span class='ocrx_word' id='word_1_86' title='bbox 2153 1330 2277 1370; x_wconf 90' lang='lat' dir='ltr'>eum</span> 
     </span>
    </p>
   </div>
   <div class='ocr_carea' id='block_1_15' title="bbox 696 1411 2279 1500">
    <p class='ocr_par' dir='ltr' id='par_1_15' title="bbox 696 1411 2279 1500">
     <span class='ocr_line' id='line_1_15' title="bbox 696 1411 2279 1500; baseline -0.019 -12"><span class='ocrx_word' id='word_1_87' title='bbox 696 1433 1016 1500; x_wconf 68' lang='lat' dir='ltr'><strong>alienigena:</strong></span> <span class='ocrx_word' id='word_1_88' title='bbox 1039 1440 1234 1482; x_wconf 80' lang='lat' dir='ltr'><strong>uxores</strong></span> <span class='ocrx_word' id='word_1_89' title='bbox 1257 1425 1598 1481; x_wconf 81' lang='lat' dir='ltr'><strong>averterunt,</strong></span> <span class='ocrx_word' id='word_1_90' title='bbox 1632 1424 1692 1470; x_wconf 91' lang='lat' dir='ltr'><strong>ut</strong></span> <span class='ocrx_word' id='word_1_91' title='bbox 1724 1416 1964 1485; x_wconf 86' lang='lat' dir='ltr'><strong>ipsarum</strong></span> <span class='ocrx_word' id='word_1_92' title='bbox 1987 1411 2119 1464; x_wconf 89' lang='lat' dir='ltr'><strong>deos</strong></span> <span class='ocrx_word' id='word_1_93' title='bbox 2150 1423 2279 1461; x_wconf 79' lang='lat' dir='ltr'><strong>ain-</strong></span> 
     </span>
    </p>
   </div>
   <div class='ocr_carea' id='block_1_16' title="bbox 695 1498 2280 1596">
    <p class='ocr_par' dir='ltr' id='par_1_16' title="bbox 695 1498 2280 1596">
     <span class='ocr_line' id='line_1_16' title="bbox 695 1498 2280 1596; baseline -0.019 -16"><span class='ocrx_word' id='word_1_94' title='bbox 695 1498 1048 1596; x_wconf 69' lang='lat' dir='ltr'>plecteretur.</span> <span class='ocrx_word' id='word_1_95' title='bbox 1099 1517 1291 1587; x_wconf 86' lang='lat' dir='ltr'><strong>ltaque</strong></span> <span class='ocrx_word' id='word_1_96' title='bbox 1315 1524 1445 1567; x_wconf 88' lang='lat' dir='ltr'><strong>tunc</strong></span> <span class='ocrx_word' id='word_1_97' title='bbox 1493 1510 1753 1564; x_wconf 84' lang='lat' dir='ltr'><strong>Solomon</strong></span> <span class='ocrx_word' id='word_1_98' title='bbox 1781 1503 2008 1560; x_wconf 86' lang='lat' dir='ltr'><strong>delubra</strong></span> <span class='ocrx_word' id='word_1_99' title='bbox 2033 1498 2280 1555; x_wconf 86' lang='lat' dir='ltr'>condidit</span> 
     </span>
    </p>
   </div>
   <div class='ocr_carea' id='block_1_17' title="bbox 693 1591 2282 1671">
    <p class='ocr_par' dir='ltr' id='par_1_17' title="bbox 693 1591 2282 1671">
     <span class='ocr_line' id='line_1_17' title="bbox 693 1591 2282 1671; baseline -0.018 -1"><span class='ocrx_word' id='word_1_100' title='bbox 693 1591 972 1671; x_wconf 62' lang='lat' dir='ltr'><strong>tiliamoso</strong></span> <span class='ocrx_word' id='word_1_101' title='bbox 1008 1612 1277 1671; x_wconf 79' lang='lat' dir='ltr'><strong>Moabico,</strong></span> <span class='ocrx_word' id='word_1_102' title='bbox 1316 1605 1549 1660; x_wconf 73' lang='lat' dir='ltr'><strong>Astartte</strong></span> <span class='ocrx_word' id='word_1_103' title='bbox 1604 1597 1985 1655; x_wconf 89' lang='lat' dir='ltr'><strong>Sidoniorum.</strong></span> <span class='ocrx_word' id='word_1_104' title='bbox 2039 1602 2094 1647; x_wconf 90' lang='lat' dir='ltr'>et</span> <span class='ocrx_word' id='word_1_105' title='bbox 2150 1591 2282 1644; x_wconf 83' lang='lat' dir='ltr'><strong>Mel-</strong></span> 
     </span>
    </p>
   </div>
   <div class='ocr_carea' id='block_1_18' title="bbox 694 1681 2280 1761">
    <p class='ocr_par' dir='ltr' id='par_1_18' title="bbox 694 1681 2280 1761">
     <span class='ocr_line' id='line_1_18' title="bbox 694 1681 2280 1761; baseline -0.016 0"><span class='ocrx_word' id='word_1_106' title='bbox 694 1709 896 1761; x_wconf 85' lang='lat' dir='ltr'><strong>cliomo</strong></span> <span class='ocrx_word' id='word_1_107' title='bbox 926 1700 1388 1758; x_wconf 82' lang='lat' dir='ltr'><strong>Animouitarum,</strong></span> <span class='ocrx_word' id='word_1_108' title='bbox 1418 1688 1807 1747; x_wconf 83' lang='lat' dir='ltr'><strong>abominandis</strong></span> <span class='ocrx_word' id='word_1_109' title='bbox 1839 1701 1902 1741; x_wconf 88' lang='lat' dir='ltr'>ac</span> <span class='ocrx_word' id='word_1_110' title='bbox 1933 1685 2045 1738; x_wconf 90' lang='lat' dir='ltr'>Deo</span> <span class='ocrx_word' id='word_1_111' title='bbox 2085 1681 2280 1736; x_wconf 84' lang='lat' dir='ltr'><strong>invisis</strong></span> 
     </span>
    </p>
   </div>
   <div class='ocr_carea' id='block_1_19' title="bbox 696 1772 2278 1853">
    <p class='ocr_par' dir='ltr' id='par_1_19' title="bbox 696 1772 2278 1853">
     <span class='ocr_line' id='line_1_19' title="bbox 696 1772 2278 1853; baseline -0.018 0"><span class='ocrx_word' id='word_1_112' title='bbox 696 1798 933 1853; x_wconf 87' lang='lat' dir='ltr'><strong>de&#39;astris</strong></span> <span class='ocrx_word' id='word_1_113' title='bbox 972 1792 1039 1846; x_wconf 76' lang='lat'><strong>“.</strong></span> <span class='ocrx_word' id='word_1_114' title='bbox 1083 1808 1101 1841; x_wconf 70' lang='grc' dir='ltr'>ι</span> <span class='ocrx_word' id='word_1_115' title='bbox 1140 1789 1363 1843; x_wconf 81' lang='lat' dir='ltr'><strong>Astarte</strong></span> <span class='ocrx_word' id='word_1_116' title='bbox 1398 1793 1485 1839; x_wconf 88' lang='lat' dir='ltr'>est</span> <span class='ocrx_word' id='word_1_117' title='bbox 1523 1796 1685 1853; x_wconf 87' lang='lat' dir='ltr'><strong>quam</strong></span> <span class='ocrx_word' id='word_1_118' title='bbox 1728 1778 1993 1833; x_wconf 77' lang='lat' dir='ltr'><strong>Venerem</strong></span> <span class='ocrx_word' id='word_1_119' title='bbox 2014 1790 2113 1829; x_wconf 91' lang='lat' dir='ltr'>nos</span> <span class='ocrx_word' id='word_1_120' title='bbox 2142 1772 2278 1827; x_wconf 73' lang='lat' dir='ltr'><strong>diri-</strong></span> 
     </span>
    </p>
   </div>
   <div class='ocr_carea' id='block_1_20' title="bbox 698 1862 2275 1949">
    <p class='ocr_par' dir='ltr' id='par_1_20' title="bbox 698 1862 2275 1949">
     <span class='ocr_line' id='line_1_20' title="bbox 698 1862 2275 1949; baseline -0.02 -5"><span class='ocrx_word' id='word_1_121' title='bbox 698 1907 820 1944; x_wconf 89' lang='lat' dir='ltr'><strong>mus</strong></span> <span class='ocrx_word' id='word_1_122' title='bbox 855 1907 865 1941; x_wconf 90' lang='lat'>:</span> <span class='ocrx_word' id='word_1_123' title='bbox 899 1885 1237 1939; x_wconf 80' lang='lat' dir='ltr'><strong>Cltamosum</strong></span> <span class='ocrx_word' id='word_1_124' title='bbox 1273 1894 1373 1949; x_wconf 91' lang='lat' dir='ltr'>pro</span> <span class='ocrx_word' id='word_1_125' title='bbox 1409 1876 1522 1929; x_wconf 90' lang='lat' dir='ltr'>Deo</span> <span class='ocrx_word' id='word_1_126' title='bbox 1574 1872 1723 1941; x_wconf 84' lang='lat' dir='ltr'><strong>Tyrii</strong></span> <span class='ocrx_word' id='word_1_127' title='bbox 1754 1868 2049 1922; x_wconf 87' lang='lat' dir='ltr'><strong>habebant.</strong></span> <span class='ocrx_word' id='word_1_128' title='bbox 2086 1862 2275 1930; x_wconf 88' lang='lat' dir='ltr'>quue</span> 
     </span>
    </p>
   </div>
   <div class='ocr_carea' id='block_1_21' title="bbox 696 1959 2275 2042">
    <p class='ocr_par' dir='ltr' id='par_1_21' title="bbox 696 1959 2275 2042">
     <span class='ocr_line' id='line_1_21' title="bbox 696 1959 2275 2042; baseline -0.018 -10"><span class='ocrx_word' id='word_1_129' title='bbox 696 1978 857 2034; x_wconf 69' lang='lat' dir='ltr'><strong>tundo</strong></span> <span class='ocrx_word' id='word_1_130' title='bbox 886 1976 1013 2029; x_wconf 87' lang='lat' dir='ltr'><strong>fecit</strong></span> <span class='ocrx_word' id='word_1_131' title='bbox 1052 1974 1106 2027; x_wconf 92' lang='lat' dir='ltr'><strong>in</strong></span> <span class='ocrx_word' id='word_1_132' title='bbox 1139 1970 1369 2042; x_wconf 81' lang='lat' dir='ltr'><strong>gratiam</strong></span> <span class='ocrx_word' id='word_1_133' title='bbox 1403 1964 1649 2020; x_wconf 89' lang='lat' dir='ltr'><strong>omnium</strong></span> <span class='ocrx_word' id='word_1_134' title='bbox 1677 1959 2111 2028; x_wconf 80' lang='lat' dir='ltr'><strong>alienigenarum</strong></span> <span class='ocrx_word' id='word_1_135' title='bbox 2134 1968 2275 2006; x_wconf 76' lang='lat' dir='ltr'><strong>uxo-</strong></span> 
     </span>
    </p>
   </div>
   <div class='ocr_carea' id='block_1_22' title="bbox 698 2047 2279 2136">
    <p class='ocr_par' dir='ltr' id='par_1_22' title="bbox 698 2047 2279 2136">
     <span class='ocr_line' id='line_1_22' title="bbox 698 2047 2279 2136; baseline -0.016 -13"><span class='ocrx_word' id='word_1_136' title='bbox 698 2085 820 2123; x_wconf 85' lang='lat' dir='ltr'><strong>rum</strong></span> <span class='ocrx_word' id='word_1_137' title='bbox 852 2086 866 2131; x_wconf 83' lang='grc'><strong>;</strong></span> <span class='ocrx_word' id='word_1_138' title='bbox 896 2080 1082 2136; x_wconf 81' lang='lat' dir='ltr'><strong>eaeque</strong></span> <span class='ocrx_word' id='word_1_139' title='bbox 1107 2061 1383 2118; x_wconf 81' lang='lat' dir='ltr'><strong>sumtibus</strong></span> <span class='ocrx_word' id='word_1_140' title='bbox 1428 2066 1480 2115; x_wconf 88' lang='lat' dir='ltr'>et</span> <span class='ocrx_word' id='word_1_141' title='bbox 1524 2052 1816 2109; x_wconf 86' lang='lat' dir='ltr'><strong>sacrificiis</strong></span> <span class='ocrx_word' id='word_1_142' title='bbox 1842 2047 2137 2104; x_wconf 87' lang='lat' dir='ltr'><strong>simulacra</strong></span> <span class='ocrx_word' id='word_1_143' title='bbox 2179 2058 2279 2099; x_wconf 88' lang='lat' dir='ltr'>sua</span> 
     </span>
    </p>
   </div>
   <div class='ocr_carea' id='block_1_23' title="bbox 696 2136 2279 2221">
    <p class='ocr_par' dir='ltr' id='par_1_23' title="bbox 696 2136 2279 2221">
     <span class='ocr_line' id='line_1_23' title="bbox 696 2136 2279 2221; baseline -0.02 -2"><span class='ocrx_word' id='word_1_144' title='bbox 696 2162 1128 2218; x_wconf 73' lang='lat' dir='ltr'><strong>venerabantur.</strong></span> <span class='ocrx_word' id='word_1_145' title='bbox 1182 2156 1256 2209; x_wconf 75' lang='lat' dir='ltr'><strong>Ea</strong></span> <span class='ocrx_word' id='word_1_146' title='bbox 1309 2166 1437 2221; x_wconf 77' lang='lat' dir='ltr'><strong>ergo</strong></span> <span class='ocrx_word' id='word_1_147' title='bbox 1484 2148 1615 2202; x_wconf 75' lang='lat' dir='ltr'><strong>ferit</strong></span> <span class='ocrx_word' id='word_1_148' title='bbox 1671 2137 1953 2204; x_wconf 87' lang='lat' dir='ltr'><strong>Solomon,</strong></span> <span class='ocrx_word' id='word_1_149' title='bbox 2000 2153 2119 2207; x_wconf 68' lang='lat' dir='ltr'><strong>qua:</strong></span> <span class='ocrx_word' id='word_1_150' title='bbox 2170 2136 2279 2189; x_wconf 89' lang='lat' dir='ltr'>Deo</span> 
     </span>
    </p>
   </div>
   <div class='ocr_carea' id='block_1_24' title="bbox 694 2225 2277 2323">
    <p class='ocr_par' dir='ltr' id='par_1_24' title="bbox 694 2225 2277 2323">
     <span class='ocr_line' id='line_1_24' title="bbox 694 2225 2277 2323; baseline -0.02 -14"><span class='ocrx_word' id='word_1_151' title='bbox 694 2255 1081 2323; x_wconf 73' lang='lat' dir='ltr'><strong>displicerent,</strong></span> <span class='ocrx_word' id='word_1_152' title='bbox 1112 2260 1292 2315; x_wconf 83' lang='lat' dir='ltr'><strong>neque</strong></span> <span class='ocrx_word' id='word_1_153' title='bbox 1325 2243 1379 2296; x_wconf 90' lang='lat' dir='ltr'><strong>in</strong></span> <span class='ocrx_word' id='word_1_154' title='bbox 1413 2256 1478 2295; x_wconf 91' lang='lat' dir='ltr'>eo</span> <span class='ocrx_word' id='word_1_155' title='bbox 1515 2236 1749 2293; x_wconf 91' lang='lat' dir='ltr'><strong>colendo</strong></span> <span class='ocrx_word' id='word_1_156' title='bbox 1803 2230 2033 2300; x_wconf 78' lang='lat' dir='ltr'><strong>vestigia</strong></span> <span class='ocrx_word' id='word_1_157' title='bbox 2082 2225 2277 2282; x_wconf 75' lang='lat' dir='ltr'><strong>Davidi</strong></span> 
     </span>
    </p>
   </div>
   <div class='ocr_carea' id='block_1_25' title="bbox 697 2320 2280 2419">
    <p class='ocr_par' dir='ltr' id='par_1_25' title="bbox 697 2320 2280 2419">
     <span class='ocr_line' id='line_1_25' title="bbox 697 2320 2280 2419; baseline -0.019 -17"><span class='ocrx_word' id='word_1_158' title='bbox 697 2350 868 2419; x_wconf 88' lang='lat' dir='ltr'><strong>patris</strong></span> <span class='ocrx_word' id='word_1_159' title='bbox 902 2344 985 2399; x_wconf 90' lang='lat' dir='ltr'>sui</span> <span class='ocrx_word' id='word_1_160' title='bbox 1016 2348 1243 2397; x_wconf 89' lang='lat' dir='ltr'><strong>secutus</strong></span> <span class='ocrx_word' id='word_1_161' title='bbox 1270 2344 1373 2392; x_wconf 88' lang='lat' dir='ltr'><strong>est.</strong></span> <span class='ocrx_word' id='word_1_162' title='bbox 1406 2329 1737 2391; x_wconf 80' lang='lat' dir='ltr'><strong>Succensuit</strong></span> <span class='ocrx_word' id='word_1_163' title='bbox 1778 2326 1965 2393; x_wconf 82' lang='lat' dir='ltr'><strong>itaque</strong></span> <span class='ocrx_word' id='word_1_164' title='bbox 2013 2320 2280 2375; x_wconf 88' lang='lat' dir='ltr'><strong>Dominus</strong></span> 
     </span>
    </p>
   </div>
   <div class='ocr_carea' id='block_1_26' title="bbox 699 2413 2280 2505">
    <p class='ocr_par' dir='ltr' id='par_1_26' title="bbox 699 2413 2280 2505">
     <span class='ocr_line' id='line_1_26' title="bbox 699 2413 2280 2505; baseline -0.022 -7"><span class='ocrx_word' id='word_1_165' title='bbox 699 2438 1010 2500; x_wconf 89' lang='lat' dir='ltr'><strong>Solomoni,</strong></span> <span class='ocrx_word' id='word_1_166' title='bbox 1065 2434 1213 2505; x_wconf 91' lang='lat' dir='ltr'><strong>quod</strong></span> <span class='ocrx_word' id='word_1_167' title='bbox 1270 2420 1299 2484; x_wconf 83' lang='lat' dir='ltr'>a</span> <span class='ocrx_word' id='word_1_168' title='bbox 1351 2444 1411 2484; x_wconf 90' lang='lat' dir='ltr'>se</span> <span class='ocrx_word' id='word_1_169' title='bbox 1465 2425 1852 2481; x_wconf 85' lang='lat' dir='ltr'><strong>lsraelicorum</strong></span> <span class='ocrx_word' id='word_1_170' title='bbox 1892 2418 2003 2472; x_wconf 84' lang='lat' dir='ltr'>Deo</span> <span class='ocrx_word' id='word_1_171' title='bbox 2036 2413 2280 2468; x_wconf 88' lang='lat' dir='ltr'><strong>animum</strong></span> 
     </span>
    </p>
   </div>
   <div class='ocr_carea' id='block_1_27' title="bbox 699 2510 2278 2591">
    <p class='ocr_par' dir='ltr' id='par_1_27' title="bbox 699 2510 2278 2591">
     <span class='ocr_line' id='line_1_27' title="bbox 699 2510 2278 2591; baseline -0.022 -1"><span class='ocrx_word' id='word_1_172' title='bbox 699 2536 1093 2591; x_wconf 76' lang='lat' dir='ltr'><strong>abalicuassrt,</strong></span> <span class='ocrx_word' id='word_1_173' title='bbox 1122 2526 1208 2580; x_wconf 92' lang='lat' dir='ltr'>bis</span> <span class='ocrx_word' id='word_1_174' title='bbox 1245 2522 1348 2591; x_wconf 85' lang='lat' dir='ltr'><strong>ipsi</strong></span> <span class='ocrx_word' id='word_1_175' title='bbox 1389 2519 1531 2580; x_wconf 83' lang='lat' dir='ltr'><strong>viso,</strong></span> <span class='ocrx_word' id='word_1_176' title='bbox 1554 2523 1609 2571; x_wconf 92' lang='lat' dir='ltr'>et</span> <span class='ocrx_word' id='word_1_177' title='bbox 1638 2510 1994 2569; x_wconf 88' lang='lat' dir='ltr'><strong>interminato</strong></span> <span class='ocrx_word' id='word_1_178' title='bbox 2022 2521 2088 2561; x_wconf 90' lang='lat' dir='ltr'>ne</span> <span class='ocrx_word' id='word_1_179' title='bbox 2116 2518 2278 2574; x_wconf 84' lang='lat' dir='ltr'><strong>quem</strong></span> 
     </span>
    </p>
   </div>
   <div class='ocr_carea' id='block_1_28' title="bbox 698 2596 2279 2692">
    <p class='ocr_par' dir='ltr' id='par_1_28' title="bbox 698 2596 2279 2692">
     <span class='ocr_line' id='line_1_28' title="bbox 698 2596 2279 2692; baseline -0.022 -10"><span class='ocrx_word' id='word_1_180' title='bbox 698 2619 1307 2692; x_wconf 13' lang='lat' dir='ltr'><strong>onmino‘peregrinum</strong></span> <span class='ocrx_word' id='word_1_181' title='bbox 1333 2614 1495 2668; x_wconf 90' lang='lat' dir='ltr'><strong>deum</strong></span> <span class='ocrx_word' id='word_1_182' title='bbox 1528 2613 1857 2664; x_wconf 87' lang='lat' dir='ltr'><strong>sectaretur.</strong></span> <span class='ocrx_word' id='word_1_183' title='bbox 1885 2596 2279 2655; x_wconf 86' lang='lat' dir='ltr'><strong>Denuntiavit-</strong></span> 
     </span>
    </p>
   </div>
   <div class='ocr_carea' id='block_1_29' title="bbox 699 2694 2280 2790">
    <p class='ocr_par' dir='ltr' id='par_1_29' title="bbox 699 2694 2280 2790">
     <span class='ocr_line' id='line_1_29' title="bbox 699 2694 2280 2790; baseline -0.023 -16"><span class='ocrx_word' id='word_1_184' title='bbox 699 2735 809 2790; x_wconf 87' lang='lat' dir='ltr'>que</span> <span class='ocrx_word' id='word_1_185' title='bbox 838 2716 888 2771; x_wconf 92' lang='lat' dir='ltr'><strong>ei</strong></span> <span class='ocrx_word' id='word_1_186' title='bbox 928 2714 1093 2775; x_wconf 85' lang='lat' dir='ltr'><strong>Deus,</strong></span> <span class='ocrx_word' id='word_1_187' title='bbox 1125 2706 1349 2779; x_wconf 87' lang='lat' dir='ltr'><strong>quando</strong></span> <span class='ocrx_word' id='word_1_188' title='bbox 1387 2704 1541 2773; x_wconf 83' lang='lat' dir='ltr'><strong>jussa</strong></span> <span class='ocrx_word' id='word_1_189' title='bbox 1578 2713 1641 2753; x_wconf 88' lang='lat' dir='ltr'>ac</span> <span class='ocrx_word' id='word_1_190' title='bbox 1682 2694 1939 2751; x_wconf 87' lang='lat' dir='ltr'><strong>mandata</strong></span> <span class='ocrx_word' id='word_1_191' title='bbox 1975 2704 2073 2746; x_wconf 88' lang='lat' dir='ltr'>sua</span> <span class='ocrx_word' id='word_1_192' title='bbox 2124 2702 2280 2757; x_wconf 87' lang='lat' dir='ltr'><strong>spre-</strong></span> 
     </span>
    </p>
   </div>
   <div class='ocr_carea' id='block_1_30' title="bbox 700 2783 2279 2874">
    <p class='ocr_par' dir='ltr' id='par_1_30' title="bbox 700 2783 2279 2874">
     <span class='ocr_line' id='line_1_30' title="bbox 700 2783 2279 2874; baseline -0.02 -14"><span class='ocrx_word' id='word_1_193' title='bbox 700 2810 895 2874; x_wconf 75' lang='lat' dir='ltr'><strong>\‘issef,</strong></span> <span class='ocrx_word' id='word_1_194' title='bbox 932 2821 992 2861; x_wconf 89' lang='lat' dir='ltr'>se</span> <span class='ocrx_word' id='word_1_195' title='bbox 1022 2814 1249 2874; x_wconf 86' lang='lat' dir='ltr'><strong>regnum</strong></span> <span class='ocrx_word' id='word_1_196' title='bbox 1274 2796 1398 2851; x_wconf 86' lang='lat' dir='ltr'><strong>ideo</strong></span> <span class='ocrx_word' id='word_1_197' title='bbox 1424 2809 1491 2848; x_wconf 82' lang='lat' dir='ltr'><strong>ex</strong></span> <span class='ocrx_word' id='word_1_198' title='bbox 1519 2804 1686 2845; x_wconf 88' lang='lat' dir='ltr'><strong>manu</strong></span> <span class='ocrx_word' id='word_1_199' title='bbox 1710 2785 1886 2857; x_wconf 83' lang='lat' dir='ltr'><strong>ipsius</strong></span> <span class='ocrx_word' id='word_1_200' title='bbox 1921 2783 2279 2851; x_wconf 84' lang='lat' dir='ltr'><strong>abrepturutn</strong></span> 
     </span>
    </p>
   </div>
   <div class='ocr_carea' id='block_1_31' title="bbox 696 2876 2283 2970">
    <p class='ocr_par' dir='ltr' id='par_1_31' title="bbox 696 2876 2283 2970">
     <span class='ocr_line' id='line_1_31' title="bbox 696 2876 2283 2970; baseline -0.025 -10"><span class='ocrx_word' id='word_1_201' title='bbox 696 2914 972 2970; x_wconf 78' lang='lat' dir='ltr'><strong>servoque</strong></span> <span class='ocrx_word' id='word_1_202' title='bbox 1000 2898 1122 2966; x_wconf 87' lang='lat' dir='ltr'><strong>ejus</strong></span> <span class='ocrx_word' id='word_1_203' title='bbox 1157 2890 1521 2950; x_wconf 89' lang='lat' dir='ltr'><strong>traditurum;</strong></span> <span class='ocrx_word' id='word_1_204' title='bbox 1559 2891 1726 2951; x_wconf 80' lang='lat' dir='ltr'><strong>atque</strong></span> <span class='ocrx_word' id='word_1_205' title='bbox 1746 2877 1799 2931; x_wconf 91' lang='lat' dir='ltr'>id</span> <span class='ocrx_word' id='word_1_206' title='bbox 1817 2876 2037 2947; x_wconf 87' lang='lat' dir='ltr'><strong>quidem</strong></span> <span class='ocrx_word' id='word_1_207' title='bbox 2063 2880 2283 2941; x_wconf 88' lang='lat' dir='ltr'><strong>propter</strong></span> 
     </span>
    </p>
   </div>
   <div class='ocr_carea' id='block_1_32' title="bbox 701 2964 2283 3058">
    <p class='ocr_par' dir='ltr' id='par_1_32' title="bbox 701 2964 2283 3058">
     <span class='ocr_line' id='line_1_32' title="bbox 701 2964 2283 3058; baseline -0.024 -6"><span class='ocrx_word' id='word_1_208' title='bbox 701 2993 966 3051; x_wconf 80' lang='lat' dir='ltr'><strong>Davidmn</strong></span> <span class='ocrx_word' id='word_1_209' title='bbox 1009 2988 1184 3058; x_wconf 87' lang='lat' dir='ltr'><strong>ipsius</strong></span> <span class='ocrx_word' id='word_1_210' title='bbox 1215 2993 1446 3055; x_wconf 87' lang='lat' dir='ltr'><strong>patrem,</strong></span> <span class='ocrx_word' id='word_1_211' title='bbox 1474 2991 1634 3033; x_wconf 83' lang='lat' dir='ltr'><strong>suum</strong></span> <span class='ocrx_word' id='word_1_212' title='bbox 1690 2970 1973 3033; x_wconf 86' lang='lat' dir='ltr'><strong>famulum,</strong></span> <span class='ocrx_word' id='word_1_213' title='bbox 2010 2967 2135 3019; x_wconf 78' lang='lat' dir='ltr'>vivo</span> <span class='ocrx_word' id='word_1_214' title='bbox 2164 2964 2283 3032; x_wconf 90' lang='lat' dir='ltr'><strong>ipso</strong></span> 
     </span>
    </p>
   </div>
   <div class='ocr_carea' id='block_1_33' title="bbox 706 3058 2283 3145">
    <p class='ocr_par' dir='ltr' id='par_1_33' title="bbox 706 3058 2283 3145">
     <span class='ocr_line' id='line_1_33' title="bbox 706 3058 2283 3145; baseline -0.025 -2"><span class='ocrx_word' id='word_1_215' title='bbox 706 3104 819 3145; x_wconf 88' lang='lat' dir='ltr'>non</span> <span class='ocrx_word' id='word_1_216' title='bbox 863 3085 1162 3141; x_wconf 86' lang='lat' dir='ltr'><strong>facturum,</strong></span> <span class='ocrx_word' id='word_1_217' title='bbox 1216 3079 1453 3143; x_wconf 82' lang='lat' dir='ltr'><strong>itemque</strong></span> <span class='ocrx_word' id='word_1_218' title='bbox 1500 3078 1722 3140; x_wconf 87' lang='lat' dir='ltr'><strong>propter</strong></span> <span class='ocrx_word' id='word_1_219' title='bbox 1765 3058 2161 3128; x_wconf 82' lang='lat' dir='ltr'><strong>Hierosolyma,</strong></span> <span class='ocrx_word' id='word_1_220' title='bbox 2192 3068 2283 3106; x_wconf 86' lang='lat' dir='ltr'><strong>ur-</strong></span> 
     </span>
    </p>
   </div>
   <div class='ocr_carea' id='block_1_34' title="bbox 2302 1835 2349 1893">
    <p class='ocr_par' dir='ltr' id='par_1_34' title="bbox 2302 1835 2349 1893">
     <span class='ocr_line' id='line_1_34' title="bbox 2302 1835 2349 1893; baseline 0 0"><span class='ocrx_word' id='word_1_221' title='bbox 2302 1835 2349 1893; x_wconf 91' lang='lat' dir='ltr'><strong>B</strong></span> 
     </span>
    </p>
   </div>
   <div class='ocr_carea' id='block_1_35' title="bbox 2382 588 3962 659">
    <p class='ocr_par' dir='ltr' id='par_1_35' title="bbox 2382 588 3962 659">
     <span class='ocr_line' id='line_1_35' title="bbox 2382 588 3962 659; baseline 0.003 -20"><span class='ocrx_word' id='word_1_222' title='bbox 2382 588 2609 657; x_wconf 84' lang='grc' dir='ltr'>πικρίαν</span> <span class='ocrx_word' id='word_1_223' title='bbox 2637 590 2669 658; x_wconf 81' lang='grc' dir='ltr'>ὴ</span> <span class='ocrx_word' id='word_1_224' title='bbox 2702 589 2950 657; x_wconf 79' lang='grc' dir='ltr'>σπατάλη</span> <span class='ocrx_word' id='word_1_225' title='bbox 2998 589 3094 643; x_wconf 65' lang='grc' dir='ltr'>καλ⁸</span> <span class='ocrx_word' id='word_1_226' title='bbox 3129 590 3163 659; x_wconf 77' lang='grc' dir='ltr'>η</span> <span class='ocrx_word' id='word_1_227' title='bbox 3205 588 3366 657; x_wconf 75' lang='grc' dir='ltr'>ἡδονὴ</span> <span class='ocrx_word' id='word_1_228' title='bbox 3392 590 3612 658; x_wconf 76' lang='grc' dir='ltr'>γέγονεν</span> <span class='ocrx_word' id='word_1_229' title='bbox 3662 590 3831 659; x_wconf 79' lang='grc' dir='ltr'>αὐτῷ,</span> <span class='ocrx_word' id='word_1_230' title='bbox 3869 592 3962 643; x_wconf 60' lang='grc' dir='ltr'>καὶ⁵</span> 
     </span>
    </p>
   </div>
   <div class='ocr_carea' id='block_1_36' title="bbox 2383 680 3965 754">
    <p class='ocr_par' dir='ltr' id='par_1_36' title="bbox 2383 680 3965 754">
     <span class='ocr_line' id='line_1_36' title="bbox 2383 680 3965 754; baseline 0.001 -21"><span class='ocrx_word' id='word_1_231' title='bbox 2383 681 2640 744; x_wconf 79' lang='grc' dir='ltr'>ὑπόθεσις</span> <span class='ocrx_word' id='word_1_232' title='bbox 2664 680 2979 744; x_wconf 86' lang='grc' dir='ltr'>ἀκολασίας.</span> <span class='ocrx_word' id='word_1_233' title='bbox 3003 681 3166 734; x_wconf 87' lang='grc' dir='ltr'>Ὅθεν</span> <span class='ocrx_word' id='word_1_234' title='bbox 3189 682 3374 751; x_wconf 86' lang='grc' dir='ltr'>φησίν·</span> <span class='ocrx_word' id='word_1_235' title='bbox 3399 699 3418 733; x_wconf 75' lang='grc' dir='ltr'>ι</span> <span class='ocrx_word' id='word_1_236' title='bbox 3460 683 3729 754; x_wconf 87' lang='grc' dir='ltr'>Ἐμίσησα</span> <span class='ocrx_word' id='word_1_237' title='bbox 3751 683 3965 752; x_wconf 65' lang='grc' dir='ltr'>σύμπαν</span> 
     </span>
    </p>
   </div>
   <div class='ocr_carea' id='block_1_37' title="bbox 2383 770 3961 843">
    <p class='ocr_par' dir='ltr' id='par_1_37' title="bbox 2383 770 3961 843">
     <span class='ocr_line' id='line_1_37' title="bbox 2383 770 3961 843; baseline 0.001 -20"><span class='ocrx_word' id='word_1_238' title='bbox 2383 786 2483 823; x_wconf 87' lang='grc' dir='ltr'>σαν</span> <span class='ocrx_word' id='word_1_239' title='bbox 2510 770 2608 840; x_wconf 79' lang='grc' dir='ltr'>τὴν</span> <span class='ocrx_word' id='word_1_240' title='bbox 2652 772 2798 843; x_wconf 75' lang='grc' dir='ltr'>ζωήν</span> <span class='ocrx_word' id='word_1_241' title='bbox 2851 787 2952 842; x_wconf 92' lang='grc' dir='ltr'>μου</span> <span class='ocrx_word' id='word_1_242' title='bbox 2999 772 3096 824; x_wconf 79' lang='grc' dir='ltr'>καὶ</span> <span class='ocrx_word' id='word_1_243' title='bbox 3126 772 3305 825; x_wconf 82' lang='grc' dir='ltr'>πάντα</span> <span class='ocrx_word' id='word_1_244' title='bbox 3329 770 3419 825; x_wconf 86' lang='grc' dir='ltr'>τόν</span> <span class='ocrx_word' id='word_1_245' title='bbox 3460 772 3662 841; x_wconf 82' lang='grc' dir='ltr'>μόχθον</span> <span class='ocrx_word' id='word_1_246' title='bbox 3696 790 3799 843; x_wconf 85' lang='grc' dir='ltr'>μου</span> <span class='ocrx_word' id='word_1_247' title='bbox 3821 815 3834 837; x_wconf 90' lang='grc'>,</span> <span class='ocrx_word' id='word_1_248' title='bbox 3876 774 3961 826; x_wconf 85' lang='grc' dir='ltr'>ὅτι</span> 
     </span>
    </p>
   </div>
   <div class='ocr_carea' id='block_1_38' title="bbox 2382 857 3962 936">
    <p class='ocr_par' dir='ltr' id='par_1_38' title="bbox 2382 857 3962 936">
     <span class='ocr_line' id='line_1_38' title="bbox 2382 857 3962 936; baseline 0.001 -19"><span class='ocrx_word' id='word_1_249' title='bbox 2382 864 2561 917; x_wconf 82' lang='grc' dir='ltr'>πάντα</span> <span class='ocrx_word' id='word_1_250' title='bbox 2601 865 2922 936; x_wconf 82' lang='grc' dir='ltr'>ματαιότης.</span> <span class='ocrx_word' id='word_1_251' title='bbox 2970 857 3143 935; x_wconf 83' lang='grc' dir='ltr'>Εῦρον</span> <span class='ocrx_word' id='word_1_252' title='bbox 3175 865 3285 934; x_wconf 88' lang='grc' dir='ltr'>γάρ</span> <span class='ocrx_word' id='word_1_253' title='bbox 3324 865 3652 936; x_wconf 85' lang='grc' dir='ltr'>πικρότερον</span> <span class='ocrx_word' id='word_1_254' title='bbox 3698 868 3838 936; x_wconf 81' lang='grc' dir='ltr'>ὑπὲρ</span> <span class='ocrx_word' id='word_1_255' title='bbox 3871 866 3962 919; x_wconf 79' lang='grc' dir='ltr'>τὸν</span> 
     </span>
    </p>
   </div>
   <div class='ocr_carea' id='block_1_39' title="bbox 2382 956 3959 1030">
    <p class='ocr_par' dir='ltr' id='par_1_39' title="bbox 2382 956 3959 1030">
     <span class='ocr_line' id='line_1_39' title="bbox 2382 956 3959 1030; baseline -0.001 -21"><span class='ocrx_word' id='word_1_256' title='bbox 2382 956 2609 1009; x_wconf 80' lang='grc' dir='ltr'>θάνατον</span> <span class='ocrx_word' id='word_1_257' title='bbox 2630 957 2730 1023; x_wconf 81' lang='grc' dir='ltr'>τὴν</span> <span class='ocrx_word' id='word_1_258' title='bbox 2761 961 3014 1023; x_wconf 84' lang='grc' dir='ltr'>γυναῖκα,</span> <span class='ocrx_word' id='word_1_259' title='bbox 3044 958 3168 1027; x_wconf 79' lang='grc' dir='ltr'>ἥτις</span> <span class='ocrx_word' id='word_1_260' title='bbox 3191 958 3591 1030; x_wconf 29' lang='grc' dir='ltr'>ὲστὶνθήρευμα</span> <span class='ocrx_word' id='word_1_261' title='bbox 3622 960 3719 1010; x_wconf 76' lang='grc' dir='ltr'>καὶ</span> <span class='ocrx_word' id='word_1_262' title='bbox 3750 962 3959 1028; x_wconf 84' lang='grc' dir='ltr'>σαγήνη</span> 
     </span>
    </p>
   </div>
   <div class='ocr_carea' id='block_1_40' title="bbox 2384 1046 3965 1119">
    <p class='ocr_par' dir='ltr' id='par_1_40' title="bbox 2384 1046 3965 1119">
     <span class='ocr_line' id='line_1_40' title="bbox 2384 1046 3965 1119; baseline 0.001 -19"><span class='ocrx_word' id='word_1_263' title='bbox 2384 1046 2629 1118; x_wconf 79' lang='grc' dir='ltr'>καρδίας.</span> <span class='ocrx_word' id='word_1_264' title='bbox 2672 1067 2689 1098; x_wconf 73' lang='grc' dir='ltr'>ι</span> <span class='ocrx_word' id='word_1_265' title='bbox 2725 1047 2915 1101; x_wconf 75' lang='grc' dir='ltr'>Ταῦτά</span> <span class='ocrx_word' id='word_1_266' title='bbox 2952 1049 3033 1100; x_wconf 87' lang='grc' dir='ltr'>τοί</span> <span class='ocrx_word' id='word_1_267' title='bbox 3069 1065 3223 1117; x_wconf 83' lang='grc' dir='ltr'>φησι·</span> <span class='ocrx_word' id='word_1_268' title='bbox 3266 1066 3283 1099; x_wconf 81' lang='grc' dir='ltr'>ι</span> <span class='ocrx_word' id='word_1_269' title='bbox 3321 1050 3480 1102; x_wconf 82' lang='grc' dir='ltr'>Καὶό</span> <span class='ocrx_word' id='word_1_270' title='bbox 3527 1049 3779 1119; x_wconf 81' lang='grc' dir='ltr'>βασιλεὺς</span> <span class='ocrx_word' id='word_1_271' title='bbox 3806 1049 3965 1102; x_wconf 81' lang='grc' dir='ltr'>Σολο-</span> 
     </span>
    </p>
   </div>
   <div class='ocr_carea' id='block_1_41' title="bbox 2385 1134 3962 1209">
    <p class='ocr_par' dir='ltr' id='par_1_41' title="bbox 2385 1134 3962 1209">
     <span class='ocr_line' id='line_1_41' title="bbox 2385 1134 3962 1209; baseline 0.002 -19"><span class='ocrx_word' id='word_1_272' title='bbox 2385 1138 2501 1207; x_wconf 81' lang='grc' dir='ltr'>μῶν</span> <span class='ocrx_word' id='word_1_273' title='bbox 2531 1134 2597 1208; x_wconf 81' lang='grc' dir='ltr'>ἦν</span> <span class='ocrx_word' id='word_1_274' title='bbox 2628 1137 2998 1206; x_wconf 81' lang='grc' dir='ltr'>φιλογύναιος,</span> <span class='ocrx_word' id='word_1_275' title='bbox 3030 1139 3125 1191; x_wconf 73' lang='grc' dir='ltr'>καὶ</span> <span class='ocrx_word' id='word_1_276' title='bbox 3154 1135 3295 1209; x_wconf 82' lang='grc' dir='ltr'>ἦσαν</span> <span class='ocrx_word' id='word_1_277' title='bbox 3319 1138 3470 1208; x_wconf 71' lang='grc' dir='ltr'>αὐτῷ</span> <span class='ocrx_word' id='word_1_278' title='bbox 3499 1141 3764 1209; x_wconf 75' lang='grc' dir='ltr'>ἄρχουσαι</span> <span class='ocrx_word' id='word_1_279' title='bbox 3796 1142 3962 1193; x_wconf 78' lang='grc' dir='ltr'>ἐπτα-</span> 
     </span>
    </p>
   </div>
   <div class='ocr_carea' id='block_1_42' title="bbox 2382 1229 3962 1299">
    <p class='ocr_par' dir='ltr' id='par_1_42' title="bbox 2382 1229 3962 1299">
     <span class='ocr_line' id='line_1_42' title="bbox 2382 1229 3962 1299; baseline 0.001 -16"><span class='ocrx_word' id='word_1_280' title='bbox 2382 1230 2583 1290; x_wconf 87' lang='grc' dir='ltr'>κόσιαι,</span> <span class='ocrx_word' id='word_1_281' title='bbox 2614 1230 2709 1283; x_wconf 66' lang='grc' dir='ltr'>καὶ</span> <span class='ocrx_word' id='word_1_282' title='bbox 2748 1229 3024 1281; x_wconf 81' lang='grc' dir='ltr'>παλλακαὶ</span> <span class='ocrx_word' id='word_1_283' title='bbox 3055 1230 3389 1298; x_wconf 81' lang='grc' dir='ltr'>τριακόσιαι.</span> <span class='ocrx_word' id='word_1_284' title='bbox 3433 1230 3542 1283; x_wconf 82' lang='lat' dir='ltr'><strong>Kal.</strong></span> <span class='ocrx_word' id='word_1_285' title='bbox 3570 1230 3732 1284; x_wconf 75' lang='grc' dir='ltr'>ἔλαϐε</span> <span class='ocrx_word' id='word_1_286' title='bbox 3772 1233 3962 1299; x_wconf 77' lang='grc' dir='ltr'>γυνμῖ-</span> 
     </span>
    </p>
   </div>
   <div class='ocr_carea' id='block_1_43' title="bbox 2383 1322 3964 1393">
    <p class='ocr_par' dir='ltr' id='par_1_43' title="bbox 2383 1322 3964 1393">
     <span class='ocr_line' id='line_1_43' title="bbox 2383 1322 3964 1393; baseline 0.002 -19"><span class='ocrx_word' id='word_1_287' title='bbox 2383 1338 2482 1384; x_wconf 89' lang='grc' dir='ltr'>κας</span> <span class='ocrx_word' id='word_1_288' title='bbox 2522 1322 2868 1384; x_wconf 77' lang='grc' dir='ltr'>Μωαϐίτιδας</span> <span class='ocrx_word' id='word_1_289' title='bbox 2905 1322 2997 1374; x_wconf 72' lang='grc' dir='ltr'>καὶ</span> <span class='ocrx_word' id='word_1_290' title='bbox 3045 1322 3423 1390; x_wconf 77' lang='grc' dir='ltr'>Ἀμανίτιδας,</span> <span class='ocrx_word' id='word_1_291' title='bbox 3456 1322 3631 1393; x_wconf 84' lang='grc' dir='ltr'>Σύρας</span> <span class='ocrx_word' id='word_1_292' title='bbox 3671 1323 3767 1377; x_wconf 78' lang='grc' dir='ltr'>καὶ</span> <span class='ocrx_word' id='word_1_293' title='bbox 3805 1326 3964 1377; x_wconf 86' lang='grc' dir='ltr'>Ἰδου-</span> 
     </span>
    </p>
   </div>
   <div class='ocr_carea' id='block_1_44' title="bbox 2384 1407 3963 1483">
    <p class='ocr_par' dir='ltr' id='par_1_44' title="bbox 2384 1407 3963 1483">
     <span class='ocr_line' id='line_1_44' title="bbox 2384 1407 3963 1483; baseline 0.002 -21"><span class='ocrx_word' id='word_1_294' title='bbox 2384 1412 2575 1479; x_wconf 87' lang='grc' dir='ltr'>μαίας,</span> <span class='ocrx_word' id='word_1_295' title='bbox 2602 1412 2869 1474; x_wconf 84' lang='grc' dir='ltr'>Χετταίας</span> <span class='ocrx_word' id='word_1_296' title='bbox 2906 1413 2997 1464; x_wconf 69' lang='grc' dir='ltr'>καὶ</span> <span class='ocrx_word' id='word_1_297' title='bbox 3052 1411 3412 1483; x_wconf 73' lang='grc' dir='ltr'>Ἀμορραίας,</span> <span class='ocrx_word' id='word_1_298' title='bbox 3446 1414 3510 1465; x_wconf 82' lang='grc' dir='ltr'>ἐκ</span> <span class='ocrx_word' id='word_1_299' title='bbox 3542 1413 3649 1465; x_wconf 80' lang='grc' dir='ltr'>τῶν</span> <span class='ocrx_word' id='word_1_300' title='bbox 3688 1412 3856 1465; x_wconf 69' lang='grc' dir='ltr'>ἐθνῶν</span> <span class='ocrx_word' id='word_1_301' title='bbox 3887 1407 3963 1465; x_wconf 83' lang='grc' dir='ltr'>ὧν</span> 
     </span>
    </p>
   </div>
   <div class='ocr_carea' id='block_1_45' title="bbox 2381 1502 3964 1574">
    <p class='ocr_par' dir='ltr' id='par_1_45' title="bbox 2381 1502 3964 1574">
     <span class='ocr_line' id='line_1_45' title="bbox 2381 1502 3964 1574; baseline 0 -17"><span class='ocrx_word' id='word_1_302' title='bbox 2381 1506 2584 1557; x_wconf 86' lang='grc' dir='ltr'>ἀπεῖπε</span> <span class='ocrx_word' id='word_1_303' title='bbox 2617 1505 2821 1574; x_wconf 85' lang='grc' dir='ltr'>Κύριος</span> <span class='ocrx_word' id='word_1_304' title='bbox 2867 1506 2979 1566; x_wconf 84' lang='grc' dir='ltr'>τοῖς</span> <span class='ocrx_word' id='word_1_305' title='bbox 3014 1505 3151 1567; x_wconf 78' lang='grc' dir='ltr'>υἱοῖς</span> <span class='ocrx_word' id='word_1_306' title='bbox 3218 1502 3458 1573; x_wconf 85' lang='grc' dir='ltr'>Ἰσραήλ.</span> <span class='ocrx_word' id='word_1_307' title='bbox 3511 1505 3621 1556; x_wconf 63' lang='grc' dir='ltr'>Καὶ</span> <span class='ocrx_word' id='word_1_308' title='bbox 3652 1504 3870 1571; x_wconf 77' lang='grc' dir='ltr'>ἐγένετο</span> <span class='ocrx_word' id='word_1_309' title='bbox 3905 1506 3964 1556; x_wconf 81' lang='grc' dir='ltr'>ὲν</span> 
     </span>
    </p>
   </div>
   <div class='ocr_carea' id='block_1_46' title="bbox 2381 1591 3965 1666">
    <p class='ocr_par' dir='ltr' id='par_1_46' title="bbox 2381 1591 3965 1666">
     <span class='ocr_line' id='line_1_46' title="bbox 2381 1591 3965 1666; baseline -0.001 -17"><span class='ocrx_word' id='word_1_310' title='bbox 2381 1594 2559 1664; x_wconf 84' lang='grc' dir='ltr'>καιρῷ</span> <span class='ocrx_word' id='word_1_311' title='bbox 2600 1596 2789 1665; x_wconf 81' lang='grc' dir='ltr'>γήρως</span> <span class='ocrx_word' id='word_1_312' title='bbox 2820 1594 3008 1659; x_wconf 80' lang='grc' dir='ltr'>αὐτοῦ,</span> <span class='ocrx_word' id='word_1_313' title='bbox 3046 1596 3141 1648; x_wconf 79' lang='grc' dir='ltr'>καὶ</span> <span class='ocrx_word' id='word_1_314' title='bbox 3169 1596 3269 1648; x_wconf 89' lang='grc' dir='ltr'>ούκ</span> <span class='ocrx_word' id='word_1_315' title='bbox 3295 1591 3364 1666; x_wconf 77' lang='grc' dir='ltr'>ἦν</span> <span class='ocrx_word' id='word_1_316' title='bbox 3394 1597 3426 1664; x_wconf 84' lang='grc' dir='ltr'>ἡ</span> <span class='ocrx_word' id='word_1_317' title='bbox 3456 1594 3653 1664; x_wconf 80' lang='grc' dir='ltr'>καρδία</span> <span class='ocrx_word' id='word_1_318' title='bbox 3687 1597 3822 1663; x_wconf 71' lang='grc' dir='ltr'>μετὰ</span> <span class='ocrx_word' id='word_1_319' title='bbox 3854 1598 3965 1647; x_wconf 85' lang='grc' dir='ltr'>Κυ-</span> 
     </span>
    </p>
   </div>
   <div class='ocr_carea' id='block_1_47' title="bbox 2368 1685 3961 1758">
    <p class='ocr_par' dir='ltr' id='par_1_47' title="bbox 2368 1685 3961 1758">
     <span class='ocr_line' id='line_1_47' title="bbox 2368 1685 3961 1758; baseline 0.001 -20"><span class='ocrx_word' id='word_1_320' title='bbox 2368 1687 2503 1757; x_wconf 76' lang='grc' dir='ltr'>’ρίου</span> <span class='ocrx_word' id='word_1_321' title='bbox 2553 1685 2692 1739; x_wconf 89' lang='grc' dir='ltr'>Θεοῦ</span> <span class='ocrx_word' id='word_1_322' title='bbox 2746 1686 2912 1739; x_wconf 75' lang='grc' dir='ltr'>αὑτοῦ</span> <span class='ocrx_word' id='word_1_323' title='bbox 2974 1685 3156 1747; x_wconf 86' lang='grc' dir='ltr'>καθὼς</span> <span class='ocrx_word' id='word_1_324' title='bbox 3206 1689 3366 1757; x_wconf 73' lang='grc' dir='ltr'>καὶὴ</span> <span class='ocrx_word' id='word_1_325' title='bbox 3416 1688 3610 1758; x_wconf 82' lang='grc' dir='ltr'>καρδία</span> <span class='ocrx_word' id='word_1_326' title='bbox 3652 1687 3817 1741; x_wconf 78' lang='grc' dir='ltr'>Δαὸὶδ</span> <span class='ocrx_word' id='word_1_327' title='bbox 3866 1687 3961 1739; x_wconf 82' lang='grc' dir='ltr'>τοῦ</span> 
     </span>
    </p>
   </div>
   <div class='ocr_carea' id='block_1_48' title="bbox 2382 1777 3964 1848">
    <p class='ocr_par' dir='ltr' id='par_1_48' title="bbox 2382 1777 3964 1848">
     <span class='ocr_line' id='line_1_48' title="bbox 2382 1777 3964 1848; baseline 0 -19"><span class='ocrx_word' id='word_1_328' title='bbox 2382 1778 2591 1847; x_wconf 88' lang='grc' dir='ltr'>πατρὸς</span> <span class='ocrx_word' id='word_1_329' title='bbox 2622 1777 2814 1844; x_wconf 79' lang='grc' dir='ltr'>αὑτοῦ,</span> <span class='ocrx_word' id='word_1_330' title='bbox 2859 1778 2951 1829; x_wconf 75' lang='grc' dir='ltr'>καὶ</span> <span class='ocrx_word' id='word_1_331' title='bbox 2985 1777 3266 1842; x_wconf 78' lang='grc' dir='ltr'>ἐξέκλιναν</span> <span class='ocrx_word' id='word_1_332' title='bbox 3305 1778 3361 1830; x_wconf 83' lang='grc' dir='ltr'>αἱ</span> <span class='ocrx_word' id='word_1_333' title='bbox 3399 1778 3679 1848; x_wconf 82' lang='grc' dir='ltr'>ἀλλότριαι</span> <span class='ocrx_word' id='word_1_334' title='bbox 3706 1781 3964 1845; x_wconf 82' lang='grc' dir='ltr'>γυναῖκες</span> 
     </span>
    </p>
   </div>
   <div class='ocr_carea' id='block_1_49' title="bbox 2378 1868 3963 1955">
    <p class='ocr_par' dir='ltr' id='par_1_49' title="bbox 2378 1868 3963 1955">
     <span class='ocr_line' id='line_1_49' title="bbox 2378 1868 3963 1955; baseline -0.002 -33"><span class='ocrx_word' id='word_1_335' title='bbox 2378 1870 2477 1939; x_wconf 83' lang='grc' dir='ltr'>τὴν</span> <span class='ocrx_word' id='word_1_336' title='bbox 2501 1868 2745 1955; x_wconf 32' lang='grc' dir='ltr'>ικαρδίαν</span> <span class='ocrx_word' id='word_1_337' title='bbox 2801 1868 2967 1921; x_wconf 78' lang='grc' dir='ltr'>αὑτοῦ</span> <span class='ocrx_word' id='word_1_338' title='bbox 3016 1870 3193 1921; x_wconf 87' lang='grc' dir='ltr'>ὀπίσω</span> <span class='ocrx_word' id='word_1_339' title='bbox 3237 1868 3374 1921; x_wconf 81' lang='grc' dir='ltr'>θεῶν</span> <span class='ocrx_word' id='word_1_340' title='bbox 3426 1870 3627 1924; x_wconf 83' lang='grc' dir='ltr'>αὐτῶν.</span> <span class='ocrx_word' id='word_1_341' title='bbox 3683 1872 3791 1923; x_wconf 83' lang='lat' dir='ltr'><strong>Kal.</strong></span> <span class='ocrx_word' id='word_1_342' title='bbox 3842 1870 3963 1921; x_wconf 77' lang='grc' dir='ltr'>τότε</span> 
     </span>
    </p>
   </div>
   <div class='ocr_carea' id='block_1_50' title="bbox 2381 1959 3963 2031">
    <p class='ocr_par' dir='ltr' id='par_1_50' title="bbox 2381 1959 3963 2031">
     <span class='ocr_line' id='line_1_50' title="bbox 2381 1959 3963 2031; baseline -0.001 -20"><span class='ocrx_word' id='word_1_343' title='bbox 2381 1961 2698 2031; x_wconf 67' lang='grc' dir='ltr'>ᾠκοδόμησε</span> <span class='ocrx_word' id='word_1_344' title='bbox 2734 1960 2985 2029; x_wconf 83' lang='grc' dir='ltr'>Σολομῶν</span> <span class='ocrx_word' id='word_1_345' title='bbox 3023 1959 3149 2013; x_wconf 73' lang='grc' dir='ltr'>ναὸν</span> <span class='ocrx_word' id='word_1_346' title='bbox 3181 1959 3262 2030; x_wconf 81' lang='grc' dir='ltr'>τῷ</span> <span class='ocrx_word' id='word_1_347' title='bbox 3290 1960 3499 2031; x_wconf 86' lang='grc' dir='ltr'>Χαμὼς</span> <span class='ocrx_word' id='word_1_348' title='bbox 3530 1960 3734 2031; x_wconf 74' lang='grc' dir='ltr'>εἰδώλῳ</span> <span class='ocrx_word' id='word_1_349' title='bbox 3765 1959 3963 2019; x_wconf 70' lang='grc' dir='ltr'>Μωὰὸ,</span> 
     </span>
    </p>
   </div>
   <div class='ocr_carea' id='block_1_51' title="bbox 2382 2051 3964 2123">
    <p class='ocr_par' dir='ltr' id='par_1_51' title="bbox 2382 2051 3964 2123">
     <span class='ocr_line' id='line_1_51' title="bbox 2382 2051 3964 2123; baseline -0.002 -17"><span class='ocrx_word' id='word_1_350' title='bbox 2382 2054 2476 2107; x_wconf 75' lang='grc' dir='ltr'>καὶ</span> <span class='ocrx_word' id='word_1_351' title='bbox 2504 2055 2569 2123; x_wconf 83' lang='grc' dir='ltr'>τῇ</span> <span class='ocrx_word' id='word_1_352' title='bbox 2612 2053 2882 2123; x_wconf 76' lang='grc' dir='ltr'>Ἀστάρτῃ</span> <span class='ocrx_word' id='word_1_353' title='bbox 2919 2051 3251 2121; x_wconf 85' lang='grc' dir='ltr'>βδελύγματι</span> <span class='ocrx_word' id='word_1_354' title='bbox 3281 2052 3555 2115; x_wconf 85' lang='grc' dir='ltr'>Σιδονίων,</span> <span class='ocrx_word' id='word_1_355' title='bbox 3592 2054 3685 2106; x_wconf 73' lang='grc' dir='ltr'>καὶ</span> <span class='ocrx_word' id='word_1_356' title='bbox 3705 2053 3783 2122; x_wconf 83' lang='grc' dir='ltr'>τῷ</span> <span class='ocrx_word' id='word_1_357' title='bbox 3818 2053 3964 2106; x_wconf 86' lang='grc' dir='ltr'>Μελ-</span> 
     </span>
    </p>
   </div>
   <div class='ocr_carea' id='block_1_52' title="bbox 2382 2140 3963 2216">
    <p class='ocr_par' dir='ltr' id='par_1_52' title="bbox 2382 2140 3963 2216">
     <span class='ocr_line' id='line_1_52' title="bbox 2382 2140 3963 2216; baseline -0.002 -20"><span class='ocrx_word' id='word_1_358' title='bbox 2382 2144 2506 2215; x_wconf 83' lang='grc' dir='ltr'>χὼμ</span> <span class='ocrx_word' id='word_1_359' title='bbox 2531 2145 2967 2215; x_wconf 84' lang='grc' dir='ltr'>προσοχθίσματι</span> <span class='ocrx_word' id='word_1_360' title='bbox 2990 2144 3120 2197; x_wconf 81' lang='grc' dir='ltr'>υἱῶν</span> <span class='ocrx_word' id='word_1_361' title='bbox 3157 2143 3361 2212; x_wconf 81' lang='grc' dir='ltr'>Ἀμών.</span> <span class='ocrx_word' id='word_1_362' title='bbox 3395 2164 3412 2196; x_wconf 73' lang='grc' dir='ltr'>ι</span> <span class='ocrx_word' id='word_1_363' title='bbox 3447 2146 3508 2198; x_wconf 84' lang='grc' dir='ltr'><strong><em>Ἠ</em></strong></span> <span class='ocrx_word' id='word_1_364' title='bbox 3532 2144 3614 2216; x_wconf 87' lang='grc' dir='ltr'>[Ρ.</span> <span class='ocrx_word' id='word_1_365' title='bbox 3636 2144 3727 2216; x_wconf 84' lang='grc'>97]</span> <span class='ocrx_word' id='word_1_366' title='bbox 3749 2145 3845 2214; x_wconf 82' lang='grc' dir='ltr'>μὲν</span> <span class='ocrx_word' id='word_1_367' title='bbox 3869 2140 3963 2196; x_wconf 76' lang='grc' dir='ltr'>οὖν</span> 
     </span>
    </p>
   </div>
   <div class='ocr_carea' id='block_1_53' title="bbox 2398 2235 3971 2307">
    <p class='ocr_par' dir='ltr' id='par_1_53' title="bbox 2398 2235 3971 2307">
     <span class='ocr_line' id='line_1_53' title="bbox 2398 2235 3971 2307; baseline -0.002 -17"><span class='ocrx_word' id='word_1_368' title='bbox 2398 2238 2668 2307; x_wconf 83' lang='grc' dir='ltr'>Ἀστάρτη</span> <span class='ocrx_word' id='word_1_369' title='bbox 2722 2236 2870 2289; x_wconf 69' lang='grc' dir='ltr'>ἐστὶν</span> <span class='ocrx_word' id='word_1_370' title='bbox 2925 2236 2958 2305; x_wconf 75' lang='grc' dir='ltr'><strong>ἡ</strong></span> <span class='ocrx_word' id='word_1_371' title='bbox 3004 2237 3133 2305; x_wconf 79' lang='grc' dir='ltr'>παρ’</span> <span class='ocrx_word' id='word_1_372' title='bbox 3179 2235 3437 2303; x_wconf 84' lang='grc' dir='ltr'>Ἕλλησιν</span> <span class='ocrx_word' id='word_1_373' title='bbox 3490 2236 3778 2306; x_wconf 74' lang='grc' dir='ltr'>’Λφροδίτη</span> <span class='ocrx_word' id='word_1_374' title='bbox 3814 2236 3971 2302; x_wconf 79' lang='grc' dir='ltr'>λεγο-</span> 
     </span>
    </p>
   </div>
   <div class='ocr_carea' id='block_1_54' title="bbox 2392 2320 3967 2399">
    <p class='ocr_par' dir='ltr' id='par_1_54' title="bbox 2392 2320 3967 2399">
     <span class='ocr_line' id='line_1_54' title="bbox 2392 2320 3967 2399; baseline -0.004 -18"><span class='ocrx_word' id='word_1_375' title='bbox 2392 2329 2565 2399; x_wconf 74' lang='grc' dir='ltr'>μένη,</span> <span class='ocrx_word' id='word_1_376' title='bbox 2613 2330 2641 2381; x_wconf 88' lang='grc' dir='ltr'>ὁ</span> <span class='ocrx_word' id='word_1_377' title='bbox 2671 2327 2727 2381; x_wconf 81' lang='grc' dir='ltr'>δὲ</span> <span class='ocrx_word' id='word_1_378' title='bbox 2785 2328 2994 2394; x_wconf 83' lang='grc' dir='ltr'>Χαμὼς</span> <span class='ocrx_word' id='word_1_379' title='bbox 3050 2325 3171 2389; x_wconf 81' lang='grc' dir='ltr'>θεὸς</span> <span class='ocrx_word' id='word_1_380' title='bbox 3218 2320 3287 2395; x_wconf 73' lang='grc' dir='ltr'>ἦν</span> <span class='ocrx_word' id='word_1_381' title='bbox 3341 2326 3575 2395; x_wconf 86' lang='grc' dir='ltr'>Τυρίων.</span> <span class='ocrx_word' id='word_1_382' title='bbox 3631 2325 3738 2378; x_wconf 83' lang='lat' dir='ltr'><strong>Ka‘t</strong></span> <span class='ocrx_word' id='word_1_383' title='bbox 3789 2323 3967 2386; x_wconf 76' lang='grc' dir='ltr'>οὕτως</span> 
     </span>
    </p>
   </div>
   <div class='ocr_carea' id='block_1_55' title="bbox 2388 2416 3969 2491">
    <p class='ocr_par' dir='ltr' id='par_1_55' title="bbox 2388 2416 3969 2491">
     <span class='ocr_line' id='line_1_55' title="bbox 2388 2416 3969 2491; baseline -0.004 -15"><span class='ocrx_word' id='word_1_384' title='bbox 2388 2423 2610 2491; x_wconf 75' lang='grc' dir='ltr'>ἐποίησε</span> <span class='ocrx_word' id='word_1_385' title='bbox 2634 2424 2751 2484; x_wconf 85' lang='grc' dir='ltr'>ταῖς</span> <span class='ocrx_word' id='word_1_386' title='bbox 2776 2418 3097 2489; x_wconf 80' lang='grc' dir='ltr'>ἀλλοφύλοις</span> <span class='ocrx_word' id='word_1_387' title='bbox 3123 2418 3289 2473; x_wconf 79' lang='grc' dir='ltr'>αὐτοῦ</span> <span class='ocrx_word' id='word_1_388' title='bbox 3329 2416 3545 2486; x_wconf 78' lang='grc' dir='ltr'>γυναιξὶ</span> <span class='ocrx_word' id='word_1_389' title='bbox 3574 2419 3801 2483; x_wconf 82' lang='grc' dir='ltr'>πάσαις,</span> <span class='ocrx_word' id='word_1_390' title='bbox 3826 2418 3969 2470; x_wconf 64' lang='lat' dir='ltr'><strong>att:-</strong></span> 
     </span>
    </p>
   </div>
   <div class='ocr_carea' id='block_1_56' title="bbox 2387 2509 3971 2584">
    <p class='ocr_par' dir='ltr' id='par_1_56' title="bbox 2387 2509 3971 2584">
     <span class='ocr_line' id='line_1_56' title="bbox 2387 2509 3971 2584; baseline -0.005 -17"><span class='ocrx_word' id='word_1_391' title='bbox 2387 2531 2475 2576; x_wconf 91' lang='grc' dir='ltr'>νες</span> <span class='ocrx_word' id='word_1_392' title='bbox 2504 2513 2765 2584; x_wconf 75' lang='grc' dir='ltr'>¹ἐθυμίων</span> <span class='ocrx_word' id='word_1_393' title='bbox 2814 2512 2909 2563; x_wconf 73' lang='grc' dir='ltr'>καὶ</span> <span class='ocrx_word' id='word_1_394' title='bbox 2959 2510 3114 2563; x_wconf 79' lang='grc' dir='ltr'>ἔθυον</span> <span class='ocrx_word' id='word_1_395' title='bbox 3158 2513 3269 2572; x_wconf 83' lang='grc' dir='ltr'>τοῖς</span> <span class='ocrx_word' id='word_1_396' title='bbox 3319 2510 3561 2571; x_wconf 79' lang='grc' dir='ltr'>εἰδώλοις</span> <span class='ocrx_word' id='word_1_397' title='bbox 3610 2509 3809 2562; x_wconf 83' lang='grc' dir='ltr'>αὐτῶν.</span> <span class='ocrx_word' id='word_1_398' title='bbox 3861 2509 3971 2561; x_wconf 71' lang='grc' dir='ltr'>Καὶ</span> 
     </span>
    </p>
   </div>
   <div class='ocr_carea' id='block_1_57' title="bbox 2387 2599 3971 2674">
    <p class='ocr_par' dir='ltr' id='par_1_57' title="bbox 2387 2599 3971 2674">
     <span class='ocr_line' id='line_1_57' title="bbox 2387 2599 3971 2674; baseline -0.006 -15"><span class='ocrx_word' id='word_1_399' title='bbox 2387 2607 2612 2674; x_wconf 73' lang='grc' dir='ltr'>εποίησε</span> <span class='ocrx_word' id='word_1_400' title='bbox 2657 2601 2910 2671; x_wconf 82' lang='grc' dir='ltr'>Σολομῶν</span> <span class='ocrx_word' id='word_1_401' title='bbox 2940 2600 3001 2654; x_wconf 84' lang='grc' dir='ltr'>τὸ</span> <span class='ocrx_word' id='word_1_402' title='bbox 3040 2602 3279 2672; x_wconf 78' lang='grc' dir='ltr'>πονηρὸν</span> <span class='ocrx_word' id='word_1_403' title='bbox 3330 2599 3562 2653; x_wconf 77' lang='grc' dir='ltr'>ἐνώπιον</span> <span class='ocrx_word' id='word_1_404' title='bbox 3592 2599 3837 2669; x_wconf 79' lang='grc' dir='ltr'>Κυρίου,</span> <span class='ocrx_word' id='word_1_405' title='bbox 3872 2601 3971 2652; x_wconf 71' lang='grc' dir='ltr'>καὶ</span> 
     </span>
    </p>
   </div>
   <div class='ocr_carea' id='block_1_58' title="bbox 2388 2689 3973 2767">
    <p class='ocr_par' dir='ltr' id='par_1_58' title="bbox 2388 2689 3973 2767">
     <span class='ocr_line' id='line_1_58' title="bbox 2388 2689 3973 2767; baseline -0.007 -16"><span class='ocrx_word' id='word_1_406' title='bbox 2388 2701 2489 2752; x_wconf 84' lang='grc' dir='ltr'>οὐκ</span> <span class='ocrx_word' id='word_1_407' title='bbox 2522 2696 2792 2767; x_wconf 79' lang='grc' dir='ltr'>ἐπορεύθη</span> <span class='ocrx_word' id='word_1_408' title='bbox 2842 2696 3018 2748; x_wconf 84' lang='grc' dir='ltr'>ὀπίσω</span> <span class='ocrx_word' id='word_1_409' title='bbox 3052 2695 3259 2763; x_wconf 77' lang='grc' dir='ltr'>Κυρίου</span> <span class='ocrx_word' id='word_1_410' title='bbox 3292 2694 3365 2756; x_wconf 84' lang='grc' dir='ltr'>ὡς</span> <span class='ocrx_word' id='word_1_411' title='bbox 3409 2692 3576 2746; x_wconf 68' lang='grc' dir='ltr'>Δαίὶδ</span> <span class='ocrx_word' id='word_1_412' title='bbox 3598 2693 3625 2744; x_wconf 90' lang='grc' dir='ltr'>ό</span> <span class='ocrx_word' id='word_1_413' title='bbox 3664 2689 3847 2759; x_wconf 82' lang='grc' dir='ltr'>πατὴρ</span> <span class='ocrx_word' id='word_1_414' title='bbox 3874 2690 3973 2741; x_wconf 75' lang='grc' dir='ltr'>αὑ-</span> 
     </span>
    </p>
   </div>
   <div class='ocr_carea' id='block_1_59' title="bbox 2388 2777 3978 2854">
    <p class='ocr_par' dir='ltr' id='par_1_59' title="bbox 2388 2777 3978 2854">
     <span class='ocr_line' id='line_1_59' title="bbox 2388 2777 3978 2854; baseline -0.006 -14"><span class='ocrx_word' id='word_1_415' title='bbox 2388 2788 2504 2841; x_wconf 91' lang='grc' dir='ltr'>τοῦ.</span> <span class='ocrx_word' id='word_1_416' title='bbox 2538 2788 2644 2839; x_wconf 85' lang='lat' dir='ltr'><strong>Ka‘t</strong></span> <span class='ocrx_word' id='word_1_417' title='bbox 2674 2784 2923 2854; x_wconf 80' lang='grc' dir='ltr'>ὠργίσθη</span> <span class='ocrx_word' id='word_1_418' title='bbox 2954 2783 3157 2853; x_wconf 86' lang='grc' dir='ltr'>Κύριος</span> <span class='ocrx_word' id='word_1_419' title='bbox 3199 2785 3290 2835; x_wconf 78' lang='grc' dir='ltr'>ἐπὶ</span> <span class='ocrx_word' id='word_1_420' title='bbox 3332 2782 3604 2851; x_wconf 84' lang='grc' dir='ltr'>Σολομῶν,</span> <span class='ocrx_word' id='word_1_421' title='bbox 3646 2782 3727 2833; x_wconf 82' lang='grc' dir='ltr'>ὅτι</span> <span class='ocrx_word' id='word_1_422' title='bbox 3768 2777 3978 2843; x_wconf 80' lang='grc' dir='ltr'>ἐξέκλι-</span> 
     </span>
    </p>
   </div>
   <div class='ocr_carea' id='block_1_60' title="bbox 2392 2867 3974 2947">
    <p class='ocr_par' dir='ltr' id='par_1_60' title="bbox 2392 2867 3974 2947">
     <span class='ocr_line' id='line_1_60' title="bbox 2392 2867 3974 2947; baseline -0.008 -16"><span class='ocrx_word' id='word_1_423' title='bbox 2392 2897 2480 2931; x_wconf 89' lang='grc' dir='ltr'>νεν</span> <span class='ocrx_word' id='word_1_424' title='bbox 2520 2880 2551 2947; x_wconf 79' lang='grc' dir='ltr'>ἡ</span> <span class='ocrx_word' id='word_1_425' title='bbox 2586 2876 2779 2945; x_wconf 87' lang='grc' dir='ltr'>καρδία</span> <span class='ocrx_word' id='word_1_426' title='bbox 2828 2873 2992 2927; x_wconf 83' lang='grc' dir='ltr'>αὐτοῦ</span> <span class='ocrx_word' id='word_1_427' title='bbox 3025 2873 3132 2926; x_wconf 78' lang='grc' dir='ltr'>ἀπὸ</span> <span class='ocrx_word' id='word_1_428' title='bbox 3184 2873 3391 2943; x_wconf 83' lang='grc' dir='ltr'>Κυρίου</span> <span class='ocrx_word' id='word_1_429' title='bbox 3422 2870 3560 2924; x_wconf 84' lang='grc' dir='ltr'>Θεοῦ</span> <span class='ocrx_word' id='word_1_430' title='bbox 3623 2869 3838 2940; x_wconf 86' lang='grc' dir='ltr'>Ἰσραὴλ</span> <span class='ocrx_word' id='word_1_431' title='bbox 3877 2867 3974 2919; x_wconf 85' lang='grc' dir='ltr'>τοῦ</span> 
     </span>
    </p>
   </div>
   <div class='ocr_carea' id='block_1_61' title="bbox 2389 2959 3977 3038">
    <p class='ocr_par' dir='ltr' id='par_1_61' title="bbox 2389 2959 3977 3038">
     <span class='ocr_line' id='line_1_61' title="bbox 2389 2959 3977 3038; baseline -0.008 -15"><span class='ocrx_word' id='word_1_432' title='bbox 2389 2969 2646 3038; x_wconf 75' lang='grc' dir='ltr'>ὀφθέντος</span> <span class='ocrx_word' id='word_1_433' title='bbox 2699 2966 2851 3037; x_wconf 83' lang='grc' dir='ltr'>αὐτῷ</span> <span class='ocrx_word' id='word_1_434' title='bbox 2879 2966 2959 3028; x_wconf 72' lang='grc' dir='ltr'>δὶς</span> <span class='ocrx_word' id='word_1_435' title='bbox 2994 2965 3089 3019; x_wconf 70' lang='grc' dir='ltr'>καὶ</span> <span class='ocrx_word' id='word_1_436' title='bbox 3139 2962 3521 3033; x_wconf 77' lang='grc' dir='ltr'>ἐντειλαμένου</span> <span class='ocrx_word' id='word_1_437' title='bbox 3562 2960 3709 3030; x_wconf 86' lang='grc' dir='ltr'>αύτῷ</span> <span class='ocrx_word' id='word_1_438' title='bbox 3757 2959 3832 3029; x_wconf 82' lang='grc' dir='ltr'>μὴ</span> <span class='ocrx_word' id='word_1_439' title='bbox 3872 2974 3977 3011; x_wconf 86' lang='grc' dir='ltr'>πο-</span> 
     </span>
    </p>
   </div>
   <div class='ocr_carea' id='block_1_62' title="bbox 2393 3044 3975 3130">
    <p class='ocr_par' dir='ltr' id='par_1_62' title="bbox 2393 3044 3975 3130">
     <span class='ocr_line' id='line_1_62' title="bbox 2393 3044 3975 3130; baseline -0.008 -18"><span class='ocrx_word' id='word_1_440' title='bbox 2393 3059 2647 3130; x_wconf 85' lang='grc' dir='ltr'>ρεύεσθαι</span> <span class='ocrx_word' id='word_1_441' title='bbox 2682 3058 2859 3110; x_wconf 84' lang='grc' dir='ltr'>ὀπίσω</span> <span class='ocrx_word' id='word_1_442' title='bbox 2891 3056 3030 3109; x_wconf 84' lang='grc' dir='ltr'>θεῶν</span> <span class='ocrx_word' id='word_1_443' title='bbox 3058 3057 3259 3125; x_wconf 82' lang='grc' dir='ltr'>ἑτέρων</span> <span class='ocrx_word' id='word_1_444' title='bbox 3297 3055 3359 3107; x_wconf 78' lang='grc' dir='ltr'>τὸ</span> <span class='ocrx_word' id='word_1_445' title='bbox 3388 3054 3673 3123; x_wconf 82' lang='grc' dir='ltr'>παράπαν.</span> <span class='ocrx_word' id='word_1_446' title='bbox 3706 3051 3816 3103; x_wconf 81' lang='lat' dir='ltr'><strong>Kal.</strong></span> <span class='ocrx_word' id='word_1_447' title='bbox 3849 3044 3975 3101; x_wconf 74' lang='grc' dir='ltr'>εἷπε</span> 
     </span>
    </p>
   </div>
   <div class='ocr_carea' id='block_1_63' title="bbox 706 3139 2285 3242">
    <p class='ocr_par' dir='ltr' id='par_1_63' title="bbox 706 3139 2283 3237">
     <span class='ocr_line' id='line_1_63' title="bbox 706 3139 2283 3237; baseline -0.027 1"><span class='ocrx_word' id='word_1_448' title='bbox 706 3184 828 3237; x_wconf 89' lang='lat' dir='ltr'>bem</span> <span class='ocrx_word' id='word_1_449' title='bbox 857 3193 886 3231; x_wconf 88' lang='lat' dir='ltr'>a</span> <span class='ocrx_word' id='word_1_450' title='bbox 921 3190 981 3230; x_wconf 90' lang='lat' dir='ltr'>se</span> <span class='ocrx_word' id='word_1_451' title='bbox 1009 3139 1299 3227; x_wconf 83' lang='lat' dir='ltr'><strong>delectam.</strong></span> <span class='ocrx_word' id='word_1_452' title='bbox 1367 3139 1752 3227; x_wconf 59' lang='lat' dir='ltr'><strong>Excitavitque</strong></span> <span class='ocrx_word' id='word_1_453' title='bbox 1809 3154 1953 3208; x_wconf 89' lang='lat' dir='ltr'><strong>Deus</strong></span> <span class='ocrx_word' id='word_1_454' title='bbox 2003 3145 2283 3202; x_wconf 84' lang='lat' dir='ltr'><strong>Solomoni</strong></span> 
     </span>
    </p>
   </div>
   <div class='ocr_carea' id='block_1_64' title="bbox 2391 3139 3977 3242">
    <p class='ocr_par' dir='ltr' id='par_1_64' title="bbox 2395 3139 3977 3242">
     <span class='ocr_line' id='line_1_64' title="bbox 2395 3139 3977 3242; baseline -0.009 -37"><span class='ocrx_word' id='word_1_455' title='bbox 2395 3152 2594 3242; x_wconf 79' lang='grc' dir='ltr'>Κύριος</span> <span class='ocrx_word' id='word_1_456' title='bbox 2618 3152 2752 3220; x_wconf 87' lang='grc' dir='ltr'>πρὸς</span> <span class='ocrx_word' id='word_1_457' title='bbox 2775 3150 2956 3203; x_wconf 74' lang='grc' dir='ltr'>αὐτόν’</span> <span class='ocrx_word' id='word_1_458' title='bbox 2988 3168 3005 3199; x_wconf 79' lang='grc' dir='ltr'>ι</span> <span class='ocrx_word' id='word_1_459' title='bbox 3060 3146 3204 3199; x_wconf 81' lang='grc' dir='ltr'>Ἀνθ’</span> <span class='ocrx_word' id='word_1_460' title='bbox 3227 3141 3301 3198; x_wconf 79' lang='grc' dir='ltr'>ὧν</span> <span class='ocrx_word' id='word_1_461' title='bbox 3334 3146 3435 3198; x_wconf 68' lang='grc' dir='ltr'>οὐκ</span> <span class='ocrx_word' id='word_1_462' title='bbox 3458 3143 3729 3214; x_wconf 76' lang='grc' dir='ltr'>ὲφύλαξάς</span> <span class='ocrx_word' id='word_1_463' title='bbox 3753 3159 3850 3210; x_wconf 89' lang='grc' dir='ltr'>μου</span> <span class='ocrx_word' id='word_1_464' title='bbox 3872 3139 3977 3203; x_wconf 68' lang='grc' dir='ltr'>τὰς</span> 
     </span>
    </p>
   </div>
   <div class='ocr_carea' id='block_1_65' title="bbox 703 3239 2284 3329">
    <p class='ocr_par' dir='ltr' id='par_1_65' title="bbox 703 3239 2284 3329">
     <span class='ocr_line' id='line_1_65' title="bbox 703 3239 2284 3329; baseline -0.027 0"><span class='ocrx_word' id='word_1_465' title='bbox 703 3270 1082 3329; x_wconf 81' lang='lat' dir='ltr'><strong>adversarium</strong></span> <span class='ocrx_word' id='word_1_466' title='bbox 1107 3262 1340 3315; x_wconf 84' lang='lat' dir='ltr'><strong>Adarem</strong></span> <span class='ocrx_word' id='word_1_467' title='bbox 1372 3256 1664 3308; x_wconf 68' lang='lat' dir='ltr'><strong>lduntaeum</strong></span> <span class='ocrx_word' id='word_1_468' title='bbox 1692 3254 1857 3315; x_wconf 87' lang='lat' dir='ltr'><strong>atque</strong></span> <span class='ocrx_word' id='word_1_469' title='bbox 1888 3239 2284 3296; x_wconf 85' lang='lat' dir='ltr'><strong>Hedraazaretn</strong></span> 
     </span>
    </p>
   </div>
   <div class='ocr_carea' id='block_1_66' title="bbox 705 3336 2286 3435">
    <p class='ocr_par' dir='ltr' id='par_1_66' title="bbox 705 3336 2286 3435">
     <span class='ocr_line' id='line_1_66' title="bbox 705 3336 2286 3435; baseline -0.029 -13"><span class='ocrx_word' id='word_1_470' title='bbox 705 3379 886 3435; x_wconf 78' lang='lat' dir='ltr'><strong>regem</strong></span> <span class='ocrx_word' id='word_1_471' title='bbox 908 3359 1238 3416; x_wconf 88' lang='lat' dir='ltr'><strong>Subeusem,</strong></span> <span class='ocrx_word' id='word_1_472' title='bbox 1260 3351 1350 3415; x_wconf 86' lang='lat' dir='ltr'>qui</span> <span class='ocrx_word' id='word_1_473' title='bbox 1376 3344 1663 3400; x_wconf 86' lang='lat' dir='ltr'><strong>lsraelicos</strong></span> <span class='ocrx_word' id='word_1_474' title='bbox 1682 3336 2074 3391; x_wconf 83' lang='lat' dir='ltr'><strong>iufestaverunl</strong></span> <span class='ocrx_word' id='word_1_475' title='bbox 2094 3340 2286 3398; x_wconf 88' lang='lat' dir='ltr'><strong>quam-</strong></span> 
     </span>
    </p>
   </div>
   <div class='ocr_carea' id='block_1_67' title="bbox 704 3420 2286 3515">
    <p class='ocr_par' dir='ltr' id='par_1_67' title="bbox 704 3420 2286 3515">
     <span class='ocr_line' id='line_1_67' title="bbox 704 3420 2286 3515; baseline -0.028 0"><span class='ocrx_word' id='word_1_476' title='bbox 704 3420 800 3515; x_wconf 64' lang='lat' dir='ltr'>diu</span> <span class='ocrx_word' id='word_1_477' title='bbox 828 3454 962 3509; x_wconf 79' lang='lat' dir='ltr'><strong>vixit</strong></span> <span class='ocrx_word' id='word_1_478' title='bbox 984 3450 1266 3504; x_wconf 86' lang='lat' dir='ltr'><strong>Solomon.</strong></span> <span class='ocrx_word' id='word_1_479' title='bbox 1300 3439 1547 3494; x_wconf 80' lang='lat' dir='ltr'><strong>Mortuus</strong></span> <span class='ocrx_word' id='word_1_480' title='bbox 1573 3442 1657 3488; x_wconf 73' lang='lat' dir='ltr'>est</span> <span class='ocrx_word' id='word_1_481' title='bbox 1689 3443 1833 3485; x_wconf 91' lang='lat' dir='ltr'><strong>anno</strong></span> <span class='ocrx_word' id='word_1_482' title='bbox 1861 3424 2038 3481; x_wconf 65' lang='lat' dir='ltr'><strong>aetatis</strong></span> <span class='ocrx_word' id='word_1_483' title='bbox 2077 3422 2163 3485; x_wconf 80' lang='lat'>73,</span> <span class='ocrx_word' id='word_1_484' title='bbox 2197 3420 2286 3473; x_wconf 85' lang='lat' dir='ltr'>in-</span> 
     </span>
    </p>
   </div>
   <div class='ocr_carea' id='block_1_68' title="bbox 707 3512 2291 3621">
    <p class='ocr_par' dir='ltr' id='par_1_68' title="bbox 707 3512 2291 3621">
     <span class='ocr_line' id='line_1_68' title="bbox 707 3512 2291 3621; baseline -0.028 -15"><span class='ocrx_word' id='word_1_485' title='bbox 707 3512 813 3621; x_wconf 71' lang='lat' dir='ltr'>que</span> <span class='ocrx_word' id='word_1_486' title='bbox 837 3545 1089 3616; x_wconf 73' lang='lat' dir='ltr'><strong>sepulcro</strong></span> <span class='ocrx_word' id='word_1_487' title='bbox 1120 3537 1291 3607; x_wconf 85' lang='lat' dir='ltr'><strong>patris</strong></span> <span class='ocrx_word' id='word_1_488' title='bbox 1316 3530 1619 3600; x_wconf 85' lang='lat' dir='ltr'><strong>depositus.</strong></span> <span class='ocrx_word' id='word_1_489' title='bbox 1646 3522 1761 3577; x_wconf 89' lang='lat' dir='ltr'>Sub</span> <span class='ocrx_word' id='word_1_490' title='bbox 1794 3534 1858 3575; x_wconf 88' lang='lat' dir='ltr'>eo</span> <span class='ocrx_word' id='word_1_491' title='bbox 1889 3516 2161 3570; x_wconf 81' lang='lat' dir='ltr'><strong>Homerus</strong></span> <span class='ocrx_word' id='word_1_492' title='bbox 2189 3512 2291 3564; x_wconf 91' lang='lat' dir='ltr'><strong>fuit</strong></span> 
     </span>
    </p>
   </div>
   <div class='ocr_carea' id='block_1_69' title="bbox 709 3636 1095 3699">
    <p class='ocr_par' dir='ltr' id='par_1_69' title="bbox 709 3636 1095 3699">
     <span class='ocr_line' id='line_1_69' title="bbox 709 3636 1095 3699; baseline -0.026 -2"><span class='ocrx_word' id='word_1_493' title='bbox 709 3660 774 3699; x_wconf 88' lang='lat' dir='ltr'>ac</span> <span class='ocrx_word' id='word_1_494' title='bbox 800 3636 1095 3695; x_wconf 85' lang='lat' dir='ltr'><strong>Hesiodus.</strong></span> 
     </span>
    </p>
   </div>
   <div class='ocr_carea' id='block_1_70' title="bbox 710 3709 1759 3810">
    <p class='ocr_par' dir='ltr' id='par_1_70' title="bbox 710 3709 1759 3810">
     <span class='ocr_line' id='line_1_70' title="bbox 710 3709 1759 3810; baseline -0.084 2"><span class='ocrx_word' id='word_1_495' title='bbox 710 3742 777 3810; x_wconf 78' lang='grc' dir='ltr'>ἣν</span> <span class='ocrx_word' id='word_1_496' title='bbox 814 3729 1164 3800; x_wconf 70' lang='grc' dir='ltr'>ἐξελεξάμην.</span> <span class='ocrx_word' id='word_1_497' title='bbox 1209 3719 1319 3773; x_wconf 72' lang='grc' dir='ltr'>Καὶ</span> <span class='ocrx_word' id='word_1_498' title='bbox 1373 3718 1560 3786; x_wconf 39' lang='lat' dir='ltr'>«nam,</span> <span class='ocrx_word' id='word_1_499' title='bbox 1617 3709 1759 3779; x_wconf 49' lang='grc' dir='ltr'>κύρι</span> 
     </span>
    </p>
   </div>
   <div class='ocr_carea' id='block_1_71' title="bbox 2392 3234 3971 3306">
    <p class='ocr_par' dir='ltr' id='par_1_71' title="bbox 2392 3234 3971 3306">
     <span class='ocr_line' id='line_1_71' title="bbox 2392 3234 3971 3306; baseline -0.009 -11"><span class='ocrx_word' id='word_1_500' title='bbox 2392 3241 2610 3303; x_wconf 84' lang='grc' dir='ltr'>ὲντολάς</span> <span class='ocrx_word' id='word_1_501' title='bbox 2664 3242 2756 3293; x_wconf 65' lang='grc' dir='ltr'>καὶ</span> <span class='ocrx_word' id='word_1_502' title='bbox 2806 3240 2874 3292; x_wconf 72' lang='grc' dir='ltr'>τὰ</span> <span class='ocrx_word' id='word_1_503' title='bbox 2914 3236 3315 3306; x_wconf 81' lang='grc' dir='ltr'>προστάγματα</span> <span class='ocrx_word' id='word_1_504' title='bbox 3371 3234 3406 3287; x_wconf 79' lang='grc' dir='ltr'>ἃ</span> <span class='ocrx_word' id='word_1_505' title='bbox 3438 3234 3798 3300; x_wconf 77' lang='grc' dir='ltr'>ἐνετειλάμην</span> <span class='ocrx_word' id='word_1_506' title='bbox 3850 3246 3971 3291; x_wconf 86' lang='grc' dir='ltr'>σοι,</span> 
     </span>
    </p>
   </div>
   <div class='ocr_carea' id='block_1_72' title="bbox 2391 3321 3977 3403">
    <p class='ocr_par' dir='ltr' id='par_1_72' title="bbox 2391 3321 3977 3403">
     <span class='ocr_line' id='line_1_72' title="bbox 2391 3321 3977 3403; baseline -0.01 -19"><span class='ocrx_word' id='word_1_507' title='bbox 2391 3332 2740 3403; x_wconf 78' lang='grc' dir='ltr'>διαῤῥήσσων</span> <span class='ocrx_word' id='word_1_508' title='bbox 2776 3327 3055 3399; x_wconf 78' lang='grc' dir='ltr'>διαρῥήξω</span> <span class='ocrx_word' id='word_1_509' title='bbox 3087 3327 3185 3395; x_wconf 80' lang='grc' dir='ltr'>τὴν</span> <span class='ocrx_word' id='word_1_510' title='bbox 3226 3323 3502 3393; x_wconf 81' lang='grc' dir='ltr'>βασιλείαν</span> <span class='ocrx_word' id='word_1_511' title='bbox 3541 3324 3605 3374; x_wconf 77' lang='grc' dir='ltr'>ἐκ</span> <span class='ocrx_word' id='word_1_512' title='bbox 3642 3321 3823 3390; x_wconf 81' lang='grc' dir='ltr'>χειρός</span> <span class='ocrx_word' id='word_1_513' title='bbox 3856 3334 3977 3381; x_wconf 78' lang='grc' dir='ltr'>σου⁹</span> 
     </span>
    </p>
   </div>
   <div class='ocr_carea' id='block_1_73' title="bbox 2393 3408 3979 3488">
    <p class='ocr_par' dir='ltr' id='par_1_73' title="bbox 2393 3408 3979 3488">
     <span class='ocr_line' id='line_1_73' title="bbox 2393 3408 3979 3488; baseline -0.012 -12"><span class='ocrx_word' id='word_1_514' title='bbox 2393 3424 2487 3477; x_wconf 72' lang='grc' dir='ltr'>καὶ</span> <span class='ocrx_word' id='word_1_515' title='bbox 2520 3420 2676 3475; x_wconf 83' lang='grc' dir='ltr'>δώσω</span> <span class='ocrx_word' id='word_1_516' title='bbox 2710 3420 2879 3488; x_wconf 80' lang='grc' dir='ltr'>αὐτὴν</span> <span class='ocrx_word' id='word_1_517' title='bbox 2917 3417 2993 3486; x_wconf 83' lang='grc' dir='ltr'>τῷ</span> <span class='ocrx_word' id='word_1_518' title='bbox 3016 3416 3186 3485; x_wconf 82' lang='grc' dir='ltr'>δούλῳ</span> <span class='ocrx_word' id='word_1_519' title='bbox 3234 3431 3329 3466; x_wconf 90' lang='grc' dir='ltr'>σου</span> <span class='ocrx_word' id='word_1_520' title='bbox 3355 3429 3369 3443; x_wconf 86' lang='grc'>⁶</span> <span class='ocrx_word' id='word_1_521' title='bbox 3407 3412 3544 3480; x_wconf 81' lang='grc' dir='ltr'>πλὴν</span> <span class='ocrx_word' id='word_1_522' title='bbox 3589 3413 3645 3463; x_wconf 78' lang='grc' dir='ltr'>ἐν</span> <span class='ocrx_word' id='word_1_523' title='bbox 3674 3411 3794 3472; x_wconf 85' lang='grc' dir='ltr'>ταῖς</span> <span class='ocrx_word' id='word_1_524' title='bbox 3838 3408 3979 3476; x_wconf 78' lang='grc' dir='ltr'>ἠμέ-</span> 
     </span>
    </p>
   </div>
   <div class='ocr_carea' id='block_1_74' title="bbox 2395 3500 3976 3585">
    <p class='ocr_par' dir='ltr' id='par_1_74' title="bbox 2395 3500 3976 3585">
     <span class='ocr_line' id='line_1_74' title="bbox 2395 3500 3976 3585; baseline -0.011 -19"><span class='ocrx_word' id='word_1_525' title='bbox 2395 3532 2516 3585; x_wconf 87' lang='grc' dir='ltr'>ραις</span> <span class='ocrx_word' id='word_1_526' title='bbox 2548 3531 2642 3566; x_wconf 89' lang='grc' dir='ltr'>σου</span> <span class='ocrx_word' id='word_1_527' title='bbox 2666 3511 2825 3565; x_wconf 90' lang='grc' dir='ltr'>τοῦτο</span> <span class='ocrx_word' id='word_1_528' title='bbox 2878 3509 2941 3563; x_wconf 86' lang='grc' dir='ltr'>ού</span> <span class='ocrx_word' id='word_1_529' title='bbox 2965 3509 3198 3577; x_wconf 77' lang='grc' dir='ltr'>ποιήσω,</span> <span class='ocrx_word' id='word_1_530' title='bbox 3231 3506 3319 3557; x_wconf 66' lang='grc' dir='ltr'>διὰ</span> <span class='ocrx_word' id='word_1_531' title='bbox 3350 3503 3512 3556; x_wconf 77' lang='grc' dir='ltr'>Δασὶδ</span> <span class='ocrx_word' id='word_1_532' title='bbox 3544 3503 3633 3553; x_wconf 85' lang='grc' dir='ltr'>τὸν</span> <span class='ocrx_word' id='word_1_533' title='bbox 3656 3500 3837 3553; x_wconf 84' lang='grc' dir='ltr'>δοῦλόν</span> <span class='ocrx_word' id='word_1_534' title='bbox 3872 3514 3976 3567; x_wconf 81' lang='grc' dir='ltr'>μου</span> 
     </span>
    </p>
   </div>
   <div class='ocr_carea' id='block_1_75' title="bbox 2393 3589 3975 3671">
    <p class='ocr_par' dir='ltr' id='par_1_75' title="bbox 2393 3589 3975 3671">
     <span class='ocr_line' id='line_1_75' title="bbox 2393 3589 3975 3671; baseline -0.011 -16"><span class='ocrx_word' id='word_1_535' title='bbox 2393 3603 2487 3656; x_wconf 67' lang='grc' dir='ltr'>καὶ</span> <span class='ocrx_word' id='word_1_536' title='bbox 2516 3601 2729 3671; x_wconf 79' lang='grc' dir='ltr'>πατέρα</span> <span class='ocrx_word' id='word_1_537' title='bbox 2754 3616 2870 3664; x_wconf 86' lang='grc' dir='ltr'>σου,</span> <span class='ocrx_word' id='word_1_538' title='bbox 2898 3598 2996 3651; x_wconf 73' lang='grc' dir='ltr'>καὶ</span> <span class='ocrx_word' id='word_1_539' title='bbox 3021 3595 3109 3649; x_wconf 85' lang='grc' dir='ltr'>διὰ</span> <span class='ocrx_word' id='word_1_540' title='bbox 3144 3592 3498 3662; x_wconf 79' lang='grc' dir='ltr'>Ἰερουσαλὴμ</span> <span class='ocrx_word' id='word_1_541' title='bbox 3525 3592 3625 3659; x_wconf 79' lang='grc' dir='ltr'>τὴν</span> <span class='ocrx_word' id='word_1_542' title='bbox 3666 3589 3817 3640; x_wconf 77' lang='grc' dir='ltr'>πόλιν</span> <span class='ocrx_word' id='word_1_543' title='bbox 3848 3603 3975 3656; x_wconf 85' lang='grc' dir='ltr'>μου,</span> 
     </span>
    </p>
   </div>
   <div class='ocr_carea' id='block_1_76' title="bbox 1762 3678 3980 3773">
    <p class='ocr_par' dir='ltr' id='par_1_76' title="bbox 1762 3678 3980 3773">
     <span class='ocr_line' id='line_1_76' title="bbox 1762 3678 3980 3773; baseline -0.011 -16"><span class='ocrx_word' id='word_1_544' title='bbox 1762 3722 1819 3768; x_wconf 82' lang='grc' dir='ltr'>ος</span> <span class='ocrx_word' id='word_1_545' title='bbox 1858 3704 1934 3773; x_wconf 85' lang='grc' dir='ltr'>τῷ</span> <span class='ocrx_word' id='word_1_546' title='bbox 1974 3697 2284 3770; x_wconf 84' lang='grc' dir='ltr'>Σολομῶντι</span> <span class='ocrx_word' id='word_1_547' title='bbox 2325 3696 2501 3749; x_wconf 77' lang='grc' dir='ltr'>Σατάν</span> <span class='ocrx_word' id='word_1_548' title='bbox 2538 3694 2706 3763; x_wconf 79' lang='grc' dir='ltr'>Ἀδερ</span> <span class='ocrx_word' id='word_1_549' title='bbox 2751 3690 2844 3744; x_wconf 77' lang='grc' dir='ltr'>τὸν</span> <span class='ocrx_word' id='word_1_550' title='bbox 2898 3688 3195 3756; x_wconf 79' lang='grc' dir='ltr'>ἰδουμαίον</span> <span class='ocrx_word' id='word_1_551' title='bbox 3235 3686 3332 3737; x_wconf 75' lang='grc' dir='ltr'>καὶ</span> <span class='ocrx_word' id='word_1_552' title='bbox 3371 3684 3460 3736; x_wconf 81' lang='grc' dir='ltr'>τὸν</span> <span class='ocrx_word' id='word_1_553' title='bbox 3508 3679 3813 3750; x_wconf 76' lang='grc' dir='ltr'>Ἐδρααζάρ</span> <span class='ocrx_word' id='word_1_554' title='bbox 3883 3678 3980 3746; x_wconf 86' lang='grc' dir='ltr'>βα.</span> 
     </span>
    </p>
   </div>
   <div class='ocr_carea' id='block_1_77' title="bbox 711 3772 3977 3885">
    <p class='ocr_par' dir='ltr' id='par_1_77' title="bbox 711 3772 3977 3885">
     <span class='ocr_line' id='line_1_77' title="bbox 711 3772 3977 3885; baseline -0.023 -2"><span class='ocrx_word' id='word_1_555' title='bbox 711 3772 872 3885; x_wconf 54' lang='grc' dir='ltr'>ἓιλέα.</span> <span class='ocrx_word' id='word_1_556' title='bbox 896 3772 1219 3883; x_wconf 55' lang='grc' dir='ltr'>Σοῦόδι,⁸καὶ</span> <span class='ocrx_word' id='word_1_557' title='bbox 1246 3772 1745 3880; x_wconf 43' lang='grc' dir='ltr'>ἦσαν’τῷΙΊσραὴλ</span> <span class='ocrx_word' id='word_1_558' title='bbox 1774 3772 1947 3851; x_wconf 79' lang='grc' dir='ltr'>Σατάν</span> <span class='ocrx_word' id='word_1_559' title='bbox 1974 3795 2152 3855; x_wconf 82' lang='grc' dir='ltr'>πάσας</span> <span class='ocrx_word' id='word_1_560' title='bbox 2184 3790 2284 3851; x_wconf 85' lang='grc' dir='ltr'>τὰς</span> <span class='ocrx_word' id='word_1_561' title='bbox 2308 3788 2520 3861; x_wconf 79' lang='grc' dir='ltr'>ἡμέρας</span> <span class='ocrx_word' id='word_1_562' title='bbox 2543 3785 2907 3855; x_wconf 85' lang='grc' dir='ltr'>Σολομῶντος.</span> <span class='ocrx_word' id='word_1_563' title='bbox 2943 3780 3053 3835; x_wconf 78' lang='grc' dir='ltr'>Καὶ</span> <span class='ocrx_word' id='word_1_564' title='bbox 3083 3778 3322 3834; x_wconf 76' lang='grc' dir='ltr'>ἀπέθανε</span> <span class='ocrx_word' id='word_1_565' title='bbox 3382 3775 3632 3845; x_wconf 76' lang='grc' dir='ltr'>Σολομῶν</span> <span class='ocrx_word' id='word_1_566' title='bbox 3693 3772 3829 3827; x_wconf 63' lang='grc' dir='ltr'>ἑτῶν</span> <span class='ocrx_word' id='word_1_567' title='bbox 3871 3788 3977 3844; x_wconf 51' lang='grc' dir='ltr'><strong>ογ..</strong></span> 
     </span>
    </p>
   </div>
   <div class='ocr_carea' id='block_1_78' title="bbox 710 3875 2978 3981">
    <p class='ocr_par' dir='ltr' id='par_1_78' title="bbox 710 3875 2978 3981">
     <span class='ocr_line' id='line_1_78' title="bbox 710 3875 2978 3981; baseline -0.021 -5"><span class='ocrx_word' id='word_1_568' title='bbox 710 3875 1032 3981; x_wconf 32' lang='grc' dir='ltr'>καλὴ-ἐτάφη</span> <span class='ocrx_word' id='word_1_569' title='bbox 1070 3875 1211 3976; x_wconf 68' lang='grc' dir='ltr'>μετά</span> <span class='ocrx_word' id='word_1_570' title='bbox 1240 3875 1335 3955; x_wconf 68' lang='grc' dir='ltr'>τοῦ</span> <span class='ocrx_word' id='word_1_571' title='bbox 1376 3895 1581 3967; x_wconf 82' lang='grc' dir='ltr'>πατρὸς</span> <span class='ocrx_word' id='word_1_572' title='bbox 1629 3890 1819 3946; x_wconf 84' lang='grc' dir='ltr'>αὐτοῦ.</span> <span class='ocrx_word' id='word_1_573' title='bbox 1860 3908 1877 3941; x_wconf 71' lang='grc' dir='ltr'>ι</span> <span class='ocrx_word' id='word_1_574' title='bbox 1922 3887 2037 3956; x_wconf 81' lang='grc' dir='ltr'>Ἐφ’</span> <span class='ocrx_word' id='word_1_575' title='bbox 2093 3881 2155 3939; x_wconf 82' lang='grc' dir='ltr'>οῦ</span> <span class='ocrx_word' id='word_1_576' title='bbox 2194 3882 2263 3957; x_wconf 76' lang='grc' dir='ltr'>ἦν</span> <span class='ocrx_word' id='word_1_577' title='bbox 2304 3887 2554 3956; x_wconf 86' lang='grc' dir='ltr'>Ὅμηρος</span> <span class='ocrx_word' id='word_1_578' title='bbox 2579 3880 2675 3934; x_wconf 72' lang='grc' dir='ltr'>καὶ</span> <span class='ocrx_word' id='word_1_579' title='bbox 2718 3875 2978 3939; x_wconf 86' lang='grc' dir='ltr'>Ἡσίοδος.</span> 
     </span>
    </p>
   </div>
   <div class='ocr_carea' id='block_1_79' title="bbox 788 3983 2288 4081">
    <p class='ocr_par' dir='ltr' id='par_1_79' title="bbox 788 3983 2288 4081">
     <span class='ocr_line' id='line_1_79' title="bbox 788 3983 2288 4081; baseline -0.028 -17"><span class='ocrx_word' id='word_1_580' title='bbox 788 4010 943 4081; x_wconf 76' lang='lat'>171</span> <span class='ocrx_word' id='word_1_581' title='bbox 985 4004 1209 4057; x_wconf 79' lang='lat' dir='ltr'><strong>Miretur</strong></span> <span class='ocrx_word' id='word_1_582' title='bbox 1254 3993 1452 4064; x_wconf 87' lang='lat' dir='ltr'><strong>aliquis</strong></span> <span class='ocrx_word' id='word_1_583' title='bbox 1506 3988 1714 4058; x_wconf 91' lang='lat' dir='ltr'><strong>optimo</strong></span> <span class='ocrx_word' id='word_1_584' title='bbox 1758 3986 1882 4054; x_wconf 84' lang='lat' dir='ltr'><strong>jure</strong></span> <span class='ocrx_word' id='word_1_585' title='bbox 1919 3983 2052 4053; x_wconf 83' lang='lat' dir='ltr'><strong>quid</strong></span> <span class='ocrx_word' id='word_1_586' title='bbox 2105 3997 2288 4035; x_wconf 58' lang='lat' dir='ltr'><strong>causa;</strong></span> 
     </span>
    </p>
   </div>
   <div class='ocr_carea' id='block_1_80' title="bbox 715 4075 2293 4168">
    <p class='ocr_par' dir='ltr' id='par_1_80' title="bbox 715 4075 2293 4168">
     <span class='ocr_line' id='line_1_80' title="bbox 715 4075 2293 4168; baseline -0.032 -6"><span class='ocrx_word' id='word_1_587' title='bbox 715 4075 882 4161; x_wconf 60' lang='lat' dir='ltr'><strong>lue—tit</strong></span> <span class='ocrx_word' id='word_1_588' title='bbox 904 4075 1066 4168; x_wconf 26' lang='lat' dir='ltr'><strong>iquod</strong></span> <span class='ocrx_word' id='word_1_589' title='bbox 1105 4102 1159 4146; x_wconf 88' lang='lat' dir='ltr'>et</span> <span class='ocrx_word' id='word_1_590' title='bbox 1194 4085 1576 4143; x_wconf 76' lang='lat' dir='ltr'><strong>divinissimus</strong></span> <span class='ocrx_word' id='word_1_591' title='bbox 1604 4081 1779 4133; x_wconf 80' lang='lat' dir='ltr'><strong>Moses</strong></span> <span class='ocrx_word' id='word_1_592' title='bbox 1812 4084 1866 4129; x_wconf 90' lang='lat' dir='ltr'>et</span> <span class='ocrx_word' id='word_1_593' title='bbox 1890 4076 1977 4128; x_wconf 87' lang='lat' dir='ltr'><strong>hic</strong></span> <span class='ocrx_word' id='word_1_594' title='bbox 2003 4075 2293 4144; x_wconf 59' lang='lat' dir='ltr'><strong>sapientis.</strong></span> 
     </span>
    </p>
   </div>
   <div class='ocr_carea' id='block_1_81' title="bbox 716 4163 2293 4252">
    <p class='ocr_par' dir='ltr' id='par_1_81' title="bbox 716 4163 2293 4252">
     <span class='ocr_line' id='line_1_81' title="bbox 716 4163 2293 4252; baseline -0.021 0"><span class='ocrx_word' id='word_1_595' title='bbox 716 4201 888 4252; x_wconf 83' lang='lat' dir='ltr'><strong>simus</strong></span> <span class='ocrx_word' id='word_1_596' title='bbox 936 4191 1223 4247; x_wconf 80' lang='lat' dir='ltr'><strong>Solomon,</strong></span> <span class='ocrx_word' id='word_1_597' title='bbox 1252 4195 1377 4234; x_wconf 90' lang='lat' dir='ltr'>cum</span> <span class='ocrx_word' id='word_1_598' title='bbox 1412 4185 1711 4242; x_wconf 89' lang='lat' dir='ltr'><strong>utrumque</strong></span> <span class='ocrx_word' id='word_1_599' title='bbox 1745 4183 1937 4225; x_wconf 89' lang='lat' dir='ltr'><strong>eorum</strong></span> <span class='ocrx_word' id='word_1_600' title='bbox 1968 4174 2098 4219; x_wconf 86' lang='lat' dir='ltr'><strong>ante</strong></span> <span class='ocrx_word' id='word_1_601' title='bbox 2151 4163 2293 4219; x_wconf 88' lang='lat' dir='ltr'><strong>Deus</strong></span> 
     </span>
    </p>
   </div>
   <div class='ocr_carea' id='block_1_82' title="bbox 715 4257 2291 4345">
    <p class='ocr_par' dir='ltr' id='par_1_82' title="bbox 715 4257 2291 4345">
     <span class='ocr_line' id='line_1_82' title="bbox 715 4257 2291 4345; baseline -0.025 0"><span class='ocrx_word' id='word_1_602' title='bbox 715 4300 867 4345; x_wconf 82' lang='lat' dir='ltr'><strong>tmto</strong></span> <span class='ocrx_word' id='word_1_603' title='bbox 901 4286 1108 4338; x_wconf 85' lang='lat' dir='ltr'><strong>honore</strong></span> <span class='ocrx_word' id='word_1_604' title='bbox 1140 4287 1303 4345; x_wconf 89' lang='lat' dir='ltr'><strong>atque</strong></span> <span class='ocrx_word' id='word_1_605' title='bbox 1336 4267 1729 4342; x_wconf 86' lang='lat' dir='ltr'><strong>procuratione</strong></span> <span class='ocrx_word' id='word_1_606' title='bbox 1760 4262 2023 4332; x_wconf 77' lang='lat' dir='ltr'><strong>dignatus</strong></span> <span class='ocrx_word' id='word_1_607' title='bbox 2076 4257 2291 4319; x_wconf 78' lang='lat' dir='ltr'><strong>fuisset,</strong></span> 
     </span>
    </p>
   </div>
   <div class='ocr_carea' id='block_1_83' title="bbox 714 4348 2295 4438">
    <p class='ocr_par' dir='ltr' id='par_1_83' title="bbox 714 4348 2295 4438">
     <span class='ocr_line' id='line_1_83' title="bbox 714 4348 2295 4438; baseline -0.023 0"><span class='ocrx_word' id='word_1_608' title='bbox 714 4382 931 4438; x_wconf 85' lang='lat' dir='ltr'><strong>tandem</strong></span> <span class='ocrx_word' id='word_1_609' title='bbox 966 4385 1147 4429; x_wconf 87' lang='lat' dir='ltr'><strong>tamen</strong></span> <span class='ocrx_word' id='word_1_610' title='bbox 1179 4370 1338 4430; x_wconf 85' lang='lat' dir='ltr'><strong>alter,</strong></span> <span class='ocrx_word' id='word_1_611' title='bbox 1368 4363 1460 4418; x_wconf 89' lang='lat' dir='ltr'>Dei</span> <span class='ocrx_word' id='word_1_612' title='bbox 1498 4356 1875 4429; x_wconf 77' lang='lat' dir='ltr'><strong>indignatione</strong></span> <span class='ocrx_word' id='word_1_613' title='bbox 1910 4361 2074 4420; x_wconf 87' lang='lat' dir='ltr'><strong>atque</strong></span> <span class='ocrx_word' id='word_1_614' title='bbox 2105 4348 2295 4404; x_wconf 89' lang='lat' dir='ltr'><strong>dolore</strong></span> 
     </span>
    </p>
   </div>
   <div class='ocr_carea' id='block_1_84' title="bbox 714 4440 2293 4534">
    <p class='ocr_par' dir='ltr' id='par_1_84' title="bbox 714 4440 2293 4534">
     <span class='ocr_line' id='line_1_84' title="bbox 714 4440 2293 4534; baseline -0.025 -4"><span class='ocrx_word' id='word_1_615' title='bbox 714 4472 974 4532; x_wconf 74' lang='lat' dir='ltr'><strong>excitato,</strong></span> <span class='ocrx_word' id='word_1_616' title='bbox 1016 4462 1299 4534; x_wconf 74' lang='lat' dir='ltr'><strong>promissae</strong></span> <span class='ocrx_word' id='word_1_617' title='bbox 1333 4455 1437 4509; x_wconf 87' lang='lat' dir='ltr'><strong>sibi</strong></span> <span class='ocrx_word' id='word_1_618' title='bbox 1468 4452 1542 4506; x_wconf 90' lang='lat' dir='ltr'>rei</span> <span class='ocrx_word' id='word_1_619' title='bbox 1574 4451 1752 4519; x_wconf 85' lang='lat' dir='ltr'><strong>impos</strong></span> <span class='ocrx_word' id='word_1_620' title='bbox 1782 4446 1959 4499; x_wconf 85' lang='lat' dir='ltr'><strong>factus</strong></span> <span class='ocrx_word' id='word_1_621' title='bbox 1985 4449 2103 4507; x_wconf 87' lang='lat' dir='ltr'><strong>est;</strong></span> <span class='ocrx_word' id='word_1_622' title='bbox 2134 4440 2293 4502; x_wconf 87' lang='lat' dir='ltr'><strong>alter,</strong></span> 
     </span>
    </p>
   </div>
   <div class='ocr_carea' id='block_1_85' title="bbox 716 4578 770 4615">
    <p class='ocr_par' dir='ltr' id='par_1_85' title="bbox 716 4578 770 4615">
     <span class='ocr_line' id='line_1_85' title="bbox 716 4578 770 4615; baseline -0.019 0"><span class='ocrx_word' id='word_1_623' title='bbox 716 4578 770 4615; x_wconf 80' lang='lat' dir='ltr'><strong>Cl</strong></span> 
     </span>
    </p>
   </div>
   <div class='ocr_carea' id='block_1_86' title="bbox 719 4622 2297 4721">
    <p class='ocr_par' dir='ltr' id='par_1_86' title="bbox 719 4622 2297 4721">
     <span class='ocr_line' id='line_1_86' title="bbox 719 4622 2297 4721; baseline -0.029 -14"><span class='ocrx_word' id='word_1_624' title='bbox 719 4652 1053 4721; x_wconf 90' lang='lat' dir='ltr'><strong>optimorum</strong></span> <span class='ocrx_word' id='word_1_625' title='bbox 1089 4642 1339 4695; x_wconf 88' lang='lat' dir='ltr'><strong>laborum</strong></span> <span class='ocrx_word' id='word_1_626' title='bbox 1376 4634 1663 4693; x_wconf 85' lang='lat' dir='ltr'><strong>multatus,</strong></span> <span class='ocrx_word' id='word_1_627' title='bbox 1689 4628 1929 4682; x_wconf 86' lang='lat' dir='ltr'><strong>animam</strong></span> <span class='ocrx_word' id='word_1_628' title='bbox 1957 4637 2178 4693; x_wconf 90' lang='lat' dir='ltr'><strong>quoque</strong></span> <span class='ocrx_word' id='word_1_629' title='bbox 2210 4622 2297 4674; x_wconf 89' lang='lat' dir='ltr'>in-</span> 
     </span>
    </p>
   </div>
   <div class='ocr_carea' id='block_1_87' title="bbox 718 4718 2299 4810">
    <p class='ocr_par' dir='ltr' id='par_1_87' title="bbox 718 4718 2299 4810">
     <span class='ocr_line' id='line_1_87' title="bbox 718 4718 2299 4810; baseline -0.021 -13"><span class='ocrx_word' id='word_1_630' title='bbox 718 4718 883 4810; x_wconf 83' lang='lat' dir='ltr'><strong>super</strong></span> <span class='ocrx_word' id='word_1_631' title='bbox 906 4733 1163 4806; x_wconf 92' lang='lat' dir='ltr'><strong>perdidit.</strong></span> <span class='ocrx_word' id='word_1_632' title='bbox 1195 4729 1468 4794; x_wconf 87' lang='lat' dir='ltr'><strong>Quorsum</strong></span> <span class='ocrx_word' id='word_1_633' title='bbox 1486 4722 1635 4778; x_wconf 88' lang='lat' dir='ltr'><strong>enim</strong></span> <span class='ocrx_word' id='word_1_634' title='bbox 1657 4718 1971 4775; x_wconf 83' lang='lat' dir='ltr'><strong>reciderunt</strong></span> <span class='ocrx_word' id='word_1_635' title='bbox 2000 4722 2151 4767; x_wconf 91' lang='lat' dir='ltr'><strong>tanta</strong></span> <span class='ocrx_word' id='word_1_636' title='bbox 2174 4726 2299 4767; x_wconf 89' lang='lat' dir='ltr'>cum</span> 
     </span>
    </p>
   </div>
   <div class='ocr_carea' id='block_1_88' title="bbox 721 4805 2300 4886">
    <p class='ocr_par' dir='ltr' id='par_1_88' title="bbox 721 4805 2300 4886">
     <span class='ocr_line' id='line_1_88' title="bbox 721 4805 2300 4886; baseline -0.02 1"><span class='ocrx_word' id='word_1_637' title='bbox 721 4805 831 4886; x_wconf 68' lang='lat' dir='ltr'>Deo</span> <span class='ocrx_word' id='word_1_638' title='bbox 875 4805 1243 4886; x_wconf 80' lang='lat' dir='ltr'><strong>familiaritas,</strong></span> <span class='ocrx_word' id='word_1_639' title='bbox 1277 4825 1429 4872; x_wconf 88' lang='lat' dir='ltr'><strong>tanta</strong></span> <span class='ocrx_word' id='word_1_640' title='bbox 1457 4815 1512 4867; x_wconf 92' lang='lat' dir='ltr'><strong>in</strong></span> <span class='ocrx_word' id='word_1_641' title='bbox 1538 4828 1603 4868; x_wconf 92' lang='lat' dir='ltr'>eo</span> <span class='ocrx_word' id='word_1_642' title='bbox 1631 4807 2009 4878; x_wconf 85' lang='lat' dir='ltr'><strong>compellando</strong></span> <span class='ocrx_word' id='word_1_643' title='bbox 2053 4805 2300 4865; x_wconf 87' lang='lat' dir='ltr'><strong>libertas,</strong></span> 
     </span>
    </p>
   </div>
   <div class='ocr_carea' id='block_1_89' title="bbox 719 4896 2305 4988">
    <p class='ocr_par' dir='ltr' id='par_1_89' title="bbox 719 4896 2305 4988">
     <span class='ocr_line' id='line_1_89' title="bbox 719 4896 2305 4988; baseline -0.021 -9"><span class='ocrx_word' id='word_1_644' title='bbox 719 4933 801 4979; x_wconf 88' lang='lat' dir='ltr'>tot</span> <span class='ocrx_word' id='word_1_645' title='bbox 828 4920 1076 4988; x_wconf 86' lang='lat' dir='ltr'><strong>tantique</strong></span> <span class='ocrx_word' id='word_1_646' title='bbox 1110 4915 1349 4975; x_wconf 82' lang='lat' dir='ltr'><strong>labores,</strong></span> <span class='ocrx_word' id='word_1_647' title='bbox 1398 4922 1461 4961; x_wconf 92' lang='lat' dir='ltr'>ac</span> <span class='ocrx_word' id='word_1_648' title='bbox 1489 4915 1596 4959; x_wconf 87' lang='lat' dir='ltr'>tam</span> <span class='ocrx_word' id='word_1_649' title='bbox 1632 4902 1816 4972; x_wconf 78' lang='lat' dir='ltr'><strong>gravia</strong></span> <span class='ocrx_word' id='word_1_650' title='bbox 1857 4908 1911 4953; x_wconf 90' lang='lat' dir='ltr'>et</span> <span class='ocrx_word' id='word_1_651' title='bbox 1932 4896 2098 4951; x_wconf 87' lang='lat' dir='ltr'><strong>multa</strong></span> <span class='ocrx_word' id='word_1_652' title='bbox 2128 4904 2305 4950; x_wconf 85' lang='lat' dir='ltr'><strong>certa-</strong></span> 
     </span>
    </p>
   </div>
   <div class='ocr_carea' id='block_1_90' title="bbox 725 4983 2301 5070">
    <p class='ocr_par' dir='ltr' id='par_1_90' title="bbox 725 4983 2301 5070">
     <span class='ocr_line' id='line_1_90' title="bbox 725 4983 2301 5070; baseline -0.022 -1"><span class='ocrx_word' id='word_1_653' title='bbox 725 5017 871 5069; x_wconf 89' lang='lat' dir='ltr'><strong>mina</strong></span> <span class='ocrx_word' id='word_1_654' title='bbox 898 4983 1071 5066; x_wconf 81' lang='lat' dir='ltr'><strong>divini</strong></span> <span class='ocrx_word' id='word_1_655' title='bbox 1096 5001 1306 5059; x_wconf 81' lang='lat' dir='ltr'><strong>Mosis?</strong></span> <span class='ocrx_word' id='word_1_656' title='bbox 1338 5015 1461 5070; x_wconf 65' lang='lat' dir='ltr'><strong>quae</strong></span> <span class='ocrx_word' id='word_1_657' title='bbox 1492 4996 1676 5052; x_wconf 91' lang='lat' dir='ltr'><strong>omnia</strong></span> <span class='ocrx_word' id='word_1_658' title='bbox 1711 4991 1780 5046; x_wconf 89' lang='lat' dir='ltr'>ob</span> <span class='ocrx_word' id='word_1_659' title='bbox 1820 4995 2107 5059; x_wconf 77' lang='lat' dir='ltr'><strong>peceatum</strong></span> <span class='ocrx_word' id='word_1_660' title='bbox 2156 4983 2301 5054; x_wconf 87' lang='lat' dir='ltr'><strong>apud</strong></span> 
     </span>
    </p>
   </div>
   <div class='ocr_carea' id='block_1_91' title="bbox 724 5084 2305 5177">
    <p class='ocr_par' dir='ltr' id='par_1_91' title="bbox 724 5084 2305 5177">
     <span class='ocr_line' id='line_1_91' title="bbox 724 5084 2305 5177; baseline -0.022 -14"><span class='ocrx_word' id='word_1_661' title='bbox 724 5122 920 5177; x_wconf 86' lang='lat' dir='ltr'><strong>aquam</strong></span> <span class='ocrx_word' id='word_1_662' title='bbox 979 5099 1148 5170; x_wconf 75' lang='lat' dir='ltr'><strong>jurgii</strong></span> <span class='ocrx_word' id='word_1_663' title='bbox 1209 5095 1509 5149; x_wconf 80' lang='lat' dir='ltr'><strong>admissum</strong></span> <span class='ocrx_word' id='word_1_664' title='bbox 1552 5084 1869 5158; x_wconf 88' lang='lat' dir='ltr'><strong>posthabita</strong></span> <span class='ocrx_word' id='word_1_665' title='bbox 1931 5088 2098 5145; x_wconf 89' lang='lat' dir='ltr'><strong>sunt;</strong></span> <span class='ocrx_word' id='word_1_666' title='bbox 2140 5086 2305 5146; x_wconf 90' lang='lat' dir='ltr'><strong>atque</strong></span> 
     </span>
    </p>
   </div>
   <div class='ocr_carea' id='block_1_92' title="bbox 725 5170 2303 5270">
    <p class='ocr_par' dir='ltr' id='par_1_92' title="bbox 725 5170 2303 5270">
     <span class='ocr_line' id='line_1_92' title="bbox 725 5170 2303 5270; baseline -0.022 -15"><span class='ocrx_word' id='word_1_667' title='bbox 725 5202 845 5270; x_wconf 85' lang='lat' dir='ltr'><strong>ipse</strong></span> <span class='ocrx_word' id='word_1_668' title='bbox 876 5194 1108 5250; x_wconf 91' lang='lat' dir='ltr'><strong>introitu</strong></span> <span class='ocrx_word' id='word_1_669' title='bbox 1153 5191 1210 5245; x_wconf 90' lang='lat' dir='ltr'><strong>in</strong></span> <span class='ocrx_word' id='word_1_670' title='bbox 1243 5184 1574 5257; x_wconf 87' lang='lat' dir='ltr'><strong>promissam</strong></span> <span class='ocrx_word' id='word_1_671' title='bbox 1618 5188 1845 5240; x_wconf 87' lang='lat' dir='ltr'><strong>terram,</strong></span> <span class='ocrx_word' id='word_1_672' title='bbox 1889 5175 2053 5227; x_wconf 83' lang='lat' dir='ltr'><strong>ltomo</strong></span> <span class='ocrx_word' id='word_1_673' title='bbox 2098 5170 2303 5239; x_wconf 86' lang='lat' dir='ltr'><strong>justus,</strong></span> 
     </span>
    </p>
   </div>
   <div class='ocr_carea' id='block_1_93' title="bbox 725 5257 2305 5363">
    <p class='ocr_par' dir='ltr' id='par_1_93' title="bbox 725 5257 2305 5363">
     <span class='ocr_line' id='line_1_93' title="bbox 725 5257 2305 5363; baseline -0.024 -15"><span class='ocrx_word' id='word_1_674' title='bbox 725 5257 958 5363; x_wconf 69' lang='lat' dir='ltr'><strong>prorsus</strong></span> <span class='ocrx_word' id='word_1_675' title='bbox 983 5296 1036 5341; x_wconf 90' lang='lat' dir='ltr'>ct</span> <span class='ocrx_word' id='word_1_676' title='bbox 1062 5276 1452 5339; x_wconf 84' lang='lat' dir='ltr'><strong>irretractabili</strong></span> <span class='ocrx_word' id='word_1_677' title='bbox 1481 5271 1756 5328; x_wconf 81' lang='lat' dir='ltr'><strong>sententia</strong></span> <span class='ocrx_word' id='word_1_678' title='bbox 1788 5267 2035 5338; x_wconf 84' lang='lat' dir='ltr'><strong>privatus</strong></span> <span class='ocrx_word' id='word_1_679' title='bbox 2071 5260 2195 5324; x_wconf 89' lang='lat' dir='ltr'><strong>fuit,</strong></span> <span class='ocrx_word' id='word_1_680' title='bbox 2225 5257 2305 5311; x_wconf 87' lang='lat' dir='ltr'>uti</span> 
     </span>
    </p>
   </div>
   <div class='ocr_carea' id='block_1_94' title="bbox 726 5353 2306 5454">
    <p class='ocr_par' dir='ltr' id='par_1_94' title="bbox 726 5353 2306 5454">
     <span class='ocr_line' id='line_1_94' title="bbox 726 5353 2306 5454; baseline -0.022 -15"><span class='ocrx_word' id='word_1_681' title='bbox 726 5397 893 5454; x_wconf 80' lang='lat' dir='ltr'><strong>supra</strong></span> <span class='ocrx_word' id='word_1_682' title='bbox 924 5388 1007 5434; x_wconf 89' lang='lat' dir='ltr'>est</span> <span class='ocrx_word' id='word_1_683' title='bbox 1035 5377 1551 5431; x_wconf 87' lang='lat' dir='ltr'><strong>commemoratum.</strong></span> <span class='ocrx_word' id='word_1_684' title='bbox 1587 5363 1865 5429; x_wconf 84' lang='lat' dir='ltr'><strong>Quorsum</strong></span> <span class='ocrx_word' id='word_1_685' title='bbox 1897 5356 1994 5412; x_wconf 88' lang='lat' dir='ltr'>Dei</span> <span class='ocrx_word' id='word_1_686' title='bbox 2037 5368 2168 5424; x_wconf 75' lang='lat' dir='ltr'><strong>erga</strong></span> <span class='ocrx_word' id='word_1_687' title='bbox 2198 5353 2306 5407; x_wconf 88' lang='lat' dir='ltr'>So-</span> 
     </span>
    </p>
   </div>
   <div class='ocr_carea' id='block_1_95' title="bbox 727 5444 2309 5531">
    <p class='ocr_par' dir='ltr' id='par_1_95' title="bbox 727 5444 2309 5531">
     <span class='ocr_line' id='line_1_95' title="bbox 727 5444 2309 5531; baseline -0.022 0"><span class='ocrx_word' id='word_1_688' title='bbox 727 5444 1002 5531; x_wconf 77' lang='lat' dir='ltr'><strong>lomonem</strong></span> <span class='ocrx_word' id='word_1_689' title='bbox 1028 5482 1179 5523; x_wconf 90' lang='lat' dir='ltr'><strong>amor</strong></span> <span class='ocrx_word' id='word_1_690' title='bbox 1219 5472 1404 5517; x_wconf 88' lang='lat' dir='ltr'><strong>tantus</strong></span> <span class='ocrx_word' id='word_1_691' title='bbox 1432 5467 1694 5526; x_wconf 86' lang='lat' dir='ltr'><strong>tantaque</strong></span> <span class='ocrx_word' id='word_1_692' title='bbox 1719 5453 1894 5524; x_wconf 76' lang='lat' dir='ltr'><strong>gratia</strong></span> <span class='ocrx_word' id='word_1_693' title='bbox 1922 5458 1976 5504; x_wconf 92' lang='lat' dir='ltr'>et</span> <span class='ocrx_word' id='word_1_694' title='bbox 2000 5444 2309 5518; x_wconf 78' lang='lat' dir='ltr'><strong>sapientia?</strong></span> 
     </span>
    </p>
   </div>
   <div class='ocr_carea' id='block_1_96' title="bbox 730 5539 2300 5635">
    <p class='ocr_par' dir='ltr' id='par_1_96' title="bbox 730 5539 2300 5635">
     <span class='ocr_line' id='line_1_96' title="bbox 730 5539 2300 5635; baseline -0.021 -13"><span class='ocrx_word' id='word_1_695' title='bbox 730 5566 872 5635; x_wconf 84' lang='lat' dir='ltr'><strong>Quid</strong></span> <span class='ocrx_word' id='word_1_696' title='bbox 905 5573 1015 5617; x_wconf 88' lang='lat' dir='ltr'>tam</span> <span class='ocrx_word' id='word_1_697' title='bbox 1046 5561 1241 5628; x_wconf 75' lang='lat' dir='ltr'><strong>ingens</strong></span> <span class='ocrx_word' id='word_1_698' title='bbox 1277 5552 1569 5624; x_wconf 85' lang='lat' dir='ltr'><strong>prudentia</strong></span> <span class='ocrx_word' id='word_1_699' title='bbox 1605 5559 1768 5616; x_wconf 88' lang='lat' dir='ltr'><strong>atque</strong></span> <span class='ocrx_word' id='word_1_700' title='bbox 1791 5539 2145 5609; x_wconf 79' lang='lat' dir='ltr'><strong>intelligentia</strong></span> <span class='ocrx_word' id='word_1_701' title='bbox 2172 5550 2300 5606; x_wconf 83' lang='lat' dir='ltr'><strong>pro—</strong></span> 
     </span>
    </p>
   </div>
   <div class='ocr_carea' id='block_1_97' title="bbox 731 5639 2305 5723">
    <p class='ocr_par' dir='ltr' id='par_1_97' title="bbox 731 5639 2305 5723">
     <span class='ocr_line' id='line_1_97' title="bbox 731 5639 2305 5723; baseline -0.022 -9"><span class='ocrx_word' id='word_1_702' title='bbox 731 5662 853 5723; x_wconf 91' lang='lat' dir='ltr'><strong>fuit,</strong></span> <span class='ocrx_word' id='word_1_703' title='bbox 888 5673 951 5711; x_wconf 91' lang='lat' dir='ltr'>ac</span> <span class='ocrx_word' id='word_1_704' title='bbox 982 5650 1326 5710; x_wconf 87' lang='lat' dir='ltr'><strong>sobriissima</strong></span> <span class='ocrx_word' id='word_1_705' title='bbox 1358 5645 1671 5700; x_wconf 83' lang='lat' dir='ltr'><strong>divinarum</strong></span> <span class='ocrx_word' id='word_1_706' title='bbox 1706 5639 2185 5700; x_wconf 87' lang='lat' dir='ltr'><strong>humanarumque</strong></span> <span class='ocrx_word' id='word_1_707' title='bbox 2214 5643 2305 5682; x_wconf 69' lang='lat' dir='ltr'><strong>reo</strong></span> 
     </span>
    </p>
   </div>
   <div class='ocr_carea' id='block_1_98' title="bbox 731 5725 2299 5807">
    <p class='ocr_par' dir='ltr' id='par_1_98' title="bbox 731 5725 2299 5807">
     <span class='ocr_line' id='line_1_98' title="bbox 731 5725 2299 5807; baseline -0.02 -2"><span class='ocrx_word' id='word_1_708' title='bbox 731 5765 851 5806; x_wconf 88' lang='lat' dir='ltr'>rum</span> <span class='ocrx_word' id='word_1_709' title='bbox 881 5743 1251 5803; x_wconf 85' lang='lat' dir='ltr'><strong>consideratio</strong></span> <span class='ocrx_word' id='word_1_710' title='bbox 1273 5750 1327 5794; x_wconf 91' lang='lat' dir='ltr'>et</span> <span class='ocrx_word' id='word_1_711' title='bbox 1346 5736 1610 5807; x_wconf 74' lang='lat' dir='ltr'><strong>cognitio,</strong></span> <span class='ocrx_word' id='word_1_712' title='bbox 1650 5745 1777 5786; x_wconf 91' lang='lat' dir='ltr'>cum</span> <span class='ocrx_word' id='word_1_713' title='bbox 1811 5730 1858 5783; x_wconf 91' lang='lat' dir='ltr'><strong>is</strong></span> <span class='ocrx_word' id='word_1_714' title='bbox 1895 5725 1963 5780; x_wconf 78' lang='lat' dir='ltr'>ad</span> <span class='ocrx_word' id='word_1_715' title='bbox 1995 5732 2299 5779; x_wconf 80' lang='lat' dir='ltr'><strong>extremum</strong></span> 
     </span>
    </p>
   </div>
   <div class='ocr_carea' id='block_1_99' title="bbox 731 5816 2301 5897">
    <p class='ocr_par' dir='ltr' id='par_1_99' title="bbox 731 5816 2301 5897">
     <span class='ocr_line' id='line_1_99' title="bbox 731 5816 2301 5897; baseline -0.021 0"><span class='ocrx_word' id='word_1_716' title='bbox 731 5859 793 5897; x_wconf 76' lang='lat' dir='ltr'><strong>ex</strong></span> <span class='ocrx_word' id='word_1_717' title='bbox 845 5843 1036 5893; x_wconf 87' lang='lat' dir='ltr'><strong>insano</strong></span> <span class='ocrx_word' id='word_1_718' title='bbox 1091 5835 1381 5889; x_wconf 85' lang='lat' dir='ltr'><strong>mulierum</strong></span> <span class='ocrx_word' id='word_1_719' title='bbox 1432 5842 1618 5882; x_wconf 86' lang='lat' dir='ltr'><strong>amore</strong></span> <span class='ocrx_word' id='word_1_720' title='bbox 1668 5824 1733 5877; x_wconf 88' lang='lat' dir='ltr'><strong>ad</strong></span> <span class='ocrx_word' id='word_1_721' title='bbox 1788 5819 1983 5888; x_wconf 89' lang='lat' dir='ltr'><strong>impios</strong></span> <span class='ocrx_word' id='word_1_722' title='bbox 2039 5816 2301 5870; x_wconf 90' lang='lat' dir='ltr'><strong>falsorum</strong></span> 
     </span>
    </p>
   </div>
   <div class='ocr_carea' id='block_1_100' title="bbox 798 5910 2128 5993">
    <p class='ocr_par' dir='ltr' id='par_1_100' title="bbox 798 5910 2128 5993">
     <span class='ocr_line' id='line_1_100' title="bbox 798 5910 2128 5993; baseline -0.021 -4"><span class='ocrx_word' id='word_1_723' title='bbox 798 5936 846 5968; x_wconf 81' lang='lat'>“</span> <span class='ocrx_word' id='word_1_724' title='bbox 878 5930 1056 5987; x_wconf 83' lang='lat' dir='ltr'><strong>Eccle.</strong></span> <span class='ocrx_word' id='word_1_725' title='bbox 1092 5942 1189 5993; x_wconf 75' lang='lat' dir='ltr'><strong>vu,</strong></span> <span class='ocrx_word' id='word_1_726' title='bbox 1224 5926 1315 5992; x_wconf 58' lang='lat'>~26,</span> <span class='ocrx_word' id='word_1_727' title='bbox 1344 5924 1434 5977; x_wconf 73' lang='lat'><strong>9.7.</strong></span> <span class='ocrx_word' id='word_1_728' title='bbox 1511 5921 1552 5952; x_wconf 84' lang='lat'>&quot;</span> <span class='ocrx_word' id='word_1_729' title='bbox 1591 5915 1652 5973; x_wconf 86' lang='grc' dir='ltr'>ιιι</span> <span class='ocrx_word' id='word_1_730' title='bbox 1681 5914 1810 5983; x_wconf 69' lang='lat' dir='ltr'><strong>Reg.</strong></span> <span class='ocrx_word' id='word_1_731' title='bbox 1840 5926 1916 5978; x_wconf 80' lang='lat' dir='ltr'><strong>xi,</strong></span> <span class='ocrx_word' id='word_1_732' title='bbox 1949 5910 1971 5963; x_wconf 77' lang='lat' dir='ltr'>f</span> <span class='ocrx_word' id='word_1_733' title='bbox 2006 5923 2128 5979; x_wconf 89' lang='lat' dir='ltr'><strong>sqq.</strong></span> 
     </span>
    </p>
   </div>
   <div class='ocr_carea' id='block_1_101' title="bbox 2453 3962 3979 4045">
    <p class='ocr_par' dir='ltr' id='par_1_101' title="bbox 2453 3962 3979 4045">
     <span class='ocr_line' id='line_1_101' title="bbox 2453 3962 3979 4045; baseline -0.009 -15"><span class='ocrx_word' id='word_1_734' title='bbox 2453 3977 2769 4045; x_wconf 73' lang='grc' dir='ltr'>Θαυμάσειε</span> <span class='ocrx_word' id='word_1_735' title='bbox 2792 3972 2836 4025; x_wconf 90' lang='grc' dir='ltr'>δ’</span> <span class='ocrx_word' id='word_1_736' title='bbox 2863 3971 2929 4023; x_wconf 76' lang='grc' dir='ltr'>ἀν</span> <span class='ocrx_word' id='word_1_737' title='bbox 2955 3986 3036 4031; x_wconf 89' lang='grc' dir='ltr'>τις</span> <span class='ocrx_word' id='word_1_738' title='bbox 3066 3968 3163 4021; x_wconf 72' lang='grc' dir='ltr'>καὶ</span> <span class='ocrx_word' id='word_1_739' title='bbox 3195 3965 3339 4037; x_wconf 81' lang='grc' dir='ltr'>μάλα</span> <span class='ocrx_word' id='word_1_740' title='bbox 3368 3964 3627 4026; x_wconf 60' lang='grc' dir='ltr'>εἰκότως,</span> <span class='ocrx_word' id='word_1_741' title='bbox 3655 3962 3844 4033; x_wconf 80' lang='grc' dir='ltr'>ὥσπερ</span> <span class='ocrx_word' id='word_1_742' title='bbox 3876 3964 3979 4018; x_wconf 80' lang='grc' dir='ltr'>ἐπὶ</span> 
     </span>
    </p>
   </div>
   <div class='ocr_carea' id='block_1_102' title="bbox 2393 4053 3978 4123">
    <p class='ocr_par' dir='ltr' id='par_1_102' title="bbox 2393 4053 3978 4123">
     <span class='ocr_line' id='line_1_102' title="bbox 2393 4053 3978 4123; baseline -0.011 0"><span class='ocrx_word' id='word_1_743' title='bbox 2393 4069 2489 4123; x_wconf 91' lang='grc' dir='ltr'>τοῦ</span> <span class='ocrx_word' id='word_1_744' title='bbox 2534 4068 2812 4121; x_wconf 72' lang='grc' dir='ltr'>θειοτάτου</span> <span class='ocrx_word' id='word_1_745' title='bbox 2862 4060 3167 4123; x_wconf 83' lang='grc' dir='ltr'>Μωῦσέως,</span> <span class='ocrx_word' id='word_1_746' title='bbox 3218 4057 3360 4110; x_wconf 79' lang='grc' dir='ltr'>οὕτω</span> <span class='ocrx_word' id='word_1_747' title='bbox 3406 4056 3502 4108; x_wconf 75' lang='grc' dir='ltr'>καὶ</span> <span class='ocrx_word' id='word_1_748' title='bbox 3544 4054 3635 4107; x_wconf 76' lang='grc' dir='ltr'>ἐπὶ</span> <span class='ocrx_word' id='word_1_749' title='bbox 3676 4053 3830 4106; x_wconf 80' lang='grc' dir='ltr'>τοῦδε</span> <span class='ocrx_word' id='word_1_750' title='bbox 3877 4053 3978 4107; x_wconf 77' lang='grc' dir='ltr'>τοῦ</span> 
     </span>
    </p>
   </div>
   <div class='ocr_carea' id='block_1_103' title="bbox 2396 4144 3986 4230">
    <p class='ocr_par' dir='ltr' id='par_1_103' title="bbox 2396 4144 3986 4230">
     <span class='ocr_line' id='line_1_103' title="bbox 2396 4144 3986 4230; baseline -0.011 -14"><span class='ocrx_word' id='word_1_751' title='bbox 2396 4161 2710 4230; x_wconf 80' lang='grc' dir='ltr'>σοφωτάτου</span> <span class='ocrx_word' id='word_1_752' title='bbox 2736 4150 3104 4223; x_wconf 86' lang='grc' dir='ltr'>Σολομῶντος,</span> <span class='ocrx_word' id='word_1_753' title='bbox 3136 4150 3250 4211; x_wconf 85' lang='grc' dir='ltr'>πῶς</span> <span class='ocrx_word' id='word_1_754' title='bbox 3282 4149 3542 4216; x_wconf 77' lang='grc' dir='ltr'>ἑκάτερος</span> <span class='ocrx_word' id='word_1_755' title='bbox 3569 4145 3750 4197; x_wconf 77' lang='grc' dir='ltr'>αὐτῶν</span> <span class='ocrx_word' id='word_1_756' title='bbox 3781 4144 3986 4198; x_wconf 85' lang='grc' dir='ltr'>τοσαύ-</span> 
     </span>
    </p>
   </div>
   <div class='ocr_carea' id='block_1_104' title="bbox 2392 4234 3985 4325">
    <p class='ocr_par' dir='ltr' id='par_1_104' title="bbox 2392 4234 3985 4325">
     <span class='ocr_line' id='line_1_104' title="bbox 2392 4234 3985 4325; baseline -0.016 -16"><span class='ocrx_word' id='word_1_757' title='bbox 2392 4272 2494 4325; x_wconf 85' lang='grc' dir='ltr'>της</span> <span class='ocrx_word' id='word_1_758' title='bbox 2527 4250 2696 4305; x_wconf 84' lang='grc' dir='ltr'>πάλαι</span> <span class='ocrx_word' id='word_1_759' title='bbox 2751 4247 2904 4307; x_wconf 84' lang='grc' dir='ltr'>θείας</span> <span class='ocrx_word' id='word_1_760' title='bbox 2958 4241 3117 4311; x_wconf 81' lang='grc' dir='ltr'>δόξης</span> <span class='ocrx_word' id='word_1_761' title='bbox 3173 4240 3268 4293; x_wconf 69' lang='grc' dir='ltr'>καὶ</span> <span class='ocrx_word' id='word_1_762' title='bbox 3325 4236 3668 4309; x_wconf 79' lang='grc' dir='ltr'>προμηθείας</span> <span class='ocrx_word' id='word_1_763' title='bbox 3724 4234 3985 4300; x_wconf 75' lang='grc' dir='ltr'>ἀξιωθεὶς</span> 
     </span>
    </p>
   </div>
   <div class='ocr_carea' id='block_1_105' title="bbox 2399 4326 3988 4415">
    <p class='ocr_par' dir='ltr' id='par_1_105' title="bbox 2399 4326 3988 4415">
     <span class='ocr_line' id='line_1_105' title="bbox 2399 4326 3988 4415; baseline -0.014 -15"><span class='ocrx_word' id='word_1_764' title='bbox 2399 4347 2623 4415; x_wconf 76' lang='grc' dir='ltr'>ὕστερον</span> <span class='ocrx_word' id='word_1_765' title='bbox 2664 4343 2692 4395; x_wconf 87' lang='grc' dir='ltr'>ὀ</span> <span class='ocrx_word' id='word_1_766' title='bbox 2738 4340 2840 4410; x_wconf 81' lang='grc' dir='ltr'>μὲν</span> <span class='ocrx_word' id='word_1_767' title='bbox 2866 4340 2944 4401; x_wconf 85' lang='grc' dir='ltr'>εἰς</span> <span class='ocrx_word' id='word_1_768' title='bbox 2975 4334 3345 4398; x_wconf 75' lang='grc' dir='ltr'>ἀγανάκτησιν</span> <span class='ocrx_word' id='word_1_769' title='bbox 3386 4333 3478 4383; x_wconf 85' lang='grc' dir='ltr'>καὶ</span> <span class='ocrx_word' id='word_1_770' title='bbox 3507 4328 3683 4398; x_wconf 83' lang='grc' dir='ltr'>λύπην</span> <span class='ocrx_word' id='word_1_771' title='bbox 3718 4328 3809 4380; x_wconf 78' lang='grc' dir='ltr'>τὸν</span> <span class='ocrx_word' id='word_1_772' title='bbox 3848 4326 3988 4377; x_wconf 65' lang='grc' dir='ltr'>Θεὸν</span> 
     </span>
    </p>
   </div>
   <div class='ocr_carea' id='block_1_106' title="bbox 2403 4418 3987 4507">
    <p class='ocr_par' dir='ltr' id='par_1_106' title="bbox 2403 4418 3987 4507">
     <span class='ocr_line' id='line_1_106' title="bbox 2403 4418 3987 4507; baseline -0.015 -15"><span class='ocrx_word' id='word_1_773' title='bbox 2403 4438 2631 4507; x_wconf 85' lang='grc' dir='ltr'>κινήσας</span> <span class='ocrx_word' id='word_1_774' title='bbox 2679 4432 2781 4502; x_wconf 82' lang='grc' dir='ltr'>τῆς</span> <span class='ocrx_word' id='word_1_775' title='bbox 2817 4426 3145 4497; x_wconf 77' lang='grc' dir='ltr'>ἐπαγγελίας</span> <span class='ocrx_word' id='word_1_776' title='bbox 3202 4425 3483 4489; x_wconf 67' lang='grc' dir='ltr'>δξέπεσεν,</span> <span class='ocrx_word' id='word_1_777' title='bbox 3521 4423 3547 4473; x_wconf 88' lang='grc' dir='ltr'>ὁ</span> <span class='ocrx_word' id='word_1_778' title='bbox 3593 4420 3648 4472; x_wconf 78' lang='grc' dir='ltr'>δὲ</span> <span class='ocrx_word' id='word_1_779' title='bbox 3696 4421 3775 4481; x_wconf 62' lang='grc' dir='ltr'>εἱς</span> <span class='ocrx_word' id='word_1_780' title='bbox 3810 4418 3987 4487; x_wconf 71' lang='grc' dir='ltr'>ὀργὴν</span> 
     </span>
    </p>
   </div>
   <div class='ocr_carea' id='block_1_107' title="bbox 771 4511 2285 4613">
    <p class='ocr_par' dir='ltr' id='par_1_107' title="bbox 771 4511 2285 4613">
     <span class='ocr_line' id='line_1_107' title="bbox 771 4511 1671 4534; baseline -0.031 -7"><span class='ocrx_word' id='word_1_781' title='bbox 771 4511 974 4532; x_wconf 63' lang='grc' dir='ltr'>,μη-ν,</span> <span class='ocrx_word' id='word_1_782' title='bbox 1017 4511 1214 4534; x_wconf 38' lang='grc' dir='ltr'>,μμ-ν--</span> <span class='ocrx_word' id='word_1_783' title='bbox 1261 4511 1264 4512; x_wconf 30' lang='grc' dir='ltr'>ν</span> <span class='ocrx_word' id='word_1_784' title='bbox 1654 4511 1671 4519; x_wconf 90' lang='lat'>_</span> 
     </span>
     <span class='ocr_line' id='line_1_108' title="bbox 771 4536 2285 4613; baseline -0.021 0"><span class='ocrx_word' id='word_1_785' title='bbox 771 4575 841 4613; x_wconf 88' lang='lat' dir='ltr'>tm</span> <span class='ocrx_word' id='word_1_786' title='bbox 888 4556 1165 4609; x_wconf 88' lang='lat' dir='ltr'><strong>irritassct</strong></span> <span class='ocrx_word' id='word_1_787' title='bbox 1194 4546 1387 4608; x_wconf 82' lang='lat' dir='ltr'><strong>Deum,</strong></span> <span class='ocrx_word' id='word_1_788' title='bbox 1420 4539 1645 4612; x_wconf 81' lang='lat' dir='ltr'><strong>praemio</strong></span> <span class='ocrx_word' id='word_1_789' title='bbox 1695 4536 1940 4607; x_wconf 87' lang='lat' dir='ltr'><strong>priorum</strong></span> <span class='ocrx_word' id='word_1_790' title='bbox 1993 4544 2285 4598; x_wconf 80' lang='lat' dir='ltr'><strong>eorumque</strong></span> 
     </span>
    </p>
   </div>
   <div class='ocr_carea' id='block_1_108' title="bbox 2391 4511 3985 4613">
    <p class='ocr_par' dir='ltr' id='par_1_108' title="bbox 2407 4511 3985 4595">
     <span class='ocr_line' id='line_1_109' title="bbox 2407 4511 3985 4595; baseline -0.016 -12"><span class='ocrx_word' id='word_1_791' title='bbox 2407 4532 2501 4583; x_wconf 74' lang='grc' dir='ltr'>καὶ</span> <span class='ocrx_word' id='word_1_792' title='bbox 2534 4523 2705 4595; x_wconf 79' lang='grc' dir='ltr'>θυμὸν</span> <span class='ocrx_word' id='word_1_793' title='bbox 2755 4521 2976 4590; x_wconf 72' lang='grc' dir='ltr'>ἐγείρας</span> <span class='ocrx_word' id='word_1_794' title='bbox 3014 4518 3176 4569; x_wconf 72' lang='grc' dir='ltr'>αὐτὸν</span> <span class='ocrx_word' id='word_1_795' title='bbox 3219 4514 3345 4574; x_wconf 83' lang='grc' dir='ltr'>τούς</span> <span class='ocrx_word' id='word_1_796' title='bbox 3387 4529 3445 4563; x_wconf 90' lang='grc' dir='ltr'>τε</span> <span class='ocrx_word' id='word_1_797' title='bbox 3476 4511 3985 4579; x_wconf 70' lang='grc' dir='ltr'>προειργασμένους</span> 
     </span>
    </p>
   </div>
   <div class='ocr_carea' id='block_1_109' title="bbox 2404 4600 3987 4693">
    <p class='ocr_par' dir='ltr' id='par_1_109' title="bbox 2404 4600 3987 4693">
     <span class='ocr_line' id='line_1_110' title="bbox 2404 4600 3987 4693; baseline -0.017 -17"><span class='ocrx_word' id='word_1_798' title='bbox 2404 4621 2663 4693; x_wconf 85' lang='grc' dir='ltr'>ἀρίστους</span> <span class='ocrx_word' id='word_1_799' title='bbox 2679 4615 2873 4676; x_wconf 89' lang='grc' dir='ltr'>πόνους</span> <span class='ocrx_word' id='word_1_800' title='bbox 2892 4612 3063 4681; x_wconf 81' lang='grc' dir='ltr'>ἄρδην</span> <span class='ocrx_word' id='word_1_801' title='bbox 3081 4607 3357 4677; x_wconf 68' lang='grc' dir='ltr'>ἐζημίωτο</span> <span class='ocrx_word' id='word_1_802' title='bbox 3376 4604 3469 4656; x_wconf 80' lang='grc' dir='ltr'>καὶ</span> <span class='ocrx_word' id='word_1_803' title='bbox 3491 4603 3589 4670; x_wconf 76' lang='grc' dir='ltr'>τὴν</span> <span class='ocrx_word' id='word_1_804' title='bbox 3609 4600 3787 4670; x_wconf 71' lang='grc' dir='ltr'>ψυχὴν</span> <span class='ocrx_word' id='word_1_805' title='bbox 3812 4616 3987 4667; x_wconf 82' lang='grc' dir='ltr'>προσ-</span> 
     </span>
    </p>
   </div>
   <div class='ocr_carea' id='block_1_110' title="bbox 2404 4693 3989 4772">
    <p class='ocr_par' dir='ltr' id='par_1_110' title="bbox 2404 4693 3989 4772">
     <span class='ocr_line' id='line_1_111' title="bbox 2404 4693 3989 4772; baseline -0.016 -5"><span class='ocrx_word' id='word_1_806' title='bbox 2404 4710 2676 4767; x_wconf 81' lang='grc' dir='ltr'>απώλεσε,</span> <span class='ocrx_word' id='word_1_807' title='bbox 2712 4704 2824 4759; x_wconf 88' lang='grc' dir='ltr'>Ποῦ</span> <span class='ocrx_word' id='word_1_808' title='bbox 2857 4705 2966 4772; x_wconf 83' lang='grc' dir='ltr'>γάρ</span> <span class='ocrx_word' id='word_1_809' title='bbox 3011 4703 3044 4770; x_wconf 81' lang='grc' dir='ltr'>ἡ</span> <span class='ocrx_word' id='word_1_810' title='bbox 3085 4699 3311 4766; x_wconf 89' lang='grc' dir='ltr'>τοιαύτη</span> <span class='ocrx_word' id='word_1_811' title='bbox 3351 4696 3487 4765; x_wconf 77' lang='grc' dir='ltr'>πρὸς</span> <span class='ocrx_word' id='word_1_812' title='bbox 3534 4695 3668 4747; x_wconf 82' lang='grc' dir='ltr'>Θεὸν</span> <span class='ocrx_word' id='word_1_813' title='bbox 3704 4693 3989 4753; x_wconf 74' lang='grc' dir='ltr'>οἰκείωσις</span> 
     </span>
    </p>
   </div>
   <div class='ocr_carea' id='block_1_111' title="bbox 2406 4782 3988 4870">
    <p class='ocr_par' dir='ltr' id='par_1_111' title="bbox 2406 4782 3988 4870">
     <span class='ocr_line' id='line_1_112' title="bbox 2406 4782 3988 4870; baseline -0.016 -14"><span class='ocrx_word' id='word_1_814' title='bbox 2406 4804 2500 4857; x_wconf 75' lang='grc' dir='ltr'>καὶ</span> <span class='ocrx_word' id='word_1_815' title='bbox 2536 4797 2816 4870; x_wconf 77' lang='grc' dir='ltr'>παρρησία</span> <span class='ocrx_word' id='word_1_816' title='bbox 2863 4795 2958 4847; x_wconf 70' lang='grc' dir='ltr'>καὶ</span> <span class='ocrx_word' id='word_1_817' title='bbox 2988 4794 3036 4844; x_wconf 90' lang='grc' dir='ltr'>οἱ</span> <span class='ocrx_word' id='word_1_818' title='bbox 3076 4788 3321 4842; x_wconf 88' lang='grc' dir='ltr'>τοσοῦτοι</span> <span class='ocrx_word' id='word_1_819' title='bbox 3358 4786 3450 4837; x_wconf 63' lang='grc' dir='ltr'>καὶ</span> <span class='ocrx_word' id='word_1_820' title='bbox 3489 4782 3798 4851; x_wconf 83' lang='grc' dir='ltr'>τηλικοῦτοι</span> <span class='ocrx_word' id='word_1_821' title='bbox 3831 4782 3988 4832; x_wconf 80' lang='grc' dir='ltr'>πόνοι</span> 
     </span>
    </p>
   </div>
   <div class='ocr_carea' id='block_1_112' title="bbox 2406 4871 3992 4953">
    <p class='ocr_par' dir='ltr' id='par_1_112' title="bbox 2406 4871 3992 4953">
     <span class='ocr_line' id='line_1_113' title="bbox 2406 4871 3992 4953; baseline -0.017 -5"><span class='ocrx_word' id='word_1_822' title='bbox 2406 4896 2501 4948; x_wconf 80' lang='grc' dir='ltr'>καὶ</span> <span class='ocrx_word' id='word_1_823' title='bbox 2531 4893 2688 4947; x_wconf 88' lang='grc' dir='ltr'>κόποι</span> <span class='ocrx_word' id='word_1_824' title='bbox 2714 4888 2809 4942; x_wconf 68' lang='grc' dir='ltr'>καὶ</span> <span class='ocrx_word' id='word_1_825' title='bbox 2835 4884 3045 4953; x_wconf 81' lang='grc' dir='ltr'>ἀγῶνες</span> <span class='ocrx_word' id='word_1_826' title='bbox 3069 4880 3161 4934; x_wconf 87' lang='grc' dir='ltr'>τοῦ</span> <span class='ocrx_word' id='word_1_827' title='bbox 3193 4875 3481 4930; x_wconf 82' lang='grc' dir='ltr'>θεσπεσίου</span> <span class='ocrx_word' id='word_1_828' title='bbox 3522 4874 3830 4937; x_wconf 85' lang='grc' dir='ltr'>Μωῦσέως;</span> <span class='ocrx_word' id='word_1_829' title='bbox 3858 4871 3992 4923; x_wconf 72' lang='grc' dir='ltr'>οἵτι-</span> 
     </span>
    </p>
   </div>
   <div class='ocr_carea' id='block_1_113' title="bbox 2406 4964 3990 5051">
    <p class='ocr_par' dir='ltr' id='par_1_113' title="bbox 2406 4964 3990 5051">
     <span class='ocr_line' id='line_1_114' title="bbox 2406 4964 3990 5051; baseline -0.015 -14"><span class='ocrx_word' id='word_1_830' title='bbox 2406 5004 2493 5049; x_wconf 85' lang='grc' dir='ltr'>νες</span> <span class='ocrx_word' id='word_1_831' title='bbox 2523 4985 2609 5037; x_wconf 68' lang='grc' dir='ltr'>διὰ</span> <span class='ocrx_word' id='word_1_832' title='bbox 2638 4981 2735 5051; x_wconf 82' lang='grc' dir='ltr'>τὴν</span> <span class='ocrx_word' id='word_1_833' title='bbox 2767 4978 2859 5032; x_wconf 77' lang='grc' dir='ltr'>ἐπὶ</span> <span class='ocrx_word' id='word_1_834' title='bbox 2886 4976 2980 5030; x_wconf 91' lang='grc' dir='ltr'>τοῦ</span> <span class='ocrx_word' id='word_1_835' title='bbox 3017 4973 3210 5035; x_wconf 79' lang='grc' dir='ltr'>ὓδατος</span> <span class='ocrx_word' id='word_1_836' title='bbox 3238 4971 3337 5039; x_wconf 84' lang='grc' dir='ltr'>τῆς</span> <span class='ocrx_word' id='word_1_837' title='bbox 3368 4968 3675 5035; x_wconf 84' lang='grc' dir='ltr'>ἀντιλογίας</span> <span class='ocrx_word' id='word_1_838' title='bbox 3705 4964 3990 5033; x_wconf 66' lang='grc' dir='ltr'>ἁμαρτία-δ</span> 
     </span>
    </p>
   </div>
   <div class='ocr_carea' id='block_1_114' title="bbox 2408 5056 3986 5147">
    <p class='ocr_par' dir='ltr' id='par_1_114' title="bbox 2408 5056 3986 5147">
     <span class='ocr_line' id='line_1_115' title="bbox 2408 5056 3986 5147; baseline -0.015 -18"><span class='ocrx_word' id='word_1_839' title='bbox 2408 5072 2840 5147; x_wconf 81' lang='grc' dir='ltr'>παρωράθησαν,</span> <span class='ocrx_word' id='word_1_840' title='bbox 2881 5069 2975 5123; x_wconf 89' lang='grc' dir='ltr'><strong>καί</strong></span> <span class='ocrx_word' id='word_1_841' title='bbox 3002 5068 3099 5136; x_wconf 77' lang='grc' dir='ltr'>τῆς</span> <span class='ocrx_word' id='word_1_842' title='bbox 3128 5066 3207 5127; x_wconf 77' lang='grc' dir='ltr'>εἰς</span> <span class='ocrx_word' id='word_1_843' title='bbox 3240 5064 3336 5132; x_wconf 80' lang='grc' dir='ltr'>τὴν</span> <span class='ocrx_word' id='word_1_844' title='bbox 3366 5062 3468 5129; x_wconf 74' lang='grc' dir='ltr'>γῆν</span> <span class='ocrx_word' id='word_1_845' title='bbox 3498 5056 3834 5124; x_wconf 77' lang='grc' dir='ltr'>ἐπαγγελίας</span> <span class='ocrx_word' id='word_1_846' title='bbox 3869 5058 3986 5106; x_wconf 72' lang='grc' dir='ltr'>εἰσ-</span> 
     </span>
    </p>
   </div>
   <div class='ocr_carea' id='block_1_115' title="bbox 2407 5148 3986 5237">
    <p class='ocr_par' dir='ltr' id='par_1_115' title="bbox 2407 5148 3986 5237">
     <span class='ocr_line' id='line_1_116' title="bbox 2407 5148 3986 5237; baseline -0.016 -15"><span class='ocrx_word' id='word_1_847' title='bbox 2407 5170 2525 5222; x_wconf 82' lang='grc' dir='ltr'>όδου</span> <span class='ocrx_word' id='word_1_848' title='bbox 2542 5165 2751 5237; x_wconf 84' lang='grc' dir='ltr'>ἀθρόως</span> <span class='ocrx_word' id='word_1_849' title='bbox 2778 5165 2804 5215; x_wconf 87' lang='grc' dir='ltr'>ό</span> <span class='ocrx_word' id='word_1_850' title='bbox 2830 5161 3035 5220; x_wconf 90' lang='grc' dir='ltr'>δίκαιος</span> <span class='ocrx_word' id='word_1_851' title='bbox 3061 5161 3153 5209; x_wconf 74' lang='grc' dir='ltr'>καὶ</span> <span class='ocrx_word' id='word_1_852' title='bbox 3180 5152 3475 5222; x_wconf 80' lang='grc' dir='ltr'>ἀσυγχωρή</span> <span class='ocrx_word' id='word_1_853' title='bbox 3488 5167 3586 5212; x_wconf 81' lang='grc' dir='ltr'>τως</span> <span class='ocrx_word' id='word_1_854' title='bbox 3614 5148 3986 5214; x_wconf 70' lang='grc' dir='ltr'>ἀπεστέρητο,</span> 
     </span>
    </p>
   </div>
   <div class='ocr_carea' id='block_1_116' title="bbox 2408 5237 3987 5321">
    <p class='ocr_par' dir='ltr' id='par_1_116' title="bbox 2408 5237 3987 5321">
     <span class='ocr_line' id='line_1_117' title="bbox 2408 5237 3987 5321; baseline -0.016 -10"><span class='ocrx_word' id='word_1_855' title='bbox 2408 5256 2589 5318; x_wconf 83' lang='grc' dir='ltr'>καθὼς</span> <span class='ocrx_word' id='word_1_856' title='bbox 2628 5254 2724 5307; x_wconf 74' lang='grc' dir='ltr'>καὶ</span> <span class='ocrx_word' id='word_1_857' title='bbox 2774 5249 3081 5321; x_wconf 78' lang='grc' dir='ltr'>ἔμπροσθεν</span> <span class='ocrx_word' id='word_1_858' title='bbox 3128 5245 3367 5316; x_wconf 82' lang='grc' dir='ltr'>εἴρηται.</span> <span class='ocrx_word' id='word_1_859' title='bbox 3400 5240 3508 5294; x_wconf 83' lang='grc' dir='ltr'>Ποῦ</span> <span class='ocrx_word' id='word_1_860' title='bbox 3538 5240 3594 5292; x_wconf 82' lang='grc' dir='ltr'>δὲ</span> <span class='ocrx_word' id='word_1_861' title='bbox 3631 5240 3723 5291; x_wconf 71' lang='grc' dir='ltr'>καὶ</span> <span class='ocrx_word' id='word_1_862' title='bbox 3771 5239 3802 5306; x_wconf 80' lang='grc' dir='ltr'><strong>ἡ</strong></span> <span class='ocrx_word' id='word_1_863' title='bbox 3846 5237 3987 5305; x_wconf 68' lang='grc' dir='ltr'>πρὶς</span> 
     </span>
    </p>
   </div>
   <div class='ocr_carea' id='block_1_117' title="bbox 2407 5328 3993 5415">
    <p class='ocr_par' dir='ltr' id='par_1_117' title="bbox 2407 5328 3993 5415">
     <span class='ocr_line' id='line_1_118' title="bbox 2407 5328 3993 5415; baseline -0.015 -13"><span class='ocrx_word' id='word_1_864' title='bbox 2407 5353 2498 5402; x_wconf 70' lang='grc' dir='ltr'>τὸν</span> <span class='ocrx_word' id='word_1_865' title='bbox 2550 5346 2873 5415; x_wconf 75' lang='grc' dir='ltr'>Σολομῶντα</span> <span class='ocrx_word' id='word_1_866' title='bbox 2927 5341 3047 5392; x_wconf 83' lang='grc' dir='ltr'>θεία</span> <span class='ocrx_word' id='word_1_867' title='bbox 3106 5335 3457 5406; x_wconf 81' lang='grc' dir='ltr'>φιλοστοργία</span> <span class='ocrx_word' id='word_1_868' title='bbox 3506 5334 3601 5384; x_wconf 75' lang='grc' dir='ltr'>καὶ</span> <span class='ocrx_word' id='word_1_869' title='bbox 3654 5332 3685 5397; x_wconf 82' lang='grc' dir='ltr'><strong>ὴ</strong></span> <span class='ocrx_word' id='word_1_870' title='bbox 3743 5328 3993 5398; x_wconf 81' lang='grc' dir='ltr'>τοσαύτη</span> 
     </span>
    </p>
   </div>
   <div class='ocr_carea' id='block_1_118' title="bbox 2409 5419 3993 5512">
    <p class='ocr_par' dir='ltr' id='par_1_118' title="bbox 2409 5419 3993 5512">
     <span class='ocr_line' id='line_1_119' title="bbox 2409 5419 3993 5512; baseline -0.018 -17"><span class='ocrx_word' id='word_1_871' title='bbox 2409 5441 2567 5512; x_wconf 72' lang='grc' dir='ltr'>χάρις</span> <span class='ocrx_word' id='word_1_872' title='bbox 2614 5456 2670 5491; x_wconf 85' lang='grc' dir='ltr'>τε</span> <span class='ocrx_word' id='word_1_873' title='bbox 2713 5436 2806 5488; x_wconf 79' lang='grc' dir='ltr'>καὶ</span> <span class='ocrx_word' id='word_1_874' title='bbox 2847 5432 3035 5500; x_wconf 44' lang='lat' dir='ltr'><strong>copia;</strong></span> <span class='ocrx_word' id='word_1_875' title='bbox 3070 5432 3161 5482; x_wconf 77' lang='grc' dir='ltr'>καὶ</span> <span class='ocrx_word' id='word_1_876' title='bbox 3191 5428 3331 5496; x_wconf 82' lang='grc' dir='ltr'>τίςή</span> <span class='ocrx_word' id='word_1_877' title='bbox 3370 5425 3603 5494; x_wconf 77' lang='grc' dir='ltr'>ὠφέλεια</span> <span class='ocrx_word' id='word_1_878' title='bbox 3640 5421 3740 5490; x_wconf 84' lang='grc' dir='ltr'>τῆς</span> <span class='ocrx_word' id='word_1_879' title='bbox 3781 5419 3993 5486; x_wconf 72' lang='grc' dir='ltr'>πολλῆς</span> 
     </span>
    </p>
   </div>
   <div class='ocr_carea' id='block_1_119' title="bbox 2409 5506 3992 5597">
    <p class='ocr_par' dir='ltr' id='par_1_119' title="bbox 2409 5506 3992 5597">
     <span class='ocr_line' id='line_1_120' title="bbox 2409 5506 3992 5597; baseline -0.018 -13"><span class='ocrx_word' id='word_1_880' title='bbox 2409 5532 2623 5597; x_wconf 75' lang='grc' dir='ltr'>ἐκείνης</span> <span class='ocrx_word' id='word_1_881' title='bbox 2652 5526 2963 5596; x_wconf 78' lang='grc' dir='ltr'>φρονήσεως</span> <span class='ocrx_word' id='word_1_882' title='bbox 2993 5520 3088 5572; x_wconf 68' lang='grc' dir='ltr'>καὶ</span> <span class='ocrx_word' id='word_1_883' title='bbox 3124 5516 3413 5577; x_wconf 78' lang='grc' dir='ltr'>συνέσεως,</span> <span class='ocrx_word' id='word_1_884' title='bbox 3449 5513 3541 5566; x_wconf 77' lang='grc' dir='ltr'>καὶ</span> <span class='ocrx_word' id='word_1_885' title='bbox 3569 5513 3600 5580; x_wconf 77' lang='grc' dir='ltr'>ἡ</span> <span class='ocrx_word' id='word_1_886' title='bbox 3636 5506 3992 5580; x_wconf 76' lang='grc' dir='ltr'>προλαϐοῦσα</span> 
     </span>
    </p>
   </div>
   <div class='ocr_carea' id='block_1_120' title="bbox 2410 5603 3995 5689">
    <p class='ocr_par' dir='ltr' id='par_1_120' title="bbox 2410 5603 3995 5689">
     <span class='ocr_line' id='line_1_121' title="bbox 2410 5603 3995 5689; baseline -0.017 -14"><span class='ocrx_word' id='word_1_887' title='bbox 2410 5621 2632 5689; x_wconf 81' lang='grc' dir='ltr'>τοιαύτη</span> <span class='ocrx_word' id='word_1_888' title='bbox 2664 5615 3050 5686; x_wconf 78' lang='grc' dir='ltr'>νηφαλιωτάτη</span> <span class='ocrx_word' id='word_1_889' title='bbox 3076 5611 3254 5662; x_wconf 71' lang='grc' dir='ltr'>ἔννοια</span> <span class='ocrx_word' id='word_1_890' title='bbox 3277 5609 3373 5660; x_wconf 74' lang='grc' dir='ltr'>καὶ</span> <span class='ocrx_word' id='word_1_891' title='bbox 3396 5603 3642 5670; x_wconf 87' lang='grc' dir='ltr'>θεολογία</span> <span class='ocrx_word' id='word_1_892' title='bbox 3669 5606 3761 5652; x_wconf 70' lang='grc' dir='ltr'>καὶ</span> <span class='ocrx_word' id='word_1_893' title='bbox 3796 5615 3995 5669; x_wconf 71' lang='grc' dir='ltr'>φυσιο-</span> 
     </span>
    </p>
   </div>
   <div class='ocr_carea' id='block_1_121' title="bbox 2409 5690 3992 5781">
    <p class='ocr_par' dir='ltr' id='par_1_121' title="bbox 2409 5690 3992 5781">
     <span class='ocr_line' id='line_1_122' title="bbox 2409 5690 3992 5781; baseline -0.016 -15"><span class='ocrx_word' id='word_1_894' title='bbox 2409 5714 2598 5781; x_wconf 84' lang='grc' dir='ltr'>λογία,</span> <span class='ocrx_word' id='word_1_895' title='bbox 2632 5710 2857 5778; x_wconf 80' lang='grc' dir='ltr'>ἔσχατον</span> <span class='ocrx_word' id='word_1_896' title='bbox 2902 5709 2967 5758; x_wconf 80' lang='grc' dir='ltr'>ἐκ</span> <span class='ocrx_word' id='word_1_897' title='bbox 3009 5698 3437 5770; x_wconf 82' lang='grc' dir='ltr'>γυναικομανίας</span> <span class='ocrx_word' id='word_1_898' title='bbox 3477 5698 3554 5758; x_wconf 78' lang='grc' dir='ltr'>εἰς</span> <span class='ocrx_word' id='word_1_899' title='bbox 3594 5690 3992 5759; x_wconf 79' lang='grc' dir='ltr'>είδωλομανίαν</span> 
     </span>
    </p>
   </div>
   <div class='ocr_carea' id='block_1_122' title="bbox 2415 5782 3993 5865">
    <p class='ocr_par' dir='ltr' id='par_1_122' title="bbox 2415 5782 3993 5865">
     <span class='ocr_line' id='line_1_123' title="bbox 2415 5782 3993 5865; baseline -0.02 -5"><span class='ocrx_word' id='word_1_900' title='bbox 2415 5802 2862 5865; x_wconf 74' lang='grc' dir='ltr'>ὲκπεπτωκότος,</span> <span class='ocrx_word' id='word_1_901' title='bbox 2892 5799 2964 5861; x_wconf 83' lang='grc' dir='ltr'>ὡς</span> <span class='ocrx_word' id='word_1_902' title='bbox 3025 5795 3209 5865; x_wconf 54' lang='grc' dir='ltr'>σαςςῶς</span> <span class='ocrx_word' id='word_1_903' title='bbox 3249 5791 3562 5863; x_wconf 75' lang='grc' dir='ltr'>δεδήλωται.</span> <span class='ocrx_word' id='word_1_904' title='bbox 3604 5786 3691 5855; x_wconf 80' lang='grc' dir='ltr'>Τῷ</span> <span class='ocrx_word' id='word_1_905' title='bbox 3733 5785 3845 5836; x_wconf 58' lang='lat' dir='ltr'>Evr:</span> <span class='ocrx_word' id='word_1_906' title='bbox 3878 5782 3993 5851; x_wconf 62' lang='grc' dir='ltr'>γὰρ</span> 
     </span>
    </p>
   </div>
  </div>
