4214 6448
719 393 820 457 9.07

2022 388 2338 450 GEORGII
2380 389 2712 453 {IEDIiENl

3885 406 3994 469 2‘38

726 510 908 567 redire
933 511 1114 581 jusso,
1147 506 1331 578 populi
1364 508 1634 577 postulata
1661 521 1787 561 cum
1817 507 2041 562 senibus
2057 522 2300 562 commu-

2410 508 2513 571 ἕως
2541 511 2766 582 ήμερῶν
2791 513 2958 584 τριῶν
2979 533 2990 546 ·
3020 519 3422 588 ἀναστρέψατε,
3451 525 3544 577 καὶ
3571 522 3793 594 λαλήσω
3837 525 3987 594 ὑμῖν.

721 603 1001 660 nicavit.l‘i
1020 604 1420 657 consuluerunt
1456 601 1531 653 uti
1562 599 1765 669 popqu
1799 615 2003 653 morem
2050 611 2260 669 gereret
2289 617 2302 663 ;

722 701 797 751 ita
827 713 950 752 eum
972 696 1076 749 sub
1106 709 1164 750 se
1193 702 1459 763 perpetuo
1489 691 1828 746 habiturum.
1860 692 2108 746 Consulti
2139 692 2304 746 etiam

723 808 752 845 a
784 805 910 860 rege
926 787 1350 850 adolescentuli,
1376 801 1514 855 quos
1537 786 1745 841 circum
1769 801 1826 840 se
1849 785 2049 840 habere
2072 786 2303 852 solebat,

725 882 926 935 hortati
952 896 1076 935 eum
1107 888 1236 934 sunt
1266 886 1324 931 ut
1348 877 1550 947 populo
1577 878 1657 932 sic
1695 877 2073 946 responderet,
2105 877 2306 930 tenuis-

719 971 914 1026 simam
981 970 1067 1025 sui
1134 968 1386 1036 corporis
1451 978 1661 1037 partem
1712 967 2043 1021 crassiorem
2104 966 2302 1022 lumbis

717 1062 963 1132 paternis
1005 1078 1148 1116 esse.
1191 1059 1412 1114 Patrem
1465 1061 1600 1128 ipsis
1663 1058 1825 1130 174
1884 1073 2050 1128 grave
2107 1058 2302 1128 jugum

717 1157 1052 1226 imposuisse
1086 1173 1098 1207 :
1129 1163 1184 1208 at
1228 1169 1288 1208 se
1312 1155 1362 1206 id
1389 1168 1554 1222 porro
1597 1168 1819 1220 quoque
1855 1161 2299 1221 aggravaturum.

717 1249 938 1302 Patrem
985 1250 1038 1301 in
1080 1249 1215 1316 ipsis
1247 1245 1586 1315 castigandis
1630 1261 1790 1298 usum
1834 1243 2004 1297 fuisse
2050 1242 2299 1312 ﬂagellis,

715 1356 775 1395 se
807 1342 1061 1410 scorpios
1090 1340 1156 1393 ad
1185 1339 1287 1392 hoc
1328 1338 1727 1391 adhibiturum.
1762 1335 1877 1390 ΙΙοο
1911 1334 2299 1391 adolescentu-

715 1434 896 1487 lorum
932 1433 1226 1488 consilium
1260 1433 1509 1501 probavit
1571 1430 1912 1498 lioboamus,
1948 1436 2136 1502 itaque
2177 1448 2299 1486 orn—

715 1524 850 1576 nino
887 1523 1178 1592 respondit
1213 1524 1414 1592 populo
1449 1522 1763 1579 Sichemam
1792 1541 2039 1584 reverso.
2077 1531 2154 1582 Ad
2184 1531 2299 1584 hate

713 1615 952 1683 p0pulus
1003 1629 1114 1667 uno
1156 1630 1250 1668 ore
1287 1625 1622 1682 protestatus
1665 1626 1750 1672 est
1808 1620 1945 1674 nihil
1981 1637 2147 1691 porro
2192 1624 2296 1677 sibi

717 1719 841 1756 cum
901 1705 1107 1758 Davido
1140 1717 1191 1758 et
1219 1704 1421 1760 Jessma
1464 1707 1615 1774 prole
1645 1723 1936 1766 commune
1967 1731 1980 1766 :
2013 1714 2298 1771 lsraelicos

713 1798 769 1849 in
809 1813 970 1850 suum
1005 1815 1275 1868 quemque
1310 1800 1724 1856 tabernaculum
1764 1804 1934 1869 abire,
1972 1807 2148 1876 ipsum
2189 1807 2295 1862 Da-

713 1889 898 1942 vidum
935 1906 1087 1945 suam
1122 1891 1346 1945 domum
1377 1909 1603 1962 pascere
1640 1910 1703 1948 ac
1737 1897 2044 1966 gubernare
2073 1899 2292 1956 debere.

715 1979 830 2034 lloc
889 1982 1052 2036 modo
1103 1982 1414 2037 Solomonis
1469 2001 1698 2054 regnum
1753 1987 1941 2041 lissum
1991 1999 2100 2045 est.
2161 1989 2294 2044 Nam

714 2070 998 2127 Roboamo
1037 2074 1156 2129 dua;
1189 2084 1400 2128 tantum
1443 2077 1645 2160 pribus,
1686 2076 1842 2132 Jmlzn
1873 2089 1927 2134 et
1970 2079 2292 2151 Denjamini,

710 2166 1071 2220 adhaserunt
1103 2185 1114 2220 :
1148 2167 1377 2235 reliquae
1428 2183 1622 2223 omnes
1651 2167 2045 2225 Jeroboamum
2102 2172 2295 2228 Nabati

714 2256 886 2311 tilium
937 2272 1120 2327 regem
1182 2258 1282 2311 sibi
1323 2259 1752 2312 constituerunt.
1811 2258 1978 2331 Regia
2026 2259 2295 2316 Roboami

713 2350 823 2404 fuit
859 2349 1276 2420 Hierosolymis,
1312 2359 1366 2405 et
1392 2350 1686 2405 multitudo
1722 2367 1890 2422 regno
1932 2353 2050 2421 ejus
2079 2355 2296 2409 subdita

711 2443 883 2499 Judas
920 2443 1301 2513 appellabatur
1345 2458 1408 2497 ac
1441 2443 1636 2498 donius
1679 2443 1957 2511 Davidica,
2000 2445 2223 2501 nomine
2267 2462 2297 2500 a

715 2538 861 2591 tribu
890 2537 1273 2607 praestantiore
1323 2547 1567 2605 sumpto.
1614 2537 1683 2589 At
1728 2536 2092 2594 Jerohoamus
2143 2539 2297 2608 regni

715 2640 879 2700 caput
905 2632 1094 2685 habuit
1129 2631 1458 2693 Samariam,
1491 2631 1694 2698 regiam
1745 2629 2008 2696 Tharsw;
2067 2634 2298 2701 populus

716 2740 879 2792 quam
913 2723 1138 2792 regebat
1165 2723 1408 2778 lsraclus
1441 2722 1510 2776 ob
1536 2723 1949 2776 multitudinem
1983 2732 2036 2777 et
2070 2723 2299 2793 Ephrai-

717 2832 840 2871 mus
879 2816 949 2871 ob
977 2816 1131 2885 regni
1177 2816 1376 2870 tribum
1413 2816 1855 2884 mincupahatur.

786 3062 1011 3117 Decima
1045 3062 1236 3133 quinta
1283 3062 1374 3117 die
1438 3063 1615 3118 octavi
1672 3065 1879 3121 mensis
1935 3065 2299 3124 Jeroboamus

715 3153 993 3208 Bethelam
1029 3153 1299 3216 ascendit,
1331 3155 1398 3207 ad
1441 3169 1590 3208 aram
1626 3171 1790 3226 quam
1841 3168 2188 3213 exstruxerat
2241 3170 2300 3214 ut

717 3247 954 3308 bucuhs,
990 3261 1126 3314 quas
1155 3244 1396 3310 fuderat,
1433 3261 1546 3300 rem
1575 3263 1787 3301 sacram
1832 3248 2058 3315 faceret,
2090 3254 2298 3305 consti-

717 3339 934 3406 tuitque
965 3337 1308 3398 sacerdotes,
1343 3337 1432 3406 qui
1465 3337 1518 3390 in
1550 3338 1712 3392 editis
1737 3338 1874 3394 locis
1897 3340 2295 3408 sacriﬁcarent,

716 3446 747 3482 a
775 3444 831 3483 se
863 3429 1223 3482 consecratis.
1280 3427 1421 3483 Ecce
1458 3437 1641 3482 autem
1675 3446 1740 3483 ex
1770 3428 1909 3484 Juda
1940 3434 2163 3500 quidam
2211 3435 2298 3487 di-

715 3521 880 3574 vinus
932 3522 1097 3575 homo
1138 3522 1397 3574 mandato
1428 3520 1521 3575 Dei
1557 3525 1863 3577 instructus
1897 3522 2175 3578 Bethelam
2207 3525 2302 3579 ad-

719 3613 888 3666 venit.
926 3611 998 3676 ls,
1025 3629 1149 3667 cum
1203 3613 1568 3668 Jeroboamus
1601 3613 1760 3667 altari
1804 3630 1906 3670 suo
1955 3617 2299 3672 sacriﬁcandi

721 3704 891 3771 gratia
921 3702 1078 3772 175
1126 3712 1350 3765 astaret,
1383 3704 1452 3755 ita
1487 3703 1671 3756 divino
1718 3703 1983 3758 instinctu
2019 3706 2190 3760 altare
2218 3714 2303 3760 est

721 3793 920 3850 aﬂatus
949 3814 962 3849 :
1001 3796 1207 3860 Altarc,
1237 3795 1426 3860 altare,
1460 3793 1561 3849 hoc
1608 3797 1702 3850 tibi
1736 3797 2024 3851 denuntiat
2052 3799 2217 3863 Deus,
2246 3799 2301 3852 in

720 3885 884 3939 domo
926 3884 1115 3938 Davidi
1156 3886 1498 3939 nasciturum
1523 3899 1776 3953 puerum,
1815 3884 2023 3941 Josiam
2056 3889 2301 3953 nomine,

720 3981 813 4047 qui
848 3978 1187 4032 sacrificulos
1221 3977 1493 4030 editorum
1525 3977 1770 4030 locorum
1813 3993 1977 4048 super
2012 3989 2062 4032 te
2085 3980 2304 4035 adolere

719 4069 912 4124 solitos
946 4070 1043 4122 tibi
1093 4068 1379 4137 impositos
1412 4068 1694 4130 mactabit,
1725 4083 1789 4122 ac
1823 4083 1988 4137 supra
2021 4078 2073 4124 te
2126 4069 2305 4124 homi-

717 4175 849 4216 num
885 4171 1012 4211 ossa
1047 4157 1334 4210 accendet.
1381 4156 1445 4209 lit
1484 4155 1655 4210 fatum
1682 4157 1936 4226 prodigio
1991 4165 2048 4209 ut
2099 4161 2306 4212 contir-

719 4256 913 4309 maret,
964 4245 1065 4310 En,
1098 4249 1194 4310 ait,
1229 4247 1400 4301 altare
1461 4257 1766 4316 rumpctur.
1802 4257 1965 4318 atque
1995 4249 2307 4305 ellundetur

719 4341 812 4411 qui
845 4349 926 4394 est
958 4342 1006 4394 ei
1060 4338 1348 4409 impositus
1382 4340 1568 4409 adeps.
1609 4339 1734 4394 Haec
1771 4341 2002 4394 audiens
2041 4340 2304 4396 Jeroboa-

720 4447 844 4486 mus
881 4447 1102 4485 manum
1137 4447 1293 4486 suam
1369 4431 1604 4485 hominis
1666 4432 2106 4501 apprehendendi
2139 4451 2304 4489 causa

2413 597 2500 670 [P.
2539 601 2630 672 99]
2673 604 2781 656 Καὶ
2829 607 3128 674 ἀπήγγειλε
3167 611 3406 681 Ῥοϐοὰμ
3451 616 3563 676 τοῖς
3597 615 3990 684 πρεσϐυτέροις

2408 691 2468 744 τὸ
2497 693 2649 763 ῥῆμα
2673 695 2767 749 τοῦ
2797 697 2949 751 λαοῦ.
2981 701 3087 752 Καὶ
3111 702 3266 755 αὐτοὶ
3295 700 3470 758 εἷπονο
3517 705 3604 769 Ὠς
3630 709 3903 777 ᾐτήσαντο
3928 726 3986 761 σε

2409 784 2689 852 ποιήσειε,
2717 788 2828 839 ’καὶ
2865 791 3018 842 αὑτοὶ
3052 792 3228 845 δοῦλοὶ
3266 811 3357 847 σου
3397 797 3577 860 πάσας
3611 800 3711 860 τὰς
3744 799 3984 869 ἡμέρας.

2407 875 2518 928 Καὶ⁵
2553 878 3014 934 συνεϐουλεύσατο
3053 883 3191 953 μετὰ
3217 885 3328 939 τῶν
3371 887 3678 959 παιδαρίων
3710 889 3819 940 τῶν
3847 908 3987 958 παρ-

2405 966 2655 1021 εστώτων
2679 971 2824 1040 αὐτῷ
2855 989 2916 1024 πε
2929 974 2980 1044 ρί
3008 975 3220 1041 τούτου,
3245 979 3337 1031 καὶ
3360 979 3511 1032 αὐτοὶ
3537 976 3711 1032 εἷπον·
3740 981 3988 1050 Λάλησον

2405 1059 2482 1130 τῷ
2515 1060 2630 1130 λαῷ
2677 1060 2888 1127 οὕτως’
2937 1065 3001 1118 Ἦ
3048 1069 3352 1138 σμικρότης
3394 1088 3494 1140 μου
3544 1073 3824 1140 παχυτέρα
3868 1074 3988 1125 ἐστὶ

2403 1153 2500 1222 τῆς
2537 1153 2739 1222 ὀσφύος
2768 1156 2861 1208 τοῦ
2894 1159 3096 1226 πατρός
3137 1177 3260 1229 μου.
3305 1162 3364 1214 Ὀ
3395 1165 3577 1233 πατήρ
3607 1182 3708 1236 μου
3745 1167 3985 1218 ὑπέτασ-

2404 1259 2496 1295 σεν
2543 1246 2687 1313 ὑμᾶς
2733 1248 2791 1298 ὲν
2839 1248 3003 1319 κλοιῷ
3037 1250 3227 1320 βαρεῖ,
3269 1253 3383 1319 ἐγὼ
3419 1255 3719 1326 προσθήσω
3758 1258 3849 1311 ἐπὶ
3905 1259 3985 1326 τῷ

2402 1329 2569 1400 κλοιῷ
2613 1332 2776 1386 αὑτοῦ
2800 1349 2812 1363 ‘
2850 1337 2877 1387 ὁ
2918 1327 3102 1408 πατήρ
3135 1357 3238 1407 μου
3274 1343 3589 1396 ἐπαίδευσεν
3621 1346 3767 1415 ὑμᾶς
3794 1350 3851 1400 ὲν
3883 1349 3988 1415 μά-

2405 1422 2597 1489 στιξιν,
2632 1425 2742 1492 ἐγὼ
2773 1429 3050 1482 παιδεύσω
3080 1433 3224 1501 ὑμᾶς
3249 1436 3306 1485 ὲν
3333 1437 3603 1506 σκορπίῳ.
3640 1438 3858 1506 Ταύτην
3885 1441 3985 1509 τὴν

2403 1515 2598 1585 βουλὴν
2625 1518 2732 1569 τῶν
2775 1521 3078 1592 παιδαρίων
3126 1520 3246 1577 εἷπε
3296 1523 3537 1597 Ῥοϐοὰμ
3579 1529 3984 1598 ὑποστρέψαντι

2398 1601 2478 1671 τῷ
2537 1603 2794 1674 Ἰσραήλ·
2834 1610 2930 1660 καὶ
2970 1611 3242 1682 ἀπεκρίθη
3281 1617 3388 1678 πᾶς
3422 1618 3448 1668 ὁ
3478 1616 3633 1678 λαός·
3677 1621 3789 1672 Οὐκ
3832 1618 3984 1672 ἐστιν

2401 1692 2531 1762 ήμῖν
2567 1694 2649 1746 ἔτι
2697 1699 2855 1766 μερὶς
2911 1700 2967 1751 ἐν
3010 1701 3214 1767 Δαϐὶδ,
3258 1704 3379 1757 οὐδὲ
3425 1705 3760 1776 κληρονομίαι
3794 1711 3850 1761 ἐν
3882 1709 3984 1778 ut?)

2413 1785 2633 1840 Ἰεσσαί.
2674 1789 2992 1860 Ἀπότρελε,
3027 1795 3262 1865 Ἰσραὴλ,
3299 1800 3386 1859 είς-
3406 1799 3473 1852 τὰ
3508 1800 3843 1870 σκηνώματα
3866 1820 3984 1864 σου,

2402 1877 2565 1947 βόσκε
2601 1879 2690 1932 τὸν
2737 1878 2886 1934 οἶκόν
2935 1902 3052 1946 σου,
3099 1887 3295 1952 Δαϐἰδ,
3331 1893 3422 1942 καὶ
3459 1895 3634 1962 κρῖνε.
3664 1895 3768 1946 Καὶ
3801 1894 3986 1964 διεμεο

2405 1968 2560 2040 ρίσθη
2613 1972 2646 2040 ή
2698 1970 2947 2040 βασιλεία
2993 1976 3376 2046 Σολομῶντοςο
3431 1985 3523 2034 καὶ
3573 1984 3721 2053 αὐτῷ
3760 1986 3859 2054 μὲν
3906 1987 3986 2057 τῷ

2413 2061 2649 2132 οΡοϐοᾶμ
2688 2066 2718 2132 ἡ
2746 2064 2803 2129 ἐξ
2847 2065 3017 2119 Ἰούδα
3048 2072 3357 2140 παραμένει
3387 2074 3526 2144 φυλὴ
3558 2078 3647 2127 καὶ
3678 2077 3708 2146 ἡ
3739 2078 3986 2131 19-3857-

2405 2154 2592 2225 ιαμὶν,
2631 2159 2685 2209 αἱ
2721 2157 2777 2210 δὲ
2815 2157 2998 2211 λοιπαὶ
3034 2160 3168 2215 δέκα
3208 2165 3370 2231 φυλαί
3415 2164 3694 2237 Ἱεροϐοᾶμ
3747 2171 3835 2222 τὸν
3887 2174 3982 2224 τοῦ

2400 2244 2592 2298 Ναϐὰτ
2627 2252 3037 2318 προεστήσαντο
3072 2251 3318 2322 βασιλέα.
3346 2252 3453 2309 Ἦν
3487 2257 3585 2325 μὲν
3621 2262 3697 2329 τῷ
3747 2262 3987 2334 Ῥοϐοάμ

2400 2337 2501 2408 τῆς
2537 2337 2818 2407 βασιλείας
2861 2343 2888 2393 ὁ
2922 2340 3066 2407 οἶκος
3113 2347 3170 2398 έν
3222 2345 3612 2422 Ἰερουσαλὴμ,
3645 2355 3890 2408 ἐκαλεῖτο
3927 2357 3989 2410 δὲ

2400 2433 2461 2483 τὸ
2499 2431 2591 2485 ὑπ’
2625 2434 2784 2486 αὐτὸν
2814 2437 3146 2506 ταττόμενον
3172 2441 3374 2509 πλῆθος
3419 2444 3614 2508 Ἰούδας
3651 2449 3746 2499 καὶ
3778 2450 3805 2500 ὁ
3835 2444 3988 2513 οἶκος

2403 2526 2604 2591 Δαϐἰδ,
2651 2528 2714 2580 ὲκ
2761 2528 2859 2598 τῆς
2892 2530 3358 2603 ὲπικρατεστέρας
3403 2536 3576 2604 φυλῆς
3611 2539 3848 2609 εἰληφὼς
3883 2543 3990 2610 τὴν

2402 2620 2798 2691 προσηγορίαν.
2827 2621 2932 2675 Τοῦ
2972 2625 3028 2677 δὲ
3071 2626 3351 2696 Ὶεροϐοὰμ
3389 2629 3674 2699 Σαμάρεια
3706 2633 3738 2701 ὴ
3777 2635 3990 2704 μητρὸ-

2404 2714 2643 2778 πολις,·ὁ
2677 2714 2734 2766 δὲ
2775 2716 2873 2786 τῆς
2903 2716 3176 2785 βασιλείας
3206 2716 3351 2782 οἶκος
3386 2723 3442 2772 ἐν
3471 2723 3659 2792 Θαρτᾷ
3683 2741 3696 2753 ·
3729 2725 3898 2795 ὄνομα
3927 2727 3988 2780 δὲ

2402 2806 2479 2875 τῷ
2508 2808 2599 2859 ὑπ’
2622 2808 2784 2862 αὑτὸν
2808 2807 2923 2879 λαῷ
2960 2811 3175 2880 Ἰσραὴλ
3197 2813 3283 2866 διὰ
3307 2813 3366 2866 τὸ
3393 2815 3598 2887 πλῆθος
3620 2819 3714 2870 καὶ
3748 2819 3993 2890 Ἐφραῒμ

2408 2893 2493 2953 ῗιὰ
2521 2899 2620 2970 τὴν
2649 2900 2748 2969 τῆς
2780 2899 3055 2969 βασιλείας
3089 2904 3282 2974 φυλήν.

2475 3055 2631 3108 Κατὰ
2680 3057 2736 3109 δὲ
2767 3058 2858 3110 τὸν
2899 3058 3083 3127 ὃγδοον
3115 3061 3294 3132 μῆνα,
3327 3065 3384 3118 ὲν
3414 3068 3477 3136 τῇ
3519 3070 3989 3143 πεντεκαιδεκάτῃ

2404 3149 2499 3201 τοῦ
2549 3151 2737 3219 μηνὸς,
2779 3151 2947 3224 ἀνέϐη
2995 3153 3280 3226 ’ῐεροϐοὰμ
3307 3160 3364 3211 ἐν
3392 3159 3566 3229 Βεθὴλ
3596 3163 3673 3222 εἰς
3704 3163 3764 3213 τὺ
3795 3162 3990 3215 θυσια-

2407 3241 2627 3309 στήριον
2670 3241 2700 3294 ὃ
2750 3243 2978 3314 ἐποίησε
3025 3245 3120 3298 τοῦ
3177 3247 3326 3300 θύειν
3374 3252 3496 3311 ταῖς
3547 3250 3844 3318 δαμάλεσιν
3897 3247 3991 3316 αἶς

2401 3329 2668 3402 ἐχώνευσε
2694 3373 2708 3396 ,
2752 3336 2847 3386 καὶ
2878 3336 3192 3408 παρέστησε
3233 3339 3359 3403 τοὺς
3390 3342 3554 3410 ἱερεῖς
3583 3343 3690 3394 τῶν
3723 3343 3944 3412 ὑψηλῶν
3970 3385 3988 3408 ,

2402 3421 2494 3485 οὒς
2523 3423 2682 3486 αὐτὸς
2709 3425 3044 3496 κατέστησεν
3079 3431 3135 3479 ὲν
3169 3431 3372 3492 αὐτοῖς.
3399 3433 3505 3484 Καὶ
3565 3432 3672 3485 ἰδοὺ
3699 3434 3992 3504 ἄνθρωπος

2403 3515 2498 3566 τοῦ
2533 3514 2668 3568 Θεοῦ
2711 3518 3045 3587 παρεγένετο
3080 3522 3136 3572 ὲν
3173 3521 3368 3592 Βεθὴλ,
3415 3525 3471 3575 ὲν
3514 3523 3656 3594 λόγῳ
3690 3527 3892 3595 Κυρίου
3925 3529 3993 3591 ἐξ

2417 3603 2586 3659 Ἰούδα
2607 3623 2620 3637 °
2653 3608 2749 3660 καὶ
2789 3610 3069 3681 Ἰεροίῑοέιμ⁵
3108 3613 3351 3682 εἱστήκει
3387 3615 3478 3666 ἐπὶ
3511 3619 3568 3668 τὸ
3597 3616 3992 3687 θυσιαστήριον

2406 3696 2571 3750 αὐτοῦ
2613 3699 2706 3752 τοῦ
2753 3699 2936 3755 θῦσαι.
2976 3703 3087 3755 Καὶ
3130 3700 3284 3756 εἶπεν
3335 3707 3361 3756 ὁ
3413 3707 3699 3777 ἄνθρωπος
3749 3713 3886 3778 πρὸς
3925 3714 3996 3764 τὸ

2409 3788 2796 3860 θυσιαστήριον
2821 3793 2876 3844 ὲν
2905 3793 3048 3862 λόγῳ
3074 3795 3279 3862 Κυρίου
3298 3813 3311 3826 ο
3344 3796 3763 3868 Θυσιαστῂριον,
3802 3801 3995 3852 θυσια-

2409 3883 2796 3952 στήριον,τάδε
2820 3883 2971 3950 λέγει
2996 3885 3216 3954 Κύριος·
3249 3887 3382 3940 Ἰδοὺ
3413 3889 3526 3951 υἱὸς
3555 3891 3798 3942 τίκτεται
3828 3893 3886 3944 ἐν
3909 3894 3995 3963 τῷ

2407 3975 2541 4042 οἴκῳ
2581 3972 2765 4036 Δαϐὶδ,
2819 3972 3026 4036 Ἰωσίας
3065 3976 3234 4046 ὄνομα
3267 3979 3435 4047 αὐτῷ.
3475 3981 3584 4032 Καὶ
3623 3982 3772 4035 Οὐσει
3799 3986 3891 4035 ἐπὶ
3928 3987 3993 4036 σὲ

2407 4065 2534 4125 τοὺς
2580 4066 2748 4134 ἱερεῖς
2792 4064 2899 4117 τῶν
2934 4066 3154 4135 ὑψηλῶν
3207 4071 3314 4121 τῶν
3351 4071 3590 4123 Ευόντων
3628 4077 3705 4135 εἰς
3757 4076 3814 4126 σὲ
3842 4116 3856 4137 ,
3893 4079 3994 4129 καὶ

2409 4157 2543 4209 ὀστᾶ
2591 4155 2896 4226 ἀνθρώπων
2927 4159 3119 4210 καύσει
3168 4161 3258 4210 ἐπὶ
3291 4162 3368 4214 σέ.
3423 4164 3530 4215 Καὶ
3582 4164 3779 4216 ἔδωκεν
3825 4169 3994 4231 εὐθὺς

2408 4248 2600 4316 τέρας,
2633 4247 2830 4313 λέγων·
2877 4249 3007 4301 Ἰδοὺ
3038 4250 3097 4301 τὸ
3132 4250 3516 4321 θυσιαστήριον
3547 4255 3847 4323 ῥήγνυται,
3894 4260 3995 4310 καὶ

2410 4340 2774 4409 ἐκχυθήσεται
2824 4342 3086 4410 ἠπιὸτης
3140 4344 3171 4412 ή
3227 4339 3358 4395 οὖσα
3389 4345 3478 4396 ἐπ’
3523 4347 3692 4417 αὐτῷ.
3747 4349 3855 4400 Καὶ
3912 4350 3995 4412 ὼς

2411 4433 2646 4502 ἧκουσεν
2687 4432 3004 4501 Ἱεροϐοαμ,
3056 4434 3290 4499 ἐξέτεινε
3320 4435 3416 4504 τὴν
3464 4440 3622 4505 χεῖρα
3667 4438 3828 4490 αὑτοῦ
3867 4443 3998 4490 συλ-

723 4525 1008 4580 extendit:
1043 4539 1164 4592 qure
1201 4523 1385 4578 subito
1417 4523 1652 4586 exaruit,
1700 4524 1974 4592 simulque
2011 4540 2105 4578 ara
2143 4535 2300 4594 rupta

2412 4523 2674 4577 λαϐέσθαι
2724 4525 2906 4577 αὐτόν.
2941 4525 3051 4576 Καὶ
3088 4525 3194 4576 ἰδοὺ
3246 4526 3517 4596 ἐξηράνθη
3553 4531 3586 4596 ἡ
3621 4533 3740 4597 χεὶρ
3787 4530 3954 4582 αὑτοῦ
3978 4574 3993 4594 ,

724 4617 892 4685 adeps
945 4613 1148 4670 eﬂ'usus
1197 4623 1300 4669 est.
1331 4614 1466 4667 Tum
1498 4613 1860 4669 Jeroboamus
1897 4623 2074 4668 vatem
2130 4618 2304 4671 oravit

725 4707 804 4760 uti
839 4707 1004 4760 Deum
1047 4722 1146 4776 pro
1184 4723 1242 4761 se
1283 4707 1695 4776 deprecaretur,
1731 4705 1806 4758 uti
1845 4705 1947 4760 sibi
1978 4721 2076 4760 sua
2111 4723 2305 4763 manus

723 4801 1066 4869 inintegrum
1090 4799 1488 4854 restitueretur.
1514 4797 1634 4863 Quo
1657 4797 1802 4852 facto
1821 4809 1994 4863 vates,
2029 4810 2081 4854 et
2114 4811 2304 4855 sanata

723 4904 910 4952 manu,
942 4904 1006 4942 ex
1033 4896 1332 4957 conspectu
1362 4887 1503 4956 regis
1521 4887 1672 4940 abiit.
1712 4886 1840 4940 Erat
1864 4888 2005 4942 alius
2039 4889 2306 4957 impostor

724 4980 946 5051 quidam
981 4981 1119 5035 vatis
1147 4981 1392 5044 nomine,
1427 4996 1592 5036 senes
1647 4979 1883 5035 Bethelae
1936 4982 2208 5037 habitans.
2255 4982 2304 5036 ls

724 5088 847 5126 cum
889 5073 1189 5127 audivisset
1225 5087 1346 5140 qua
1379 5086 1408 5124 a
1441 5071 1627 5125 divino
1685 5072 1906 5126 homine
1960 5079 2077 5125 acta
2123 5082 2302 5137 erant,

725 5181 850 5218 eum
909 5174 1233 5231 persecutus
1285 5173 1409 5229 est;
1473 5165 1867 5232 inventumque
1923 5164 2025 5218 sub
2096 5179 2302 5232 quercu

726 5255 1008 5311 sedentem
1034 5257 1285 5310 hortatus
1309 5265 1391 5310 est
1417 5264 1473 5308 ut
1499 5269 1683 5309 secum
1712 5266 2008 5309 reverteret
2037 5271 2100 5310 ac
2120 5257 2303 5311 cibum

726 5354 987 5401 sumeret.
1045 5347 1265 5402 Divinus
1320 5361 1445 5399 vero
1486 5345 1535 5399 id
1579 5345 1840 5409 abnuere,
1901 5347 2046 5414 quod
2082 5347 2183 5400 sibi
2223 5348 2305 5400 in-

727 5441 960 5493 terdicta
995 5439 1089 5493 Dci
1140 5453 1206 5492 eo
1263 5439 1366 5492 loci
1425 5453 1602 5508 neque
1661 5438 1823 5491 edere
1881 5453 2059 5506 neque
2117 5439 2305 5492 bibere

728 5530 971 5598 permitti
998 5529 1227 5584 diceret.
1259 5529 1336 5583 lbi
1373 5530 1641 5599 impostor
1686 5529 1798 5589 ille.
1836 5545 1895 5584 se
1924 5545 2145 5599 quoque
2177 5547 2300 5601 per-

728 5623 856 5677 inde
913 5631 1079 5691 atque
1118 5623 1295 5691 ipsum
1350 5637 1472 5677 esse
1528 5631 1728 5688 vatem,
1781 5625 2149 5694 angelumquc
2209 5623 2301 5678 Dei

730 5711 838 5767 sibi
885 5713 1176 5767 mandasse
1225 5722 1283 5766 ut
1308 5713 1406 5782 ipsi
1459 5721 1695 5767 retracto
1745 5712 1928 5767 cibum
1989 5714 2160 5768 daret.
2227 5715 2305 5768 lio

731 5803 1016 5858 mendacio
1066 5803 1309 5858 divinum
1361 5802 1630 5873 permovit
1689 5813 1748 5858 ut
1811 5819 1996 5860 secum
2052 5819 2305 5860 reversus

2413 4620 2508 4670 καὶ
2546 4619 2606 4670 τδ
2653 4616 3034 4684 (θυσιαστήριον
3072 4618 3315 4687 ἐρράγη,
3353 4621 3446 4670 καὶ
3500 4622 3530 4686 ή
3587 4622 3778 4690 πιότης
3824 4623 3998 4676 αὑτοῦ

2413 4708 2666 4779 ἐξεχύθη.
2688 4709 2797 4761 Καὶ
2819 4703 2974 4760 εἶπεν
2997 4709 3300 4778 Ἱεροϐοάμ·
3326 4710 3557 4779 Δεήθητι
3578 4711 3672 4765 τοῦ
3693 4715 3995 4782 προσώπου

2413 4799 2619 4868 Κυρίου
2650 4797 2744 4850 τοῦ
2775 4797 2910 4848 Θεοῦ
2944 4814 3068 4860 σου,
3120 4798 3214 4850 καὶ
3257 4800 3636 4870 ἐπιστρεςράτω
3664 4803 3694 4870 ἡ
3730 4803 3850 4872 χείρ
3885 4823 3998 4871 μου

2415 4891 2549 4960 πρός
2604 4905 2691 4958 με.
2735 4889 2845 4941 Καὶ
2896 4888 3090 4958 ἐδεήθη
3138 4891 3164 4941 ὁ
3205 4889 3488 4963 ἄνθρωπος
3539 4894 3633 4945 τοῦ
3678 4892 3850 4956 Θεοῦ,
3891 4897 4002 4950 καὶ

2413 4985 2630 5049 ἐγένετο
2727 4980 2847 5050 χεὶρ
2874 4979 3036 5030 αλξιτοῦ
3075 4981 3254 5048 ὑγιής.
3295 4983 3400 5033 Καὶ
3436 4983 3678 5052 ἀπῆλθεν
3707 4986 3733 5037 ὁ
3776 4987 3996 5054 ἄνθρω-

2413 5089 2514 5134 πος
2541 5069 2635 5122 τοῦ
2667 5069 2802 5121 Θεοῦ
2843 5070 2951 5122 ἀπὸ
2981 5069 3274 5140 προσώπου
3329 5072 3628 5142 Ίεροϐοάμ.
3673 5070 3778 5127 Ἦν
3817 5075 3874 5128 δέ
3906 5095 3997 5141 τις

2413 5163 2569 5222 ἄλλος
2604 5160 3078 5230 ψευδοπροφήτης,
3119 5163 3390 5215 κατοικῶν
3419 5170 3475 5215 εν
3509 5163 3590 5236 [Ρ.
3631 5163 3754 5236 100]
3791 5166 3996 5238 Βεύὴὶ.,

2414 5249 2729 5320 πρεσϐύτης
2752 5265 2763 5276 ·
2791 5249 2883 5300 καὶ
2914 5248 3099 5318 μαθὼν
3125 5251 3224 5302 ὅσα
3253 5252 3507 5321 ἐποίησεν
3537 5256 3565 5306 ὁ
3584 5254 3869 5324 ἄνθρωπος
3897 5258 4000 5311 τοῦ

2413 5341 2572 5406 Θεοῦ,
2605 5341 2931 5405 κατεδίωξεν
2951 5341 3126 5394 ὀπίσω
3155 5344 3343 5406 αὑτοῦ,
3372 5347 3465 5397 καὶ
3484 5341 3641 5416 εὗρεν
3667 5347 3830 5399 αὐτον
3852 5350 3999 5402 καο-

2414 5435 2619 5503 ήμενον
2645 5435 2737 5485 ἐπὶ
2762 5433 2913 5504 δρῦν,
2952 5434 3046 5485 καὶ
3081 5430 3236 5486 εἶπεν
3272 5436 3420 5504 αὐτῷ
3443 5453 3455 5466 ·
3481 5437 3652 5506 Δεῦρο
3684 5439 3802 5507 μετ’
3827 5440 4000 5507 ἐμοῦ,

2415 5525 2509 5577 καὶ
2536 5525 2676 5592 φάγε
2701 5524 2886 5595 ἄρτον.
2920 5525 3029 5578 Καὶ
3069 5525 3239 5578 εἶπεν·
3271 5529 3344 5580 Οὐ
3377 5529 3638 5598 φάγωμαι
3664 5529 3831 5600 ἄρτον
3871 5534 4004 5588 οὐδὲ

2416 5615 2628 5682 πίωμαι
2661 5614 2804 5685 ὕδωρ
2841 5618 2898 5669 ἐν
2927 5616 3004 5688 τῷ
3036 5618 3184 5687 τόπῳ
3217 5619 3415 5688 τούτῳ,
3447 5620 3529 5671 ὅτι
3557 5620 3758 5690 Κύριος
3791 5624 4003 5676 ἐνετεί-

2413 5707 2543 5760 λατό
2574 5725 2665 5776 μοι
2692 5708 2885 5772 οὕτως.
2921 5711 3031 5762 Καὶ
3062 5707 3203 5763 εἷπε’
3232 5710 3400 5778 Κάγὼ
3437 5715 3718 5784 προφήτης
3751 5717 3868 5782 εἰμὶ
3900 5733 4006 5770 κα-

2416 5802 2522 5864 Θὼς
2559 5802 2646 5866 σὺ,
2689 5803 2780 5855 καὶ
2826 5802 3053 5870 ἄγγελος
3089 5804 3292 5874 Κυρίου
3334 5804 3559 5875 etiam:
3597 5823 3684 5876 μοι
3719 5806 3812 5858 τοῦ
3869 5808 4003 5859 ἑπιο
