4214 6448
725 408 824 470 211

2028 403 2352 468 GEORGII
2384 402 2720 465 CEDRENI

3890 405 3998 472 Si?

726 525 1008 597 imposuit.
1045 523 1174 581 inde
1199 533 1354 582 vates
1389 525 1553 582 fascia
1590 527 1738 580 vultu
1774 527 2030 597 obligato,
2073 540 2180 596 qua
2218 539 2314 579 rex

2419 522 2599 586 ἄλλον,
2633 523 2726 578 καὶ
2766 525 3035 591 ἐπάταξεν
3065 526 3250 590 αὑτὸν,
3291 526 3386 581 καὶ
3416 527 3724 599 συνετρίϐη.
3761 528 3869 581 Καὶ
3900 547 4000 583 κα-

725 620 1114 674 Israelicorum
1149 619 1488 674 transiturus
1519 631 1635 673 erat
1659 618 1902 674 consulit
1929 636 1941 683 ;
1976 631 2149 687 eoque
2175 631 2314 687 prm-

727 721 976 767 tereunte
999 711 1106 764 alta
1139 726 1274 766 voce
1309 719 1538 781 questus
1569 719 1652 767 est
1686 727 1744 766 se
1767 711 1975 781 regium
2006 725 2222 765 servum
2258 710 2312 764 in

726 805 926 859 bellum
981 803 1306 873 profectum,
1358 803 1525 856 alium
1566 803 1855 873 quemdam
1908 803 1973 856 ad
2028 817 2087 856 se
2131 801 2311 855 virum

727 895 1044 960 adduxisse,
1065 895 1294 964 ejusque
1317 895 1419 950 sibi
1451 895 1756 951 custodiam
1793 893 2079 948 mandasse
2105 908 2166 948 ea
2199 893 2314 963 lege

727 995 784 1040 ut
839 986 885 1041 si
937 987 981 1041 is
1044 986 1128 1041 vir
1180 986 1508 1057 aufugisset,
1560 1001 1658 1055 pro
1696 1001 1760 1040 eo
1805 985 1971 1039 vitam
2009 1000 2163 1040 suam
2220 996 2315 1040 aut

725 1076 936 1146 argenti
983 1075 1187 1129 talenta
1233 1075 1510 1145 penderet.
1566 1074 1635 1129 Se
1685 1075 1786 1128 hac
1819 1073 1943 1127 illac
1988 1074 2315 1144 circumspi-

726 1167 927 1233 ciente,
969 1166 1184 1222 interim
1221 1167 1396 1220 virum
1439 1167 1559 1236 fuga
1587 1181 1644 1222 se
1677 1167 2032 1237 proripuisse.
2070 1164 2316 1234 Respon-

726 1260 807 1314 dit
832 1276 927 1314 rex
959 1276 1083 1314 eum
1114 1260 1181 1314 de
1221 1275 1279 1314 se
1326 1261 1446 1328 ipso
1475 1260 1802 1313 sententiam
1835 1259 2049 1322 tulisse,
2083 1275 2314 1329 esseque

728 1366 830 1406 suo
861 1352 1128 1406 arbitratu
1161 1350 1438 1404 homicidii
1472 1351 1696 1405 fontem.
1735 1349 1868 1404 Tum
1905 1360 2055 1404 vates
2089 1367 2315 1422 propere

727 1441 956 1496 fasciam
987 1456 1015 1496 a
1049 1440 1186 1494 facie
1216 1441 1467 1504 removit,
1487 1441 1815 1509 agnitusquc
1840 1458 1978 1495 unus
2010 1442 2076 1496 dc
2101 1443 2315 1496 vatibus

726 1549 867 1596 esse,
907 1533 981 1586 ita
1005 1533 1223 1587 locutus
1261 1541 1376 1587 est:
1408 1551 1425 1582 ι
1458 1531 1545 1585 Sic
1572 1531 1647 1584 ait
1684 1531 1948 1586 Dominus
1981 1533 2091 1600 regi
2119 1549 2132 1584 :
2176 1531 2313 1598 Quia

730 1630 787 1674 tu
825 1620 1000 1672 virum
1032 1620 1287 1689 perniciei
1321 1618 1653 1672 destinatum
1696 1633 1760 1672 ex
1797 1619 2052 1673 manibus
2085 1620 2193 1673 tuis
2231 1619 2317 1672 di-

729 1710 952 1776 misisti,
996 1725 1126 1764 ccce
1187 1709 1307 1776 tibi,
1353 1710 1460 1762 vita
1509 1719 1601 1762 tua
1636 1725 1735 1779 pro
1780 1709 1891 1763 vita
1930 1711 2100 1779 ipsius
2141 1727 2314 1781 popu-

728 1803 922 1872 lusque
977 1811 1103 1856 tuus
1149 1817 1247 1872 pro
1303 1801 1503 1872 populo
1557 1803 1678 1873 ejus
1730 1803 1840 1858 luet
1862 1803 1928 1858 “.
1962 1822 1981 1856 ι
2012 1804 2156 1858 Abiit
2185 1819 2314 1874 ergo

730 1892 986 1947 Acbabus
1027 1893 1193 1946 animi
1228 1907 1370 1963 :eger
1399 1902 1560 1962 atque
1599 1892 1756 1948 ﬂens.

800 2072 1115 2126 Secundum
1137 2073 1251 2126 haec
1273 2072 1526 2130 Acbaltus
1552 2075 1760 2129 vineam
1777 2074 2007 2129 Nabotlii
2029 2075 2308 2140 lsraelitm,

728 2165 1044 2233 contiguam
1093 2179 1234 2219 areae
1275 2167 1441 2235 regis,
1496 2167 1578 2220 vel
1627 2166 2030 2236 permutatione
2085 2166 2312 2221 alterius

734 2255 902 2310 vineae
950 2254 1031 2307 vel
1071 2255 1251 2308 soluto
1283 2257 1458 2323 pretio
1499 2271 1653 2311 suam
1705 2256 1886 2311 facere
1921 2258 2194 2326 cupiebat.
2244 2262 2314 2312 At

730 2360 858 2399 vero
912 2345 1195 2400 Nabotlius
1244 2363 1540 2416 pernegare
1599 2364 1657 2403 se
1707 2364 1866 2403 suum
1900 2350 2311 2417 {patrimonium

729 2438 984 2507 cuiquam
1030 2439 1399 2493 addicturmn.
1441 2441 1571 2505 Qua:
1604 2456 1691 2494 res
1723 2456 1846 2494 cum
1878 2441 2119 2497 dolorem
2168 2443 2315 2496 intu-

730 2529 882 2583 lisset
910 2529 1414 2594 Achabo,Jezabela
1449 2545 1514 2584 eo
1541 2532 1764 2601 cognito
1792 2533 1856 2585 ad
1889 2533 2133 2589 seniores
2161 2535 2314 2589 urb?s

732 2621 943 2677 litteras
971 2621 1089 2686 dat,
1130 2624 1399 2678 mandans
1434 2624 1510 2676 uti
1545 2621 1856 2679 Nabuthum
1887 2627 2113 2695 quaesita
2153 2641 2315 2682 occa-

731 2714 885 2769 sione
943 2714 1070 2769 facti
1131 2716 1485 2771 interficiant.
1541 2717 1578 2771 li
1621 2718 1851 2771 conficta
1889 2717 2151 2776 adversus
2189 2736 2312 2776 eum

731 2803 1030 2870 calumnia,
1067 2806 1224 2874 quasi
1260 2822 1438 2876 regem
1473 2815 1795 2864 exsecratus
1826 2817 1992 2873 esset,
2037 2811 2314 2869 hominem

733 2895 1036 2957 trucidant.
1065 2896 1279 2952 vineam
1303 2899 1564 2954 Achabus
1585 2909 1836 2970 occupat.
1859 2901 2018 2957 Hunc
2048 2902 2194 2960 Elias
2217 2919 2314 2976 ag—

729 3003 946 3050 gressus
978 2989 1048 3043 ita
1077 2991 1458 3059 compellavit:
1487 3011 1505 3044 ι
1530 2992 1654 3047 Haec
1689 2993 1822 3047 dicit
1847 2993 2107 3049 Dominus
2138 3012 2151 3048 :
2188 3016 2205 3046 ι
2235 2996 2312 3050 Tu

733 3081 1226 3150 179'homieidio
1273 3093 1586 3152 perpetrato
1630 3084 1860 3138 alienam
1907 3088 2311 3154 possessionem

729 3172 1004 3227 'nvasisti.
1035 3172 1280 3240 Idcirco,
1310 3188 1419 3240 quo
1451 3173 1570 3228 loco
1593 3175 1910 3244 sanguinem
1933 3175 2162 3231 Nabotlri
2183 3193 2310 3232 sues
2343 3201 2385 3260 ο

727 3270 783 3314 et
814 3276 980 3316 canes
1018 3263 1524 3328 linxerunt,eodem
1551 3273 1605 3320 et
1637 3281 1805 3321 canes
1823 3269 2311 3337 sanguinemtuum

730 3353 969 3408 lambent
1004 3363 1057 3408 et
1097 3355 1150 3409 in
1193 3370 1258 3410 co
1306 3363 1489 3411 scorta
1535 3357 1796 3412 lavabunt
1836 3376 1850 3423 ;
1900 3372 1963 3413 ac
2001 3357 2310 3414 Jezabelam

724 3459 891 3500 canes
923 3447 1192 3501 vorabunt
1224 3448 1555 3516 antefmuros
1584 3447 1956 3505 Jesraelcnses
1976 3452 2043 3505 ⁸³.
2078 3471 2095 3501 ι
2120 3451 2312 3506 Exitus

727 3537 831 3593 hoc
871 3537 1189 3594 vaticinium
1233 3541 1652 3609 comprobavit;
1710 3556 1836 3595 nam
1897 3543 2152 3598 Achabus
2187 3559 2309 3597 eum

724 3627 1027 3699 .losapliato
1081 3646 1204 3701 rege
1255 3630 1410 3686 Iudae
1459 3647 1714 3702 egressus
1747 3634 1803 3686 in
1833 3635 2080 3702 prmlium
2119 3645 2310 3688 contra

729 3736 906 3790 regem
944 3720 1134 3791 Syriar,
1171 3723 1370 3793 sagitta
1405 3723 1562 3790 jecur
1611 3725 1750 3780 ictus
1792 3723 2094 3778 Samariam
2152 3727 2314 3780 rediit

727 3811 910 3880 ibique
947 3823 1202 3865 mortuus
1227 3821 1311 3868 est
1351 3829 1367 3880 ;
1400 3823 1453 3867 et
1483 3829 1607 3868 cum
1634 3817 1858 3884 sanguis
1891 3816 2008 3885 ejus
2034 3817 2314 3872 cluerctur

727 3903 867 3972 apud
895 3903 1098 3958 fonlem
1121 3905 1404 3979 Samarize,
1425 3921 1549 3960 eum
1575 3921 1701 3962 sues
1734 3914 1788 3961 et
1816 3921 1980 3962 canes
2011 3909 2310 3972 linxerunt,

730 3993 1059 4063 paulumque
1084 3994 1226 4048 infra
1261 3998 1580 4051 meretrices
1607 3997 1661 4051 in
1695 3996 1816 4066 ejus
1849 3999 2114 4067 sanguine
2157 4001 2311 4055 lava-

735 4090 876 4134 runt.
901 4079 1154 4136 Jezabela
1181 4084 1343 4137 etiam
1379 4085 1446 4138 de
1478 4101 1635 4140 muro
1669 4085 1879 4156 dejeeta
1915 4089 2146 4144 canibus
2172 4105 2312 4146 escae

729 4171 849 4236 fuit,
879 4174 1042 4226 sicuti
1074 4173 1218 4228 Deus
1256 4174 1403 4232 fatus
1437 4175 1635 4231 fuerat.

796 4348 1068 4407 Ocliozias
1097 4351 1304 4407 Acbabi
1337 4351 1483 4407 ﬁlius
1506 4367 1732 4423 regnum
1759 4353 2110 4410 inlsraclicos
2135 4357 2310 4411 tenuit

731 4439 1032 4495 biennium.
1071 4441 1119 4497 Is
1151 4457 1274 4496 cum
1306 4452 1613 4512 aegrotaret,
1641 4445 1865 4498 nuntios
1886 4444 2036 4498 misit
2065 4446 2307 4499 Accaro-

2419 615 2798 684 ταδησαμενος
2828 619 2856 670 ὁ
2889 619 3175 688 προφήτης
3203 619 3480 688 τελαμῶνι
3509 621 3635 682 τοὺς
3663 618 3995 688 ὀφθαλμοὺς,

2418 705 2494 767 ὠς
2541 707 2568 758 ὁ
2618 705 2872 774 βασιλεῦς
2931 707 3147 777 Ἰσραὴλ
3199 710 3629 780 παρεπορεύετο,
3687 712 3779 763 καὶ
3837 710 4000 770 αὐτὸς

2421 794 2550 848 ἐϐόα
2587 812 2598 824 ·
2640 797 2699 849 '0
2731 797 2914 860 δοῦλός
2948 815 3044 852 σου
3077 800 3300 868 ἐξῆλθεν
3335 800 3427 853 ἐπὶ
3487 802 3586 871 τὴν
3617 800 3876 872 στρατιὰν
3901 800 3999 853 τοῦ

2417 886 2678 954 πολέμου,
2703 887 2798 941 καὶ
2831 889 2968 959 ἀνὴρ
3021 891 3238 960 εἰσῆγεν
3295 891 3464 960 ἄνδρα
3499 891 3634 961 πρός
3691 908 3756 961 με
3789 891 4000 958 λέγωνξ·

2416 975 2658 1042 Φύλαξόν
2713 996 2802 1048 μοι
2837 981 2929 1032 τὸν
2957 980 3125 1051 ἄνδρα
3153 981 3360 1038 τοῦτον.
3411 983 3534 1035 Ἐὰν
3562 982 3617 1034 δὲ
3651 982 3928 1052 ἀποφύγῃ.
3965 985 4002 1051 ἡ

2415 1065 2561 1137 ψυχή
2594 1084 2686 1120 σου
2722 1069 2877 1122 ἔσται
2926 1071 3046 1122 ἀντὶ
3086 1071 3184 1138 τῆς
3213 1072 3393 1141 ψυχῆς
3449 1072 3636 1132 αὑτοῦ,
3678 1073 3710 1142 ἢ
3760 1074 4002 1124 τάλαντα

2415 1158 2680 1226 ἀργυρίου
2713 1161 2950 1228 οτήσεις.
3001 1161 3110 1214 Καὶ
3137 1163 3374 1229 ἐγένετο,
3407 1163 3480 1225 ὡς
3532 1163 3924 1232 περιεϐλέπετο
3973 1165 4004 1214 ὀ

2413 1245 2599 1308 δοῦλός
2625 1262 2717 1298 σου
2748 1241 2851 1299 ὦδε
2879 1248 2971 1300 καὶ
3000 1242 3124 1310 ὦδε,
3157 1250 3249 1301 καὶ
3278 1251 3441 1313 αὐτὸς
3469 1251 3568 1303 οὐκ
3591 1247 3680 1320 ἦν.
3708 1252 3817 1302 Καὶ
3845 1247 4006 1302 εἶπεν

2430 1338 2653 1407 Ἀχαάϐ”
2675 1338 2804 1391 Ἰδοὺ
2837 1339 3098 1408 δικαστὴς
3133 1342 3218 1406 σὺ,
3245 1343 3340 1393 καὶ
3366 1342 3434 1393 τι
3464 1342 3656 1411 ἔνεδρα
3691 1343 3821 1410 παρ’
3852 1343 4001 1410 ἐμοί.

2428 1429 2769 1495 Ἐφόνευσας.
2823 1431 2931 1482 Kal
2982 1430 3222 1493 σπεύσας
3275 1432 3302 1482 ὁ
3357 1432 3645 1502 προφήτης
3687 1433 3872 1499 ἀφεῖλε
3907 1433 4006 1482 τὸν

2414 1519 2701 1590 τελαμῶνα
2745 1521 2853 1573 ἀπὸ
2896 1521 3002 1573 τῶν
3031 1521 3327 1592 ὀφθαλμῶν
3359 1523 3548 1585 αὐτοῦ,
3599 1522 3694 1574 καὶ
3741 1521 3994 1592 ἐγνώσθη

2411 1614 2496 1666 ὅτι
2528 1615 2590 1665 ὲκ
2622 1614 2730 1665 τῶν
2767 1613 3061 1683 προφητῶν
3091 1615 3240 1665 ἐστιν
3266 1608 3442 1676 οὗτος,
3469 1614 3562 1666 καὶ
3602 1609 3722 1666 εἷπε
3746 1630 3759 1643 ·
3798 1629 3819 1666 ι
3859 1613 4006 1665 Τάδε

2419 1705 2568 1772 λέγει
2599 1704 2802 1772 Κύριος
2823 1720 2837 1736 ο
2867 1705 3015 1757 Διότι
3046 1705 3315 1774 ἐξήγαγες
3353 1706 3417 1758 σὺ
3451 1705 3618 1774 ἄνδρα
3646 1704 3888 1772 ὀλέθριον
3935 1706 4008 1756 ἐκ

2415 1797 2595 1865 χειρός
2628 1812 2750 1864 μου,
2791 1795 2898 1848 ἰδοὺ
2929 1796 2962 1864 ὴ
2998 1795 3142 1864 ψυχή
3196 1813 3290 1848 σου
3323 1797 3444 1849 ἀντὶ
3491 1797 3586 1866 τῆς
3617 1797 3797 1866 ψυχῆς
3835 1797 4007 1849 αὑτοῦ

2345 1872 2386 1926 Β
2418 1887 2512 1940 καὶ
2544 1890 2571 1939 ὁ
2595 1887 2722 1949 λαός
2758 1903 2850 1938 σου
2878 1888 2999 1939 ἀντὶ
3046 1887 3141 1939 τοῦ
3173 1887 3302 1940 λαοῦ
3332 1887 3516 1942 αἰτοῦ.
3561 1907 3578 1940 ι
3615 1889 3724 1941 Καὶ
3759 1887 4009 1958 ἀπῆλθεν

2429 1979 2633 2050 Ἀχααϐ
2665 1979 3027 2046 ἐκλελυμένος
3052 1981 3145 2032 καὶ
3173 1981 3398 2034 κλαίων.

2497 2071 2782 2142 Ἀμπελὼν
2821 2070 2902 2134 είς
2940 2068 3008 2142 ἦν
3053 2072 3332 2125 Ναϐουθαὶ
3371 2074 3448 2142 τῷ
3497 2071 3814 2141 Ἰσραηλίτῃ
3849 2073 4010 2140 παρᾶ

2413 2166 2513 2233 τὴν
2549 2165 2661 2217 διλιο
2713 2163 2804 2217 τοῦ
2857 2165 3087 2234 Ἀχαὰϐ,
3132 2166 3192 2217 ὃν
3224 2165 3405 2233 ἐζήτει
3445 2164 3628 2216 λαϐεῖν
3666 2163 3874 2231 Ἀχααϐ
3903 2162 4008 2214 καὶ

2413 2257 2597 2311 δοῦναι
2627 2258 2660 2328 ἦ
2693 2258 2881 2327 ἕτερον
2905 2256 3204 2324 ἀμπελῶνα
3235 2255 3265 2325 ἦ
3297 2255 3394 2325 τὴν
3424 2255 3592 2324 τιμὴν
3627 2252 3812 2306 αὐτοῦ.
3855 2255 3912 2304 '0
3945 2253 4008 2305 es

2416 2346 2559 2402 εἴπεο
2592 2349 2682 2417 Μὴ
2731 2349 2942 2417 γένοιτό
3007 2367 3097 2418 μοι
3140 2347 3324 2401 δοῦναί
3355 2365 3462 2400 τινι
3499 2347 3598 2417 τὴν
3631 2344 4006 2416 κληρονομίαν

2419 2459 2543 2512 μου.
2589 2441 2938 2508 Λυπηοέντος
2988 2441 3043 2493 δὲ
3089 2439 3316 2508 ’Δχαόιϐ,
3361 2439 3435 2502 ὡς
3465 2440 3697 2510 ἦκουσεν
3738 2437 4003 2501 Ἰεζάϐελ,

2359 2577 2366 2584 .
2416 2533 2617 2605 γράφει
2652 2532 2787 2602 πρὸς
2817 2533 2941 2594 τοὺς
2967 2530 3374 2600 πρεσϐυτέρους
3401 2530 3526 2591 τοὺς
3551 2531 3608 2582 ἐν
3637 2531 3703 2598 τῇ
3730 2529 3881 2579 πόλει
3908 2527 4008 2579 διὰ

2417 2625 2745 2697 προφάσεως
2790 2626 3112 2678 ἀποκτεῖναι
3165 2621 3346 2675 αὐτόν.
3383 2621 3449 2674 Οἱ
3483 2621 3538 2674 δὲ
3566 2619 4006 2687 συκοφαντοῦσιν

2415 2715 2577 2768 αὑτὸν
2623 2715 2698 2776 ὡς
2733 2715 3086 2784 κατηράσατο
3136 2712 3228 2765 τοῦ
3272 2710 3561 2781 βασιλέως,
3607 2712 3700 2762 καὶ
3736 2709 4006 2760 ἀποκτεί-

2415 2823 2599 2862 νουσιν
2622 2805 2804 2866 αῦτὸν,
2833 2805 2928 2858 καὶ
2952 2804 3285 2874 κληρονομεῖ
3330 2803 3535 2873 Ἀχαὰϐ
3562 2804 3654 2856 τὸν
3676 2803 4004 2872 ἀμπελῶνα.

2421 2901 2531 2952 Καὶ
2584 2897 2800 2967 ἔρχεται
2859 2896 2995 2965 πρὸς
3033 2896 3195 2949 αὑτὸν
3240 2895 3451 2958 Ἠλίας,
3482 2897 3576 2946 καὶ
3614 2894 3759 2960 λέγει
3802 2892 3953 2959 αὐτῷ
3985 2908 4004 2923 ο

2427 3010 2446 3042 ι
2471 2989 2608 3043 Τάδε
2627 2989 2774 3055 λέγει
2799 2986 3001 3057 Κύριος
3028 3002 3042 3016 °
3075 2986 3158 3048 Ὡς
3185 2988 3247 3039 σὺ
3266 2987 3561 3054 ἐφόνευσας
3590 2988 3681 3037 καὶ
3710 2982 4009 3052 ἐκληρονόε

2423 3095 2628 3149 μησας,
2658 3078 2746 3130 διὰ
2781 3075 2939 3128 τοῦτο
2967 3077 3024 3128 ὲν
3063 3074 3138 3142 τῷ
3179 3075 3330 3143 τόπῳ
3447 3073 3655 3136 ἔλειξαν
3689 3078 3735 3125 οἱ
3771 3073 3862 3133 ῦες
3904 3071 4008 3124 καὶ

2418 3171 2468 3223 οἱ
2498 3168 2656 3231 κύνες
2686 3170 2745 3220 τὸ
2773 3164 2912 3237 αἷμα
2943 3166 3244 3229 Ναϐουοαὶ,
3284 3168 3398 3217 ἐκεῖ
3425 3165 3600 3228 λείξου
3614 3183 3697 3217 σιν
3741 3168 3789 3216 οι
3836 3163 4006 3222 κύνες

2419 3263 2480 3316 τὸ
2508 3257 2647 3331 αἷμά
2685 3278 2800 3322 σου,
2844 3259 2940 3313 καὶ
2986 3260 3042 3310 αἱ
3092 3258 3286 3327 πόρναι
3311 3257 3591 3310 λούσονται
3617 3258 3673 3307 ἐν
3703 3256 3779 3324 τῷ
3808 3254 4006 3323 α’ματξ

2423 3369 2551 3408 σου·
2599 3352 2692 3405 καὶ
2735 3352 2835 3420 τὴν
2903 3349 3140 3414 Ἰεζάϐελ
3191 3351 3599 3415 καταφάγονται
3647 3350 3694 3400 οἱ
3743 3348 3902 3409 κύνες
3944 3350 4004 3398 ἐν

2419 3446 2498 3516 τῷ
2538 3444 2958 3514 προτειχίσματι
3028 3441 3289 3510 Ἰεσραέλ.
3337 3459 3354 3491 ι
3408 3441 3586 3508 Ὅπερ
3641 3441 3733 3514 καὶ
3783 3441 4003 3504 γέγονε.

2422 3536 2504 3608 [Ρ.
2542 3534 2664 3607 102]
2703 3533 2966 3600 Ἐξελθὼν
2998 3532 3105 3602 γὰρ
3133 3533 3269 3601 μετὰ
3297 3532 3564 3601 βασιλέως
3609 3531 3777 3583 Ἰούδα
3813 3531 4007 3584 Ἰωσα-

2421 3631 2526 3698 φὰτ
2561 3628 2868 3696 πολεμῆσαι
2900 3625 2992 3678 τὸν
3023 3626 3244 3692 βασιλέα
3285 3624 3502 3693 Συρίας,
3541 3623 3818 3686 τοξεύεται
3854 3624 4004 3675 κατὰ

2419 3722 2514 3774 τοῦ
2543 3723 2771 3792 ἥπατος,
2805 3719 2898 3772 καὶ
2923 3719 3256 3785 ὑποστρέφει
3298 3717 3431 3784 πρὸς
3466 3717 3799 3784 Σαμάρεεαη,
3838 3716 4008 3776 αὖτὶς

2418 3813 2473 3866 δὲ
2504 3813 2758 3882 τελευτᾷ·
2805 3812 2863 3862 τὸ
2891 3811 2947 3863 δὲ
2979 3807 3115 3878 αἷμα
3147 3808 3312 3862 αὐτοῦ
3347 3809 3732 3860 ἁπονίπτουσιν
3781 3808 3869 3857 tri:
3899 3809 4008 3872 τῆς

2419 3903 2625 3972 κρήνης
2651 3901 2985 3968 Σαμαρείας,
3012 3901 3106 3951 καὶ
3134 3898 3402 3963 ὲξέλειξαν
3435 3900 3482 3950 οἱ
3518 3898 3606 3957 iis;
3638 3899 3732 3950 καί
3758 3899 3806 3948 οί
3834 3898 4007 3960 κύνες

2422 3996 2482 4047 τὸ
2513 3987 2652 4062 αἷμα
2700 3991 2888 4046 αὐτοῦ.
2931 3991 3146 4060 Μικρὸν
3175 3991 3232 4042 δὲ
3261 3989 3505 4042 κάτωθεν
3535 3991 3589 4042 αἱ
3623 3994 3816 4057 πέρναι
3849 3990 4006 4041 ἐλού-

2420 4102 2583 4138 σαντο
2631 4085 2688 4135 ὲν
2720 4083 2800 4153 τῷ
2845 4083 3036 4150 αἵματι
3081 4081 3271 4133 αὑτοῦ.
3304 4081 3411 4132 Καὶ
3463 4079 3716 4142 Ἰεζάϐελ,
3757 4081 3861 4130 ἀπο
3907 4081 4003 4132 τοῦ

2417 4178 2626 4246 τείχους
2668 4175 2930 4238 πεσοῦσα,
2961 4176 3072 4235 τοῖς
3104 4173 3230 4226 κυσὶ
3259 4172 3600 4240 κατάϐρωμα
3634 4171 3823 4237 γένονε
3860 4176 4005 4223 κατὰ

2416 4269 2475 4320 τὸ
2505 4268 2657 4337 ῥῆμα
2680 4267 2908 4337 Κυρίου.

2500 4358 2748 4427 Ὀχοζίας
2778 4358 2895 4419 υίὸς
2939 4355 3142 4425 Ἀχαὰϐ
3166 4357 3360 4426 κρατεῖ
3378 4354 3469 4407 τοῦ
3511 4355 3722 4424 Ἰσραὴλ
3755 4354 3848 4421 ἔτη
3881 4355 4003 4407 δύο.

2460 4443 2584 4511 lito;
2610 4447 2954 4518 ἡρῤώστησε,
2983 4445 3076 4496 καὶ
3099 4445 3414 4496 ἀπέστειλεν
3436 4445 3698 4510 ἀγγέλους
3720 4443 4006 4510 ἐπερωτῆ-

729 4533 987 4602 ttem,qui
1022 4548 1085 4587 ex
1121 4533 1223 4589 deo
1261 4533 1506 4603 principe
1532 4547 1846 4589 muscarum
1885 4546 2199 4605 quaererent
2240 4553 2307 4592 an

2417 4558 2507 4594 σαι
2531 4541 2589 4591 ὲν
2612 4540 2677 4607 τῇ
2705 4537 2852 4589 Βάαλ
2883 4536 3090 4604 μυιάων
3112 4535 3244 4586 Θεὸν
3278 4535 3583 4602 Ἀκκάρων,
3608 4534 3656 4584 εί
3682 4532 3903 4600 ζήσεται
3936 4535 4005 4585 ἐκ

729 4622 1097 4678 valetudinem
1150 4640 1216 4679 ex
1265 4625 1458 4679 morbo
1514 4640 1616 4679 suo
1658 4632 1809 4679 esset
1854 4635 2196 4695 recepturus.
2237 4627 2308 4684 lis

733 4713 875 4768 Elias
905 4715 1169 4787 occurrit,
1189 4731 1250 4770 ac
1277 4717 1481 4770 reversi
1507 4715 1760 4771 Oehozire
1778 4719 2103 4771 nuntiarunt
2129 4719 2309 4774 homi-

733 4820 852 4858 nem
873 4805 1008 4874 ipsis
1038 4804 1310 4860 hirsutum
1338 4805 1555 4860 obviam
1583 4805 1809 4869 factum,
1835 4807 2019 4861 cinctu
2043 4808 2306 4876 pclliceo:

729 4911 852 4951 eum
883 4897 1123 4964 jussisse
1153 4905 1211 4951 ut
1241 4897 1308 4951 ad
1338 4911 1461 4951 eum
1491 4899 1584 4966 qui
1616 4896 1843 4952 miserat
1868 4897 2130 4962 redirent,
2152 4899 2312 4968 eique

732 4988 1046 5042 nuntiarent
1093 4984 1385 5042 Deum'ita
1432 4987 1558 5053 fari,
1595 5004 1744 5051 cum,
1801 4988 2017 5043 scilicet
2058 4991 2203 5057 quod
2257 4991 2310 5044 in

730 5074 928 5130 lsraelo
966 5075 1151 5129 nullus
1197 5077 1268 5131 sit
1321 5075 1484 5138 Deus,
1539 5077 1664 5131 ideo
1713 5076 1937 5131 Baalum
1995 5079 2308 5134 consultum

733 5167 970 5222 misisse.
1003 5166 1121 5221 Non
1161 5169 1235 5221 ita
1267 5167 1403 5223 fore.
1444 5167 1625 5239 Ipsum
1669 5168 1736 5222 de
1767 5157 1931 5236 lecto,
1976 5185 2140 5240 quem
2179 5185 2312 5226 con-

733 5257 1066 5321 scendisset,
1133 5274 1478 5329 nequaquam
1541 5261 1956 5315 descensurum.
2011 5259 2314 5331 Respondit

732 5350 1003 5405 Ochozias
1057 5348 1228 5404 Eliam
1274 5365 1398 5406 eum
1447 5349 1620 5406 fuisse
1672 5349 2007 5414 Thesbitam,
2054 5352 2314 5423 misitque

733 5443 882 5498 viros
911 5441 1310 5513 quinquaginta
1344 5459 1469 5498 cum
1495 5459 1594 5498 suo
1622 5442 1897 5513 praefecto.
1938 5441 2172 5499 Sedebat
2201 5456 2312 5498 tum

736 5531 882 5589 Elias
927 5534 982 5588 in
1023 5535 1228 5588 montis
1260 5535 1485 5589 vertice.
1520 5533 1618 5588 Cui
1665 5548 1790 5590 cum
1831 5532 2118 5602 praefectus
2157 5535 2317 5606 180

735 5628 1040 5683 dixissent
1075 5627 1172 5682 Vir
1195 5627 1310 5693 Dei,
1358 5644 1449 5682 rex
1491 5635 1544 5682 te
1583 5639 1760 5691 vocat,
1800 5628 2088 5692 descende,
2122 5647 2141 5678 ι
2198 5645 2314 5684 res-

736 5719 930 5787 pondit
955 5735 999 5771 ιι
1042 5719 1096 5773 Si
1131 5735 1232 5790 ego
1257 5719 1342 5772 vir
1362 5717 1452 5772 Dei
1484 5735 1625 5784 sum,
1654 5719 1720 5773 de
1743 5721 1882 5773 ccelo
1910 5719 2049 5789 ignis
2077 5719 2313 5785 decidat,

737 5825 799 5864 ac
833 5819 885 5866 te
913 5826 1037 5866 cum
1065 5813 1174 5868 tuis
1205 5812 1273 5867 50
1299 5812 1431 5866 viris
1457 5812 1768 5880 perimat“.
1798 5830 1814 5862 ι
1839 5811 2003 5880 quue
2025 5813 2206 5865 statim
2239 5811 2314 5864 fa-

811 5902 855 5939 “
885 5902 954 5961 ΙΙΙ
977 5903 1107 5976 Rt‘g.
1150 5921 1238 5974 xx,
1275 5905 1361 5960 4⁸2.
1408 5906 1486 5979 ﬂ"
1517 5904 1581 5961 ΙΙΙ
1616 5903 1747 5978 Reg.
1783 5923 1892 5974 XXI,
1927 5905 1989 5961 l9
2030 5923 2152 5979 sqq.

2411 4632 2508 4700 τῆς
2540 4631 2852 4701 ἀρρωστίας
2896 4624 3084 4680 αὑτοῦ.
3119 4625 3230 4678 Kal
3269 4624 3376 4677 ἰδοὺ
3435 4623 3618 4685 Ἠλίας
3663 4627 4008 4690 συνήντησεν

2410 4723 2610 4782 αὐτοῖς.
2634 4720 2742 4773 Καὶ
2762 4717 3206 4787 ἀποστραφέντες
3226 4711 3379 4768 εἷπον
3397 4715 3471 4784 τῷ
3506 4714 3741 4782 Ὀχοζία·
3775 4734 3790 4763 ι
3829 4716 4003 4782 Ἀρ

2411 4812 2576 4874 δασὺς
2603 4811 2936 4878 συνήντησεν
2967 4810 3120 4876 ἡμῖν,
3155 4808 3247 4858 καὶ
3274 4807 3414 4872 ζώνη
3444 4806 3739 4874 δερματίνη
3773 4805 3865 4856 ἐπὶ
3898 4807 4005 4871 τὴν

2411 4903 2581 4970 ὀσφὺν
2605 4900 2796 4964 αὐτοῦ’
2814 4900 2909 4952 καὶ
2933 4895 3053 4951 εἷπε
3077 4900 3214 4968 πρδς
3237 4898 3832 4966 ἡμᾶς’-’Δποστρά·;ητε
3858 4898 4004 4964 πρὶς

2411 4995 2502 5048 τὸν
2531 4991 2926 5046 ἀποστείλαντα
2946 4992 3111 5059 ὑμᾶς,
3141 4990 3233 5041 καὶ
3263 4990 3452 5042 εἴπατε
3478 4989 3626 5057 αὺτῷ
3645 5005 3658 5018 ·
3686 4989 3823 5040 Tir):
3849 4990 4002 5054 λέγει

2412 5087 2616 5154 Κύριος
2637 5100 2652 5114 ⁸
2673 5083 2770 5135 Διὰ
2795 5082 2855 5134 τὺ
2888 5081 2963 5150 μὴ
2991 5077 3131 5132 εἷναι
3169 5081 3302 5133 Θεὸν
3331 5082 3386 5131 ἐν
3428 5080 3664 5149 Ἰσραὴλ,
3695 5081 3755 5131 σὺ
3785 5080 4000 5149 πορεύῃ

2415 5176 2760 5248 ἐπερωτῆσαι
2791 5177 2848 5228 ἐν
2886 5176 2952 5242 τῇ
2983 5173 3158 5237 Βάαλ;
3201 5173 3312 5241 Οὐχ
3339 5172 3532 5236 οὔτως,
3572 5172 3636 5223 Ἢ
3685 5170 3842 5237 κλίνη
3877 5173 3933 5221 ἐν

2414 5267 2634 5336 ἁνέϐης,
2655 5265 2716 5318 ού
2735 5265 3020 5335 καταϐήσῃ
3034 5265 3125 5314 ἀπ’
3142 5263 3327 5329 αὐτῆς.
3355 5281 3372 5312 ι
3398 5264 3505 5314 Καὶ
3523 5258 3693 5314 εἶπενν
3721 5281 3736 5310 ι
3762 5261 3951 5322 Ἠλίας
3970 5263 4001 5312 ὁ

2415 5355 2674 5425 Θισϐίτης
2699 5372 2716 5404 ι
2743 5353 2879 5409 ἔστί,
2902 5351 3007 5404 Kal
3028 5351 3347 5404 ἀπέστειλεν
3363 5350 3662 5417 ἡγούμενον
3694 5365 4001 5417 πεντηκον-

2415 5447 2622 5517 τάρχην
2653 5444 2893 5506 καὶτοὺς
2939 5443 3276 5511 πεντήκοντα
3301 5440 3485 5494 αὐτοῦ.
3532 5441 3638 5492 Καὶ
3678 5439 3864 5498 Ἠλίας
3905 5440 4005 5490 ἐπὶ

2417 5539 2512 5608 τῆς
2542 5537 2788 5607 κορυφῆς
2815 5534 2908 5587 τοῦ
2934 5533 3113 5603 ὅρους.
3151 5533 3257 5585 Καὶ
3288 5528 3438 5584 εἶπεν
3459 5534 3486 5584 ὁ
3518 5529 4004 5604 πεντηκοντάρχῃς

2418 5629 2556 5700 πρὸς
2582 5627 2744 5680 αὐτόν
2765 5643 2778 5657 ·
2801 5643 2819 5676 ι
2861 5623 3148 5691 Ἄνθρωπε
3180 5622 3272 5674 τοῦ
3306 5620 3462 5682 Θεοῦ,
3489 5622 3514 5672 ὁ
3550 5619 3802 5688 βασιλεὺς
3841 5610 4005 5670 καλεῖ

2421 5739 2515 5774 σε·
2539 5718 2863 5788 κατάϐηθι.»
2902 5716 3043 5785 Πρὸς
3077 5715 3135 5767 ὃν
3175 5713 3357 5775 Ἠλίας
3393 5731 3407 5746 ο
3446 5732 3460 5762 ι
3499 5713 3560 5765 Εἰ
3597 5711 3881 5777 ἅνθρωπος
3906 5709 4002 5759 τοῦ

2420 5812 2555 5865 Θεοῦ
2589 5809 2720 5878 ἐγὼ,
2763 5809 3133 5879 καταϐήσεται
3181 5805 3290 5875 πῦρ
3321 5803 3378 5870 ἐξ
3419 5800 3670 5874 ούρανοῦ,
3702 5803 3795 5854 καὶ
3833 5817 4006 5855 κατα-

2233 5908 2274 5939 “
2304 5907 2373 5962 IV
2407 5906 2541 5977 Reg.
2579 5921 2616 5971 ι,
2651 5904 2669 5957 1
2707 5919 2829 5975 sqq.
