4214 6448
213 376 281 438 εη
1253 367 1791 428 Ηῐςτῡῐῖῐλῐῖυλῐ
1827 368 2357 435 courexmuu.

3318 369 3422 432 2H

215 483 400 557 φάγεταί
434 498 490 533 σε
524 480 619 532 καὶ
656 479 777 542 τοὺς
821 478 1157 549 πεντήκοντά
1185 496 1294 531 σου.
1339 498 1355 530 ι
1397 480 1505 531 Kal
1533 480 1739 548 κατέϐη
1772 486 1813 539 Α
1843 498 1879 539 cl

1772 486 1813 539 A
1843 494 1987 539 ctum
2040 492 2141 539 est.
2190 483 2390 537 Eadem
2440 491 2741 537 evenerunt
2785 483 2850 537 iis
2891 482 2983 554 qui
3028 482 3269 539 secundo
3305 484 3426 538 loco

214 570 618 645 πῦρὲξούρανοῦ.
649 571 744 623 καὶ
773 569 1082 636 κατέφαγεν
1102 568 1261 621 αὐτὸν
1278 570 1514 631 καὶτοὺς
1548 571 1747 639 πεντήο

216 685 331 720 κοντα
360 665 547 719 αὑτοῦ.
574 663 761 726 Οὕτως
789 663 1002 729 ἐγένετο
1033 663 1122 714 καὶ
1145 664 1255 723 τοῖς
1282 662 1575 731 δευτέροις.
1614 662 1672 713 ’0
1691 661 1747 712 δὲ

214 761 347 828 τρίτος
400 756 880 824 πεντηκοντάρχης
915 754 1105 817 ἐλθὼν,
1144 753 1325 806 πεσὼν
1356 753 1449 805 ἐπὶ
1481 754 1580 822 τὴν
1620 753 1745 821 γῆν,

215 850 359 918 ἐδεήθη
389 844 975 915 καὶεῖπεν-Ἄνθρωπε
1000 844 1093 897 τοῦ
1123 844 1280 907 Θεοῦ,
1306 844 1660 913 ἐντιμωθήτω
1685 843 1749 914 δὴ

216 942 376 1010 ἡψυχὴ
416 958 516 1009 μου
556 940 647 991 καὶ
691 940 723 1008 ή
757 935 901 1006 ψυχὴ
938 937 1046 989 τῶν
1076 936 1303 989 παιδίων
1330 951 1424 987 σου
1452 934 1657 989 τούτων
1692 936 1751 986 ἐν

216 1033 470 1101 ὀρθαλμοίς
503 1048 617 1086 σου.
656 1031 764 1083 Kal
806 1030 1069 1097 ἐλάλησεν
1098 1027 1331 1095 ἄγγελος
1369 1027 1577 1098 Κυρίου
1616 1026 1752 1094 πρὸς

227 1126 389 1189 Ἠλίαν,
426 1126 519 1177 καὶ
569 1122 776 1194 κατέϐη
823 1123 941 1192 μετ’
973 1120 1152 1173 αὐτῶν
1205 1119 1340 1189 πρὸς
1370 1119 1460 1172 τὸν
1506 1116 1749 1189 βασιλέα,

218 1219 285 1268 ni
308 1214 415 1270 εἷπε
436 1218 576 1269 κατὰ
604 1216 665 1269 τὸ
684 1216 833 1286 ῥῆμα
854 1215 914 1267 τὸ
937 1213 1270 1284 ἔμπροσθεν·
1309 1211 1451 1265 Ἀνθ’
1481 1204 1555 1265 ὧν
1585 1211 1755 1274 ἐξαπ-

221 1311 420 1371 έστειλας
451 1310 733 1379 ἐπερωτᾷν
755 1309 854 1377 τὴν
875 1310 1060 1377 μυῖαν,
1078 1304 1323 1367 ἀποστὰς
1339 1304 1445 1358 ἀπὸ
1471 1302 1566 1357 τοῦ
1592 1301 1752 1368 Θεοῦ,

220 1399 423 1466 ἀποθανῇ
469 1401 533 1450 σὺ
578 1398 672 1449 καὶ
719 1397 777 1449 ού
825 1396 985 1465 ζήσῃ.
1020 1396 1127 1447 Kal
1174 1394 1446 1448 ἀπέθανεν
1507 1391 1756 1461 Ὀχοζίας

221 1488 327 1541 κατὰ
362 1491 417 1541 τδ
456 1492 606 1559 ῥῆμα
652 1488 856 1549 Ἡλίου,
904 1488 999 1540 καὶ
1048 1486 1390 1539 κατέπαυσεν
1421 1484 1534 1555 (87)
1582 1485 1641 1535 ἐν
1678 1483 1754 1552 τῷ

222 1580 427 1649 σπηλαίῳ
476 1580 780 1641 Μωῦσέως.
830 1577 952 1629 Ἐπὶ
997 1576 1188 1629 τούτου
1238 1575 1334 1628 τοῦ
1379 1573 1622 1644 Ὀχοζίου
1675 1574 1756 1625 λι·

225 1672 461 1739 μὼξαντες
504 1671 555 1722 οἱ
609 1671 731 1723 κατ’
778 1669 996 1737 ἐκείνην
1024 1668 1123 1739 τήν
1167 1667 1494 1737 περίχωρον,
1526 1649 1615 1717 τί
1650 1663 1756 1717 tam

223 1762 481 1829 σφάξαντες
521 1762 688 1814 τέκνα
725 1760 1036 1827 κατέφαγον
1060 1776 1073 1790 ·
1112 1759 1168 1810 ἐν
1211 1756 1403 1826 κόπρῳ
1450 1753 1558 1826 γάρ
1601 1771 1750 1825 περι-

224 1854 389 1923 στερῶν
417 1854 539 1906 ἀντὶ
563 1853 689 1914 ἀλὸς
721 1852 1016 1920 βάπτοντες
1042 1849 1303 1920 ἐχρῶντο.

282 1945 355 1997 Ἐν
381 1945 433 1997 δὲ
466 1943 542 2013 τῷ
572 1941 1090 2013 τετρακισχιλιοστῷ
1121 1940 1488 2010 ἐξακοσιοστῷ
1515 1938 1752 2009 δευτέρῳ

219 2034 304 2086 ἔτει
332 2032 599 2104 ἀνελήφθη
646 2033 851 2095 Ἠλίας.
871 2031 1149 2084 Ἐντεῦθεν
1184 2032 1537 2101 ὑποστρέφων
1581 2028 1756 2080 Ἐλισο

224 2125 314 2176 catt
353 2127 424 2187 εἰς
484 2121 695 2192 Ἰεριχὼ
730 2122 1021 2192 θεραπεύει
1085 2122 1153 2174 τά
1203 2121 1415 2190 πονηρὰ
1470 2118 1637 2172 ὕδατα
1671 2118 1759 2171 διὰ

220 2215 353 2268 ἁλῶν.
398 2214 811 2278 Ἀναὸαίνοντος
843 2213 900 2266 δὲ
931 2214 1010 2275 είς
1052 2212 1226 2280 seem
1249 2210 1470 2280 ἐξῆλθον
1498 2210 1757 2277 παιδάρια

225 2307 363 2375 μικρὰ
389 2308 449 2359 ἐκ
479 2308 578 2374 τῆς
614 2306 820 2368 πόλεως
860 2305 953 2358 καὶ
981 2302 1230 2366 ἐλίθαζον
1280 2302 1440 2356 αὑτὸν
1478 2302 1573 2355 καὶ
1622 2317 1758 2354 κατ-

222 2402 409 2465 ἐπαεζον
437 2400 626 2463 αὑτοῦ,
674 2400 766 2453 καὶ
798 2399 1011 2466 ἔλεγον·
1051 2416 1071 2449 ι
1114 2396 1435 2459 Ἀνάὸαινε,
1472 2393 1720 2463 φαλακρέ
1743 2433 1758 2455 ,

224 2492 462 2545 ἀνάϐαινε.
507 2511 526 2543 ›
581 2490 643 2545 Ὀ
700 2491 756 2544 δέ
809 2490 1164 2558 κατηράσατο
1220 2487 1436 2541 αὐτῶν·
1497 2487 1589 2538 καὶ
1653 2485 1761 2537 ἰδοὺ

221 2584 409 2652 ἐξῆλθον
449 2585 544 2638 δύο
594 2584 788 2654 ἀρκτοι
843 2584 908 2635 ἐκ
936 2582 1029 2635 τοῦ
1061 2579 1293 2650 δρυμοῦ,
1345 2580 1439 2631 καὶ
1471 2575 1763 2648 διέρρηξαν

294 2677 458 2729 αὐτῶν
490 2676 903 2746 τεσσαράκοντα
945 2675 1040 2726 καὶ
1073 2671 1166 2724 δύο
1220 2671 1439 2738 παῖδας.
1494 2670 1763 2721 Κάκεῖθεν

219 2767 303 2837 [Ρ.
335 2767 470 2840 105]
502 2765 843 2837 ὑπέστρεψεν
888 2766 968 2827 είς
1012 2764 1351 2834 Σαμάρειαν.
1406 2759 1621 2828 Ταύτην
1663 2762 1763 2831 τὴν

218 2862 501 2930 Σαμάρειαν
550 2864 581 2915 ό
623 2862 873 2929 πέμπτος
921 2858 1177 2928 βασιλεὺς
1234 2855 1452 2927 Ἰσραὴλ
1482 2856 1655 2920 κτίζει
1684 2856 1763 2916 εἰς

218 2953 344 3004 πᾶν)
378 2954 551 3022 (αὕτη
586 2953 644 3005 δέ
682 2954 827 3003 ἐστιν
861 2951 893 3019 ή
948 2949 1045 3002 νῦν
1099 2947 1412 3016 καλουμένη
1461 2945 1705 3014 Σεὸαστὴ
1721 2944 1763 3013 ),

218 3046 515 3114 ἐπωνόμασε
562 3044 621 3096 δὲ
677 3041 843 3110 αὐτὴν
890 3039 1087 3110 Σεὸὴρ,
1120 3039 1199 3101 είς
1247 3038 1415 3106 ὄνομα
1464 3037 1638 3103 Σεεάρ
1670 3034 1764 3087 τοῦ

1850 576 2000 631 missi
2035 575 2275 631 fuerunt.
2323 573 2539 630 Tertius
2568 591 2689 630 cum
2732 576 2801 629 50
2841 575 2970 629 viris
3000 576 3189 630 eodem
3228 576 3429 629 missus

1851 668 1903 721 in
1942 679 2143 722 terram
2190 667 2503 737 procubuit.
2550 676 2843 737 vatemque
2880 668 3186 723 obtestatus
3227 676 3311 721 est
3352 665 3427 718 uti

1850 758 1951 811 sibi
1999 757 2221 827 suisque
2264 766 2532 827 parceret.
2587 759 2793 813 Monuit
2845 768 3024 812 autem
3076 761 3299 829 angelus
3335 757 3428 813 Dci

1851 846 2024 901 Eliam
2057 854 2117 899 ιιι
2144 846 2553 911 descenderet;
2612 847 2762 918 isque
2808 863 2933 902 cum
2980 848 3086 901 illis
3134 848 3199 901 ad
3248 862 3426 916 regem

1851 936 2154 1006 profectus,
2203 938 2440 1007 priorem
2492 954 2796 993 sermonem
2848 939 3084 1009 repetiit,
3128 938 3278 1007 quod
3320 936 3430 993 Dco

1852 1030 2094 1090 deserto.
2119 1032 2184 1083 ad
2218 1031 2518 1100 principem
2553 1045 2866 1083 muscarum
2900 1030 3212 1084 consultum
3246 1028 3433 1083 ιιιίεῑε⁴

1855 1131 1958 1185 set,
2006 1122 2128 1177 idco
2174 1136 2281 1175 nou
2324 1122 2616 1183 victurum,
2664 1121 2757 1176 sed
2793 1121 3142 1175 moriturum.
3184 1117 3430 1172 Mortuus

1854 1222 1937 1269 est
1958 1229 2090 1285 ergo
2114 1213 2383 1268 Ochozias
2407 1213 2708 1268 secundum
2734 1212 2897 1266 verba
2917 1211 3061 1272 Elim.
3092 1220 3145 1266 et
3166 1209 3432 1279 requievit

1856 1307 1911 1362 in
1957 1306 2216 1375 spelunca
2274 1304 2460 1360 Mosis.
2504 1304 2678 1372 Hujus
2716 1303 2968 1358 Ochoziae
3018 1312 3175 1356 artate
3224 1302 3430 1355 circum

1856 1399 1959 1453 ista
1991 1398 2108 1452 loca
2151 1398 2449 1451 incolentes
2476 1397 2705 1465 penuria
2740 1411 2805 1449 eo
2837 1395 3013 1449 adacti
3054 1401 3183 1447 sunt
3211 1399 3267 1444 ut
3303 1406 3433 1444 suos

1856 1494 2057 1548 liberos
2098 1501 2321 1547 necatos
2354 1492 2722 1557 comederent,
2760 1490 2885 1543 timo
2926 1485 3302 1543 columbarum
3334 1497 3435 1553 pro

1858 1582 1973 1640 sale
2000 1581 2267 1637 adhibito.

1786 1823 1828 1878 Β
1932 1852 2075 1907 Elias
2104 1852 2159 1907 in
2190 1851 2387 1907 coelum
2403 1857 2595 1920 raptus
2616 1855 2701 1904 est
2726 1861 2873 1902 anno
2903 1847 3091 1901 mundi
3131 1844 3437 1901 4602.!ndc

1858 1960 2117 2001 reversus
2160 1945 2388 1999 Elisaeus
2421 1941 2793 1997 Jerichuntem
2830 1940 2944 1996 sale
2977 1939 3178 2008 injecto
3207 1938 3435 1991 vitiosas

1861 2053 2031 2108 aquas
2083 2036 2341 2093 correxit.
2399 2036 2541 2089 Idem
2595 2049 2719 2088 cum
2769 2032 3043 2088 Bethelam
3092 2029 3432 2093 ascenderet,

1859 2129 2072 2201 pueruli
2109 2128 2246 2183 urbe
2295 2127 2502 2197 egressi
2555 2140 2678 2180 eum
2718 2124 2991 2194 lapidibus
3031 2123 3434 2193 impetiverunt,

1860 2231 2022 2291 atque
2053 2221 2341 2275 illuserunt
2367 2218 2719 2273 vociferando
2749 2234 2762 2270 :
2800 2235 2819 2268 ι
2849 2215 3317 2277 Ascende,-calve,
3348 2226 3439 2266 as-

1861 2313 2030 2368 cende
2051 2314 2150 2365 ⁸⁷.»
2186 2312 2291 2366 Eos
2314 2310 2541 2365 Elisams
2564 2325 2687 2364 cum
2713 2316 2859 2363 esset
2880 2314 3223 2368 exsecratus,
3256 2304 3438 2359 subito

1862 2420 1926 2459 ex
1960 2405 2095 2457 silva
2124 2403 2233 2456 duo
2272 2402 2385 2457 ursi
2431 2401 2637 2472 egressi
2673 2414 2874 2470 pueros
2916 2398 3269 2468 1uadragiuta
3300 2396 3437 2449 duos

1863 2496 2292 2565 discerpserunt.
2329 2492 2461 2547 lude
2500 2492 2803 2547 Samariam
2850 2506 3106 2546 reversus
3143 2497 3249 2544 est.
3289 2489 3440 2541 Hanc

1865 2590 2054 2644 urbem
2088 2588 2313 2658 quintus
2339 2587 2623 2641 lsraelicus
2649 2601 2741 2639 rex
2771 2584 3052 2639 condidit:
3094 2597 3236 2637 nunc
3271 2581 3441 2636 Seba-

1866 2690 1949 2736 ste
1983 2679 2309 2749 appellatur,
2339 2675 2392 2730 id
2420 2682 2506 2730 est
2529 2674 2795 2751 Augusra.
2838 2673 2992 2742 181
3021 2671 3228 2725 Nomen
3254 2671 3301 2725 ei
3335 2670 3437 2723 im-

1866 2771 2050 2841 posuit
2102 2769 2290 2833 Seber,
2355 2781 2385 2821 a
2447 2767 2670 2821 nomine
2738 2763 2980 2825 Sebaris,
3042 2762 3135 2832 qui
3187 2761 3441 2816 dominus

1866 2861 2066 2915 montis
2096 2861 2213 2929 ejus
2244 2858 2364 2914 fuit.
2392 2856 2545 2912 Tunc
2581 2866 2634 2911 et
2673 2857 2848 2911 oleum
2887 2854 3218 2908 mulierculae
3256 2853 3440 2921 prodi-

1868 2955 2016 3023 giose
2046 2951 2427 3021 multiplicavit
2455 2950 2700 3013 Elisaeus,
2736 2964 2798 3003 ac
2823 2963 2885 3001 eo
2912 2964 2985 3003 tes
3010 2948 3242 3001 alienum
3274 2944 3443 3014 ipsius

1869 3047 2027 3101 diluit
2058 3063 2071 3112 ;
2103 3052 2156 3100 et
2184 3045 2351 3099 tilium
2386 3042 2743 3097 Sunamitidis
2769 3042 3097 3096 exstinctum
3137 3040 3260 3093 vita:
3286 3036 3445 3091 resti-

220 3138 383 3204 κυρίου
426 3136 521 3188 τοῦ
554 3135 732 3204 ὅρους.
766 3133 899 3185 Τότε
928 3133 1022 3183 καὶ
1043 3131 1104 3184 τὸ
1128 3130 1315 3198 θαῦμα
1346 3128 1440 3181 τοῦ
1480 3128 1658 3180 ἐλαίου
1686 3129 1765 3189 είς
1790 3165 1833 3228 c
1871 3149 1884 3193 ι

1790 3165 1833 3228 c
1871 3142 2014 3201 tuit;
2058 3145 2112 3193 et
2150 3136 2489 3192 cucurbitam
2531 3134 2837 3188 silvestrem
2872 3133 2937 3185 ad
2973 3130 3299 3187 vescendum
3344 3129 3443 3181 ιιοα

218 3228 506 3296 πληθυσμον
542 3228 612 3293 τῇ
658 3225 880 3292 γυναικὶ
921 3222 1153 3275 δέδωκεν
1208 3219 1531 3281 Ἐλισσαῖος,
1574 3218 1668 3270 καὶ
1695 3216 1764 3270 τά

216 3319 325 3383 χρέα
355 3318 525 3385 αὐτῆς
560 3316 628 3367 δι’
658 3312 823 3367 αὑτοῦ
856 3313 949 3365 τοῦ
980 3313 1159 3364 ἐλαίου
1191 3310 1501 3379 ἐπλήρωσε,
1539 3308 1632 3362 καὶ
1667 3309 1765 3377 τῆς

213 3408 555 3477 Στυμανίτιδος
599 3407 689 3459 τὸν
721 3406 832 3457 υἱὸν
866 3404 1150 3474 ἀνέστησε.
1190 3404 1321 3455 Τότε
1358 3404 1451 3455 καὶ
1490 3403 1522 3471 ή
1559 3399 1763 3469 τολύπη

214 3503 303 3561 τοῖς
331 3498 641 3568 ἀνθρώποις
675 3497 967 3565 φάρμακον
996 3494 1055 3547 ὃν
1086 3494 1263 3563 ἐδόθη,
1303 3493 1398 3546 καὶ
1429 3493 1497 3545 δι’
1532 3490 1764 3559 ἀλεύρου

212 3591 555 3660 ἐθεραπεύθη.
601 3587 714 3641 Kal
763 3588 809 3638 oi
846 3584 1076 3655 κρίθινοι
1112 3584 1160 3636 κ’
1199 3584 1353 3653 ἄρτοι
1383 3584 1478 3636 καὶ
1519 3584 1577 3634 αἱ
1606 3582 1767 3635 πέντε

215 3679 423 3731 παλάθαι
454 3680 568 3731 τῶν
602 3676 831 3744 ἰσχάδων
866 3677 924 3727 ἐν
961 3677 1073 3737 τοῖς
1113 3674 1308 3728 ἑκατὸν
1347 3672 1611 3742 ἀνδράσιν
1641 3674 1770 3724 ἐπε-

214 3770 510 3835 ρίσσευσαν.
564 3768 675 3819 Kal
724 3767 817 3818 τοῦ
849 3767 1068 3836 Νεεμᾶν
1117 3765 1354 3835 ήλέπρα
1402 3762 1767 3833 ἐθεραπεύθη,

214 3858 365 3929 Γηεζῆ
402 3862 457 3914 δὲ
502 3863 701 3915 ἔλαϐεν
734 3860 923 3931 ἱμάτια
968 3859 1063 3910 καὶ
1124 3855 1364 3926 ἀργύρια
1420 3856 1512 3907 καὶ
1555 3854 1652 3923 τὴν
1714 3852 1774 3916 ἐξ

210 3950 352 4003 αὑτοῦ
390 3953 630 4021 λέπραν.
681 3953 803 4005 Ἐπὶ
835 3950 1046 4009 τούτοις
1086 3948 1179 4000 xal
1201 3946 1299 4016 τὴν
1329 3945 1519 4016 ἀξίνην
1550 3944 1658 3996 ἀπὸ
1678 3942 1771 3996 τοῦ

221 4039 463 4111 Ἰορδάνου
496 4044 771 4112 ἀνήγαγε,
803 4041 899 4094 καὶ
926 4040 993 4092 τὰ
1028 4038 1218 4107 ἐνεδρα
1253 4036 1344 4089 τοῦ
1375 4035 1640 4105 βασιλέως
1670 4034 1772 4085 Συ-

213 4133 316 4195 ρίας
350 4134 651 4203 ἀνήγγειλε
688 4132 765 4202 τῷ
795 4131 1003 4201 βασιλεί
1049 4128 1284 4199 Ἰσραήλ.
1333 4129 1443 4180 Kal
1494 4126 1589 4178 τοῦ
1620 4126 1775 4194 βασι-

210 4222 326 4287 λέως
352 4226 563 4295 Συρίας
598 4224 983 4284 κυκλώσαντος
1012 4220 1173 4273 αὑτὸν
1201 4222 1279 4280 είς
1311 4218 1370 4270 τὸ
1399 4218 1523 4287 ὄρος
1569 4216 1663 4269 ἐπὶ
1701 4215 1775 4285 τῷ

210 4317 485 4386 κρατῆσαι,
511 4319 594 4380 ὡς
616 4311 756 4368 εἶδεν
778 4316 805 4366 ὁ
828 4312 1137 4383 λειτουργὸς
1176 4309 1446 4362 Ἐλισσαιὲ
1468 4308 1535 4360 τὰ
1557 4308 1777 4379 ἅρματα

209 4406 288 4457 καὶ
314 4408 411 4477 τὴν
438 4403 989 4475 δύναμιν,ὲφο6ήθη,
1010 4404 1110 4455 καὶ
1142 4396 1286 4453 εἷπε·
1318 4398 1512 4469 Κύριε.
1543 4398 1594 4450 τί
1624 4398 1781 4466 ποιή-

1870 3231 2110 3285 minibus
2176 3227 2534 3299 propositam,
2592 3240 2716 3280 cum
2776 3225 2851 3278 sit
2911 3229 3195 3286 venenata,
3258 3219 3446 3273 {arium

1869 3319 2212 3390 iuspersione
2266 3317 2591 3371 medicatam
2642 3328 2855 3369 vescam
2917 3312 3043 3367 fecit
3072 3327 3099 3375 ;-
3144 3318 3197 3365 et
3256 3306 3446 3379 viginti

1870 3412 2101 3482 panibus
2138 3408 2456 3463 hordeaceis
2506 3422 2567 3463 ac
2610 3407 2849 3476 quinque
2885 3405 3194 3458 caricarum
3244 3398 3446 3453 massis

1871 3502 2254 3557 centumviros
2267 3499 2551 3560 saturavit,
2569 3505 2868 3568 superante
2880 3496 3055 3551 adhuc
3078 3495 3220 3549 cibo.
3246 3492 3443 3545 Eadem

1873 3600 2194 3663 tempestate
2225 3592 2462 3648 Neeman
2496 3592 2645 3661 lepra
2673 3591 2930 3644 liberatus
2957 3598 3058 3653 est,
3092 3598 3144 3641 ct
3174 3586 3360 3639 eadem
3393 3586 3446 3636 in

1873 3684 2087 3738 Geezim
2115 3686 2185 3738 ob
2205 3691 2457 3753 acceptas
2485 3693 2665 3738 vestes
2684 3690 2844 3750 atque
2859 3687 3141 3750 argentum
3163 3679 3447 3731 translata.

1873 3772 2141 3827 Praeterea
2187 3773 2233 3827 is
2280 3781 2432 3828 vates
2480 3783 2534 3826 et
2599 3772 2834 3827 securim
2886 3786 2951 3825 ex
3000 3769 3237 3823 Jordane
3285 3768 3451 3822 ﬂuvio

1874 3878 2155 3933 emergere
2193 3863 2341 3928 fecit,
2398 3872 2451 3917 et
2488 3864 2716 3918 insidias
2770 3863 2915 3931 regis
2954 3861 3075 3932 Syri
3123 3861 3236 3930 regi
3275 3862 3448 3915 Israe-

1876 3957 1981 4008 lico
2011 3956 2247 4025 aperuit.
2272 3955 2405 4009 Cum
2443 3964 2623 4009 autem
2646 3971 2736 4010 rex
2777 3954 2948 4025 Syria:
2979 3963 3156 4008 vatem
3186 3956 3236 4008 iu
3268 3963 3453 4008 monte

1878 4047 2164 4101 obsidione
2193 4047 2473 4111 cinxisset,
2498 4046 2573 4100 u'ti
2598 4063 2721 4101 eum
2747 4051 2796 4100 in
2831 4061 2981 4100 suam
3014 4054 3334 4117 potestatem
3368 4060 3456 4099 re-

1880 4139 2109 4208 digeret,
2137 4138 2375 4193 famulus
2422 4137 2599 4193 Elismi
2637 4139 2948 4208 conspectis
2970 4140 3226 4192 curribus
3257 4148 3310 4192 et
3359 4152 3455 4192 co-

1880 4229 1983 4299 piis
2013 4229 2318 4299 pertimuit,
2354 4229 2747 4299 dominumque
2779 4231 2986 4298 trepide
3020 4229 3230 4299 rogavit
3259 4228 3457 4298 ecquid

1882 4325 1967 4381 sui
2015 4322 2340 4379 defendendi
2387 4338 2553 4377 causa
2601 4322 2782 4377 facere
2818 4330 3060 4393 possent.
3117 4320 3282 4377 Vates
3329 4334 3455 4375 cum

1884 4418 2025 4471 bono
2058 4429 2182 4470 esse
2220 4415 2402 4468 animo
2446 4413 2643 4482 jussit:
2698 4414 2882 4483 plures
2918 4413 3064 4467 enim
3113 4411 3217 4466 sibi
3266 4412 3462 4465 adesse

210 4511 388 4563 σομενς
425 4498 483 4550 'O
500 4497 560 4549 δὲ
593 4493 742 4548 εἴπεο
764 4495 856 4563 Μὴ
878 4491 1068 4561 φοϐοῦ,
1089 4492 1172 4544 ὅτι
1190 4490 1410 4551 πλείους
1434 4490 1482 4541 oi
1503 4489 1618 4557 μεθ’
1634 4489 1779 4556 ἡμᾶς
1812 4498 1854 4552 D

1812 4498 1854 4552 υ
1884 4522 2047 4577 quam
2080 4506 2353 4560 hostibus.
2387 4505 2639 4575 Deusque
2693 4502 2761 4556 ad
2792 4504 2963 4573 ipsius
3018 4517 3210 4571 preces
3253 4500 3460 4554 famulo

210 4586 331 4655 ὑπὲρ
360 4591 490 4651 τοὺς
527 4588 654 4657 μετ’
682 4585 883 4640 αὐτῶν.
921 4584 1030 4636 Kal
1060 4582 1428 4652 προσηύξατο,
1457 4581 1550 4634 καὶ
1572 4579 1782 4648 ἤνοιξεν

210 4677 384 4742 όΘεδς
413 4682 545 4742 τοὺς
583 4679 902 4747 ὀφθαλμοὺς
948 4675 1045 4729 τοῦ
1084 4676 1393 4745 παιδαρίου,
1451 4676 1544 4729 καὶ
1583 4670 1689 4725 εἶδε
1723 4674 1784 4726 τὸ

210 4768 315 4832 Ego;
340 4772 462 4824 ὅλον
496 4771 720 4841 πλῆρες
753 4771 936 4822 ἵππων
963 4771 1058 4823 καὶ
1086 4769 1236 4839 ἅρμα
1265 4769 1437 4837 πυρὸς
1472 4766 1786 4837 περικύκλῳ

220 4859 497 4918 Ἐλισσαιέ.
556 4862 941 4917 Καταϐάντων
989 4862 1045 4915 δὲ
1094 4861 1232 4932 πρὸς
1276 4862 1461 4923 αὑτὸν,
1518 4859 1789 4923 ἐπάταξεν

209 4953 381 5015 αὐτοὺς
408 4957 633 5027 Κύριος
662 4955 918 5025 ἀορασίᾳ.
939 4953 1052 5006 Kal
1071 4950 1243 5006 εἶπεν·
1277 4972 1294 5003 ι
1316 4953 1608 5017 Ἐλισεαιέ,
1632 4952 1787 5005 δεῦτε

210 5040 363 5099 ὀπίσω
405 5065 536 5116 μου.
576 5066 597 5098 ι
646 5047 758 5099 Kal
790 5046 1074 5115 ἀπήγαγεν
1101 5044 1299 5105 αὐτοὺς
1336 5045 1416 5106 είς
1446 5044 1783 5114 Σαμάρειαν,

211 5136 288 5187 καὶ
323 5140 633 5209 ἠνοίγησαν
682 5140 731 5191 oi
781 5137 1049 5207 ὀφθαλμοὶ
1098 5137 1300 5198 αὐτῶν,
1349 5136 1445 5189 καὶ
1492 5130 1654 5200 εἶδον,
1691 5135 1786 5188 καὶ

214 5224 306 5280 ἰδοὺ
328 5230 481 5283 αὐτοὶ
502 5233 568 5283 ἐν
596 5229 754 5299 μέσῳ
779 5228 1109 5299 Σαμαρείας.
1144 5230 1256 5281 Kal
1290 5222 1441 5279 εἶπεν
1470 5227 1499 5278 ὁ
1532 5226 1784 5295 βασιλεὺς

213 5318 506 5393 Σαμαρείας
526 5340 541 5351 ·
568 5324 636 5375 El
658 5321 904 5386 πατάξω,
938 5321 1116 5391 πάτερ
1139 5337 1153 5387 ;
1174 5320 1284 5373 Kal
1312 5314 1487 5372 εἶπεν.
1515 5337 1534 5370 ι
1573 5320 1645 5371 Οὐ
1679 5335 1781 5371 πα-

273 5436 311 5466 "
336 5437 399 5490 IV
436 5438 577 5508 Reg.
615 5452 680 5495 ιι.
717 5435 807 5488 23.

1889 4599 2077 4653 oculos
2108 4598 2340 4666 aperuit,
2373 4597 2448 4649 ita
2484 4604 2542 4649 ιιι
2570 4604 2818 4651 cerneret
2848 4604 3085 4648 montem
3126 4593 3283 4662 equis
3312 4592 3462 4647 obsi-

1891 4699 2004 4743 tum
2034 4699 2087 4743 et
2110 4688 2363 4743 Elisaeutn
2403 4688 2563 4757 igneo
2595 4701 2763 4741 curru
2795 4686 3214 4739 circumdatum.
3252 4682 3457 4738 Deinde

1893 4798 2015 4837 cum
2050 4781 2115 4833 ad
2167 4782 2357 4836 hostes
2395 4780 2623 4835 Eltszeus
2684 4780 2983 4848 degressus
3040 4787 3207 4841 esset,
3269 4791 3456 4829 eorum

1894 4871 2082 4925 oculos
2132 4870 2275 4925 Deus
2307 4871 2551 4925 caecitate
2602 4868 2835 4937 quadam
2888 4866 3225 4935 perstrinxit,
3280 4865 3354 4916 ita
3404 4869 3461 4913 ut

1898 4960 2072 5016 Elisaei
2117 4960 2323 5014 monitu
2348 4975 2469 5012 cum
2504 4958 2619 5027 ipso
2650 4956 2950 5010 Samariam
2981 4956 3271 5014 intrarent,
3297 4951 3461 5020 idque

1882 5061 1995 5105 tum
2034 5052 2251 5105 demum
2288 5050 2572 5111 sentirent,
2604 5064 2728 5102 cum
2750 5057 2934 5102 essent
2964 5047 3015 5100 in
3044 5044 3214 5098 media
3241 5059 3300 5097 ea
3329 5044 3461 5095 urbe

1884 5141 2195 5197 constituti.
2229 5140 2302 5193 lbi
2340 5155 2463 5193 cum
2526 5155 2618 5193 rex
2647 5140 2891 5193 diceret:
2921 5156 2939 5188 ι
2984 5136 3051 5189 Mi
3091 5143 3265 5205 pater,
3318 5148 3469 5187 anne

1879 5230 1987 5285 illis
2014 5245 2204 5285 manus
2240 5228 2503 5283 afferam?
2542 5248 2557 5279 ι
2589 5228 2813 5281 Ειίςεθιιε
2848 5225 3038 5287 vetuit,
3073 5224 3363 5290 cibumque
3393 5218 3461 5271 iis

1881 5332 1932 5378 et
1972 5331 2158 5393 potqu
2196 5319 2362 5389 182
2414 5320 2611 5389 apponi
2657 5316 2953 5372 mandavit.
2999 5314 3211 5381 Quibus
3267 5309 3461 5365 refecti

1330 5527 1682 5584 XYLANDI’J
1750 5527 1838 5583 [ΞΤ
1892 5528 2101 5584 GOAR!
2136 5527 2365 5584 NOTAE.

274 5649 373 5719 (87)
401 5649 615 5704 Locum
654 5648 1108 5719 bunc‘asterisco
1146 5647 1423 5719 insigniri,
1469 5647 1782 5719 qtiia_prur-_

216 5732 317 5773 sum
358 5715 442 5776 est
493 5718 764 5775 mutilus.
812 5716 985 5771 Verba
1029 5720 1140 5770 lucc
1173 5717 1238 5769 ad
1261 5715 1448 5769 'Eliam
1486 5715 1536 5769 in
1586 5715 1780 5769 Hui-ehi

218 5793 394 5845 montis
425 5792 708 5860 spelunca
748 5788 1152 5844 delitescentem
1198 5788 1373 5843 refero
1395 5828 1408 5851 ,
1443 5802 1604 5856 quam
1633 5801 1782 5839 caut-

1890 5646 2009 5766 sl‘em
2038 5645 2205 5703 Mosis
2233 5647 2395 5703 fuisse
2423 5644 2821 5714 receptaculum
2849 5640 3067 5709 quidam
3092 5636 3469 5697 crediderunt.

1942 5733 2020 5766 ΪΙ..

1942 5733 1997 5771 Π.
2008 5756 2020 5767 .
