4214 6448
180 377 264 441 225
1251 369 1789 433 HISTORIABUM
1826 369 2359 434 COMPENDIUM.
3316 370 3423 440 225

183 494 266 549 τῶν
310 490 608 545 Ἰουδαίων.
637 489 775 560 Περὶ
817 483 894 544 ὧν
928 490 1024 544 καὶ
1051 488 1365 557 διαϐληθεὶς
1393 487 1472 558 τῷ
1523 487 1734 558 βασιλεῖ
1759 491 1808 550 Α
1836 502 1847 540 :

1760 491 1808 550 Α
1836 486 1979 555 apud
2019 500 2198 557 regem
2220 485 2454 549 delatus,
2489 496 2615 537 cum
2648 483 2758 539 sibi
2790 482 2916 556 fuga
2960 485 3331 542 consuluisset
3368 498 3424 546 et

183 586 255 639 καὶ
280 584 472 652 φυγὼν
503 581 777 653 ἐκοιμήθη
800 581 907 647 ἔξω
931 580 1027 635 τοῦ
1054 582 1269 650 τείχους
1300 599 1313 613 ο
1348 583 1441 634 καὶ
1475 580 1549 642 ὼς
1577 580 1733 633 εἴωθε
1838 594 1847 627 4

1838 584 1991 631 extra
2024 575 2225 630 mtenia
2261 572 2530 628 dormiret
2575 571 2799 642 apertis,
2827 584 2887 627 ut
2932 587 3076 643 sa'pe
3107 574 3186 641 tit,
3221 578 3421 640 oculis,

184 676 417 734 πολλάκις
452 672 723 742 γίνεσθαι,
763 670 1108 742 κοιμώμενος
1139 672 1235 724 καὶ
1268 672 1392 733 τοὺς
1423 669 1736 739 ὀφθαλμοὺς
1837 682 1848 736 ι

1837 682 2090 736 passeres
2142 667 2198 721 in
2235 665 2424 720 oculos
2458 663 2580 733 ejus
2615 672 2831 719 stercus
2874 662 3215 734 dejecerunt,
3251 681 3426 736 coque

185 769 539 838 ὴνεῳγμένους
575 766 736 836 ἔχων,
771 766 865 819 καὶ
894 764 1193 834 στρουθίων
1218 763 1635 831 ἀφοδευσάντων
1657 764 1734 824 είς
1839 778 1849 812 t

1839 775 1970 814 casu
2009 760 2065 814 in
2120 758 2433 828 albuginem
2484 756 2696 811 incidit.
2731 755 2863 811 Erat
2912 758 3208 813 Ecbatanis
3242 760 3423 828 puclla

185 863 283 925 τοὺς
312 858 633 929 ὀφθαλμοὺς
659 858 852 922 αὐτοῦ,
903 856 1230 927 λευκὼματα
1277 858 1597 926 πεποίηκεν.
1629 852 1738 908 Ἦν
1840 849 1849 904 i

1840 849 2014 920 ipsum
2064 850 2391 919 cognatione
2425 849 2734 918 attingens;
2822 863 2946 919 quae
3016 863 3140 902 cum
3220 849 3424 919 septies

186 955 229 1008 δὲ
250 957 334 1007 καὶ
365 956 425 1006 ἐν
470 950 827 1013 Ἐκϐατάνοις
892 950 1031 1019 κόρη
1082 950 1351 1017 συγγενὴς
1395 947 1586 1012 αὑτοῦ,
1615 947 1737 1018 ἥτις
1839 958 1850 997 t

1839 943 2164 1012 nupsisset,
2233 954 2575 1010 sponsosque
2651 940 2898 1010 singulos
2983 940 3143 1010 192
3212 940 3423 997 damion

189 1046 298 1099 ἑπτὰ
330 1045 536 1114 ἄνδρας
580 1041 846 1107 λαϐοῦσα,
903 1042 997 1093 καὶ
1054 1040 1277 1093 πάντων
1340 1038 1444 1091 ὑπὸ
1484 1038 1737 1107 δαίμονος
1839 1048 1853 1102 ι

1839 1035 2158 1102 priusquam
2225 1048 2337 1088 rem
2396 1048 2519 1087 eum
2574 1046 2777 1101 sponsa
2831 1034 3094 1089 haberent
3150 1043 3421 1099 necasset,

187 1136 577 1206 ἀναιρουμένων
604 1135 713 1202 πρὸ
738 1133 832 1185 τοῦ
860 1132 1064 1200 γνῶναι
1092 1130 1319 1200 ταύτην,
1353 1128 1578 1199 ηὔξατο.
1627 1130 1738 1183 Καὶ
1840 1124 1851 1176 l

1840 1124 2009 1178 Deum
2040 1124 2293 1193 precibus
2325 1124 2744 1193 interpellabat;
2780 1125 2936 1193 isque
2961 1124 3011 1178 ei
3040 1125 3247 1178 auxilio
3275 1124 3425 1180 misit

187 1228 478 1282 ἀπέστειλεν
505 1227 643 1295 αὐτῇ
670 1224 863 1295 βοηθὸν
885 1226 914 1277 ὁ
947 1223 1080 1286 Θεὸς
1100 1222 1188 1274 τὸν
1208 1221 1441 1289 ἄγγελον
1470 1221 1736 1291 Ῥαιραήλ.
1848 1233 1851 1265 :

1848 1217 2099 1285 angelum
2121 1214 2482 1284 Raphaelum.
2511 1216 2808 1271 Enimvero
2828 1215 3032 1271 Tobias
3060 1217 3228 1271 filium
3260 1232 3421 1272 suum

196 1321 243 1373 Ὀ
278 1317 365 1372 οὖν
390 1318 589 1387 Τωϐὴτ
626 1316 1002 1387 παραγγείλας
1024 1312 1101 1383 τῷ
1127 1312 1229 1382 υἱῷ
1263 1310 1429 1365 αὑτοῦ
1457 1312 1626 1382 Τοϐίᾳ
1665 1310 1740 1381 μὴ
1841 1305 1860 1357 Ι

1841 1305 2088 1361 hortatus
2123 1322 2192 1360 ne
2234 1305 2453 1360 aliunde
2483 1321 2644 1376 quam
2671 1322 2740 1362 ex
2789 1322 2888 1363 sua
2930 1308 3102 1377 stirpe
3142 1317 3197 1363 et
3223 1322 3424 1378 genere

188 1406 340 1462 λαϐεῖν
372 1407 677 1475 ἀλλαχόθεν
724 1406 962 1475 γυναῖκα
993 1404 1042 1455 εί
1094 1401 1170 1473 μὴ
1193 1403 1258 1454 ἐκ
1292 1401 1390 1471 τῆς
1419 1400 1594 1472 φυλῆς
1645 1400 1740 1453 καὶ
1841 1413 1852 1453 t

1841 1412 1943 1453 suo
1970 1412 2193 1453 uxorem
2223 1396 2469 1458 duceret,
2519 1399 2677 1453 sicuti
2729 1398 2809 1453 lex
2848 1398 3164 1463 mandabat,
3200 1413 3323 1453 eum
3355 1398 3421 1453 ad

188 1497 484 1563 τοῦγένους
533 1495 701 1548 αὑτοῦ
753 1497 894 1547 κατὰ
944 1492 1040 1545 τὸν
1088 1492 1277 1561 νόμον,
1335 1492 1552 1546 δίδωσιν
1590 1490 1740 1561 αὑτῷ
1841 1504 1852 1541 l

1841 1487 2134 1557 repetenda
2169 1502 2331 1557 quam
2365 1488 2598 1556 primtnn
2648 1487 2834 1543 decem
2891 1489 3111 1554 talenta,
3161 1491 3425 1559 quaeipse

188 1585 528 1653 χειρόγραφον
583 1582 716 1650 περὶ
770 1583 1049 1658 ταλάντων
1111 1580 1245 1634 δέκα
1290 1582 1517 1650 χρυσίου
1569 1580 1606 1635 ἃ.
1645 1582 1740 1634 καὶ
1841 1597 1852 1635 t

1841 1581 2117 1650 quondam
2171 1580 2225 1633 in
2280 1579 2454 1633 Media
2510 1580 2859 1650 deposuerat,
2915 1596 3040 1635 cum
3115 1582 3422 1653 syngrapha

186 1662 432 1740 παρέθετο
456 1675 514 1724 ἐν
542 1677 609 1742 τῇ
644 1675 854 1744 Μηδία,
889 1674 1027 1743 πρὸς
1060 1674 1121 1728 τὸ
1156 1673 1414 1727 ἀπελθεῖν
1435 1674 1530 1727 καὶ
1555 1673 1738 1727 λαϐεῖν
1842 1684 1850 1723 1

1842 1670 2032 1724 mittit.
2071 1668 2245 1723 Filius
2277 1669 2490 1722 itineris
2517 1670 2769 1724 comitem
2802 1684 2866 1723 ac
2915 1669 3111 1726 ducem
3146 1687 3420 1750 quaerens,

189 1764 303 1818 αὐτὰ
327 1762 415 1817 διὰ
435 1762 658 1835 τάχους.
694 1763 801 1815 Τοῦ
831 1762 887 1815 δὲ
924 1764 1114 1828 παιδὸς
1153 1764 1445 1834 ζητοῦντος
1497 1765 1735 1819 συνοδοι-
1767 1826 1810 1835 _
1841 1777 1853 1815 t

1767 1826 1810 1835 _
1841 1761 1989 1831 quod
2017 1763 2159 1816 viam
2196 1761 2495 1831 ignoraret,
2535 1762 2733 1816 divinae
2770 1763 3130 1831 provilentite
3161 1764 3330 1818 ductu
3364 1764 3418 1818 in

190 1855 328 1925 πόρον
355 1855 431 1918 ὡς
457 1854 558 1925 τὴν
586 1853 707 1908 ὁδὸν
739 1855 1087 1923 ἀγνοοῦντος,
1129 1857 1378 1925 εύρέσκει
1421 1856 1557 1909 Θεοῦ
1605 1873 1737 1927 προ-
1767 1826 1815 1884 Β
1844 1853 1854 1907 Ι

1767 1826 1815 1884 Β
1844 1826 2180 1925 [λορὶιοειυιη
2216 1826 2412 1907 incidit
2466 1853 2572 1909 sub
2612 1855 2713 1907 viri
2770 1826 2956 1924 specie
3011 1855 3064 1911 in
3121 1855 3242 1912 foro
3270 1866 3423 1912 stan-

191 1946 285 2016 νοίᾳ
319 1946 410 2000 τὸν
471 1944 707 2015 ἄγγελον
761 1946 1009 2018 Ῥαφαὴλ
1039 1947 1115 2010 ὡς
1158 1947 1449 2019 ἄνθρωπον
1505 1949 1739 2004 ἑστῶτα.
1844 1953 1855 2001 l

1844 1953 1953 2002 tem
1980 1964 1994 2013 ;
2023 1948 2181 2017 cujus
2209 1948 2459 2001 Azariam
2508 1962 2567 2001 se
2596 1947 2933 2002 nominantis
2966 1958 3022 2002 et
3050 1949 3148 2003 vice
3191 1964 3250 2004 se
3284 1965 3422 2019 gua-

195 2036 271 2087 Ὂν
304 2035 745 2106 μισθωσάμενος,
813 2036 1016 2091 εἰδέναι
1049 2037 1149 2109 τὴν
1213 2037 1334 2091 ὁδὸν
1378 2039 1605 2104 λέγοντα
1647 2039 1745 2093 καὶ
1845 2055 1859 2093 ι

1845 2055 1963 2094 rum
1998 2040 2305 2109 proﬁtentis
2356 2055 2518 2108 Opera
2563 2041 2857 2103 conducta,
2894 2043 2997 2097 iter
3022 2057 3088 2099 eo
3125 2044 3421 2099 comitatus

200 2128 429 2197 Ἀζαρίαν
461 2128 890 2199 ὀνομαζόμενον,
924 2131 1203 2184 συνοδεύει
1227 2132 1427 2201 τούτῳ.
1454 2130 1564 2184 Καὶ
1597 2129 1742 2184 διελ-
1843 2131 1859 2185 i

1843 2130 2166 2201 ingreditur.
2218 2129 2352 2190 Cum
2390 2130 2458 2184 ad
2511 2129 2700 2201 Tigrin
2749 2133 2974 2187 fluvium
3023 2135 3416 2203 pervenissent,

192 2216 359 2271 θὸντων
382 2219 570 2272 αὐτῶν
603 2220 687 2283 είς
718 2219 811 2272 τὸν
843 2221 1089 2291 ποταμὸν
1114 2221 1336 2292 Τίγριν,
1368 2222 1463 2274 καὶ
1490 2222 1585 2274 τοῦ
1611 2239 1743 2275 παι-
1843 2238 1856 2293 ι

1843 2238 1980 2293 puer
2024 2222 2238 2277 lavandi
2289 2238 2454 2277 causa
2513 2238 2708 2293 aquam
2763 2225 3049 2294 ingressus
3099 2231 3206 2292 e’st,
3257 2235 3422 2296 atque

189 2310 258 2374 δὶς
279 2312 608 2375 είσελθόντος
644 2312 964 2380 λούσασθαι,
994 2315 1089 2368 καὶ
1116 2314 1301 2384 ἰχθύος
1320 2313 1471 2384 αὑτῷ
1505 2312 1740 2383 μεγάλου
1841 2312 1853 2368 ἱ

1841 2312 2035 2383 ingens
2066 2314 2138 2367 ibi
2189 2313 2359 2383 piscis
2392 2329 2516 2368 eum
2566 2314 2786 2370 invasit.
2838 2315 2972 2369 Eum
3006 2317 3193 2385 iussus
3228 2325 3313 2372 est
3352 2318 3421 2373 ab

192 2401 620 2473 ἐκπηδήσαντος,
648 2397 805 2455 εἶπεν
855 2402 1057 2472 αύτῷό
1097 2402 1328 2471 ἄγγελος
1383 2401 1743 2457 ἐπιλαϐέσθαι
1844 2416 1856 2455 t

1844 2403 2037 2473 angelo
2077 2418 2300 2472 capere,
2336 2415 2390 2458 et
2420 2404 2662 2459 dlssecto
2692 2414 2884 2459 ventre
2908 2406 3088 2476 jecur,
3126 2422 3223 2462 cor
3261 2417 3315 2463 et
3350 2409 3423 2464 fel

190 2491 266 2545 τοῦ
294 2493 476 2562 ίχθύος
506 2492 604 2547 καὶ
627 2495 820 2562 τεμεῖν
844 2491 1013 2546 αὐτοῦ
1066 2492 1167 2562 τὴν
1198 2493 1467 2565 γαστέρα,
1512 2494 1610 2547 καὶ
1644 2492 1742 2546 λα·-
1844 2510 1854 2546 ι

1844 2494 2084 2549 eximere
2111 2509 2177 2549 ac
2209 2510 2455 2552 servare.
2482 2496 2720 2567 Angelus
2745 2498 2811 2553 ad
2851 2498 2982 2568 quid
3012 2514 3074 2553 ea
3102 2500 3425 2569 prodessent

192 2582 284 2636 δεῖν
306 2585 362 2637 τό
395 2602 460 2638 τε
484 2580 642 2657 ἧπαρ
667 2584 763 2639 καὶ
794 2583 895 2655 τὴν
924 2584 1157 2654 καρδίαν
1184 2587 1278 2639 καὶ
1304 2585 1405 2655 τὴν
1434 2584 1620 2655 χολὴν,
1649 2585 1746 2638 κα)⁸
1845 2585 1856 2639 i

1845 2585 2241 2657 interrogatus,
2288 2588 2559 2658 jocinoris
2593 2596 2646 2643 et
2697 2590 2882 2644 cordis
2933 2590 3117 2646 sumtu
3149 2593 3424 2650 daemones

193 2674 478 2738 φυλάττειν.
499 2675 608 2727 Τοῦ
634 2673 692 2727 δὲ
714 2673 1122 2745 πυνθανομένου
1148 2675 1211 2728 τὸ
1233 2675 1508 2746 χρήσιμον
1534 2674 1743 2740 αὐτῶν,
1844 2691 1857 2732 t

1844 2678 1988 2749 abigi
2018 2680 2331 2749 respondit,
2384 2681 2510 2735 felle
2540 2681 2830 2749 albugines
2874 2683 3012 2739 tolli.
3042 2684 3280 2742 Proinde
3306 2701 3424 2742 eam

197 2784 212 2815 ι
232 2765 292 2817 Τὲ
308 2765 404 2836 μὲν
420 2762 603 2838 ἧπαρ,
622 2765 781 2837 φησὶ,
805 2766 900 2819 καὶ
929 2768 963 2836 ἠ
994 2765 1191 2837 καρδία
1220 2764 1543 2835 θυμιώμενα
1558 2765 1743 2820 διώκει
1844 2784 1861 2824 ι

1844 2768 1913 2825 de
1934 2785 2043 2839 qua
2076 2770 2284 2825 dictum
2318 2780 2405 2826 est
2442 2772 2701 2842 puellam,
2748 2776 3211 2845 consanguineam
3243 2792 3423 2844 suam,

190 2853 441 2923 δαίμονας,
477 2858 510 2923 ἡ
540 2855 597 2908 δὲ
632 2855 767 2926 χολὴ
790 2854 1082 2927 καθαρίζει
1119 2854 1472 2926 λευκώματα.
1509 2874 1529 2907 ι
1559 2852 1693 2909 Εἶτα
1714 2856 1744 2908 ὁ
1844 2858 1854 2880 ¹

1844 2857 2033 2916 Tobiae
2096 2861 2243 2919 filius
2295 2878 2518 2918 uxorem
2576 2863 2780 2931 duxit,
2845 2866 3023 2936 angeli
3085 2868 3321 2923 consilio
3370 2876 3425 2924 et

193 2947 272 3014 μὲν
301 2952 425 3011 παῖς
469 2948 740 3017 λαμϐάνει
776 2949 877 3019 τὴν
930 2950 995 3003 ἐκ
1036 2948 1134 3002 τοῦ
1168 2949 1361 3016 γένους
1399 2948 1567 3002 αὑτοῦ
1607 2964 1744 3020 προ·
1845 2965 1857 3007 t

1845 2952 2074 3013 auxilio,
2102 2954 2247 3007 malo
2276 2953 2524 3009 damone
2553 2955 2604 3008 vi
2638 2954 2760 3025 ejus
2809 2956 3025 3013 suﬂitus
3049 2958 3234 3029 fugato
3288 2976 3303 3025 ;
3338 2974 3427 3016 re-

191 3037 444 3109 λεχθεῖσαν
477 3040 654 3112 κόρην
675 3042 752 3103 εἰς
771 3043 1030 3108 γυναῖκα,
1053 3042 1120 3111 τῇ
1152 3040 1455 3112 συμϐουλία
1484 3044 1582 3094 καὶ
1610 3056 1741 3094 συν-
1845 3059 1855 3083 π

1845 3057 2146 3111 versusque
2189 3058 2313 3096 cum
2353 3044 2552 3100 comite
2602 3060 2705 3101 suo
2755 3055 2811 3101 et
2861 3063 3034 3104 uxore
3092 3049 3160 3104 ad
3191 3062 3425 3122 patrem,

194 3129 331 3201 ιργίᾳ
351 3131 445 3185 τοῦ
489 3131 733 3200 ἀγγέλου
757 3130 1078 3202 διωχθέντος
1099 3129 1195 3185 τοῦ
1221 3131 1464 3201 πονηροῦ
1486 3131 1740 3201 δαίμονος
1775 3192 1812 3205 Α
1846 3148 1858 3185 t

1775 3192 1812 3205 Α
1846 3133 2036 3187 oculos
2083 3133 2203 3202 ejus
2247 3133 2373 3189 felle
2411 3135 2666 3205 inungit;
2716 3150 2828 3205 quo
2855 3137 3001 3194 facto
3027 3156 3195 3196 senex
3244 3144 3423 3199 visum

361 3192 678 3294 θυμιάματι
708 3192 907 3293 τούτῷ.
937 3192 1072 3276 Καὶν
1093 3192 1427 3293 ὑποστρέξει
1455 3192 1594 3293 μετά
1644 3192 1739 3276 τοῦ
1769 3192 1812 3251 C
1845 3224 1854 3277 i

1769 3192 1812 3251 δ
1845 3224 1989 3278 illico
2024 3224 2248 3293 recepit.
2272 3221 2410 3279 Tum
2440 3228 2665 3295 angelus
2690 3241 2751 3282 se
2770 3228 2893 3298 quis
2919 3244 3066 3286 esset
3088 3235 3281 3303 aperit,
3312 3251 3421 3290 non

192 3310 357 3376 παιδὸς
388 3315 485 3367 καὶ
550 3313 652 3383 τῆς
697 3313 958 3381 γυναικὸς
1012 3313 1179 3366 αὐτοῦ
1236 3313 1373 3383 πρὸς
1412 3314 1503 3365 τὸν
1529 3312 1741 3383 πατέρα
1846 3312 1856 3366 Ι

1846 3312 2120 3367 hominem
2150 3328 2209 3368 se
2239 3328 2380 3376 csso,
2418 3315 2514 3370 sed
2542 3330 2573 3369 a
2611 3315 2723 3372 Deo
2752 3319 2978 3375 missum
3011 3321 3217 3379 docens
3245 3325 3424 3394 opitu-

192 3402 389 3476 Τωϐήτ*
420 3399 487 3460 οὗ
550 3407 678 3468 τοὺς
714 3406 1029 3474 ὀφθαλμοὺς
1080 3409 1110 3460 ό
1173 3409 1305 3469 παῖς
1357 3408 1423 3475 τῇ
1462 3405 1593 3475 χολῇ
1647 3406 1741 3458 τοῦ
1846 3403 1856 3456 1

1846 3403 2014 3457 latum
2051 3405 2187 3474 ipsis
2212 3417 2268 3460 et
2293 3405 2485 3475 puellae
2514 3405 2685 3472 Sane,
2717 3409 2882 3479 idque
2920 3425 3145 3483 pr0pter
3175 3416 3421 3484 ipsorum

192 3495 346 3563 ἰχθύος
365 3496 687 3569 ἐπιχρίσας,
706 3500 802 3551 καὶ
828 3498 1073 3567 παρευθὺ
1103 3497 1297 3567 Τωϐὴτ
1313 3495 1739 3566 ἀναϐλέψαντος,
1843 3509 1856 3565 ι

1843 3494 2121 3565 pietatem.
2149 3495 2304 3566 193
2328 3495 2380 3551 id
2402 3512 2621 3568 quoque
2649 3500 2785 3568 ipsis
2807 3500 2964 3569 dixit,
2990 3505 3134 3573 regis
3160 3518 3421 3562 arcanum

189 3585 510 3659 ἐφανέρωσεν
561 3589 757 3642 ἑαυτὸν
787 3590 814 3640 ὁ
860 3587 1114 3656 ἄγγελος,
1167 3588 1250 3641 ὅτι
1300 3587 1402 3640 οὐκ
1455 3585 1745 3657 ἄνθρωπός
1844 3603 1853 3641 1

1844 3597 1997 3644 recte
2053 3589 2180 3658 tegi,
2234 3591 2329 3645 sed
2389 3590 2532 3647 facta
2578 3591 2674 3648 Dei
2716 3594 3013 3663 praedicare
3061 3597 3420 3654 honorificum

191 3676 333 3741 im»,
370 3678 514 3732 ἀλλὰ
571 3678 725 3748 παρὰ
775 3675 913 3729 Θεοῦ
965 3675 1250 3746 ἀπεστάλη
1301 3676 1437 3746 πρὸς
1484 3674 1739 3748 βοήθειαν
1843 3693 1988 3735 esse.

190 3768 344 3832 αὐτοῖς
374 3788 430 3822 τε
459 3769 563 3823 καὶ
592 3772 659 3838 τῇ
687 3768 828 3840 κόρῃ
860 3768 1051 3841 Σάρρᾳ
1084 3767 1176 3820 διὰ
1204 3769 1304 3837 τὴν
1336 3768 1519 3823 αὐτῶν
1574 3768 1877 3836 εὐσέϐειαν,
1909 3770 2083 3840 λέγων
2123 3773 2259 3844 πρὸς
2297 3774 2513 3841 αὐτούς·
2562 3795 2583 3829 ι
2614 3778 2931 3851 Μυστήριον
2970 3781 3234 3852 βασιλέως
3290 3784 3424 3855 κρύ-

192 3877 321 3914 πτειν
346 3864 536 3924 καλὸν,
563 3864 634 3916 τὰ
663 3863 719 3916 δὲ
751 3863 891 3936 ἔργα
938 3863 1037 3917 τοῦ
1075 3862 1282 3934 Κυρίου
1339 3865 1602 3934 ἀνυμνεῖν
1651 3864 1900 3930 ἐνδόξως.
1930 3884 1948 3917 ι

273 3956 370 4009 Eri:
405 3956 609 4010 τούτου
650 3958 747 4009 καὶ
777 3957 1063 4028 ἄνθρωπός
1102 3974 1189 4021 τις
1224 3958 1553 4028 ἐγνωρίζετο
1582 3962 1641 4014 ὲν
1669 3960 1748 4031 τῷ
1914 3962 1937 4016 Ε

1914 3962 2115 4018 Eodem
2151 3974 2394 4035 tempore
2442 3966 2526 4020 vir
2572 3965 2797 4036 quidam
2831 3968 2884 4023 in
2928 3970 3133 4040 populo
3168 3971 3422 4032 lsraelieo

199 4045 392 4120 Ἰσραὴλ
436 4049 703 4112 πλούσιος
758 4051 853 4103 καὶ
891 4049 1233 4120 ἀνελεήμων,
1280 4049 1342 4113 ὃς
1394 4048 1567 4104 ὶλθὼν
1609 4052 1748 4121 πρός
1841 4065 1863 4106 c

1841 4052 2246 4120 celebrabatur,
2288 4055 2443 4110 dives
2494 4065 2549 4110 et
2594 4056 2951 4113 inhumanus.
2984 4060 3033 4115 ls
3078 4076 3202 4116 cum
3235 4079 3424 4133 quem-

189 4155 290 4191 τινα
314 4142 423 4192 τῶν
479 4141 830 4224 διδασκάλων
885 4142 981 4194 καὶ
1029 4140 1341 4207 ἀναπτύξας
1395 4141 1495 4212 τὴν
1553 4143 1749 4211 σοφίαν
1842 4160 1853 4196 t

1842 4141 1968 4197 dam
2019 4146 2303 4201 doctorem
2359 4147 2735 4215 convenisset,
2786 4150 3096 4222 librumque
3144 4155 3425 4224 sapientiae

192 4227 515 4299 Σολομῶντος
540 4223 704 4300 εὗρεν
719 4231 902 4295 εὐθύςο
937 4249 957 4285 ι
1004 4232 1063 4285 Ὀ
1084 4232 1252 4285 ἐλεῶν
1273 4232 1489 4301 πτωχὸν
1514 4232 1747 4295 δανείζει
1847 4234 1856 4284 ε

1847 4233 2162 4291 Solomonis
2197 4237 2530 4306 aperuisset,
2566 4240 2748 4308 primo
2784 4243 2976 4295 obtutu
3024 4244 3074 4296 in
3110 4223 3224 4299 haec
3261 4249 3423 4304 verba

188 4318 308 4388 Θειῖι.
346 4340 364 4373 ι
408 4323 521 4376 Καὶ
558 4323 641 4384 είς
700 4321 893 4376 ἑαυτὸν
934 4323 1227 4392 γενόμενος
1279 4324 1376 4376 καὶ
1414 4323 1748 4391 κατανυγεὶς
1844 4325 1852 4379 i

1844 4325 2056 4391 incidit,
2098 4345 2117 4379 ι
2153 4326 2260 4394 Qui
2287 4328 2588 4384 miseratur
2632 4345 2946 4401 pauperem,
2983 4333 3030 4388 is
3064 4333 3174 4390 Deo
3213 4337 3428 4394 fenera-

189 4411 411 4466 ἀπελθὼν
436 4415 702 4483 πέπρακε
732 4415 911 4468 πάντα
934 4415 1030 4470 καὶ
1067 4414 1307 4485 διένειμε
1339 4418 1616 4485 πτωχοῖς,
1636 4432 1742 4485 μη·-
1768 4485 1810 4494 _
1846 4427 1853 4470 I

1768 4485 1810 4494 _
1846 4426 1955 4471 tur.
1994 4437 2012 4469 ι
2042 4419 2231 4489 Itaque
2274 4421 2327 4474 in
2359 4435 2419 4475 se
2447 4422 2790 4478 descendens
2821 4433 2876 4478 et
2905 4437 3266 4494 compunctus
3301 4432 3425 4484 aui-

190 4501 261 4553 ὢν
279 4506 451 4574 ἑαυτῷ
484 4504 833 4576 καταλείψας
879 4506 1020 4578 πλὴν
1065 4510 1419 4578 νομισμάτων
1465 4509 1582 4563 δύο.
1628 4509 1739 4561 Καὶ
1766 4485 1854 4561 Dl

1766 4485 1820 4545 D
1848 4524 2019 4575 mum,
2062 4485 2348 4580 digressus
2403 4511 2589 4565 omnia
2638 4527 2738 4567 sua
2781 4485 3046 4582 vendidit,
3079 4532 3141 4571 ac
3190 4522 3426 4588 pretium

191 4595 488 4664 πτωχεύσεις
540 4598 694 4651 πάνυ
743 4599 839 4651 καὶ
878 4598 983 4651 ὑπὸ
1024 4597 1252 4669 μηδενὸς
1292 4601 1359 4651 ὲκ
1396 4598 1548 4662 θείας
1601 4598 1748 4653 δοκι·
1848 4597 1855 4651 i

1848 4596 1992 4652 inter
2053 4614 2258 4670 egenos
2319 4601 2642 4666 distribuit,
2694 4603 2834 4658 nihil
2894 4607 2994 4660 sibi
3043 4620 3240 4678 pra-ter
3289 4610 3428 4667 duos

195 4687 367 4748 μαίας
396 4688 732 4755 ἐλεούμενος
765 4687 993 4759 ὕστερον
1037 4690 1095 4742 ἐν
1122 4688 1302 4760 ἑαυτῷ
1350 4689 1499 4758 λέγει
1553 4705 1749 4760 μικρο-
1848 4704 1859 4742 t

1848 4704 2104 4744 nummos
2171 4706 2483 4749 reservans.
2547 4694 2626 4748 Ita
2702 4695 2768 4748 ad
2835 4712 3109 4752 summam
3172 4701 3429 4760 redactus

190 4770 433 4842 Ψυχήσας.
467 4796 489 4830 ε
542 4777 951 4839 ’Δπελεύσομαι
994 4777 1079 4850 [Ρ.
1118 4776 1241 4850 110]
1275 4781 1334 4831 ὲν
1392 4778 1748 4849 Ἰερουσαλὴμ
1848 4792 1854 4847 ]

1848 4786 2254 4848 paupertatem,
2312 4795 2439 4835 cum
2489 4781 2623 4848 (Deo
2683 4784 2758 4839 ita
2801 4785 3120 4857 ordinante,
3171 4792 3250 4845 uti
3302 4809 3427 4849 eum

192 4863 269 4913 καὶ
291 4865 683 4938 διακρινοῦμαι
714 4868 794 4937 τῷ
821 4868 939 4937 θεῷ
964 4884 1068 4937 μου
1098 4870 1182 4921 ὅτι
1206 4867 1481 4938 ὲπλάνησέ
1532 4884 1600 4938 με
1626 4866 1747 4921 δια-ι
1848 4884 1856 4938 ι

1848 4869 2132 4941 probaret)
2165 4887 2327 4927 nemo
2364 4872 2538 4943 ipsius
2582 4875 2962 4944 misereretur,
2996 4882 3214 4936 tandem
3244 4885 3430 4941 animo

192 4961 463 5028 σιορπίσαι
498 4962 574 5014 τὰ
621 4961 939 5030 ὑπάρχοντά
962 4977 1089 5031 μου.
1117 4979 1135 5011 ι
1175 4960 1549 5031 Πορευομένου
1575 4959 1632 5012 δὲ
1660 4958 1751 5012 αὐ·
1849 4964 1856 5013 l

1849 4959 2024 5015 fracto
2062 4977 2249 5016 secum
2291 4962 2487 5018 statuit
2521 4964 2601 5019 ire
2635 4962 3032 5038 Hierosolyma,
3069 4979 3123 5025 et
3164 4987 3289 5027 cum
3319 4973 3430 5031 Deo

193 5049 290 5110 τοῦ,
318 5047 454 5105 εἶδεν
492 5053 704 5123 ἄνδρας
737 5052 833 5106 δύο
890 5053 1235 5123 μαχομένους
1291 5051 1427 5123 πρὸς
1460 5052 1745 5120 ἀλλήλους,
1851 5066 1857 5103 l

1851 5063 1953 5105 suo
1986 5051 2320 5123 disceptare,
2352 5054 2448 5124 qui
2478 5068 2539 5110 se
2568 5054 2637 5109 ad
2676 5055 2821 5110 bona
2852 5072 2957 5122 sua
2989 5060 3304 5132 dissipanda
3335 5081 3432 5136 per

193 5139 419 5208 εὑρόντας
453 5142 614 5195 λίθον
636 5143 841 5211 τίμιον.
870 5142 980 5195 Καὶ
1004 5141 1138 5211 φησὶ
1158 5142 1294 5212 προς
1317 5141 1543 5202 αὐτούς’
1573 5158 1591 5190 ι
1623 5140 1747 5193 Ἵνα
1848 5142 1857 5195 1

1848 5139 2124 5197 fallaciam
2156 5143 2485 5201 induxisset.
2519 5145 2578 5201 In
2611 5162 2676 5203 eo
2711 5148 2908 5206 itinere
2937 5151 3087 5209 videt
3116 5155 3265 5213 viros
3295 5159 3432 5219 duos

192 5227 253 5289 τί,
284 5230 524 5299 ἀδελφοὶ,
559 5229 849 5301 μάχεαθες
886 5231 1017 5284 Δότε
1076 5247 1169 5301 μοι
1215 5231 1399 5297 αὐτὸν,
1433 5232 1526 5283 καὶ
1553 5229 1745 5284 λάϐετε
1848 5252 1856 5286 t

1848 5233 2265 5306 depugnantes,
2313 5238 2409 5307 qui
2462 5239 2695 5310 lapidem
2742 5242 3040 5311 pretiosum
3085 5225 3430 5311 invenerant.

191 5319 473 5389 νομίσματα
500 5322 628 5375 δύο.
672 5339 693 5372 ι
726 5320 846 5373 Τῶν
882 5320 939 5373 δὲ
975 5321 1113 5391 μετὰ
1136 5322 1311 5391 χαρᾶς
1345 5321 1533 5374 τοῦτον
1562 5336 1746 5390 παρα·
1845 5324 1855 5379 ]

1845 5324 1956 5381 Eos
1975 5328 2049 5380 ita
2072 5326 2269 5383 aﬂatur
2296 5345 2312 5384 :
2341 5346 2360 5380 ι
2383 5328 2547 5398 Quid,
2570 5331 2788 5399 fratres,
2806 5337 3099 5406 pugnatis?
3126 5339 3261 5399 Date
3296 5344 3430 5401 mihi

193 5413 402 5477 σχόντων
429 5414 517 5485 (ού
550 5414 897 5485 γάρ’-ᾔδεσαν
941 5414 1037 5468 τοῦ
1086 5414 1238 5469 λίθου
1291 5415 1353 5466 τὸ
1402 5414 1748 5486 ὑπερτίμιον)
1846 5412 1857 5467 l

1846 5412 2106 5483 lapidem,
2143 5430 2208 5471 ac
2252 5431 2356 5473 vos
2398 5433 2501 5487 pro
2538 5434 2607 5474 eo
2650 5420 2792 5477 duos
2823 5438 3081 5482 nummos
3113 5431 3368 5502 accipite.
3406 5452 3426 5488 ι

191 5498 405 5568 ἀπῆλθεν
429 5504 512 5565 εἰς
560 5500 946 5574 Ἰερουσαλὴμ,
976 5503 1070 5557 τὸν
1126 5502 1272 5556 λίθον
1328 5504 1745 5571 ἐπιφερόμενος.
1848 5513 1855 5553 t

1848 5504 2006 5573 Quod
2060 5507 2170 5572 illi,
2221 5523 2362 5579 quos
2419 5511 2611 5580 ingens
2662 5512 2863 5584 lapidis
2906 5519 3140 5584 pretium
3192 5498 3427 5590 latebat,

194 5586 286 5641 Καὶ
319 5591 493 5657 δείξας
539 5593 712 5646 αὑτὸν
760 5596 1066 5667 χρυσοχόῳ,
1105 5595 1448 5667 παραχρῆμα
1478 5596 1570 5650 τδν
1599 5596 1748 5653 λίθον
1848 5614 1858 5669 ι

1848 5600 2181 5669 perlibenter
2231 5600 2431 5657 fecere.
2480 5600 2641 5659 Venit
2682 5620 2815 5676 ergo
2856 5606 2965 5663 iste
3012 5586 3428 5684 Hierosolyma,

196 5678 373 5746 ἐκεῖνος
424 5685 553 5738 ἰδὼν
598 5684 848 5748 ἀναστὰς
879 5686 1279 5756 προσεκύνησε,
1319 5686 1419 5740 καὶ
1474 5686 1748 5757 ἔκθαμϐος
1848 5690 1860 5744 1

1848 5690 2084 5761 lapidem
2120 5707 2307 5748 secum
2341 5702 2583 5765 gestans,
2616 5711 2853 5766 eumque
2884 5700 3095 5756 auritici
3138 5678 3427 5763 monstrat.

196 5775 452 5844 τὶνὸμιενος
474 5776 843 5844 ἐπυνθάνετο,
875 5796 895 5831 ι
930 5778 1038 5833 Ποῦ
1061 5780 1153 5833 τὸν
1193 5778 1512 5850 πολύτιμον,
1548 5779 1744 5848 λέγων,
1849 5783 1860 5831 4

1849 5779 1955 5847 Qui
1984 5783 2144 5841 simul
2169 5796 2335 5855 atque
2382 5786 2613 5856 lapidem
2663 5791 2973 5857 conspexit,
3007 5793 3278 5857 adoravit.
3315 5806 3431 5853 stu-
