4214 6448
719 413 821 478 227

2014 394 2338 458 GEORGII
2379 393 2681 454 CEDBEN
2687 394 2712 451 1

3875 382 3980 445 228

719 541 968 602 pensque
1015 503 1345 580 sciscitatus
1408 528 1492 574 est
1561 516 1784 570 ubinam
1844 512 2300 584 pretiosissimum

2463 507 2502 558 tl.
2538 506 2683 559 θεῖον
2715 503 2862 556 λίθον
2891 500 3080 557 τοῦτον
3113 491 3303 572 eopse;
3337 499 3444 554 ἰδοὺ
3469 501 3578 570 γὰρ
3601 497 3694 568 ἔτη
3725 496 3853 567 τρία
3884 500 3981 567 σή-

725 620 871 674 hunc
904 622 957 668 et
981 611 1223 667 divinum
1260 607 1496 677 lapidem
1529 604 1851 665 invenisset,
1885 610 2104 671 pr0pter
2135 613 2296 669 quem

724 717 897 762 totum
937 707 1047 772 jam
1093 700 1389 754 triennium
1429 698 1560 750 urbs
1597 694 1915 772 perturbata
1947 701 2110 760 atque
2149 689 2301 743 solli-

727 801 836 853 cita
869 799 960 852 sil.
992 794 1165 847 Simul
1200 807 1324 844 eum
1351 789 1418 842 ad
1449 768 2077 854 summum.pontiﬁcem
2107 781 2302 835 ali'erre

723 891 907 960 jussit.
948 890 1214 940 maximas
1249 883 1316 934 ab
1345 896 1410 934 eo
1455 880 1675 934 divitias
1709 886 2135 946 reportaturum.
2167 873 2300 926 Dum

726 984 850 1044 iret,
870 980 1094 1050 angelus
1115 976 1204 1029 Dei
1227 973 1534 1043 pmitilicem
1550 972 1625 1022 sic
1647 970 1888 1022 monuit:
1912 987 1930 1018 ‹
1952 967 2139 1021 Veniet
2159 980 2304 1019 nunc

730 1073 799 1127 ad
850 1084 900 1126 te
948 1075 1134 1132 homo,
1171 1065 1406 1120 nobilem
1458 1060 1618 1131 194
1667 1061 1901 1129 lapidem
1951 1075 2014 1113 ex
2066 1056 2307 1126 diploide

731 1165 965 1218 Aaronis
1013 1159 1334 1229 pontilicali,
1370 1156 1462 1224 qui
1493 1156 1734 1207 amissus
1768 1153 1965 1216 fuerat,
1997 1157 2302 1218 reportans.

737 1256 937 1322 Recipe
981 1255 1146 1316 hunc,
1173 1264 1224 1302 et
1260 1248 1454 1302 ferenti
1489 1245 1720 1297 multum
1756 1242 1872 1294 auri
1909 1249 2069 1308 atque
2099 1237 2306 1307 argenti

732 1347 820 1399 da.
861 1344 1033 1396 Simul
1080 1349 1132 1396 et
1179 1340 1336 1408 alapa
1390 1337 1652 1391 mediocri
1701 1331 1928 1394 inﬂicta,
1970 1331 2100 1399 jubc.
2149 1342 2309 1397 porro

737 1453 844 1490 non
895 1450 1016 1489 esse
1066 1432 1237 1484 animi
1284 1430 1532 1492 dubium,
1582 1440 1760 1494 neque
1812 1422 2055 1477 dillidere
2101 1419 2210 1473 Deo
2251 1422 2306 1470 in

737 1531 910 1584 sat-ris
952 1527 1176 1579 Litteris
1213 1522 1413 1576 dicenti
1459 1535 1584 1573 eum
1627 1519 1717 1588 qui
1754 1530 2043 1586 pauperem
2080 1514 2310 1566 misera-

737 1629 846 1680 tur,
878 1618 986 1669 Deo
1015 1613 1270 1668 {uenerari
1297 1627 1309 1662 :
1341 1625 1424 1662 me
1449 1609 1593 1661 enim
1629 1616 1681 1661 et
1714 1609 1764 1658 in
1795 1607 1893 1658 hac
1921 1605 2027 1656 vita
2059 1603 2311 1670 implesse

742 1711 864 1766 lzoc.
903 1708 1126 1760 redditis
1177 1704 1252 1756 illi
1301 1702 1461 1771 loage
1511 1699 1757 1767 pluribus
1805 1708 1968 1764 quam
2013 1694 2130 1761 ipse
2178 1691 2309 1744 mihi

741 1809 1022 1854 mutuatus
1071 1798 1204 1850 l‘uit:
1246 1805 1300 1850 et
1348 1796 1391 1848 si
1439 1793 1596 1845 [idem
1644 1789 1859 1847 habeat,
1891 1787 1943 1838 in
1990 1785 2160 1838 altera
2204 1783 2312 1835 vita

2410 614 2575 668 μερον
2625 594 2984 666 Ἰερουσαλὴμ
3034 594 3267 647 δονεῖται
3324 592 3418 645 καὶ
3465 590 3837 644 ἀκαταστατεῐ
3888 589 3980 641 διὰ

2406 690 2498 742 τὸν
2528 690 2854 760 περιϐόητον
2879 688 3023 740 λίθον
3054 687 3261 739 τοῦτον.
3289 685 3397 737 Καὶ
3425 683 3673 736 ἀπελθὼν
3705 682 3790 745 δδς
3818 680 3982 734 αὑτὸν

2408 783 2490 852 τῷ
2525 784 2795 853 ἀρχιερεῖ,
2830 782 2924 833 καὶ
2965 780 3173 850 σφόδρα
3204 779 3552 848 πλουτήσεις.
3587 796 3604 828 ι
3638 776 3746 829 Τοῦ
3795 777 3852 828 δὲ
3876 777 3985 828 ἀπ-

2409 876 2710 944 ερχομένου
2763 872 2993 939 ἄγγελος
3027 874 3230 943 Κυρίου
3263 867 3383 923 εἷπε
3415 869 3547 939 πρὸς
3581 869 3672 921 τὸν
3699 867 3983 938 ἀρχιερέα·

2419 985 2435 1016 ι
2467 965 2578 1017 Νῦν
2603 965 2881 1017 ἐλεύσεται
2913 963 3199 1035 ἄνθρωπος
3229 963 3364 1032 πρὸς
3396 962 3475 1023 σέ,
3503 960 3591 1011 τὸν
3618 959 3989 1012 ἀπολεσοέντα

2424 1056 2829 1125 πολυθρύλητον
2857 1056 3000 1109 λίθον
3051 1057 3116 1107 ἐκ
3162 1057 3260 1122 τῆς
3309 1055 3579 1117 διπλοΐδος
3623 1051 3836 1122 Ἀαρὼν
3889 1049 3986 1102 τοῦ

2413 1149 2711 1219 ἀρχιερέως
2772 1148 2934 1217 έχων.
2975 1146 3170 1201 Λαϐὼν
3206 1148 3368 1199 αύτὺν
3417 1147 3506 1208 δὸς
3557 1145 3635 1215 τῷ
3691 1145 3981 1211 ἐνέγκαντι

2415 1241 2574 1293 αὺτον
2593 1241 2816 1310 χρυσίον
2843 1239 2979 1290 πολὺ
3012 1240 3106 1290 καὶ
3145 1239 3430 1307 ἀργύριον.
3485 1238 3642 1305 "Apta
3670 1237 3725 1288 δέ
3757 1237 3849 1286 καὶ
3885 1237 3986 1304 ρα-

2418 1333 2580 1393 πίσας
2619 1330 2854 1400 μετρίως
2892 1332 3033 1394 εἰπὲ,
3063 1330 3154 1399 Μὴ
3196 1331 3415 1393 δίσνοιιζε
3449 1331 3506 1380 ἐν
3555 1331 3618 1398 τῇ
3645 1326 3842 1396 καρδίᾳ
3868 1343 3988 1386 σου,

2420 1427 2551 1497 μηδέ
2580 1427 2794 1479 ἀπίστει
2825 1425 2900 1495 τῷ
2929 1425 3016 1477 διὰ
3052 1427 3148 1490 τῆς
3177 1425 3398 1495 Γραφῆς
3434 1424 3644 1489 λέγοντι
3677 1438 3692 1450 ο
3736 1421 3793 1472 'U
3826 1419 3992 1472 ἐλεῶν

2427 1519 2642 1586 πτωχὸν
2670 1516 2902 1580 δανείζει
2933 1515 3074 1583 Θεῷ.
3124 1517 3254 1568 Ἰδοὺ
3305 1515 3435 1585 γὰρ,
3481 1517 3536 1566 ἐν
3571 1513 3646 1581 τῷ
3689 1512 3782 1564 νῦν
3824 1511 3985 1563 αἰῶνι

2420 1610 2782 1680 ἐξεπλήρωσά
2823 1627 2906 1661 σοι
2943 1608 3382 1660 πολλαπλασίονα
3419 1608 3559 1676 ὑπὲρ
3587 1599 3660 1657 ὧν
3717 1602 3994 1662 ἐδάνεισάς

2424 1719 2514 1771 μοι
2540 1719 2552 1730 ·
2593 1703 2686 1752 καὶ
2742 1702 2789 1752 εἰ
2830 1699 3135 1762 πιστεύεις,
3179 1698 3325 1769 λήψῃ
3363 1699 3457 1749 καὶ
3501 1699 3559 1749 ἐν
3618 1696 3694 1765 τῷ
3747 1695 3993 1764 μέλλοντι

2420 1793 2648 1845 πλοῦτον
2665 1790 3092 1862 ἀνυπέρϐλητον.
3125 1809 3142 1840 ι
3181 1791 3291 1842 Kal.
3315 1793 3342 1842 ὁ
3364 1789 3462 1859 μὲν
3480 1788 3768 1857 ἀρχιερεὺς
3797 1786 3864 1836 τὰ
3880 1785 3998 1836 δια-

741 1893 1065 1958 adcpturum
1094 1886 1494 1956 insuperabiles
1528 1880 1769 1935 divitias.
1798 1877 2015 1940 Omnia,
2049 1875 2314 1942 utjussus

2463 1883 2729 1952 εταγμένα
2759 1883 2934 1936 πάντα
2968 1881 3239 1950 πεποίηκε
3268 1880 3402 1949 πρὸς
3455 1879 3543 1931 τὶν
3591 1877 3875 1947 ἄνθρωπον
3903 1876 3999 1929 καὶ

744 1982 943 2041 fuerat,
979 1981 1087 2048 egit
1120 1978 1385 2045 pontifex.
1413 1974 1508 2026 llle
1546 1989 1669 2025 vero
1705 1970 1817 2022 hmc
1853 1967 2082 2030 audiens
2114 1975 2313 2019 treme-

744 2079 962 2130 bundus
1003 2075 1262 2128 omnibus
1296 2073 1348 2124 in
1382 2068 1580 2147 teipplo
1611 2063 1818 2118 relictis
1845 2059 2121 2123 discessit,
2151 2072 2320 2127 agens

741 2170 950 2240 gratias
995 2166 1126 2230 Deo,
1158 2167 1319 2233 eique
1357 2170 1411 2216 et
1459 2158 1716 2214 omnibus
1756 2170 1877 2225 quae
1927 2154 1982 2207 in
2036 2150 2318 2220 Scriptura

744 2262 1006 2314 dicuntur
1046 2260 1200 2311 lident
1235 2255 1522 2308 adhibens.

820 2353 1062 2405 Ezechiae
1105 2347 1376 2404 successit
1421 2343 1698 2397 Manasses
1737 2341 1902 2401 ﬁlius,
1933 2336 2026 2407 qui
2064 2351 2122 2390 sc
2158 2334 2323 2404 impie

744 2447 1010 2499 adversus
1041 2447 1212 2497 Deum
1251 2441 1438 2510 gessit,
1471 2451 1747 2505 regnoque
1780 2447 1954 2486 annos
1995 2429 2066 2483 55
2100 2427 2322 2482 functus

749 2538 906 2590 obiit.
943 2537 991 2588 Is
1033 2533 1312 2598 impietate
1347 2543 1539 2582 omnes
1571 2525 1886 2594 superiores
1912 2535 2064 2591 reges
2101 2533 2326 2585 supera-

748 2629 847 2690 vit,
887 2624 1307 2680 simulacrorum
1353 2621 1500 2674 cultu
1553 2625 1604 2672 ct
1654 2613 1985 2669 homicidiis.
2030 2612 2080 2666 Is
2119 2618 2171 2664 et
2215 2624 2328 2662 ma-

751 2734 919 2787 gnum
957 2717 1087 2769 illud
1119 2713 1314 2768 ls.iiam
1345 2725 1496 2766 serra
1533 2709 1706 2778 lignea
1739 2703 2022 2766 dissecuit,
2051 2710 2103 2755 et
2136 2698 2327 2753 Hiero-

751 2809 959 2878 solyma
1004 2821 1200 2861 cruore
1243 2804 1445 2872 injuste
1489 2801 1612 2855 [uso
1655 2797 1962 2859 inundavit,
1994 2803 2048 2849 et
2082 2790 2330 2846 colen'dis

752 2896 1064 2954 simulacris
1112 2895 1248 2949 nihil
1297 2892 1629 2947 Amorrhacis
1683 2888 1977 2943 concessit.
2006 2884 2198 2939 Edent
2237 2882 2328 2936 Dei

758 2989 1071 3051 incestavit,
1113 2989 1458 3040 constituens
1504 2984 1556 3035 in
1602 2997 1664 3036 ea
1709 2977 2143 3049 quadrifrontem
2182 2971 2333 3028 Jovis

759 3082 1096 3145 imaginem;
1148 3093 1325 3150 neque
1378 3078 1541 3131 ullam
1593 3073 1915 3142 haruspices
1965 3067 2330 3130 consulendi,

757 3175 1016 3228 veneﬁcia
1055 3170 1326 3224 tractandi
1359 3183 1422 3222 ac
1455 3169 1694 3222 obscena
1735 3163 1929 3234 agendi
1968 3159 2333 3228 intercapedi-

759 3281 885 3320 nem
948 3265 1097 3318 fecit.
1155 3262 1341 3330 Itaque
1401 3262 1542 3313 irato
1609 3258 1716 3310 Deo
1770 3254 2020 3308 Nmivetn
2083 3253 2333 3321 captivus

761 3357 1030 3411 abductus
1061 3363 1143 3408 est
1169 3369 1198 3406 a
1227 3366 1350 3420 rege
1393 3347 1718 3403 Merodacho
1751 3362 1767 3399 ε
1800 3345 1890 3396 ubi
1920 3345 1971 3397 in
1999 3343 2158 3397 aereis
2186 3341 2338 3393 habi-

762 3457 852 3504 tus
887 3447 1137 3510 vinculis,
1170 3447 1383 3499 sincera
1407 3438 1817 3510 resispiscentia
1859 3445 2141 3490 correctus
2169 3432 2337 3487 Deum

766 3542 963 3595 oravit.
998 3540 1171 3607 Cujus
1222 3537 1500 3589 voluntate
1535 3549 1628 3586 rex
1661 3528 2023 3584 Merodachus
2059 3525 2341 3594 mitigatus

769 3634 1077 3687 Manassem
1140 3627 1574 3694 Hierosolymam
1636 3622 1869 3675 remisit.
1935 3617 2033 3671 llic
2088 3631 2342 3670 reversus

769 3723 953 3778 omnia
1023 3719 1443 3775 simulacrorum
1519 3712 1798 3768 domicilia
1863 3708 2106 3770 evertit,
2171 3709 2341 3761 tndem

773 3815 930 3887 195
990 3813 1086 3868 Dei
1141 3811 1418 3880 expiatit,
1480 3805 1612 3876 legis
1665 3805 1818 3867 jussa
1873 3808 2165 3854 exsecutus
2218 3805 2343 3862 est,

769 3911 1023 3978 piamque
1066 3914 1119 3958 et
1157 3902 1264 3956 Deo
1301 3906 1581 3967 acceptam
1630 3895 1794 3950 vitam
1843 3905 2018 3962 usque
2059 3889 2128 3945 ad
2161 3896 2344 3944 extre-

772 4015 917 4053 mtun
955 3996 1206 4065 spiritum
1244 3991 1519 4058 perduxit.

843 4089 1111 4143 Manassa:
1158 4086 1393 4139 Amusus
1443 4082 1587 4135 lilius
1641 4077 1908 4135 successit
1957 4092 2019 4132 ac
2067 4073 2346 4130 biennium

776 4182 1046 4250 regnavit.
1080 4179 1157 4231 Eo
1193 4184 1436 4243 tempore
1471 4172 1644 4225 Midas
1684 4170 1934 4241 Phrygia!
1965 4183 2059 4222 rex
2095 4167 2347 4228 moritur,

774 4289 934 4342 quem
966 4285 1126 4323 aures
1158 4268 1401 4322 asittinas
1430 4266 1685 4319 habuisse
1719 4262 2049 4334 perhibitum
2086 4269 2188 4316 est.

849 4447 1026 4502 Josias
1058 4454 1180 4514 pust
1219 4451 1423 4512 patrem
1466 4440 1727 4492 Amosum
1772 4452 1995 4508 regnum
2043 4434 2218 4490 tenuit
2258 4447 2352 4485 an-

2419 1976 2717 2044 λελάληκεν
2742 1991 2755 2003 ·
2787 1975 2814 2026 6
2849 1973 2905 2026 δὲ
2936 1971 3176 2035 ἀκούσας
3226 1972 3321 2023 καὶ
3365 1971 3626 2040 ἔντρομος
3676 1968 3995 2036 γενόμενος.

2421 2067 2597 2118 πάντα
2628 2065 2796 2123 ἐάσας
2831 2063 2890 2115 ἐν
2947 2061 3026 2131 τῷ
3065 2061 3179 2130 ναῷ
3225 2060 3470 2129 ἐξῆλθεν,
3513 2058 3850 2128 εὐχαριστῶν
3900 2058 3998 2110 καὶ

2423 2156 2696 2208 πιστεύων
2727 2154 2915 2225 Κυρίῳ
2957 2155 3048 2207 καὶ
3093 2153 3272 2206 πάντα
3316 2153 3386 2205 τὰ
3435 2153 3493 2204 ἐν
3542 2154 3610 2221 τῇ
3641 2149 3764 2220 Θεία
3806 2149 3999 2218 Γραφῇ

2428 2247 2852 2316 διηγορευμένα.

2495 2338 2650 2391 Μετά
2690 2337 2940 2400 Ἐζεκίαν
2970 2337 3288 2390 ἐϐασίλευσε
3315 2335 3615 2402 Μανασσῆς
3659 2334 3774 2397 υἱὸς
3808 2333 4000 2397 αὐτοῦ,

2426 2429 2524 2482 καὶ
2576 2427 2804 2494 ἐποίησε
2841 2427 2904 2478 τὸ
2936 2427 3173 2496 πονηρὸν
3211 2425 3440 2479 ἐνώπιον
3476 2425 3705 2494 Κυρίου,
3759 2425 3852 2476 καὶ
3897 2425 4002 2476 ἀπ-

2427 2522 2585 2574 έοανε
2622 2519 2947 2590 βασιλεύσας
2982 2520 3074 2585 ἔτη
3102 2523 3174 2570 ve’
3207 2533 3220 2546 '
3252 2517 3309 2579 ὃς
3357 2515 3832 2586 παρανομώτατος
3863 2515 4006 2586 ὑπὲρ

2432 2614 2640 2676 πάντας
2676 2615 2802 2675 τοὺς
2838 2611 3147 2681 ἔμπροσθεν
3175 2609 3414 2679 βασιλεῖς
3453 2609 3715 2677 ὑπάρχων
3736 2608 3826 2660 ἐπὶ
3849 2606 4008 2659 εἰδω-

2431 2705 2664 2774 λομανία
2693 2721 2750 2756 τε
2773 2707 2866 2756 καὶ
2882 2701 3308 2773 αἱματεκχυσία,
3330 2702 3422 2752 καὶ
3444 2701 3534 2752 τὸν
3558 2701 3733 2767 μέγαν
3776 2696 4007 2750 Ἡσαΐαν

2433 2796 2634 2864 πρίσας
2669 2792 2863 2863 ξυλίνῳ
2898 2794 3102 2864 πριόνι.
3127 2791 3220 2844 καὶ
3255 2792 3352 2862 τὴν
3386 2789 3738 2860 Ἰερουσαλὴμ
3761 2789 4010 2857 αἱμάτων

2434 2888 2636 2940 ἀδίκων
2671 2886 2988 2954 πληρώσας,
3041 2887 3138 2955 ούχ
3190 2880 3352 2954 ἦττον
3407 2881 3831 2951 εἰδωλολάτρησε
3900 2881 4012 2932 τιτιν

2447 2975 2819 3045 Ἀμορραίων.
2877 2975 2987 3026 Καὶ
3016 2975 3105 3025 τὸν
3149 2969 3298 3025 οἶκον
3358 2971 3563 3039 Κυρίου
3601 2968 4010 3036 καταμολύνας,

2437 3068 2529 3118 καὶ
2555 3065 3020 3136 τετραπρόσωπον
3051 3063 3269 3117 εἴδωλον
3302 3063 3396 3116 τοῦ
3431 3063 3554 3124 Διὸς
3597 3064 3654 3114 ἐν
3686 3060 3834 3128 αὐτῷ
3873 3061 4011 3129 στή-

2443 3175 2563 3221 σας,
2599 3158 2658 3209 οὐ
2687 3156 2925 3209 διέλιπεν
2957 3153 3336 3223 οἰωνιζόμενος
3374 3153 3468 3205 καὶ
3517 3152 3891 3221 φαρμακεύων
3917 3151 4015 3204 καὶ

2439 3249 2836 3318 αίσχρουργῶν.
2875 3247 2965 3298 Διδ
2997 3247 3088 3298 καὶ
3117 3247 3256 3298 κατὰ
3291 3244 3443 3297 θείαν
3480 3245 3648 3314 ὀργὴν
3679 3243 3900 3310 δέσμιος
3934 3244 4015 3304 εἰς

2438 3339 2627 3393 Νινευῖ
2657 3337 2878 3406 ἀπήχθη
2915 3338 3018 3389 ὑπὸ
3047 3337 3296 3408 Μαροδέχ
3329 3335 3592 3406 βασιλέως
3627 3351 3640 3366 ο
3683 3336 3772 3386 καὶ
3795 3333 4014 3400 χαλκοῖς

2443 3431 2662 3498 δεσμοῖς
2697 3428 3046 3498 ύποϐληθεὶς,
3073 3428 3138 3480 δι’
3169 3428 3493 3497 εἰλικρινοῦς
3536 3427 3825 3495 μετανοίας
3883 3425 4012 3491 δεη-

2441 3522 2554 3583 θεὶς
2575 3520 2668 3572 τοῦ
2701 3519 2860 3583 Θεοῦ,
2890 3519 2980 3572 τὸν
3013 3518 3237 3589 βασιλέα
3281 3519 3540 3585 maio-ws,
3565 3517 3660 3569 καὶ
3701 3519 3776 3577 εἰς
3816 3516 4018 3582 Ἰερου-

2445 3612 2627 3682 σαλὴμ
2653 3613 2814 3664 αὑτὸν
2841 3610 3170 3681 ἐξέπεμψεν.
3206 3610 3302 3671 ’ος
3334 3607 3642 3660 ἐπανελθὼν
3684 3608 3864 3658 πᾶσαν
3918 3608 4021 3675 μὲν

2445 3703 2815 3773 κατέστρεψεν
2870 3702 3152 3771 εἰδωλικὴν
3220 3701 3445 3769 σκηνὴν,
3499 3698 3557 3750 τὸ
3613 3698 3668 3749 δέ.
3727 3697 3868 3766 ίερδν
3924 3697 4018 3750 τ’ιῦ

2445 3794 2580 3847 Θεοῦ
2606 3795 2795 3862 ἥγνισε
2853 3791 3076 3846 καὶτὸν
3127 3792 3290 3860 νόμον
3346 3789 3577 3856 ἐφύλαξε
3639 3788 3730 3839 καὶ
3779 3787 4022 3849 εὐσεϐῶς

2447 3884 2672 3939 ἐϐίωσεν
2727 3884 3066 3954 εὐχαριστῶν
3109 3884 3184 3951 τῷ
3206 3880 3323 3950 Θεῷ
3361 3882 3488 3950 ἄχρι
3537 3878 3847 3940 τελευταίας
3892 3879 4027 3930 ἁνα-

2447 3975 2620 4041 πνοῆς
2653 3972 2839 4025 αὑτοῦ.

2517 4064 2675 4116 Μετὰ
2703 4063 2760 4115 δὲ
2788 4062 3088 4129 Μανασσῆν
3117 4060 3461 4113 ἐϐασίλευσεν
3492 4057 3672 4126 'A;i.t‘-i;
3711 4057 3824 4117 υἱὶς
3857 4053 4024 4107 αὐτοῦ

2453 4152 2548 4225 ἔτη
2571 4154 2684 4207 δύο.
2719 4153 2875 4206 Κατά
2905 4152 3130 4214 τούτους
3159 4151 3288 4214 τους
3317 4149 3544 4218 χρόνους
3581 4148 3750 4208 Μίδας
3791 4149 3818 4198 ὀ
3877 4146 4029 4211 φρ,-

2451 4246 2576 4312 γίας
2607 4244 2859 4315 βασιλεὺς
2909 4243 3281 4313 ἐτελεύτησεν,
3325 4241 3409 4313 [Ρ.
3446 4239 3566 4310 lll]
3625 4241 3803 4290 ὅντινα
3838 4234 4032 4300 ἔλεγον

2451 4329 2565 4389 ὦτα
2596 4336 2739 4405 ἔχειν
2767 4335 2913 4388 ὄνου.

2539 4426 2748 4486 Ἰωσίας
2786 4425 2877 4476 τὸν
2916 4422 3130 4491 πατέρα
3177 4421 3354 4489 Ἀμὼς
3405 4418 3788 4485 διαδεξάμενος
3849 4416 4028 4468 ὀκτα-

778 4555 880 4595 nos
921 4539 1011 4600 5|,
1044 4553 1167 4589 cum
1221 4535 1271 4588 id
1323 4543 1446 4586 octo
1492 4547 1664 4586 annos
1710 4541 1866 4585 natus
1916 4529 2220 4598 accepisset
2253 4543 2267 4580 :
2298 4526 2328 4578 ii

2463 4517 2586 4585 ετὴς
2625 4514 3082 4583 ἀντιλαμϐάνεται
3131 4513 3228 4579 τῆς
3287 4511 3483 4580 ἀρχῆς,
3542 4508 3865 4576 βασιλεύσας
3930 4506 4032 4574 ἐτη

782 4632 924 4685 bello
950 4629 1145 4696 sagitta
1176 4627 1317 4679 ictus
1350 4625 1528 4693 periit.
1567 4623 1698 4675 Nam
1727 4638 1820 4675 rex
1849 4620 2072 4690 Egypti
2095 4619 2353 4674 Necheuo

785 4721 1021 4790 Assyriis
1059 4719 1255 4770 bellum
1294 4730 1418 4766 cum
1466 4713 1705 4771 l'ccissct,
1741 4713 1825 4766 his
1867 4709 2046 4764 Josias
2093 4709 2353 4762 auxilium

783 4812 928 4865 ferre
991 4809 1219 4862 studuit.
1277 4804 1450 4863 Inde.
1508 4813 1564 4856 ut
1626 4801 1830 4856 Esdras
1890 4806 2204 4860 memorat,
2262 4812 2357 4850 rex

785 4897 1319 4972 Egyptilusiamtita
1341 4905 1424 4947 est
1453 4894 1676 4946 allatus:
1707 4911 1724 4942 ε
1750 4891 1889 4956 Quid
1911 4889 2040 4942 mihi
2069 4900 2244 4942 tecum
2281 4886 2356 4938 rei

787 5000 892 5055 est,
934 5007 966 5043 ο
1013 5005 1107 5041 rex
1155 4985 1392 5041 Judzeaa?
1432 4982 1548 5035 Non
1595 4990 1785 5034 contra
1835 4989 1887 5032 te
1927 4979 2129 5031 missus
2168 4989 2288 5028 sum
2328 4987 2358 5024 a

788 5084 921 5145 Deo,
953 5080 1046 5136 sed
1088 5080 1441 5148 Euphrataeos
1472 5075 1614 5129 bello
1643 5073 1933 5142 petiturus.
1968 5071 2032 5123 Et
2066 5084 2194 5122 sane
2227 5067 2358 5119 mihi

790 5175 937 5229 Dens
990 5173 1144 5226 adest
1194 5187 1209 5225 :
1264 5165 1320 5222 tu
1375 5169 1558 5236 itaque
1606 5166 1828 5226 desiste,
1862 5177 2036 5230 neque
2088 5160 2162 5212 illi
2213 5161 2361 5212 relu-

790 5274 962 5319 ctare.
995 5281 1012 5313 ι
1042 5261 1145 5316 Sed
1164 5258 1342 5313 Josias
1374 5272 1495 5309 eum
1523 5255 1752 5309 missum
1779 5267 1885 5305 non
1913 5251 2058 5314 fecit,
2092 5264 2273 5301 verum
2307 5247 2361 5299 in

793 5373 988 5425 campo
1032 5357 1204 5408 aciem
1257 5359 1448 5405 contra
1497 5363 1620 5401 eum
1660 5347 1918 5399 instruxit
1962 5345 2225 5396 adversus
2271 5337 2364 5392 Dei

798 5446 1147 5503 sententiam.
1204 5441 1344 5509 Ergo
1394 5439 1463 5492 ab
1517 5437 1766 5491 hostibus
1823 5433 2019 5502 sagitta
2070 5441 2364 5499 percussus

797 5538 1068 5592 ministris
1106 5533 1273 5603 jussit
1314 5542 1372 5586 ut
1411 5545 1469 5586 se
1500 5529 1647 5599 gravi
1675 5528 1867 5582 dolore
1895 5523 2146 5577 allectum
2180 5519 2366 5591 praelia

799 5631 1125 5689 educerent;
1171 5626 1465 5693 statimque
1515 5620 1893 5689 Hierosolyma
1929 5629 2180 5670 reversus
2219 5626 2365 5664 mor-

800 5731 908 5776 tem
943 5719 1100 5774 obiit.
1135 5716 1386 5787 Magnum
1426 5716 1543 5785 ejus
1571 5728 1719 5766 mors
1751 5713 1957 5763 luctum
1995 5723 2094 5778 per
2125 5702 2367 5757 Iudaeam

805 5819 972 5864 totam
1011 5808 1285 5873 excitavit,
1319 5821 1553 5873 cumque
1596 5801 1830 5856 maxime
1863 5797 2126 5854 Jcrcmias
2163 5795 2365 5847 lamen-

2458 4608 2753 4676 τριάκοντα
2776 4605 2855 4659 ἐν.
2894 4607 3003 4658 Καὶ
3027 4602 3344 4671 ἐτελεύτησε
3383 4599 3652 4664 τοξευθεές
3680 4600 3735 4648 ἐν
3784 4595 4034 4664 πολέμῳ.

2472 4699 2530 4749 '0
2557 4697 2667 4768 γὰρ
2718 4694 2941 4766 Νεχευὼ
3004 4693 3326 4763 βασιλεύσας
3379 4691 3657 4758 Αἰγύπτου
3731 4688 3872 4740 κατα
3921 4687 4036 4737 τῶν

2472 4790 2768 4857 Ἀσσυρίων
2809 4787 3187 4855 ἐστράτευσεν,
3234 4783 3596 4851 ἐπικουρῆσαι
3644 4780 3700 4830 δέ
3745 4780 3855 4838 τοῖς
3905 4777 4042 4828 Ἀσ-

2462 4880 2669 4948 συρίοις
2725 4874 2879 4940 οὗτος
2922 4874 3278 4937 ἐσπούδαζεν.
3351 4873 3512 4926 Ὅθεν
3573 4873 3732 4938 graia
3772 4869 4037 4934 'E:6;3;°

2467 4991 2484 5022 ι
2527 4972 2636 5024 Καὶ
2665 4966 2816 5021 εἶπεν
2844 4970 2869 5020 ὁ
2904 4967 3152 5035 βασιλεὺς
3193 4964 3464 5031 Αἰγύπτου
3499 4962 3631 5029 πρδς
3679 4962 3886 5011 Ἰωσίαν
3920 4975 3935 4989 ·
3975 4959 4044 5009 ΤΞ

2463 5063 2586 5130 ἐμοὶ
2621 5062 2717 5112 καὶ
2741 5059 2844 5122 σοὶ,
2880 5056 3101 5126 βασιλεῦ
3138 5056 3236 5122 τῆς
3283 5053 3572 5114 Ἰουδαίας;
3630 5051 3767 5114 υύχὶ
3801 5051 3935 5114 apii;
3984 5049 4046 5098 σὲ

2465 5151 2876 5218 ἐξαπέσταλμαι
2910 5147 3059 5217 παρὰ
3097 5146 3302 5215 Κυρίου
3349 5144 3484 5195 θεοῦ
3519 5142 3740 5209 ποιῆσαι
3778 5137 4044 5204 πολεμον,

2464 5244 2577 5298 ἀλλ’
2621 5245 2712 5294 ἐπὶ
2749 5240 2843 5294 τοῦ
2887 5239 3190 5307 Εὐφράτου.
3227 5237 3335 5288 Καὶ
3381 5235 3473 5284 νύν
3503 5232 3704 5297 Κύριος
3740 5229 3856 5296 μετ’
3905 5225 4048 5293 ἐμοῦ

2464 5336 2630 5389 ἐστίν.
2671 5331 2989 5402 Ἀπόστηθι,
3036 5331 3130 5381 καὶ
3165 5328 3240 5397 μὴ
3291 5323 3614 5378 ἐναντιούτω
3651 5321 3726 5390 τῷ
3763 5318 3976 5386 Κυρίῳ.
4020 5335 4043 5366 ι

2471 5429 2580 5481 Καὶ
2611 5426 2710 5477 ούκ
2741 5421 3079 5491 ἀπέστρεψεν
3112 5421 3205 5472 ἀπ’
3255 5416 3418 5470 αὑτοῦ
3469 5414 3696 5475 Ἰωσίας,
3733 5411 3870 5465 ἀλλα
3909 5425 4052 5461 συν-

2467 5520 2731 5588 εστήσατο
2779 5516 2914 5587 πρὸς
2967 5511 3128 5566 αὐτὸν
3159 5512 3397 5579 πόλεμον
3456 5511 3512 5560 ἐν
3557 5509 3633 5577 τῷ
3681 5506 3844 5575 πεδίῳ
3895 5508 4057 5574 παρὰ

2467 5609 2694 5679 γνώμην
2758 5606 2912 5659 Θεοῦ.
2979 5605 3089 5658 Καὶ
3125 5603 3402 5667 τοξευθεὶς
3461 5601 3564 5651 ύπο
3613 5597 3721 5649 τῶν
3763 5595 4051 5662 πολεμίων

2469 5699 2586 5754 εἷπε
2615 5702 2726 5761 τοῖς
2758 5697 2944 5752 παισὶν
2975 5694 3158 5748 αύτού-
3187 5713 3203 5744 t
3247 5691 3574 5758 Ἐξαγὰγετέ
3605 5706 3692 5757 με,
3727 5688 3806 5740 δτι
3837 5687 4058 5753 σξῦδςαα

2469 5790 2762 5858 ὀδυνῶμαι.
2803 5808 2819 5838 ι
2862 5788 2969 5840 Καὶ
3003 5785 3204 5848 εὐθέως
3253 5783 3700 5852 ἀποστρέψαντος
3751 5776 3915 5830 αξιτοί
3971 5781 4056 5839 εἰς
