4214 6448
177 393 275 455 3‘29

1269 371 1811 437 HISTORIARUM
1850 367 2378 429 COMPENDIUM.

3331 366 3439 431 230

187 495 543 568 Ἰερουσαλήμ
582 491 676 544 καὶ
718 490 808 541 τὸν
866 486 979 555 βίον
1022 481 1455 553 μεταλλάξαντος
1542 477 1753 546 ἐγένετο

1864 485 2011 531 tatus
2067 487 2170 530 est.
2222 475 2380 527 Anno
2438 471 2600 527 Jusia:
2646 489 2809 542 supra
2858 475 3129 529 decimum
3180 483 3432 531 octavum

174 590 366 650 πένθος
409 588 555 656 μέγα
594 581 734 635 κατὰ
760 579 940 631 πᾶσαν
972 577 1071 645 τὴν
1112 574 1393 633 Ἰουδαίαν,
1427 573 1520 624 καὶ
1553 568 1755 640 μᾶλλον

183 678 454 751 Ἱερεμίας
478 675 748 744 ἐθρήνησε
771 667 913 737 ὑπὲρ
959 665 1189 720 Ἰωσίου.
1241 662 1328 715 Ἐν
1351 660 1428 731 τῷ
1456 660 1524 729 ιη’
1562 658 1752 712 τούτου

173 775 274 825 ἔτει
308 769 495 840 εὑρὼν
522 768 552 819 ὁ
580 763 760 835 ἱερεὺς
784 759 1022 820 Χελκίας
1058 760 1115 809 ἐν
1146 754 1225 827 τῷ
1268 754 1399 826 ίερῷ
1428 754 1636 824 βιϐλίον
1674 751 1753 821 (ὃς

174 860 233 935 ἦν
263 861 454 935 πατὴρ
497 853 761 925 Ἰερεμίου
794 853 884 935 τοῦ
910 850 1216 920 προφήτου)
1278 844 1640 917 προσκομίζει
1674 845 1752 913 τῷ

174 927 511 1025 βασιλεῖῙὍ
540 947 620 1010 δέ,
672 927 910 1012 εὐλαϐὴς
952 941 1027 993 ὢν
1058 940 1153 994 καὶ
1209 937 1552 1000 δικαιότατος
1610 936 1752 1005 ὑπὲρ

170 1050 285 1109 τοὺς
324 1040 648 1115 ἔμπροσθεν
688 1035 856 1091 αὐτοῦ
884 1033 1148 1105 βασιλεῖς,
1179 1031 1279 1083 οὐκ
1306 1029 1584 1098 ,ἠθέλησεν
1615 1030 1750 1080 ἀνα-

171 1141 373 1208 γνᾶιναι
430 1136 583 1190 αὐτό.
629 1131 865 1198 Ἀνέγνω
920 1130 1100 1182 τοίνυν
1158 1126 1288 1179 αὐτὸ
1344 1128 1372 1178 ὁ
1423 1125 1623 1193 ἱερεὺς,
1658 1126 1753 1177 καὶ

170 1234 400 1285 ἐκλαυσε
456 1231 564 1289 πᾶς
601 1228 630 1277 ὁ
667 1225 813 1286 λαός.
886 1222 943 1273 Ὀ
978 1220 1035 1272 δὲ
1084 1219 1266 1289 ἱερεὺς
1300 1216 1418 1287 ἅμα
1466 1214 1544 1284 τῷ
1591 1215 1752 1268 τοῦτο

169 1322 484 1388 ἀναγνῶναι
518 1315 957 1384 διαπεφώνηκεν.
998 1311 1055 1363 '0
1078 1310 1134 1363 δὲ
1171 1309 1429 1380 βασιλεὺς
1468 1307 1588 1361 λίαν
1617 1306 1718 1359 ἀθυ
1740 1338 1755 1347 ο

173 1418 375 1484 μήσας.
406 1410 570 1473 εἰδὼς
627 1411 686 1462 ἐν
750 1405 1025 1468 τοσούτοις
1058 1403 1206 1455 ἔτεσι
1259 1400 1752 1468 καταπατούμενον

168 1509 249 1558 τὸν
281 1506 453 1571 νόμον
486 1501 717 1567 Κυρίου,
752 1497 820 1549 τὰ
851 1496 1045 1565 ἱμάτια
1081 1492 1383 1563 διαρρήξας
1425 1490 1520 1543 καὶ
1579 1490 1753 1557 ἐμφο-

171 1597 254 1657 ϐος
282 1596 585 1663 γενόμενος
604 1587 891 1670 ἀπέστειλε
927 1584 1066 1652 πρὸς
1092 1582 1283 1636 Ὀλδὰν
1314 1580 1413 1650 τὴν
1455 1579 1748 1670 προφῆτιν,

172 1688 579 1754 πυνθανόμενος
622 1682 675 1733 τί
704 1679 955 1747 βούλεται
1007 1674 1213 1744 Κύριος
1266 1673 1396 1743 περὶ
1442 1671 1606 1725 αὑτοῦ
1657 1669 1750 1723 καὶ

171 1781 367 1839 παντὸς
396 1776 496 1828 τοῦ
520 1772 755 1826 λαοῦ.⁹Η
787 1770 844 1824 δὲ
876 1769 1041 1841 φησί·
1081 1787 1099 1820 ι
1143 1766 1281 1821 Τάδε
1317 1764 1465 1831 λέγει
1512 1762 1745 1833 Κύριος·

182 1869 315 1922 Ἄνθ·
338 1861 420 1920 ὦν
451 1863 740 1935 ήπαλύνθη
770 1878 862 1914 σου
897 1863 928 1930 ἡ
966 1859 1161 1926 καρδία
1188 1859 1283 1910 καὶ¹
1310 1857 1615 1924 ἐνετράπης
1642 1852 1750 1906 ἀπὸ

170 1959 465 2029 προτώπου
518 1973 641 2026 μου,
680 1954 756 2016 ὡς
791 1953 1032 2023 ήκουσας
1086 1952 1169 2003 ὅτι
1221 1947 1467 2015 ἐλάλησα
1512 1946 1606 1998 ἐπὶ
1659 1945 1752 1998 τὸν

170 2054 323 2103 τόπον
357 2050 554 2101 τοῦτον
584 2048 678 2098 καὶ
706 2046 832 2117 τοὺς
874 2040 1222 2104 ἐνοικοῦντας
1252 2041 1439 2105 αὑτὸν,
1475 2038 1570 2091 τοῦ
1606 2034 1750 2090 εἶναι

172 2144 242 2204 εἰς
268 2138 589 2211 ἀφανισμὸν
619 2136 715 2189 καὶ
749 2138 829 2197 είς
862 2132 1134 2204 κατάραν,
1200 2133 1296 2187 καὶ
1353 2130 1647 2203 διέρῤηξας
1686 2128 1755 2183 τὰ

176 2235 363 2303 ἱματιὰ
394 2249 493 2284 σου
527 2232 621 2283 καὶ
646 2229 920 2289 ἔκλαυσας
944 2225 1181 2279 ἐνώπιόν
1212 2242 1334 2293 μου,
1374 2225 1483 2276 ίδοὺ
1526 2219 1752 2291 προστί-

174 2324 300 2394 θημί
330 2340 393 2374 σε
427 2320 569 2391 πρὸς
600 2318 730 2381 τοὺς
761 2317 1008 2382 πατέρας
1055 2332 1149 2367 σου
1185 2316 1244 2366 ὲν
1275 2313 1491 2383 εἰρήνῃ,
1523 2311 1618 2363 καὶ
1655 2309 1754 2362 οὐκ

171 2418 281 2484 δζνει
317 2417 458 2466 πᾶσι
487 2414 601 2473 τοῖς
635 2410 826 2471 κακοῖς
848 2404 930 2470 οἷς
958 2406 1147 2468 ἐπάξω
1184 2406 1278 2457 ἐπὶ
1318 2406 1411 2457 τὸν
1432 2405 1597 2455 τόπον
1627 2399 1755 2454 τοῦ·

172 2526 256 2558 τον
279 2506 380 2558 καὶ
408 2503 539 2565 τοὺς
569 2500 917 2562 ἐνοικοῦντας
962 2499 1152 2562 αὑτὸν,
1187 2496 1282 2549 τοῦ
1306 2490 1448 2549 εἶναι
1480 2495 1560 2557 είς
1607 2494 1749 2562 ἀφα-

172 2598 379 2666 νισμόν.
418 2615 436 2645 ι
473 2593 639 2646 Ὅθεν
674 2590 823 2661 ζήλῳ
854 2590 983 2656 θείῳ
1025 2588 1345 2657 κινούμενος
1378 2588 1436 2639 οὐ
1474 2586 1631 2655 μόνον
1687 2583 1753 2636 τα

174 2686 453 2757 πανταχοῦ
484 2684 683 2738 εἴδωλά
706 2698 766 2735 τε
791 2681 884 2735 καὶ
912 2679 1235 2749 σεϐάσματα
1268 2675 1637 2745 κατέστρεψεν
1690 2676 1753 2725 ὲκ

175 2781 413 2849 βάθρων,
446 2776 591 2830 ἀλλὰ
619 2775 715 2827 καὶ
763 2774 889 2834 τοὺς
917 2768 1314 2838 είδωλολάτρας
1344 2768 1472 2829 τοὺς
1531 2767 1628 2836 μὲν
1672 2763 1754 2816 ἔτι

173 2872 374 2936 ζῶντας
403 2869 738 2937 ὼλόθρευσε,
761 2865 886 2925 τοὺς
912 2862 970 2913 δὲ
993 2861 1094 2932 ήδη
1117 2858 1445 2928 τεθνηκότας
1466 2860 1523 2911 ἐν
1541 2860 1653 2919 τοῖς
1668 2858 1751 2909 τά·

172 2980 285 3029 φοις
307 2962 647 3013 κατέκαυσε.
687 2956 797 3010 Καὶ
827 2956 1037 3024 ἐπάρας
1058 2952 1182 3013 τοὺς
1215 2950 1527 3019 ὀφθαλμοὺς
1548 2950 1639 3002 ἐπὶ
1663 2949 1753 3001 τὸν

172 3052 336 3118 τάφον
353 3049 451 3102 τοῦ
472 3045 763 3116 ἀνθρώπου
785 3043 879 3095 τοῦ
903 3040 1041 3095 Θεοῦ
1065 3035 1189 3093 εἷπε
1211 3057 1225 3071 ο
1268 3058 1288 3092 ι
1320 3039 1383 3091 Τί
1407 3040 1468 3093 τὸ
1490 3037 1753 3092 σκόπελον

1857 569 2109 624 Chelcias
2146 566 2429 629 sacerdos,
2461 564 2551 633 qui
2591 567 2727 617 ratis
2754 564 3001 620 terentia:
3043 566 3146 620 fuit
3176 574 3347 636 pater,
3378 570 3433 621 in

1858 661 2061 729 templo
2110 661 2308 713 librum
2357 658 2583 715 invenit,
2620 673 2855 725 eumque
2899 659 2965 710 ad
3014 675 3192 729 regem
3232 661 3431 714 attulit.

1856 752 1994 816 Rex,
2022 752 2116 821 qui
2167 751 2364 819 pietate
2404 760 2457 806 et
2489 750 2703 820 justitia
2735 750 2941 818 priores
2970 765 3121 819 reges
3152 752 3311 822 longe
3338 766 3436 803 au-

1856 844 2151 910 tecederet,
2187 844 2345 914 196
2372 845 2545 898 noluit
2574 845 2687 913 ipse
2720 843 2918 913 legere.
2950 842 3215 897 Sacerdos
3246 845 3432 913 itaque

1854 937 2131 1001 recitavit,
2184 935 2437 1004 ﬂevitque
2489 939 2779 991 universus
2831 936 3086 1005 populus.
3135 935 3428 998 Sacerdos,

1856 1035 1914 1080 ut
1962 1028 2198 1096 primum
2231 1024 2443 1096 legendi
2480 1027 2603 1079 linis
2642 1026 2815 1080 factus
2843 1036 2946 1088 est,
2976 1027 3273 1079 clamorem
3310 1040 3433 1080 sus-

1853 1122 1996 1175 tulit.
2045 1119 2158 1175 Rex
2208 1129 2388 1174 autem
2452 1118 2658 1188 ingenti
2706 1119 2893 1173 dolore
2941 1119 3246 1187 perculsus,
3287 1116 3434 1186 quod

1854 1210 2291 1278 deprehenderet
2334 1217 2413 1262 tot
2467 1222 2641 1262 annos
2694 1207 2863 1276 legem
2915 1206 3007 1261 Dei
3050 1209 3431 1261 conculcatam

1858 1303 2051 1365 fuisse,
2086 1311 2268 1355 vestes
2305 1317 2435 1356 suas
2471 1300 2768 1361 iaceravit;
2798 1300 3143 1365 graviterque
3184 1309 3434 1354 metuens

1857 1394 2007 1446 misit
2037 1393 2127 1460 qui
2177 1394 2369 1447 Oldam
2408 1395 2690 1449 mulierem
2735 1392 3013 1446 fatidicam
3060 1393 3432 1457 consulerent,

1853 1485 2113 1554 quidnam
2145 1498 2174 1537 a
2206 1500 2332 1554 rege
2360 1499 2423 1539 ac
2455 1494 2572 1539 toto
2602 1485 2804 1554 populo
2836 1483 2977 1538 Deus
3004 1486 3330 1553 requireret.
3360 1483 3434 1537 Ea

1854 1573 2141 1638 respondit
2189 1574 2271 1627 sic
2327 1571 2428 1626 fari
2484 1573 2649 1627 Demn
2705 1591 2720 1629 :
2779 1591 2798 1624 ι
2843 1572 3297 1642 Quandoquidem
3337 1587 3436 1628 cor

1853 1671 2008 1716 tuum
2050 1664 2350 1717 emollitum
2397 1675 2503 1727 ρει,
2532 1679 2701 1733 esque
2736 1681 2822 1720 me
2853 1666 3143 1727 reveritus,
3172 1678 3294 1717 cum
3335 1678 3435 1717 au-

1855 1755 2004 1807 dires
2049 1769 2135 1807 me
2179 1755 2531 1823 pronuntiare
2562 1756 2709 1809 hunc
2743 1759 2921 1811 locum
2970 1765 3024 1811 et
3062 1756 3181 1823 ejus
3226 1753 3435 1808 incolas

1856 1844 2269 1915 pessumdatum
2316 1857 2481 1916 atque
2519 1849 2882 1903 exsecrationi
2912 1848 3211 1902 obnoxium
3246 1847 3337 1912 iri,
3371 1861 3435 1901 ac

1857 1938 2077 2007 quando
2112 1947 2401 2006 propterea
2433 1938 2626 1993 scissis
2658 1940 2900 1993 restibus
2926 1953 3110 1991 coram
3139 1954 3225 1992 me
3257 1940 3432 2007 lacry-

1856 2043 1976 2082 mas
2012 2028 2222 2092 l'udisti,
2254 2030 2376 2083 ideo
2399 2045 2465 2082 en
2498 2045 2597 2099 ego
2630 2041 2680 2084 te
2714 2031 2768 2083 in
2802 2047 2932 2100 pace
2962 2031 3101 2084 mori
3132 2031 3331 2095 sinam,
3365 2043 3432 2083 ne

1857 2121 2169 2191 conspicias
2218 2121 2557 2176 calamitates
2605 2138 2743 2192 quas
2774 2138 2874 2193 ego
2912 2124 3037 2176 huic
3078 2123 3198 2177 loco
3230 2132 3282 2177 et
3315 2122 3434 2192 ejus

1856 2211 2262 2266 habitatoribus
2309 2212 2573 2281 inﬂigam,
2610 2214 2687 2266 uti
2740 2229 2832 2268 eos
2870 2212 3207 2266 aboleauu"
3246 2231 3264 2264 ι
3305 2213 3435 2267 Inde

1854 2299 2037 2355 Josias
2087 2301 2274 2355 divino
2316 2301 2529 2356 fervore
2574 2304 2739 2358 animi
2786 2304 3081 2358 instinctus
3126 2320 3237 2358 non
3272 2307 3434 2360 modo

1857 2406 1980 2461 quae
2028 2392 2343 2460 ubicunque
2399 2393 2643 2447 locorum
2699 2397 2987 2449 exstabant
3037 2397 3333 2449 simulacra
3380 2407 3436 2452 et

1857 2484 2224 2551 superstitiosi
2270 2484 2453 2539 cultus
2503 2487 2865 2541 instrumenta
2916 2486 3161 2541 funditus
3205 2488 3433 2554 excidit,

1856 2575 1950 2628 sed
2005 2582 2059 2628 ct
2106 2574 2346 2630 cultores
2394 2590 2583 2630 eorum
2626 2577 2764 2631 alios
2811 2577 2963 2631 vivos
3003 2578 3259 2648 perdidit,
3295 2580 3434 2636 alios

1859 2672 2108 2718 mortuos
2165 2666 2220 2718 in
2282 2665 2458 2722 bustis
2514 2670 2798 2722 cremavit.
2856 2670 3102 2740 Cumque
3163 2674 3431 2726 tumulum

1859 2756 2243 2825 conspexisset
2300 2758 2405 2811 sub
2463 2773 2573 2827 quo
2632 2760 2714 2811 vir
2762 2760 2856 2812 Dei
2901 2761 3135 2829 jacebat,
3184 2764 3437 2832 quaesivit

1859 2851 2110 2918 quisnam
2142 2859 2289 2904 esset
2326 2851 2415 2905 ille
2447 2852 2730 2921 scopulus.
2764 2850 3062 2921 Oppidanis
3099 2857 3435 2924 responden-

1856 2940 2005 2992 tibus
2049 2941 2266 3009 cippum
2321 2957 2446 2995 esse
2499 2941 2669 2996 divini
2725 2945 2883 2998 istius
2936 2945 3171 3001 hominis
3222 2948 3316 3017 qui
3366 2946 3434 3002 de

1857 3030 2137 3084 Bethelico
2168 3032 2328 3085 altari
2362 3042 2508 3088 esset
2550 3035 2904 3100 vaticinatus,
2938 3038 3170 3105 relinqui
3216 3054 3339 3093 eum
3380 3049 3435 3094 et

173 3144 362 3200 ἐκεῖνο,
397 3139 426 3190 ὃ
453 3135 808 3203 ἐγὼβλέπως
831 3153 850 3184 ι
880 3134 987 3185 Καὶ
1016 3131 1179 3199 φασιν
1209 3132 1257 3183 οἱ
1297 3130 1488 3201 ἄνδρες
1522 3131 1618 3199 τῆς
1656 3129 1753 3182 πό-

1859 3138 1983 3177 ossa
2030 3124 2151 3192 ejus
2199 3140 2305 3179 non
2358 3128 2563 3181 moveri
2594 3129 2779 3197 jussit.
2814 3130 2958 3183 Idem
2999 3132 3220 3194 ariolos,
3264 3133 3433 3187 falsos

172 3230 320 3291 λεως·
365 3246 387 3279 ι
431 3228 493 3280 Ὀ
520 3227 803 3295 ἅνθρωπος
834 3223 927 3275 τοῦ
957 3220 1092 3275 Θεοῦ
1119 3224 1287 3286 ἐστιν,
1315 3222 1343 3273 ὁ
1374 3220 1755 3292 προφητεύσας

171 3324 288 3384 τοὺς
346 3321 549 3387 λόγους
585 3317 807 3378 τούτους
846 3317 939 3367 ἐπὶ.
984 3315 1045 3368 τὸ
1077 3314 1465 3385 θυσιαστήριον
1492 3312 1689 3382 Βεθήλ.
1727 3331 1745 3363 ι

172 3413 276 3464 Καὶ
305 3411 463 3465 εἶπεν
499 3427 513 3440 ·
554 3426 573 3459 ι
602 3410 803 3475 Ἀφετε
845 3406 1006 3460 αὐτόν
1029 3419 1046 3435 ⁸
1080 3406 1265 3474 μηδεὶς
1296 3404 1492 3475 κινήσῃ
1524 3404 1592 3456 τὰ
1620 3403 1754 3456 ὀστᾶ

176 3503 355 3555 αὑτοῦ.
393 3520 411 3552 ι
448 3502 563 3552 Καὶ
613 3500 795 3567 μέντοι
849 3500 943 3551 καὶ
976 3498 1103 3560 τοὺς
1143 3494 1619 3565 ἐγγαστριμύθους
1660 3496 1754 3547 καὶ

173 3597 291 3655 τοὶς
326 3591 793 3661 ψευδοπροφήτας
838 3590 930 3640 καὶ
975 3589 1083 3638 πᾶν
1124 3585 1401 3654 βδέλυγμα
1435 3585 1529 3637 καὶ
1584 3598 1754 3653 προσ-

175 3686 412 3753 ὀχθισμα
455 3683 545 3754 [Ρ.
585 3679 707 3749 H2]
746 3681 804 3731 ἐν
855 3676 1212 3746 Ἰερουσαλὴμ
1254 3674 1415 3745 ἐξῆρε
1449 3694 1462 3707 ο
1507 3676 1601 3728 καὶ
1650 3677 1752 3727 ἐπ-

173 3777 401 3845 έστρεψε
428 3775 566 3841 πρὸς
591 3770 795 3839 Κύριον
825 3770 882 3820 ἐν
909 3768 1007 3841 ὅλῃ
1034 3767 1230 3838 καρδία
1263 3770 1357 3820 καὶ
1394 3767 1538 3837 ίσχύῖ
1575 3767 1670 3820 καὶ
1693 3769 1751 3821 ἐν

170 3869 259 3937 Ξὶῃ
281 3868 433 3933 φτ)χῇ
468 3862 635 3915 αὑτοῦ
692 3861 834 3914 κατὰ
889 3861 977 3913 τὸν
1010 3861 1171 3929 νόμον
1213 3860 1516 3923 Μωῦσέως.
1547 3860 1640 3914 Διὸ
1685 3861 1748 3931 δὴ

172 3957 258 4003 καὶ
291 3954 351 4003 τὸ
398 3951 593 4015 Πάσχα
647 3947 887 3999 τοιοῦτον
943 3948 1202 4017 ἐποίησεν
1236 3944 1351 4001 οἷον
1400 3950 1462 4001 οῦ
1525 3949 1749 4017 γέγονεν

171 4044 272 4094 ἀπὸ
300 4044 520 4111 χρόνων
568 4038 745 4102 Ἰησοῦ
796 4038 891 4090 τοῦ
942 4039 1097 4109 Ναυῆ
1157 4042 1251 4093 καὶ
1286 4041 1577 4111 Σαμουήλ·
1617 4044 1673 4095 ἐν
1706 4034 1751 4109 ᾧ

174 4136 294 4200 βόας
334 4134 437 4201 μὲν
476 4131 637 4183 ἔθυσε
663 4131 905 4199 χιλιάδας
943 4130 1031 4199 ιβ’,
1068 4132 1321 4202 πρόϐατα
1368 4132 1611 4202 χιλιάδας
1644 4132 1745 4203 λη’.

175 4226 280 4276 Καὶ
321 4222 697 4291 κατωρθώθη,
748 4223 899 4291 φησὶ,
932 4223 1001 4273 τὰ
1046 4221 1185 4291 ἔργα
1233 4223 1438 4274 Ἰωσίου
1506 4224 1747 4276 ἐναντίον

172 4319 405 4385 Κυρέου,
436 4319 494 4366 ἐν
524 4314 720 4383 καρδίᾳ
740 4311 937 4381 πλήρει
968 4311 1246 4381 εὐσεϐείας
1272 4330 1285 4342 ·
1317 4312 1411 4364 καὶ
1428 4312 1535 4382 γὰρ
1564 4315 1745 4382 ὅμοιος

173 4409 314 4476 αὶτῷ
334 4409 437 4458 οὐκ
462 4403 729 4472 ἐγεννήθη
761 4402 1069 4473 ἔμπροσθεν
1091 4402 1277 4466 αὑτοῦ,
1310 4405 1404 4456 καὶ
1436 4404 1742 4474 οὐκὰνέστη

1857 3224 2030 3279 vates,
2057 3223 2221 3286 atque
2255 3216 2519 3287 quidquid
2553 3219 2883 3289 ﬂagitiosum
2915 3229 2969 3274 et
2999 3222 3428 3277 abominandum

1856 3316 1975 3361 erat
2010 3306 2425 3379 Hierosolymis,
2448 3315 2774 3382 exstirpavit
2807 3330 2820 3366 :
2855 3328 3023 3383 seque
3045 3315 3112 3367 ad
3139 3313 3428 3370 Dominum

1854 3406 1968 3453 toto
2015 3400 2180 3453 corde
2228 3416 2290 3454 ac
2333 3414 2550 3468 pectore
2599 3406 2894 3471 convertit,
2927 3408 3183 3462 omnibus
3228 3409 3432 3463 viribus

1856 3494 2091 3545 annixus
2144 3493 2210 3547 ad
2266 3494 2520 3550 Mosaicae
2576 3498 2731 3566 197
2787 3498 2919 3567 legis
2965 3500 3426 3556 observationem.

1857 3584 1985 3638 Ideo
2031 3586 2195 3639 etiam
2244 3586 2454 3643 Pascha
2498 3590 2605 3643 tale
2651 3590 2945 3645 celebravit
2989 3593 3150 3661 quale
3183 3602 3301 3660 post
3333 3592 3428 3647 Jo-

1854 3690 2011 3729 suam
2064 3687 2117 3732 et
2164 3678 2479 3733 Samuelum
2534 3690 2716 3734 actum
2761 3683 2967 3736 nullum
3018 3683 3142 3739 fuit.
3179 3683 3431 3739 Mactavit

1852 3769 1995 3821 enim
2044 3768 2208 3823 boum
2255 3772 2420 3825 millia
2455 3774 2558 3839 12,
2588 3774 2770 3827 ovium
2814 3776 2980 3829 millia
3026 3778 3112 3831 58.
3174 3775 3430 3832 Testatur

1854 3860 2137 3929 Scriptura
2178 3862 2404 3930 probata
2438 3864 2608 3919 fuisse
2647 3867 2754 3919 Deo
2783 3865 2947 3921 Josire
2977 3870 3169 3928 ollicia.
3204 3884 3233 3921 a
3265 3869 3429 3925 corde

1852 3953 2067 4021 pietatis
2115 3954 2275 4023 pleno
2320 3955 2562 4023 profecta
2602 3978 2612 4011 :
2648 3972 2772 4011 nam
2826 3961 3021 4014 simils
3080 3960 3200 4030 ejus
3252 3977 3429 4031 neque

1852 4052 1979 4099 ante
2007 4060 2184 4114 neque
2223 4055 2345 4115 post
2380 4048 2555 4117 ipsum
2595 4050 2824 4103 exsutit.
2855 4050 3039 4120 Neque
3072 4060 3251 4107 tamen
3289 4056 3426 4106 iram

1850 4138 1906 4189 in
1934 4134 2148 4190 Iudaeos
2184 4151 2508 4207 conceptam
2559 4139 2701 4196 Deus
2742 4143 3014 4211 deposuit,
3047 4159 3257 4198 memor
3299 4146 3427 4215 qui-

1846 4226 1949 4281 bus
1991 4228 2167 4283 modis
2199 4230 2376 4297 ipsum
2417 4230 2697 4288 Manasses
2742 4235 3036 4290 irritasset.
3073 4236 3148 4291 Eo
3184 4245 3428 4307 tempore

1846 4321 2008 4373 etiam
2056 4319 2378 4391 Byzantium
2425 4339 2453 4376 a
2502 4325 2645 4395 Byzo
2688 4324 2936 4380 Thracia:
2980 4343 3103 4398 rege
3143 4329 3423 4383 conditum

1848 4416 1931 4461 est
1963 4428 1973 4461 :
2008 4410 2101 4463 alii
2150 4409 2498 4480 Megarenses
2533 4414 2654 4483 ejus
2702 4416 2852 4470 urbis
2896 4427 3150 4473 auctores
3191 4419 3421 4473 iaciunt.

172 4475 354 4567 eam;
413 4498 606 4549 αὐτοῦ.
646 4496 793 4563 Πλὴν
851 4496 952 4549 οὐκ
996 4496 1325 4565 ἀπεστράφη
1382 4495 1587 4566 Κύριος
1638 4499 1746 4550 ἀπὸ

1853 4498 2005 4553 Tunc
2039 4509 2089 4554 et
2118 4475 2324 4573 Sibylla
2359 4475 2643 4559 Saiuonaea
2670 4506 2927 4560 innotuit.

172 4589 342 4658 θυμοῦ
383 4589 484 4656 τῆς
510 4588 680 4657 ὀργῆς
717 4579 987 4650 αὑτοῦ,οῦ
1013 4588 1268 4659 ἐθυμώθη
1317 4593 1375 4643 ἐν
1408 4590 1487 4660 τῷ
1548 4590 1739 4660 Ἰούδᾳ,
1783 4592 1879 4644 ἐπὶ
1904 4595 2031 4656 τοὺς
2057 4599 2472 4667 παροργισμοὺς
2512 4598 2605 4663 οὒς
2647 4602 3001 4670 παρὼργισεν
3067 4601 3232 4654 αὑτὸν
3300 4604 3419 4656 Μα-

173 4681 397 4747 sancis.
442 4679 558 4744 Ἐφ’
593 4672 669 4730 ὧν
701 4680 905 4746 χρόνων
938 4679 1120 4730 καὶτὸ
1152 4679 1442 4743 Βυζάντιον
1487 4682 1592 4734 ὑπὸ
1636 4682 1809 4746 Βύζου
1888 4684 2154 4753 βασιλέως
2207 4688 2304 4756 τῆς
2375 4690 2596 4760 Θρᾴκης
2655 4693 2877 4761 ἐκτίσθη
2922 4708 2934 4720 ⁶

2988 4692 3064 4755 ὡς
3134 4695 3190 4746 δέ
3231 4711 3414 4757 τινες.

173 4773 273 4824 ὑπὸ
305 4772 639 4840 Μεγαρέων.
698 4768 812 4834 Ἐφ’
839 4763 913 4822 ὧν
946 4770 1039 4822 καὶ
1088 4770 1323 4823 Σίϐυλλα
1357 4774 1389 4842 ή
1438 4774 1737 4840 Σαμωναία
1769 4776 2115 4847 ἐγνωρίζετο.

239 4862 393 4912 Μετὰ
419 4859 478 4909 δὲ
522 4857 735 4910 Ἰωσίαν
768 4857 1119 4911 ἐϐασίλευσεν
1155 4859 1386 4929 Ἰωάχαζ
1414 4862 1526 4924 υίὸς
1549 4863 1738 4931 αὐτοῦ,

172 4950 223 5010 ξς
258 4952 487 5016 ἐποίησε
508 4946 568 4997 τὸ
604 4946 840 5014 πονηρὸν
860 4947 1093 5000 ἐνώπιον
1117 4950 1347 5020 Κυρίου,
1372 4952 1465 5004 καὶ
1516 4951 1743 5021 ληφθεὶς

175 5042 273 5091 ὑπὸ
300 5038 538 5108 Νεχαὼϐ
567 5037 832 5106 βασιλέως
865 5038 1145 5107 Αἰγύπτου
1176 5043 1400 5114 ἀπήχθη
1453 5045 1535 5106 εἰς
1572 5045 1741 5113 Αἴγυ-

173 5148 320 5194 πτον,
357 5137 416 5183 ὲν
514 5131 608 5181 καὶ
644 5130 905 5197 ἀπέθανε,
964 5131 1289 5201 βασιλεύσας
1344 5136 1519 5205 μῆνας
1572 5139 1743 5206 τρεῖς.

184 5222 294 5288 Ἐφ’
324 5213 387 5271 οὗ
417 5222 467 5271 οἱ
524 5220 876 5288 Ἰσραηλῖται,
914 5221 1095 5285 καθώς
1143 5241 1307 5293 φησιν
1366 5224 1646 5295 Ἰώσηπος,
1680 5229 1744 5280 ἐκ

170 5313 260 5364 τοῦ
294 5313 572 5381 κρατῆσαι
601 5313 703 5379 τὴν
724 5311 817 5364 τοῦ
862 5313 1038 5367 Ἰούδα
1069 5315 1243 5385 φυλὴν
1287 5317 1381 5369 καὶ
1416 5319 1744 5387 κατοικῆσαι

172 5403 265 5471 τὴν
297 5403 452 5453 πόλιν
496 5402 881 5472 Ἰερουσαλὴμ,
910 5399 1059 5458 οὗτοι
1116 5406 1215 5474 μὲν
1264 5407 1574 5478 ἐκλήθησαν
1616 5409 1748 5461 Ἰου-

171 5494 324 5559 δαῖοι,
355 5497 389 5564 ή
420 5494 477 5545 δὲ
511 5494 666 5557 πόλις
726 5496 760 5564 ή
811 5496 904 5547 καὶ
934 5496 1072 5549 Σιὼν
1130 5499 1377 5562 Ἰουδαία,
1415 5500 1536 5567 ἣτις
1576 5501 1744 5554 πάλαι

179 5586 275 5652 μὲν
313 5586 511 5649 Ἰξϐοῖδς
544 5584 762 5651 ἐλέγετο
790 5587 879 5640 διὰ
910 5586 971 5640 τὸ
999 5589 1091 5641 τὸν
1162 5590 1513 5644 Ἰεϐουσσαῖον
1557 5608 1744 5643 κατοι-

176 5677 335 5743 κῆσαι
358 5680 632 5731 τὸντόπον
652 5680 879 5734 ἐκεῖνον.
915 5680 1078 5734 Δαϐὶδ
1102 5683 1156 5735 δὲ
1195 5683 1552 5756 Ἰερουσαλὴμ
1577 5702 1744 5756 προσ-

178 5770 489 5834 ηγόρευσεν,
541 5772 605 5823 ἐκ
643 5768 737 5822 τοῦ
778 5772 1185 5841 συμϐεϐηκότος
1241 5777 1645 5847 τεχνησάμενος
1686 5778 1745 5829 τὸ

252 5862 294 5896 ⁸⁵
330 5864 389 5919 li!
421 5864 535 5938 lieg
583 5882 718 5933 xm,
767 5867 829 5922 I8
858 5869 947 5922 ‘20.

1917 4866 2081 4922 Josia:
2120 4870 2392 4925 successit
2421 4869 2725 4927 Joachazus
2755 4874 2918 4929 ﬁlius.
2957 4874 3001 4928 Is
3028 4876 3291 4930 voluntati
3327 4877 3419 4932 Dei

1851 4955 2174 5014 adversatus
2201 4968 2307 5022 est,
2346 4972 2653 5032 captusque
2688 4978 2716 5015 a
2752 4980 2876 5033 rege
2912 4963 3129 5035 Egypti
3164 4964 3419 5021 Nechabo

1851 5058 1955 5113 est,
1991 5048 2155 5120 inque
2188 5049 2483 5123 JEgyptum
2523 5054 2772 5122 captivus
2818 5055 3087 5111 abductus
3120 5057 3190 5110 ibi
3235 5058 3418 5125 periit.

1855 5137 2090 5193 Tantum
2134 5148 2243 5194 tres
2285 5157 2499 5197 menses
2546 5158 2773 5214 regnum
2810 5146 3002 5198 tenuit.
3037 5144 3208 5212 llujus
3240 5153 3417 5213 aetate,

1846 5238 1908 5284 ut
1946 5241 2135 5286 narrat
2164 5230 2457 5302 Josephus,
2491 5236 2727 5291 obtinuit
2760 5246 2816 5290 ut
2854 5236 3145 5292 lsraelicus
3186 5238 3419 5309 p0pulus

1844 5335 1875 5375 a
1906 5318 2090 5377 Judaza
2118 5323 2285 5389 tribu,
2315 5340 2436 5394 quae
2469 5329 2683 5382 caeteris
2710 5327 2879 5381 multo
2906 5331 3223 5397 praestabat,
3246 5329 3420 5385 Judai

1845 5412 2179 5477 dicerentur,
2210 5416 2345 5469 urbs
2368 5425 2549 5471 autem
2577 5417 2706 5471 Sion
2738 5416 2924 5471 Judaza
2952 5417 3417 5477 deuoniinaretur.

1844 5505 2165 5574 Antiquitus
2200 5521 2263 5560 ea
2313 5506 2482 5562 Jebus
2518 5510 2783 5577 appellata
2828 5510 2948 5577 fuit,
2986 5526 3015 5565 a
3060 5511 3324 5567 Jebusaris
3356 5528 3421 5567 ea

1850 5596 1969 5650 loca
2022 5597 2401 5654 habitantibus
2445 5619 2458 5655 :
2510 5599 2747 5655 Davidus
2797 5613 2976 5657 autem
3029 5605 3422 5675 Hierosolyma:

1850 5701 2051 5741 nomen
2099 5688 2148 5741 ei
2200 5689 2457 5758 imposuit
2499 5691 2570 5745 ab
2607 5701 2803 5746 eventu
2837 5711 2850 5747 :
2880 5701 2963 5748 est
3004 5695 3146 5749 enim
3181 5694 3234 5748 in
3266 5695 3423 5750 altis-

1855 5778 1996 5833 simo
2025 5789 2210 5835 monte
2244 5790 2547 5849 exstructa,
2576 5798 2685 5854 quo
2714 5784 2768 5839 in
2799 5794 2983 5841 monte
3010 5783 3272 5842 Dominus
3311 5786 3419 5840 Da-
