4214 6448
683 416 789 478 243

1978 405 2299 473 GEORGII
2337 407 2670 471 CEDBENI

3831 408 3940 474 244

674 538 899 605 cognito
935 536 1190 606 Cyzicum
1236 536 1337 591 sibi
1391 553 1590 609 genere
1638 538 2007 608 propinquum
2056 534 2249 595 fuisse,

2355 533 2410 587 δὲ
2438 535 2677 597 Κύζικον
2706 533 2918 599 ἔλαϐον,
2956 532 3289 603 μητρόπολιν
3314 534 3479 588 οὖσαν
3518 534 3934 603 Ἑλλησπόντου.

673 627 837 680 venia
870 627 1137 696 postulata
1162 629 1424 699 templqu
1449 626 1746 682 condidere
1771 628 2059 682 admodum
2087 626 2255 678 mira--

678 716 819 783 bile;
866 729 1030 787 atque
1068 719 1132 773 ad
1184 720 1488 783 oraculum,
1534 720 1682 790 quod
1741 729 1824 776 est
1869 730 1991 773 ante
2030 718 2254 788 Pythias

679 808 944 872 thermas,
983 810 1213 880 profecti
1262 811 1528 867 Phoebum
1580 812 1885 883 Apollinem
1926 815 2255 882 rogaverunt

676 910 739 954 ut
796 900 902 956 sibi
946 903 1184 958 ediceret
1222 906 1311 959 cui
1360 922 1424 961 ea
1471 906 1614 961 aedes
1659 905 2032 961 consecranda
2087 913 2250 960 esset.

678 992 1027 1064 Responsura
1065 999 1131 1052 iis
1159 999 1212 1052 in
1236 1000 1379 1054 hanc
1406 1006 1486 1052 est
1521 1002 1887 1055 sententiam:

676 1088 908 1143 Assidua
943 1090 1167 1145 sublime
1199 1091 1354 1146 decus
1382 1095 1571 1148 virtute
1592 1104 1801 1164 parate,

676 1181 846 1249 Atque
877 1198 1041 1236 unum
1073 1186 1171 1253 (sic
1206 1185 1423 1257 mando)
1456 1186 1646 1253 Deum,
1674 1189 1763 1256 qui
1789 1194 1979 1240 cuncta
1995 1186 2255 1256 gubernat

679 1271 894 1325 Caelesti
931 1274 1164 1329 residens
1207 1278 1361 1341 solio,
1399 1278 1556 1333 colite
1592 1290 1748 1348 atque
1788 1281 1983 1334 timete.

674 1360 837 1419 Illius
871 1378 1125 1421 (uernum
1161 1382 1345 1424 natum
1372 1382 1594 1442 anteque
1621 1372 1819 1427 sa’cula
1855 1371 2083 1427 Verbum

675 1455 875 1512 Nescia
925 1459 1083 1532 Virgo
1115 1464 1216 1516 viri
1248 1465 1518 1533 quondam
1544 1475 1706 1533 partu
1738 1478 1915 1520 tenera
1947 1468 2098 1531 edet;

672 1549 838 1621 210
864 1552 971 1618 Qui
1003 1556 1134 1608 velut
1162 1557 1397 1625 igniferis
1426 1558 1658 1623 impulsa
1689 1561 1885 1629 sagitta
1910 1560 2176 1627 procellis,

680 1640 979 1697 Edomitum
1012 1648 1191 1701 reddet
1226 1650 1382 1703 Patri
1413 1669 1509 1721 pro
1544 1670 1754 1706 munere
1784 1654 2057 1707 mundum.

673 1732 872 1804 Hujus,
906 1754 1065 1807 quam
1112 1739 1308 1795 Μανίαν
1360 1761 1547 1799 nomen
1580 1754 1775 1808 manet,
1806 1747 1951 1798 alma
1985 1745 2249 1814 Geuitrirt,

673 1828 932 1897 Aguoscet
968 1833 1219 1899 templum
1239 1837 1536 1903 proprium,
1578 1837 1681 1889 sibi
1711 1838 1812 1891 rite
1834 1838 2094 1895 dicatum.

671 1918 786 1973 Hoc
824 1924 1106 1978 oraculum
1146 1926 1301 1980 aereis
1350 1928 1543 1982 litteris
1577 1930 1628 1983 in
1662 1946 1934 1986 marmore
1964 1933 2248 2003 impressis

671 2014 1048 2084 conscriptum
1078 2017 1151 2071 illi
1181 2019 1234 2071 in
1268 2034 1469 2089 supero
1493 2031 1674 2090 “porta:
1701 2022 1888 2077 limine
1921 2036 2247 2092 posuerunt.

672 2104 848 2173 Atque
880 2106 982 2176 ipsi
1017 2109 1237 2178 quidem
1281 2118 1411 2165 tunc
1436 2113 1605 2167 adem
1632 2113 1792 2187 Rheae
1814 2117 2000 2171 matris
2022 2119 2248 2175 deorum

673 2196 1058 2261 dixerunt,sed
1087 2216 1148 2255 ea
1171 2211 1376 2269 postea,
1400 2203 1960 2276 Zenoneimperante,
1982 2220 2087 2267 tem
2100 2214 2245 2282 plum

671 2299 875 2343 sancta:
907 2292 1000 2346 Dei
1033 2291 1328 2350 Genitricis
1360 2296 1709 2354 denominata
1746 2300 1871 2356 fuit.
1910 2304 1986 2357 Ex
2021 2321 2088 2360 eo
2124 2308 2246 2362 loco

668 2390 950 2436 moventes
973 2382 1323 2453 Argonautae,
1350 2403 1472 2442 cum
1504 2389 1701 2444 vellent
1726 2407 1823 2461 per
1855 2392 2245 2464 Propontidem

670 2472 952 2540 navigare,
991 2474 1060 2527 ab
1099 2475 1302 2547 Amyco
1356 2480 1613 2547 prohibiti
1658 2493 1805 2547 sunt,
1850 2484 1985 2554 ipsis
2025 2487 2242 2543 obviam

669 2578 796 2618 eum
844 2567 1017 2635 copiis
1062 2568 1327 2637 profecto.
1384 2571 1551 2641 Cujus
1596 2582 1743 2629 metu
1791 2592 1913 2630 cum
1961 2578 2013 2633 in
2060 2580 2240 2634 sinum

668 2653 955 2721 quemdam
981 2655 1256 2712 dest-rtum
1288 2669 1451 2733 atque
1481 2664 1794 2720 nemoribus
1817 2666 2051 2722 obsitum
2080 2685 2245 2725 naves

668 2744 1085 2811 subduxissent,
1129 2750 1432 2820 conspicati
1488 2766 1616 2808 sunt
1654 2758 1869 2813 caelitus
1904 2759 2036 2828 ipsis
2079 2777 2245 2832 appa-

667 2846 876 2891 rentem
911 2840 1009 2892 viri
1043 2839 1270 2896 formam
1304 2845 1563 2899 terribilis
1594 2848 1961 2921 aquilinisque
1986 2852 2241 2910 instructi

666 2936 894 3003 pennis;
926 2950 1035 3006 quo
1084 2939 1203 2992 viso
1238 2940 1545 2995 confirmati
1593 2959 1826 3013 pugnam
1877 2960 2001 3000 cum
2037 2947 2244 3020 Amyco

666 3039 1090 3095 conseruerunt,
1128 3048 1304 3103 eoque
1328 3034 1638 3100 interfecto,
1673 3052 1783 3106 quo
1828 3037 1948 3092 loco
1985 3038 2035 3093 id
2066 3041 2242 3095 visum

668 3121 804 3189 ipsis
835 3122 1075 3177 oblatum
1113 3124 1312 3189 fuerat,
1348 3128 1610 3197 templum
1633 3129 2034 3192 condiderunt;
2066 3148 2244 3188 exemo

2363 627 2473 679 Καὶ
2525 627 2787 696 μαθόντες
2837 629 2920 681 ὅτι
2975 626 3213 691 Κύζικος
3262 629 3289 680 ὁ
3328 628 3557 696 σφαγεὶς
3587 628 3715 697 παρ’
3759 627 3941 681 αὐτῶν

2362 721 2632 789 συγγενὴς
2658 717 2725 790 ἦν
2771 721 2976 785 αὐτοῖς,
3031 719 3365 790 συγγνώμην
3409 722 3658 791 ᾐτοῦντο,
3695 720 3791 773 καὶ
3820 720 3936 774 κτί-

2357 818 2545 883 ζουσιν
2583 816 2726 887 ἱερὸν
2773 815 3077 886 θαυμάσιον
3111 808 3246 868 οἷον.
3306 813 3448 883 Πρός
3498 813 3554 865 δὲ
3588 813 3648 865 τὸ
3676 813 3789 865 τῶν
3809 813 3937 883 Θερ-

2360 910 2478 980 μῶν
2537 912 2787 978 μαντεῖον
2840 908 3121 976 γενόμενοι
3178 906 3272 959 καὶ
3324 906 3621 977 θυσάμενοι
3651 905 3932 995 ἐπύθοντοο

2361 1019 2382 1053 ι
2411 1001 2799 1072 Προφήτευσον
2858 1002 3010 1071 ἡμῖν,
3046 999 3192 1053 Φοῖϐ’
3236 998 3524 1062 Ἀπολλον,
3560 999 3705 1061 τίνος
3743 999 3808 1051 ἂν
3849 997 3932 1067 εἴη

2354 1093 2518 1164 δόμος
2549 1088 2747 1157 οὖτοςς
2784 1113 2801 1145 ι
2862 1094 2957 1146 καὶ
3012 1092 3339 1146 ἀκούουσιν
3388 1112 3407 1144 ‹
3446 1093 3587 1145 Ὅσα
3652 1092 3750 1159 μὲν
3800 1091 3937 1160 πρὸς

2354 1187 2558 1257 ἀρετὴν
2591 1188 2685 1239 καὶ
2722 1186 2925 1255 κόσμον
2980 1186 3179 1255 ὄρωρε,
3220 1189 3445 1240 ποιεῖτε.
3506 1184 3647 1252 Ἐγὼ
3690 1184 3746 1237 δὲ
3803 1185 3931 1251 ἑφε-

2352 1279 2504 1348 τμέω
2533 1279 2683 1349 τρεῖν
2709 1277 2805 1331 ἕνα
2841 1279 3035 1347 μοῦνον
3089 1277 3416 1348 ὑψιμέδοντα
3460 1278 3615 1340 Θεὸν,
3663 1270 3724 1329 οὗ
3754 1275 3925 1339 Λόγος

2352 1373 2576 1441 ἄφθιτος
2616 1376 2673 1426 ὲν
2701 1372 2853 1426 ἀδαεῖ
2878 1373 3052 1444 κούρῃ
3094 1373 3287 1440 ἔγκυος
3333 1374 3503 1425 ἔσται.
3543 1364 3710 1434 Οὗτος
3738 1370 3927 1438 ὥσπερ

2350 1468 2505 1534 τόξον
2543 1469 2845 1539 πυριφόρον
2903 1466 3066 1538 μέσον
3109 1466 3422 1537 διαδραμὼν
3454 1466 3672 1520 ἅπαντα
3701 1464 3930 1531 κόσμον,

2354 1558 2645 1631 ζωγρήσας
2706 1561 2881 1629 Πατρὶ
2942 1558 3204 1629 προσάξει
3268 1559 3460 1629 δῶρον.
3530 1556 3712 1624 Αὐτῆς
3780 1554 3931 1607 ἔσται

2350 1651 2512 1719 δόμος
2554 1645 2708 1712 οὗτος
2738 1666 2755 1684 ο
2808 1650 2997 1720 Μαρία
3044 1650 3101 1703 δὲ
3149 1648 3387 1718 τοῦνομα
3443 1648 3635 1717 αὐτῆς.
3677 1666 3695 1699 ι
3730 1647 3933 1700 Τοῦτον

2350 1745 2441 1798 τὸν
2474 1745 2722 1815 χρησμὸν
2747 1746 2803 1797 έν
2827 1744 2960 1815 λίθῳ
2991 1744 3321 1815 μαρμαρίνῳ
3355 1743 3606 1813 χαλκέοις
3640 1741 3931 1810 γράμμασι

2351 1838 2665 1909 γράψαντες
2689 1839 2768 1899 εἰς
2788 1837 2849 1890 τὸ
2874 1837 2967 1889 τοῦ
3000 1838 3127 1889 ναοῦ
3163 1835 3470 1907 ὑπέρθυρον
3494 1834 3776 1897 ἀνέθεσαν,
3808 1833 3930 1883 τότε

2358 1929 2457 1999 μὲν
2510 1929 2841 1991 καλέσαντες
2903 1929 2995 1981 τὸν
3052 1923 3200 1981 οἷκον
3268 1925 3423 1988 Ῥέας
3491 1924 3696 1995 μητρὸς
3754 1922 3925 1983 θεῶν,

2355 2020 2582 2091 ὕστερον
2630 2019 2687 2072 δὲ
2740 2020 2832 2072 ἐπὶ
2890 2019 3137 2089 Ζήνωνος
3182 2016 3275 2069 τοῦ
3326 2016 3592 2086 βασιλέως
3650 2013 3778 2076 ναὸς
3830 2012 3930 2078 τῆς

2352 2112 2516 2180 ἁγίας
2558 2110 2823 2164 Θεοτόκου
2868 2108 3306 2180 μετωνόμασται.
3367 2104 3608 2158 Ἐκεῖθεν
3650 2104 3829 2156 τοίνυν
3881 2103 3930 2154 οἱ

2353 2203 2717 2273 ’Λργοναύται
2776 2201 3201 2272 ἐξορμήσαντες,
3259 2199 3353 2252 καὶ
3402 2198 3489 2251 διὰ
3542 2195 3634 2249 τοῦ
3690 2195 3928 2249 ἀναπλου

2351 2295 2668 2365 βουλόμενοι
2687 2292 3003 2363 παρελθεῖν,
3029 2290 3330 2343 ἐκωλύοντο
3354 2288 3458 2341 ὑπὸ
3494 2286 3733 2357 Ἀμύκου
3762 2301 3927 2354 στρα-

2349 2390 2641 2459 τευομένου
2695 2387 2814 2440 κατ’
2867 2385 3065 2438 αὐτῶν.
3132 2382 3376 2444 Δεδιότες
3430 2380 3522 2434 οὖν
3578 2380 3763 2448 κόλπῳ
3819 2376 3929 2429 τινὶ

2348 2482 2527 2551 ἀγρίῳ
2576 2479 2669 2533 καὶ
2716 2478 2944 2531 ἁλσώδει
3006 2479 3387 2547 προσίσχουσι.
3424 2476 3600 2529 Κάκεῖ
3659 2472 3927 2526 ὀπτασίαν

2349 2573 2501 2627 θείαν
2556 2572 2614 2639 ἐξ
2670 2570 2902 2642 ούρανοῦ
2961 2570 3144 2634 αὐτοῖς
3201 2570 3560 2639 ἐπιφανεῖσαν
3613 2569 3671 2620 ὲν
3731 2564 3928 2634 ἀνδρὸς

2348 2666 2580 2739 (ροϐεροῦ
2639 2667 2790 2732 εἴδει,
2839 2665 3115 2735 πτέρυγας
3168 2662 3241 2723 ὡς
3295 2659 3455 2714 ἀετοῦ
3510 2657 3925 2728 περικειμένου,

2349 2762 2692 2830 θεασάμενοι,
2751 2757 2927 2827 τούτῳ
2973 2755 3498 2825 καταθαρῤήσαντες
3553 2755 3633 2814 εἰς
3687 2752 3925 2818 πόλεμον

2344 2854 2421 2924 τῷ
2462 2853 2686 2923 Ἀμύκῳ
2724 2851 3115 2921 συμϐάλλουσι.
3162 2851 3270 2903 Καὶ
3296 2848 3717 2908 ἀποκτείναντες
3759 2841 3927 2896 αὐτὸν

2349 2946 2569 2999 ἔκτισαν
2618 2950 2675 3000 ἐν
2722 2948 2798 3015 τρῖ)
2853 2946 2952 3015 τῆς
2983 2944 3247 3005 ὀπτασίας
3279 2941 3430 3010 τόπῳ
3485 2939 3648 3009 ἱερόν.
3702 2936 3811 2989 Καὶ
3855 2934 3926 2986 δι’

2345 3038 2551 3101 είκόνος
2582 3039 2679 3107 τῆς
2718 3038 2899 3100 αὑτοῖς
2946 3035 3237 3105 ὁραθείσης
3271 3032 3485 3102 μορφῆς
3513 3030 3572 3082 τὸ
3619 3028 3925 3095 ὲκτύπωμα

2345 3128 2824 3198 ἀναστηλώσαντες
2884 3127 3181 3181 Σωσθένιον
3216 3125 3275 3177 τὸ
3321 3123 3464 3194 ἱερδν
3510 3121 3799 3188 ὠνόμασαν
3832 3118 3925 3170 διὰ

668 3212 918 3281 plarique
950 3212 1071 3281 ejus
1103 3214 1247 3282 quod
1276 3227 1605 3284 apparuerat
1637 3217 1815 3272 visum
1860 3222 1912 3272 in
1943 3228 2120 3275 statua
2151 3238 2245 3277 ex-

2351 3219 2437 3292 [P.
2466 3218 2588 3293 120]
2612 3222 2671 3273 τὸ
2693 3223 2750 3274 ὲν
2776 3220 2950 3289 τούτῳ
2978 3219 3172 3278 αὐτοὺς
3201 3216 3460 3285 σωθῆναι.
3495 3213 3663 3266 Τοῦτο
3691 3211 3750 3263 τὸ
3782 3211 3927 3279 ἱερὶν

667 3320 877 3374 presso,
936 3306 1221 3376 templum,
1256 3323 1285 3361 a
1334 3309 1509 3363 salute
1560 3310 1632 3364 ibi
1664 3318 1841 3379 parta,
1892 3311 2241 3369 Sosthenium

665 3398 1106 3453 nominaverunt.
1152 3398 1266 3453 lloc
1315 3410 1504 3469 postea
1549 3402 1947 3460 Constantinus
1984 3405 2241 3478 Magnus,

669 3493 897 3546 oraculo
940 3508 1034 3561 per
1073 3493 1309 3563 quietem
1353 3495 1691 3563 admonitus,
1744 3501 1996 3566 mutavit,
2040 3517 2244 3573 araque

668 3586 734 3639 ad
769 3595 946 3639 ortum
992 3585 1121 3639 solis
1149 3600 1436 3651 conversa,
1476 3590 1732 3659 templum
1775 3589 2022 3647 Michaeli
2080 3610 2245 3666 ange-

667 3676 847 3728 lnrum
878 3676 1107 3745 principi
1160 3679 1524 3744 consecravit,
1563 3681 1841 3749 expressis
1882 3682 1935 3735 in
1968 3698 2033 3737 eo
2061 3686 2242 3739 omni-

667 3769 772 3822 bus
808 3770 1091 3837 elegantize
1117 3778 1170 3823 et
1196 3770 1543 3826 abundantiae
1578 3773 1856 3841 operibus.
1885 3772 2042 3830 Victo
2074 3778 2242 3848 Amy-

667 3874 733 3911 co
790 3860 1117 3930 Argonautae
1173 3878 1295 3916 cum
1350 3862 1577 3917 Heracle
1634 3864 1686 3917 in
1745 3880 1897 3920 mare
1949 3868 2239 3924 Ponticum

667 3953 880 4007 adverti
946 3961 1093 4017 sunt,
1171 3955 1471 4025 urbemque
1544 3954 1795 4013 Herculis
1858 3960 2238 4030 cognominem

667 4044 1051 4100 condiderunt.
1080 4046 1211 4101 Inde
1239 4050 1389 4102 aurci
1420 4048 1636 4103 velleris
1658 4064 1820 4104 causa
1853 4050 1907 4103 in
1924 4048 2238 4107 Colchidem

666 4150 889 4189 cursum
942 4144 1265 4201 tenuerunt;
1324 4138 1484 4206 211
1529 4146 1584 4190 et
1642 4153 1765 4191 cum
1816 4153 1984 4193 aureo
2038 4141 2239 4201 vellere

665 4225 853 4280 Medea
877 4226 1062 4290 etiam,
1093 4225 1235 4296 regis
1268 4227 1375 4279 ﬁlia
1411 4227 1676 4289 Golchici,
1706 4245 1826 4298 quze
1863 4244 2050 4284 amore
2082 4230 2240 4286 Jaso—

666 4318 753 4371 nis
772 4325 1023 4386 correpta
1059 4318 1257 4381 fuerat,
1288 4317 1542 4381 abducta,
1573 4321 1776 4374 reversi
1807 4331 1954 4374 sunt.
1991 4322 2069 4376 Eo
2102 4332 2239 4375 tem-

666 4424 800 4479 pore
846 4408 985 4465 Tros
1028 4409 1089 4463 lli
1125 4419 1179 4463 et
1210 4408 1541 4481 Ganymedis
1578 4421 1731 4482 pater
1767 4412 2019 4484 Phrygiae
2069 4415 2239 4484 impe-

666 4501 825 4555 ravit.
890 4502 937 4555 ls
990 4501 1128 4556 duas
1190 4501 1354 4556 urbes
1406 4505 1698 4569 exstruxit,
1757 4520 1952 4575 nempe
2013 4506 2233 4573 Trojam

666 4600 829 4662 atque
862 4589 1016 4644 Ilium
1046 4608 1059 4657 ;
1085 4592 1149 4645 ad
1191 4608 1421 4663 quarum
1461 4593 1857 4649 dedicationem
1881 4611 2002 4651 cum
2031 4598 2237 4653 vicinos

667 4693 1049 4748 emwocasset,
1082 4682 1298 4738 Tantali
1331 4684 1675 4754 Mycenarum
1704 4687 1845 4755 regis
1872 4688 2079 4743 oblitus
2113 4689 2265 4755 fuit,,

666 4782 831 4845 atque
857 4774 1003 4829 hunc
1040 4788 1324 4843 prapterca
1356 4775 1460 4829 sibi
1498 4775 1773 4832 infensum
1810 4776 2022 4834 habuit.
2062 4778 2239 4835 Vove-

664 4872 748 4917 rat
780 4872 904 4917 ante
930 4864 1223 4921 adiﬁcatas
1255 4865 1413 4919 urbes
1441 4863 1576 4920 Tros
1600 4864 1718 4921 Jovi
1743 4867 1996 4924 victimas
2021 4885 2079 4924 se
2102 4870 2149 4923 ei
2185 4878 2239 4925 et

663 4957 804 5008 dona
840 4957 893 5007 in
928 4953 1199 5023 Europam
1247 4957 1563 5010 missurum.
1604 4956 1817 5013 Idcirco
1860 4960 2092 5015 urbibus
2124 4961 2237 5029 jam

664 5048 932 5101 absolutis
980 5046 1347 5117 Ganymedem
1394 5064 1516 5101 cum
1548 5048 1618 5103 50
1652 5050 1785 5104 viris
1822 5051 1965 5106 dona
1996 5060 2049 5106 et
2086 5056 2241 5109 victi-

664 5153 781 5192 mas
827 5137 893 5191 ad
939 5139 1197 5207 templum
1250 5136 1400 5195 Jovis
1450 5138 1672 5193 allatum
1736 5141 1919 5196 mittit.
1973 5141 2239 5203 Tantalus

664 5240 796 5280 vero
848 5226 1031 5281 dolum
1082 5229 1313 5283 subesse
1364 5231 1701 5299 suspicatus,
1760 5233 1931 5288 misso
1965 5237 2234 5302 exercitu,

662 5316 1033 5387 Ganymedem
1067 5332 1190 5371 cum
1223 5320 1484 5375 comitatu
1532 5322 1734 5391 rapuit,
1767 5323 2014 5381 dicentes
2045 5342 2104 5381 se
2137 5327 2239 5381 Eu-

666 5423 847 5477 ropmo
868 5406 987 5461 Jovi
1014 5408 1260 5463 victimas
1284 5409 1498 5467 aﬂ'erre.
1529 5412 1872 5484 Ganymedes
1900 5418 2240 5485 turpitudine

663 5504 744 5559 rei
766 5510 821 5559 et
854 5515 997 5558 metu
1025 5513 1409 5561 consternatus
1441 5508 1493 5561 in
1538 5511 1787 5563 morbum
1828 5512 2038 5575 incidit,
2068 5514 2241 5583 impe-

662 5602 916 5666 trataque
948 5596 1098 5651 venia
1126 5614 1231 5651 non
1258 5600 1424 5653 multo
1458 5610 1578 5669 post
1601 5602 1710 5655 vita
1742 5606 1973 5659 excedit.
2006 5604 2238 5663 Proinde

667 5702 894 5741 munera
939 5687 1151 5742 Tantali
1188 5689 1345 5757 jussu
1392 5689 1517 5745 fauo
1560 5690 1711 5746 Jovis
1754 5694 1963 5747 reddita
2001 5705 2151 5749 sunt.
2184 5706 2237 5751 et

664 5780 910 5847 reliquiae
926 5778 1254 5851 Ganymedis
1279 5784 1329 5835 in
1362 5783 1562 5851 templo
1584 5785 1728 5838 intus
1759 5786 2069 5841 reconditae.
2101 5785 2235 5842 "inc

667 5869 848 5924 tabula
872 5874 1098 5927 conﬁcta
1138 5882 1241 5937 cst,
1278 5872 1641 5943 Ganymedem
1676 5892 1702 5930 a
1734 5875 1863 5932 Jove
1895 5877 1947 5931 in
1987 5879 2221 5948 aquilam

2350 3312 2574 3384 ὕστερον
2622 3315 2649 3364 ὁ
2706 3312 2881 3382 μέγας
2922 3314 2978 3363 ἐν
3010 3309 3288 3380 βασιλεῦσι
3352 3306 3754 3363 Κωνσταντῖνος
3802 3300 3924 3353 κατ’

2347 3406 2485 3477 ὄναρ
2522 3406 2918 3476 χρηματισθεὶς
2960 3402 3308 3472 μετεποίησε,
3352 3400 3444 3450 καὶ
3498 3399 3557 3449 τὸ
3607 3396 3703 3465 μὲν
3734 3395 3928 3447 θυσια-

2349 3499 2567 3566 στήριον
2598 3496 2731 3565 πρὸς
2757 3495 3020 3557 ἀνατολὰς
3058 3493 3188 3562 ὁρᾷν
3237 3490 3501 3552 ἐτύπωσε,
3558 3489 3646 3539 τὶν
3701 3485 3754 3537 δὲ
3794 3483 3925 3535 ναζν

2346 3588 2438 3640 τοῦ
2468 3588 2810 3657 ἀρχαγγέλου
2837 3585 3059 3653 Μιχαὴλ
3088 3584 3336 3635 ἐκάλεσε.
3362 3581 3541 3631 πᾶσαν
3567 3575 3922 3643 καλλιεργίαν

2344 3682 2439 3734 καὶ
2488 3680 2867 3750 καρποφορίαν
2917 3679 2972 3729 ἐν
3020 3675 3168 3744 αὐτῷ
3230 3672 3507 3733 τυπώσας.
3555 3669 3705 3722 Μετὰ
3737 3668 3790 3719 δὲ
3822 3666 3923 3734 τὴν

2345 3774 2501 3844 νίκην
2549 3773 2788 3841 Ἀμύκου
2846 3773 2897 3823 οἱ
2969 3767 3328 3839 ’Λργοναῦται
3386 3764 3505 3832 μεθ’
3583 3760 3923 3830 Ἡρακλέους

2346 3864 2436 3914 ἐπὶ
2496 3864 2595 3935 τὴν
2643 3864 2909 3929 Ποντικὴν
2972 3861 3246 3913 Θὰλατσαν
3300 3854 3700 3915 ἐκπλεύσαντες
3760 3852 3921 3903 πόλιν

2342 3959 2626 4026 ὲδείμαντο
2666 3956 2759 4007 ἐπὶ
2812 3953 2889 4022 τῷ
2926 3952 3020 4004 τοῦ
3094 3949 3425 4019 Ἡρακλέους
3481 3946 3725 4013 ὀνόματι.
3787 3939 3921 3996 Εἶτα

2341 4051 2427 4103 δια
2468 4048 2523 4100 τὸ
2542 4044 2776 4118 χρυσοῦν
2804 4045 2964 4113 δέρας
2988 4041 3078 4094 ἐπὶ
3109 4041 3204 4110 τὴν
3225 4039 3456 4108 Κολχίδα
3487 4039 3922 4105 διαπεράσαντες

2342 4140 2475 4194 αὑτό
2502 4156 2563 4191 τε
2611 4138 2705 4191 καὶ
2744 4136 2988 4204 Μήδειαν
3041 4134 3141 4203 τὴν
3192 4131 3286 4183 τοῦ
3350 4130 3613 4200 βασιλέως
3661 4129 3921 4196 Κολχίδος

2342 4231 2661 4301 θυγατέρα,
2736 4228 2969 4289 Ἰάσονος
3024 4223 3386 4293 ἐρασθεῖσαν,
3449 4222 3759 4290 ἀνελόμενοι
3816 4222 3922 4271 13,-.-

2341 4322 2631 4391 έστρεψαν.
2661 4319 2793 4371 Τότε
2837 4318 2931 4369 καὶ
2963 4315 3117 4384 Τρὼς
3144 4315 3237 4384 τῆς
3282 4310 3510 4380 Φρυγῶν
3541 4310 3721 4381 χώρας
3751 4311 3922 4380 ἦρχεν

2341 4418 2369 4469 ὁ
2402 4415 2544 4467 Ἴλου
2574 4414 2661 4465 καὶ
2694 4409 3047 4478 Γανυμήδους
3100 4407 3303 4475 πατὴρ.
3371 4397 3537 4465 Οὗτος
3585 4402 3677 4454 δύο
3738 4402 3923 4465 πόλεις

2341 4506 2537 4575 Τροίαν
2569 4506 2663 4555 καὶ
2687 4502 2849 4553 Ἴλιον
2882 4499 3220 4569 ᾠκοδίμησε,
3257 4494 3350 4547 καὶ
3378 4494 3503 4555 τοὺς
3533 4491 3922 4558 ἀστυγείτονας

2342 4599 2421 4658 εἰς
2472 4595 2563 4647 τὸν
2620 4590 2973 4661 ἐγκαινισμδν
3017 4588 3124 4639 τῶν
3159 4586 3366 4637 πόλεων
3401 4580 3920 4651 προσκαλεσάμενος

2341 4687 2431 4740 τοῦ
2472 4683 2806 4754 Μυκηναίων
2869 4680 3194 4737 ἀνάσσοντος
3244 4674 3522 4728 Ταντάλου
3576 4671 3872 4725 ἐπελάθετο
3904 4684 3917 4697 ·

2341 4780 2399 4841 ὃς
2443 4780 2535 4832 καὶ
2594 4778 2671 4839 εἰς
2726 4774 2927 4842 ἔχθραν
2974 4770 3123 4839 αὐτῷ
3168 4770 3255 4820 διὰ
3305 4767 3463 4819 τοῦτο
3523 4764 3920 4833 ἀντεκατὲστη.

2340 4869 2449 4924 Ἦν
2489 4870 2546 4922 δὲ
2610 4871 2637 4921 ὁ
2691 4866 2848 4936 Τρὼς
2903 4864 3008 4934 πρὸ
3067 4864 3165 4933 τῆς
3213 4862 3321 4914 τῶν
3362 4859 3571 4913 πόλεων
3630 4857 3924 4927 οἰκοδομῆς

2342 4963 2635 5032 εὐξάμενος
2681 4960 2845 5029 εὐχὴν
2894 4957 2972 5028 τῷ
3010 4957 3116 5020 Διὶ,
3151 4955 3344 5016 θυσίας
3377 4954 3470 5006 καὶ
3511 4952 3659 5019 δῶρα
3684 4950 3921 5019 πέμπων

2341 5060 2421 5120 είς
2460 5053 2750 5125 Εὐρώπην.
2800 5051 2909 5104 Καὶ
2939 5050 3059 5102 ἐπεὶ
3087 5050 3142 5101 αἱ
3187 5048 3364 5108 πόλεις
3395 5044 3777 5113 ὲτελέσθησαν,
3822 5042 3922 5096 τὸν

2341 5147 2667 5217 Γανυμήδην
2709 5145 2805 5196 σὺν
2857 5142 3085 5211 ἀνδράσι
3133 5140 3470 5209 πεντήκοντα
3523 5137 3673 5207 δῶρά
3708 5152 3768 5188 τε
3826 5137 3922 5189 καὶ

2342 5236 2535 5299 θυσίας
2567 5234 2702 5305 πρὸς
2737 5233 2797 5285 τὸ
2822 5231 2916 5284 τοῦ
2947 5230 3069 5292 Διὸς
3107 5228 3251 5299 ἱερὸν
3300 5229 3598 5296 ἐκπέμπει.
3645 5228 3924 5290 Τάνταλος

2340 5330 2396 5383 δὲ
2445 5329 2592 5382 δόλον
2629 5325 2854 5395 οἰηθεὶς,
2906 5323 3137 5391 δύναμιν
3186 5322 3510 5381 ἀποστείλας
3559 5321 3777 5389 ἥρπασε
3816 5320 3924 5372 Γα-

2341 5421 2585 5491 νυμήδην
2628 5419 2724 5471 καὶ
2770 5419 2895 5477 τοὺς
2954 5416 3069 5486 μετ’
3099 5414 3285 5477 αὑτοῦ,
3313 5414 3360 5466 οἳ
3394 5414 3487 5466 καὶ
3514 5413 3698 5481 ἔλεγον
3728 5413 3921 5475 θυσίας

2342 5514 2592 5581 κομίζειν
2636 5510 2714 5580 τῷ
2766 5507 3073 5577 Εὑρωπαίῳ
3120 5506 3222 5558 Διί.
3278 5506 3337 5559 Ὀ
3381 5504 3437 5557 δὲ
3477 5503 3796 5573 Γανυμήδης
3829 5503 3920 5555 διὰ

2339 5604 2439 5671 τὴν
2493 5598 2753 5669 αἰσχύνην
2808 5597 2923 5667 ἅμα
2969 5596 3064 5648 καὶ
3119 5594 3210 5646 τὸν
3263 5594 3428 5661 φόϐον
3483 5594 3781 5662 ἀρῤωστεῖ,
3823 5595 3921 5645 καί

2344 5692 2673 5760 συγγνώμης
2706 5690 2990 5758 τυγχάνει,
3044 5686 3183 5738 ἀλλὰ
3247 5684 3364 5753 μετ’
3424 5684 3603 5749 ὀλίγον
3664 5684 3913 5754 τελευτᾷ.

2341 5787 2450 5839 Καὶ
2502 5786 2569 5837 τα
2628 5785 2726 5851 μὲν
2775 5782 2923 5851 δῶρα
2969 5779 3063 5832 τοῦ
3119 5780 3396 5832 Ταντάλου
3449 5778 3805 5841 κελεύσαντος
3838 5780 3916 5848 τῷ

2341 5882 2469 5951 ἱερῷ
2501 5877 2590 5931 τοῦ
2621 5877 2739 5939 Διὸς
2777 5875 3035 5944 ἀπεδόθη,
3068 5872 3127 5925 τὸ
3166 5873 3217 5925 δὲ
3254 5872 3506 5941 λεῖψανον
3555 5871 3718 5925 αὑτοῦ
3745 5874 3801 5925 ὲν
3835 5872 3914 5941 τῷ
