4214 6448
711 375 819 445 247

2007 390 2331 452 GEORGII
2373 394 2705 460 CEDRENI

3871 413 3986 477 248

719 499 914 556 praeter
972 492 1076 546 alia
1135 494 1319 548 docuit
1375 511 1501 551 eum
1557 501 1648 569 qui
1702 502 1830 557 velit
1883 505 2330 574 piiilosopliari,l

2391 509 2637 565 ἐδίδασκε
2670 514 2805 584 πρὸς
2851 518 2963 580 τοῖς
3011 517 3192 583 ἄλλοις
3249 521 3334 574 ὅτι
3373 520 3457 574 δετ
3513 509 3606 575 τὸν
3665 521 3983 592 φιλοσοφεῖν

715 581 919 636 debere
949 585 1207 639 omnibus
1239 587 1520 646 abstinere
1552 592 1722 656 vitiis,
1750 599 2130 666 temperantiae
2165 608 2287 654 stu-

717 671 869 737 dere,
911 675 1094 728 omnia
1130 685 1278 732 recte
1311 695 1472 748 agere
1503 689 1667 752 atque
1711 684 1925 744 facere:
1965 689 2037 741 ita
2070 692 2287 745 demum

717 763 882 819 licere
907 768 1219 836 cognitione
1250 787 1440 828 eorum
1475 791 1598 844 qua:
1624 793 1816 832 novem
1867 781 2064 838 litteris
2102 794 2288 839 notata

716 867 842 911 Sunt
881 859 1076 927 potiri:
1111 861 1212 928 sic,
1241 863 1434 931 inquit,
1474 867 1680 925 videbis
1705 869 1898 927 Filium
1933 873 2024 928 Dei
2051 874 2286 931 Verbum

717 949 896 1004 multis
952 953 1328 1021 perpessionis
1385 971 1604 1027 expers,
1671 961 1817 1028 quod
1878 962 2056 1032 ipsum
2108 964 2330 1020 denu0'

715 1043 1160 1107 perpessionihus
1189 1046 1490 1103 obnoxium
1524 1053 1794 1120 apparuit.

786 1130 996 1188 Floruit
1051 1147 1180 1192 tunc
1211 1139 1376 1194 etiam
1432 1140 1792 1212 Hippocrates
1826 1146 2184 1219 phil050phus
2231 1157 2289 1206 et

712 1226 1208 1291 praestantissimus
1249 1232 1518 1289 medicus.
1557 1235 1750 1290 Frater
1791 1238 1917 1294 huic
1947 1242 2048 1296 fuit
2077 1242 2286 1298 Sosan-

712 1313 809 1368 der
834 1316 906 1384 (id
933 1334 1134 1375 nomen
1170 1325 1316 1378 viros
1351 1336 1659 1382 servantem
1681 1330 1977 1402 designat),
2005 1334 2168 1406 214
2192 1335 2284 1404 qui

712 1415 765 1457 et
799 1405 1238 1477 llippoeraticam
1268 1422 1322 1468 et
1357 1421 1739 1474 veterinariam
1791 1433 1962 1476 artem
1992 1405 2283 1481 tractabat.

713 1495 850 1550 iiuic
884 1499 1064 1555 ferunt
1093 1502 1476 1574 Hippocratem
1503 1510 1728 1573 dixisse,
1753 1530 1771 1562 ι
1806 1511 1901 1568 Vel
1919 1529 2113 1569 nomen
2137 1525 2284 1570 muta

710 1587 793 1640 vel
829 1601 997 1645 artem
1031 1593 1268 1651 dedisce.
1309 1618 1327 1648 ι

785 1678 917 1735 Post
956 1685 1203 1755 Pelopem
1236 1705 1463 1760 regnum
1503 1693 1680 1747 tenuit
1736 1695 1933 1750 Atreus
1987 1712 2160 1752 annos
2191 1699 2280 1766 ΞΟ,

710 1773 840 1829 inde
873 1777 1138 1847 Thyestes
1169 1780 1259 1846 2‘2,
1291 1791 1404 1836 tum
1433 1785 1805 1854 Agamemnon
1844 1787 1930 1855 i8,
1979 1798 2102 1859 post
2126 1789 2282 1861 Egi-

711 1865 870 1920 sthus
927 1868 977 1920 7.
1033 1867 1258 1925 Duravit
1324 1889 1452 1938 ergo
1503 1890 1732 1944 regnum
1783 1877 2100 1934 Graecorum
2164 1881 2281 1937 sive

711 1954 1236 2024 Peloponuesiorum
1265 1977 1440 2018 annos
1481 1962 1546 2016 16
1561 1964 1608 2018 i.

783 2134 1181 2206 Superioribus
1213 2123 1500 2212 aliquanlo
1528 2146 1865 2214 temporibus
1921 2147 2098 2212 Minos
2127 2147 2282 2205 Jovis

707 2234 762 2280 ct
792 2226 1020 2298 Europa:
1047 2229 1106 2285 F.
1140 2231 1314 2288 Cretae
1340 2250 1565 2302 regnum
1597 2237 1803 2304 tenuit;
1839 2252 2073 2308 cumque
2105 2239 2282 2296 classe

709 2321 1004 2388 plurimum
1056 2324 1282 2390 valeret,
1336 2327 1768 2383 Atheniensibus
1823 2331 2024 2384 bellum
2055 2330 2182 2386 fecit
2228 2343 2284 2388 et

707 2409 852 2480 leges
885 2414 1092 2482 posuit.
1123 2414 1280 2471 Tunc
1306 2427 1358 2470 et
1389 2417 1588 2472 Daedali
1624 2419 1760 2473 lcari
1805 2435 1868 2475 ac
1903 2420 2068 2476 Tauri
2121 2423 2280 2478 nobis

707 2503 853 2557 libus
916 2503 1115 2561 fabulis
1175 2507 1445 2578 Pasiphae
1489 2510 1686 2566 Minois
1740 2528 1879 2566 uxor
1937 2515 2278 2570 occasionem

705 2596 951 2664 praebuit.
990 2599 1063 2652 Ea
1099 2614 1222 2655 cum
1259 2601 1444 2655 Tauro
1466 2604 1645 2658 scriba
1691 2619 1790 2659 suo
1823 2605 2093 2660 adulterio
2124 2621 2276 2660 com-

706 2688 898 2754 misso,
926 2689 1093 2745 ﬁlium
1121 2694 1328 2762 peperit
1349 2696 1439 2765 qui
1464 2695 1805 2750 Minotaurus
1825 2696 1923 2749 fuit
1949 2698 2274 2766 appellatus.

704 2778 825 2850 Ipsa
866 2790 1044 2836 autem
1081 2799 1185 2838 una
1226 2802 1350 2841 cum
1389 2788 1604 2843 duabus
1636 2789 1850 2844 ancillis
1896 2790 1948 2844 in
1999 2805 2274 2845 carcerem

703 2873 917 2929 inclusa
960 2891 1026 2930 ex
1073 2879 1262 2934 morbo
1304 2881 1478 2948 periit.
1529 2880 1715 2937 lcarus
1756 2897 1880 2936 cum
1938 2897 2001 2935 ex
2054 2896 2278 2937 carcere

706 2967 970 3038 profugus
999 2972 1308 3043 navigaret,
1343 2975 1398 3029 in
1436 2976 1569 3029 mari
1604 2975 1788 3046 periit.
1824 2975 2075 3031 Daedalus
2116 2976 2278 3046 jugu-

704 3055 844 3112 latus
874 3069 980 3112 est.

773 3147 1034 3206 Hercules
1080 3161 1285 3218 autem,
1336 3154 1384 3208 is
1431 3155 1589 3226 cujus
1631 3156 1846 3213 labores
1909 3159 1965 3213 in
2029 3160 2272 3214 omnium

2393 602 2650 658 ἐθέλοντα
2711 607 2931 661 πάντων
2988 611 3292 681 ἀπέχεσθαι
3352 613 3560 678 κακῶν,
3618 616 3984 686 σωφροσύνην

2396 695 2612 760 ἀσκεῖν,
2648 697 2742 751 καὶ
2768 698 2945 752 πάντα
2981 699 3160 770 ὀρθῶς
3209 703 3494 757 νοεῖν,καὶ
3545 705 3831 776 πράττειν,
3884 709 3987 762 καὶ

2391 786 2564 852 οὕτως
2595 789 2710 843 ἐστι
2744 791 2805 844 τὸ
2835 793 3326 864 ἐννεαγράμματον
3373 797 3587 866 μαθεῖν.
3623 799 3732 853 Καὶ
3779 798 3980 867 οὕτως,

2392 885 2582 954 φησιν,
2618 883 2738 954 ὄψει
2776 885 2866 939 τὸν
2907 886 3035 940 Υίὸν
3065 888 3160 941 τοῦ
3199 889 3336 943 Θεοῦ
3375 891 3572 961 Λόγον,
3621 893 3712 946 τὸν
3762 894 3975 966 ἀπαθῆ,

2392 974 2636 1046 παθητὸν
2670 977 2925 1046 νεοφανῆ.

2460 1152 2648 1222 Τούτῳ
2672 1154 2989 1225 συνήκμαζε
3017 1156 3113 1209 καὶ
3143 1157 3511 1225 Ἱπποκράτης
3539 1158 3844 1227 φιλοσοφῶν
3871 1163 3974 1214 καὶ

2393 1245 2643 1317 ἰατρικὴν
2676 1247 2750 1309 ώς
2791 1242 2992 1316 ἄριστα
3030 1247 3487 1319 κατορθούμενος.
3523 1243 3593 1322 ᾯ
3631 1247 3701 1320 ἦν
3741 1252 3974 1320 ἀδελφὸς

2388 1338 2703 1409 Σώσανδρος
2732 1339 3135 1411 ὀνομαζόμενος
3165 1342 3259 1394 καὶ
3299 1341 3396 1411 τὴν
3436 1343 3818 1414 ίππιατρικὴν,
3852 1345 3974 1412 ἅμα

2386 1426 2443 1480 δὲ
2471 1429 2565 1480 καὶ
2596 1428 2816 1482 πάντων
2849 1430 2961 1482 τῶν
3010 1429 3224 1500 κτηνῶν
3276 1431 3474 1500 τέχνην
3527 1432 3926 1502 μετερχόμενος
3956 1449 3973 1466 ο

2387 1519 2522 1589 πρὸς
2547 1519 2604 1573 ὃν
2637 1537 2802 1588 φασιν
2845 1521 3126 1592 εἰρηκέναι
3174 1523 3264 1576 τὸν
3321 1523 3708 1595 Ἱπποκράτην·
3737 1543 3755 1576 ι
3791 1525 3862 1577 Ἦ
3906 1525 3974 1576 τὸ

2390 1610 2562 1681 ὄνομα
2597 1612 2934 1683 μετάϐαλε,ἧ
2959 1615 3056 1684 τὴν
3076 1616 3273 1684 τέχνην
3307 1615 3611 1684 μετάμαθε.

2458 1702 2613 1762 Μετὰ
2636 1701 2720 1773 [Ρ.
2746 1703 2870 1772 122]
2894 1704 3111 1758 Πέλοπα
3135 1704 3486 1758 ἐϐασίλευσεν
3511 1706 3735 1776 Ἀτρεὺς
3769 1705 3863 1774 ἔτη
3894 1703 3967 1770 κ’,

2386 1787 2504 1847 εἶτα
2545 1794 2787 1862 Θυέστης
2820 1796 2913 1866 ἔτη
2954 1795 3042 1866 ιβ’,
3090 1796 3210 1866 μεθ’
3261 1797 3321 1850 ὃν
3352 1797 3714 1867 ’Λγαμέμνων
3743 1797 3838 1865 ἐτη
3870 1803 3963 1864 ιη’.

2384 1880 2506 1939 εἶτα
2571 1885 2832 1954 Αἴγισθος
2889 1887 2982 1958 ἐτη
3023 1889 3087 1952 ζ’.
3143 1889 3428 1959 Κατέσχεν
3486 1884 3579 1942 οῦν
3635 1889 3669 1958 ἡ
3723 1888 3970 1957 βασιλεία

2395 1978 2666 2049 Ἑλλήνων
2701 1979 2820 2050 ἦτοι
2857 1980 3304 2052 Πελοποννησίων
3335 1981 3428 2052 ἐτη
3469 1981 3663 2034 ἑκατὸν
3702 1982 3967 2051 ἐξήκοντα

2383 2070 2646 2141 τέσσαρα.

2469 2162 2554 2214 Ἐν
2578 2165 2692 2226 τοῖς
2741 2163 2999 2232 ἀνωτέρω
3045 2161 3154 2214 τῶν
3193 2161 3502 2232 εἰρημένων
3539 2161 3750 2232 χρόνοις
3781 2161 3968 2225 Μίνως

2383 2254 2484 2324 τῆς
2521 2257 2765 2326 Κρήτης,
2797 2259 2824 2309 6
2859 2256 2974 2319 υίὸς
3017 2254 3130 2326 (92)
3163 2256 3260 2323 τῆς
3290 2254 3584 2324 Εὐρώπης,
3622 2253 3965 2320 ἐϐασίλευσε,

2384 2346 2482 2398 καὶ
2503 2345 2965 2417 θαλασσοκρατῶν
3002 2345 3316 2415 Ἀθηναίους
3348 2345 3605 2414 ἐπολέμει
3639 2345 3733 2396 καὶ
3761 2343 3964 2412 νόμους

2383 2436 2635 2501 ἐξετίθει.
2691 2438 2826 2493 Τότε
2874 2438 2970 2490 καὶ
3026 2437 3286 2499 Δαίδαλος
3312 2438 3403 2490 καὶ
3435 2439 3463 2490 6
3523 2439 3744 2508 Ἴκαρος
3794 2439 3888 2490 κα)⁵
3932 2437 3967 2488 6

2381 2528 2596 2599 Ταῦρος
2630 2529 2816 2582 ἕνεκεν
2871 2531 2972 2600 τῆς
3025 2526 3317 2600 Πασιφάης
3381 2530 3482 2599 τῆς
3529 2531 3745 2592 Μίνωος
3804 2528 3965 2599 ἐθρυ-

2380 2619 2568 2674 λοῦντο
2623 2622 2898 2690 γυναικός.
2949 2622 3044 2674 Ἐκ
3095 2621 3191 2674 τοῦ
3251 2622 3467 2692 Ταύρου
3529 2623 3627 2692 μὲν
3680 2621 3774 2676 οὖν
3803 2639 3964 2675 νοτα-

2384 2711 2501 2783 ρίου
2557 2711 2668 2783 (95)
2730 2712 2900 2782 αὐτῆς
2959 2710 3113 2775 ὄντος
3169 2712 3518 2782 μοιχευθεῖσα
3577 2713 3766 2766 ἔτεκεν
3824 2713 3964 2777 υίδν,

2379 2802 2438 2867 ὃς
2476 2803 2831 2874 Μινώταυρος
2877 2804 3108 2874 ἐκλήθη.
3152 2805 3215 2857 Ἦ
3247 2805 3302 2857 δὲ
3340 2805 3596 2875 Πασιφάη
3619 2805 3725 2858 ὑπὸ
3747 2805 3964 2867 Μίνωος

2385 2898 2523 2966 μετᾶ
2576 2896 2670 2948 δύο
2725 2895 2981 2949 δουλίδων
3034 2896 3346 2950 κλεισθεῖσα
3398 2899 3456 2950 ἐν
3508 2898 3771 2967 οἰκήματι
3821 2898 3966 2966 νόσῳ

2379 2987 2624 3058 τελευτᾷ.
2684 2988 2900 3058 Ἴκαρος
2963 2987 3019 3040 δὲ
3085 2988 3184 3056 τῆς
3235 2988 3461 3057 εἱρκτῆς
3521 2986 3829 3054 ὑπαλύξας,
3885 2989 3965 3053 ώς

2380 3077 2552 3142 ἐπλει,
2582 3079 2894 3148 ἐποντίσθη.
2929 3079 3190 3142 Δαίδαλος
3217 3079 3272 3132 δὲ
3298 3081 3534 3148 ἐσφάγη.

2469 3169 2746 3240 Ἡρακλῆς
2783 3169 2839 3222 δὲ
2884 3171 2974 3222 καὶ
3005 3169 3188 3233 αὐτὸς,
3232 3170 3261 3221 6
3302 3172 3414 3232 τοῖς
3450 3170 3632 3232 ἄθλοις
3678 3168 3957 3241 πολυθρύ-

703 3250 831 3294 sum
862 3257 980 3304 ore,
1027 3259 1091 3298 ex
1126 3244 1389 3301 Colchide
1417 3262 1539 3300 cum
1565 3250 1896 3320 Argonautis
1915 3266 2189 3319 reversus,
2221 3251 2274 3306 in
2301 3244 2330 3271 "

2380 3259 2557 3330 λητος,
2601 3261 2738 3330 μετὰ
2804 3261 2904 3330 τὴν
2949 3261 3058 3315 ἀπὸ
3091 3261 3351 3330 Κολχίδος
3407 3268 3546 3332 μετὰ
3601 3261 3710 3314 τῶν
3765 3263 3964 3334 Ἀργο-

701 3331 945 3387 Africam
1001 3336 1148 3389 venit
1188 3353 1201 3388 :
1240 3338 1314 3391 ibi
1365 3338 1638 3406 Antaeum,
1695 3343 2032 3411 portentosis
2076 3342 2277 3396 daemo-

703 3442 830 3480 num
876 3434 930 3480 et
971 3429 1354 3486 abominandis
1397 3441 1639 3488 utentem
1672 3435 1982 3503 prazstigiis,
2015 3447 2274 3504 congres-

702 3534 794 3573 sas
827 3535 951 3573 cum
985 3532 1322 3591 superasset,
1367 3525 1419 3579 in
1469 3527 1720 3581 morbum
1756 3529 2101 3598 pestilentem
2134 3528 2276 3582 inci-

701 3613 801 3672 dit,
843 3627 1146 3684 versusque
1183 3616 1236 3669 in
1266 3615 1507 3673 furorem
1533 3635 1591 3675 se
1619 3619 1799 3690 ipsum
1837 3621 1890 3674 in
1934 3621 2110 3691 ignem
2141 3635 2275 3675 con-

695 3703 851 3770 jecit,
887 3705 1072 3774 itaque
1105 3707 1289 3776 periit.

773 3795 900 3850 Post
966 3797 1198 3854 Minoem
1255 3799 1598 3856 Minotaurus
1661 3799 1934 3873 Pasiphae
1993 3812 2048 3860 et
2106 3804 2273 3862 Tauri

701 3887 848 3942 ﬁlius
892 3904 1121 3958 regnum
1167 3891 1345 3948 inivit.
1382 3893 1451 3945 At
1491 3901 1777 3949 senatores
1809 3896 2012 3964 probro
2041 3897 2141 3951 sibi
2170 3898 2274 3953 du-

698 3989 912 4042 centes,
959 3981 1005 4034 si
1061 3997 1125 4035 ex
1175 3982 1448 4038 adulterio
1497 3994 1684 4039 natum
1743 4001 1923 4056 regem
1985 3987 2270 4055 haberent,

700 4070 862 4141 215
921 4071 1190 4128 Theseum
1235 4073 1390 4143 {Egei
1457 4076 1600 4143 regis
1659 4074 1958 4132 Thessalia:
1995 4078 2164 4134 tilium
2203 4082 2271 4136 ad

699 4163 1070 4232 impetendnm
1123 4165 1266 4220 bello
1310 4152 1679 4222 Minotaurum
1717 4170 2102 4238 exhortantur,
2147 4189 2271 4243 pro-

699 4255 978 4310 mittentes
1029 4256 1127 4323 ipsi
1185 4272 1244 4312 se
1289 4266 1343 4312 et
1389 4257 1760 4316 Minotaurum
1811 4264 2152 4332 prodituros.
2217 4272 2272 4320 et

696 4346 994 4399 Ariadnam
1031 4347 1231 4405 Minois
1279 4350 1444 4404 tiliam
1477 4360 1755 4422 totamque
1779 4354 1998 4410 Cretam
2033 4359 2270 4412 traditu-

697 4453 812 4492 ros.
852 4439 1049 4493 Statim
1091 4441 1273 4512 itaque
1305 4440 1553 4499 Theseus
1583 4444 1637 4498 in
1667 4444 1884 4500 Cretam
1922 4449 2152 4516 trajicit.
2191 4450 2268 4505 lbi

2377 3351 2587 3404 ναυτῶν
2615 3353 2961 3423 ὑποστροφὴν
2986 3354 3044 3406 ἐν
3070 3352 3246 3423 Λιϐύῃ
3274 3358 3564 3422 γενόμενος
3597 3354 3693 3406 καὶ
3740 3355 3962 3423 Ανταίῳ

2379 3441 2672 3512 συμϐαλὼν
2727 3444 3055 3514 δαιμονιώδη
3109 3445 3231 3498 τινὰ
3283 3446 3378 3498 καὶ
3427 3447 3648 3516 μυσαρὰ
3697 3449 3962 3517 φάσματα

2372 3534 2642 3602 τελοῦντι,
2699 3537 2793 3588 καὶ
2844 3537 3072 3607 νικήσας
3128 3535 3313 3602 αὐτὸν,
3368 3538 3508 3608 νόσῳ
3555 3539 3808 3607 λοιμώδει
3858 3556 3960 3592 πε-

2379 3629 2644 3700 ριπίπτει,
2680 3630 2773 3685 καὶ
2794 3631 2986 3702 μανεὶς
3009 3633 3088 3695 εἰς
3120 3633 3231 3702 πῦρ
3271 3633 3464 3686 ἐαυτὸν
3508 3632 3670 3704 ῥίψας
3710 3635 3959 3704 τελευτᾷ.

2445 3807 2601 3862 Μετὰ
2621 3807 2810 3860 Μίνωα
2837 3806 2894 3860 Μ
2900 3805 3198 3877 ινώταυρος
3225 3808 3252 3859 6
3283 3807 3574 3876 Πασιφάης
3619 3808 3713 3860 καὶ
3739 3808 3961 3878 Ταύρου

2377 3899 2672 3971 βασιλεύει.
2730 3899 2929 3970 ’Υόριν
2990 3899 3046 3953 δὲ
3078 3901 3128 3953 oi
3179 3901 3532 3971 συγκλητικοὶ
3577 3900 3638 3952 τὸ
3689 3900 3792 3952 ὑπὸ
3839 3916 3962 3970 μοι⁴

2373 3994 2700 4064 χογεννητου
2733 3992 3112 4063 βασιλεύεσθαι
3161 3993 3476 4062 ἡγούμενοι,
3517 3993 3697 4062 Θησέα
3728 3992 3960 4062 προτρέ-

2375 4099 2567 4138 πονται
2624 4082 2716 4135 τὸν
2771 4083 2884 4136 υἱὸν
2951 4083 3160 4150 Αἰγέως
3215 4084 3480 4152 βασιλέως
3537 4082 3836 4145 Θεσσαλίας
3875 4085 3960 4145 εἰς

2374 4176 2608 4245 πόλεμον
2667 4176 2789 4227 κατ’
2841 4174 3006 4227 αὐτοῦ
3056 4175 3345 4245 διαπερᾷν.
3413 4173 3837 4244 ’Υπισχνοῦνται
3895 4173 3958 4227 δὲ

2373 4267 2520 4336 αὐτῷ
2549 4267 2709 4320 αὐτόν
2739 4283 2797 4319 τε
2826 4265 3116 4336 προδοῦναι
3148 4267 3507 4334 Μινώταυρον
3543 4268 3635 4318 καὶ
3663 4266 3956 4335 Ἀριάδνην

2371 4359 2468 4430 τὴν
2520 4359 2736 4421 Μίνωος
2791 4360 2886 4411 καὶ
2952 4357 3243 4428 Πασιφάης
3311 4359 3406 4410 καὶ
3464 4359 3646 4410 πᾶσαν
3705 4357 3954 4424 Κρήτην.

2371 4451 2620 4522 Διαπερᾷ
2671 4450 2801 4518 γοῦν
2855 4451 2932 4512 είς
2981 4449 3080 4520 τὴν
3119 4450 3343 4519 Κρήτην
3373 4448 3630 4516 ἐξαίφνης
3659 4449 3688 4500 6
3718 4447 3952 4518 Θησεύς.

696 4529 805 4582 dux
834 4533 1110 4586 exercitus
1152 4533 1454 4603 reliquique
1499 4551 1688 4590 omnes
1717 4537 1972 4592 simulata
2003 4537 2128 4610 fuga
2162 4540 2264 4595 Mi-
2301 4553 2330 4605 ῐ]

2382 4541 2439 4597 Ὁ
2493 4542 2626 4608 γοῦν
2681 4542 2984 4612 στρατηγὸς
3037 4541 3134 4594 καὶ
3191 4541 3394 4603 πάντες
3444 4540 3537 4593 τὸν
3596 4540 3954 4608 Μινώταυρον

695 4627 991 4672 notaurum
1033 4620 1285 4691 Gortyna:
1320 4625 1569 4678 relictum
1617 4625 1921 4693 deserunt;
1954 4629 2047 4698 qui
2084 4631 2266 4699 prodi~

695 4711 896 4764 tionem
937 4713 1181 4768 sentiens
1221 4715 1273 4767 in
1325 4716 1502 4770 locum
1548 4719 1636 4770 cui
1673 4717 2013 4790 Labyrintho
2061 4737 2262 4776 nomen

694 4810 779 4856 est
831 4804 1097 4872 confugit,
1152 4805 1337 4874 ibique
1399 4808 1452 4859 in
1497 4808 1760 4878 spelunca
1813 4810 2032 4866 abditus
2082 4813 2262 4880 latuit,

2375 4636 2433 4688 ἐν
2493 4634 2734 4706 Γορτύνῃ
2801 4634 3030 4702 ἀφέντες
3106 4635 3291 4702 σχῆμα
3351 4631 3534 4701 φυγῆς
3602 4632 3950 4699 ἐποιήσαντο.

2376 4726 2542 4788 Γνοὺς
2598 4726 2654 4778 δὲ
2711 4725 2871 4788 αὐτὸς
2904 4723 3002 4795 τὴν
3055 4724 3347 4794 προδοσίαν
3381 4724 3573 4790 φεύγει
3603 4723 3682 4784 εἰς
3711 4720 3810 4788 τὴν
3839 4721 3950 4772 Λα.

2375 4815 2639 4887 συρίνθων
2671 4815 2874 4886 χώραν,
2907 4815 3003 4868 καὶ
3033 4816 3090 4868 ἐν
3134 4815 3383 4884 σπηλαίῳ
3427 4813 3677 4866 λανθάνει
3704 4811 3950 4881 κρυῦεὶς,

693 4894 866 4947 donec
901 4895 1186 4964 cujusdam
1221 4897 1423 4952 indicio
1448 4898 1693 4956 Theseus
1724 4917 1848 4955 eum
1883 4903 1956 4957 ibi
1986 4916 2258 4974 repertum

2380 4903 2470 4966 Eu);
2507 4904 2611 4956 ὑπό
2657 4920 2797 4964 τινος
2828 4902 2906 4972 τῷ
2962 4903 3129 4972 Θησεῖ
3170 4903 3431 4973 μηνυθεὶς
3483 4903 3720 4970 ἐσφάγη.
3784 4900 3844 4954 Ὀ
3891 4901 3952 4954 δὲ

690 4986 980 5054 jttgulavit.
1035 4987 1279 5043 Theseus
1329 4991 1666 5060 triumphum
1728 4991 2025 5064 Gortynam
2087 4996 2262 5051 intro-

691 5077 869 5133 duxit.
907 5076 1112 5146 Egens
1149 5089 1330 5132 autem
1371 5089 1527 5150 pater
1567 5083 1708 5152 ejus,
1753 5083 1876 5153 fuga
1912 5082 2133 5139 Cretum
2165 5103 2263 5140 au-

2365 4994 2576 5062 Θησεὺς
2619 4996 2700 5057 εἰς
2753 4993 3026 5064 Γορτύνην
3066 4993 3322 5046 εἰσελθὼν
3375 4993 3794 5065 ἐθριάμϐευσεν.
3847 4994 3947 5045 Αἰ-

2365 5087 2495 5154 γεὺς
2541 5085 2599 5139 δέ
2647 5088 2674 5139 6
2722 5086 2914 5139 τούτου
2949 5085 3130 5157 πατὴρ
3161 5087 3259 5154 τὴν
3316 5085 3494 5156 φυγὴν
3549 5084 3789 5147 ἀκούσας
3835 5083 3948 5136 τῶν

693 5168 827 5234 dita,
875 5172 1192 5238 suspicatus
1221 5170 1491 5226 Theseum
1525 5173 1652 5228 dolo
1693 5173 2062 5241 interfectum,
2113 5179 2261 5234 luctu

2380 5177 2622 5250 Κρητῶν,
2657 5179 2752 5232 καὶ
2809 5179 2884 5242 ὡς
2920 5178 3057 5249 δόλῳ
3086 5179 3393 5248 ὑπονοήσας
3431 5176 3684 5232 ἀπώλετο
3708 5177 3943 5248 Θησεὺς,

1856 5337 2205 5394 XYLANDRI
2234 5339 2322 5393 ET
2343 5339 2552 5395 GOARI
2579 5339 2808 5394 NOTAE.

765 5450 877 5515 (Qil
907 5451 964 5504 In
986 5452 1245 5525 margine
1270 5452 1369 5525 τῆς
1414 5453 1688 5523 Εὐρώπης
1718 5456 1988 5525 signatum
2020 5467 2160 5521 erat,
2187 5457 2258 5511 ita

692 5530 752 5575 t.t
794 5531 913 5590 post
946 5521 1060 5584 υίός
1108 5524 1453 5575 inserendum
1489 5521 1888 5579 ostenderetur.
1921 5527 2096 5579 Credo
2127 5528 2250 5580 seri.

692 5599 841 5659 ptum
870 5591 1236 5666 fuissc6At6;,
1269 5607 1374 5646 non
1401 5594 1535 5666 υίός.
1567 5593 1837 5666 Fortassis
1859 5597 2020 5650 etiam
2049 5596 2262 5666 Eutropa

693 5663 893 5716 addita.
932 5661 1036 5716 Res
1083 5671 1168 5716 est
1213 5671 1362 5714 nota.
1412 5663 1540 5718 ΧΠ..
1577 5693 1645 5704 —
1689 5665 1947 5719 υἱι-ιίυιιίε
1987 5661 2260 5721 inversum

693 5729 962 5805 mdnem,
1005 5731 1236 5805 omissis
1268 5731 1543 5805 Xylapdri
1573 5735 1924 5805 coniecturis,
1966 5737 2068 5789 hoc
2105 5747 2262 5805 pacto

694 5798 853 5855 Ltrile
884 5790 1139 5858 rcSlitues
1172 5819 1186 5858 :
1217 5804 1244 5856 6
1269 5790 1382 5865 υίθς
1404 5790 1891 5874 ἑὺρώπηξΜίνως,
1912 5790 2013 5883 τῆς
2044 5790 2263 5878 Κρήτης

2370 5454 2904 5535 ἐῷσέλεῃνηβολιι.
3009 5527 3020 5535 _
3183 5526 3192 5535 _
3254 5525 3266 5535 _
3347 5524 3381 5535 _
3633 5533 3640 5535 _
3779 5522 3790 5535 '

2444 5529 2554 5604 (93)
2597 5527 2846 5604 Scribam
2879 5527 3021 5604 quod
3063 5526 3218 5604 verti,
3254 5525 3304 5577 in
3342 5524 3648 5604 Cnseo-“cst
3671 5524 3944 5604 νοτίὶριος,

2371 5593 2639 5651 notarius.
2665 5597 2730 5650 Et
2759 5605 2878 5664 post
2898 5597 3088 5665 λῶρον,
3110 5596 3476 5675 Iortlt'tt,.slt'lll
3503 5595 3626 5675 alibi
3655 5593 3946 5675 κουὸξκλον

2370 5668 2704 5721 cubiculum.
2748 5664 2991 5727 δουλὶδας
3034 5667 3190 5728 (ἰιιὶι,
3242 5667 3484 5717 imitatus
3528 5664 3941 5734 θεραπαινίδας.

2371 5736 2540 5789 Paulo
2595 5737 2818 5790 inferius
2882 5738 3159 5788 solemnem
3222 5733 3601 5811 Ῑρδίξιιίιαιςηι,
3644 5733 3939 5801 κοσμικὴν,

2372 5807 2515 5878 quod
2553 5822 2656 5861 non
2691 5809 2804 5862 scio
2836 5808 2961 5877 quid
2991 5808 3092 5861 s'hi
3128 5809 3271 5860 velit.
3305 5804 3435 5858 ΧΗ..
