4214 6448
195 388 297 452 219

1290 391 1837 456 HISTORIARUM
1870 394 2401 459 COMPENDIUM.

3353 402 3460 465 950

194 507 333 577 λύπῃ
368 505 702 569 καταποθεὶς
730 504 953 578 ἔρριψεν
982 507 1176 560 ἑαυτὸν
1216 510 1296 572 είς
1358 510 1457 579 τὴν
1503 508 1782 563 θάλασσαν

1898 517 2182 581 them-pius
2222 514 2276 567 in
2311 528 2460 567 mare
2484 528 2542 568 se
2582 514 2757 583 ipsum
2793 514 3026 584 projecit
3054 529 3117 569 ac
3158 512 3465 571 sull‘ocatus

195 600 285 651 καὶ
312 598 593 667 ἀπεπνίγη
625 614 639 628 ’
688 599 809 653 ὅθεν
862 600 958 652 καὶ⁵
993 602 1217 667 Αἰγαῖον
1273 601 1333 655 τδ
1387 601 1620 667 πέλαγος
1653 602 1789 655 ὠνό-

203 706 423 759 μασται.
473 691 531 742 ὐ
564 691 619 744 δὲ
669 690 880 759 Θησεὺς
935 692 1034 761 τὴν
1090 693 1317 762 Κρήτην
1372 695 1562 760 ἐάσας,
1617 713 1785 748 κατα-

202 783 473 851 φρονήσας
518 782 576 834 δὲ
633 784 730 835 καὶ
774 782 1085 854 Ἀριάδνης,
1137 786 1259 853 ἥτις
1311 789 1368 840 ἐν
1395 787 1473 858 τῷ
1511 787 1643 857 ἱερῷ
1690 788 1785 840 τοῦ

200 870 315 934 Διὸς
368 871 785 942 παρεδρεύουσα
835 874 1126 942 παρθένος,
1193 873 1268 936 ὥς
1329 892 1483 943 φασι,
1535 875 1785 945 τελευτᾷ,

198 969 291 1029 τῆς
322 965 633 1027 θεσσαλίας
658 964 988 1034 βασιλεύσας
1011 966 1252 1036 ἠγάγετο
1276 970 1511 1034 γυναῖκα
1530 969 1787 1035 Φαίδραν.

205 1057 271 1108 Ἦ
306 1056 404 1106 καὶ
436 1056 855 1127 ἐσυκοφαντὴθη
910 1056 988 1121 ὠς
1047 1057 1370 1128 Ἱππολύτῳ,
1417 1058 1519 1129 υἱῷ
1554 1060 1651 1130 μὲν
1682 1059 1787 1129 Θη-

203 1146 335 1207 σέως
397 1145 465 1198 ὲκ
521 1147 813 1217 παλλακῆς
850 1148 1027 1217 αὐτῆς
1084 1150 1142 1202 δὲ
1195 1150 1472 1219 προγονῷ,
1515 1149 1789 1221 πορνικῶς

205 1237 442 1302 μιγεῖσα.
494 1235 552 1288 '0
607 1236 708 1305 μὲν
751 1236 844 1290 οὖν
896 1238 1213 1304 Ἱππόλυτος
1256 1240 1495 1309 ἔφιππος
1548 1240 1789 1310 σύαγρον

201 1325 408 1379 διώκων
442 1328 537 1380 τοῦ
597 1329 769 1382 ἵππου
828 1329 1169 1403 ὲξετινάχθη,
1232 1332 1327 1387 τοῦ
1385 1334 1443 1387 δὲ
1483 1333 1659 1405 λὼρου
1696 1332 1790 1386 τοῦ

202 1424 418 1491 χαλινοῦ
450 1424 891 1495 περιελιχθέντος
924 1430 1037 1490 τοῖς
1088 1428 1377 1491 δακτύλοις
1410 1428 1578 1483 αὐτοῦ
1614 1429 1788 1497 ὲσύρη

205 1516 304 1567 ὑπὸ
336 1515 431 1567 τοῦ
459 1516 650 1582 ἵππου,
675 1517 770 1570 καὶ
800 1520 864 1587 τῇ
893 1519 1028 1589 ἕκτῃ
1048 1519 1235 1591 ἡμέρᾳ
1260 1519 1507 1589 τελευτᾷ.
1555 1520 1669 1587 Ἐφ’
1692 1512 1735 1585 ᾧ
1763 1521 1792 1572 ό

205 1608 412 1671 Ηησεὺς
444 1609 691 1677 σφοδρῶς
742 1610 1011 1674 ἀνιαθεὶς,
1068 1611 1204 1664 ἀλλὰ
1265 1610 1351 1683 [Ρ.
1386 1609 1511 1683 125]
1571 1611 1666 1663 καὶ
1695 1610 1791 1681 τὴν

205 1699 439 1769 Φαίδραν
470 1702 647 1754 καίτοι
688 1702 863 1755 πολλὰ
912 1703 1292 1773 ὲξομνυμένην
1337 1704 1651 1773 λοιδορήσας
1686 1704 1794 1757 ἀπὸ

206 1792 379 1857 δᾲεως
411 1792 690 1861 ἐποίησεν.
726 1793 871 1863 Αὐτὴ
907 1793 963 1845 δὲ
1013 1797 1078 1862 τῇ
1115 1794 1390 1865 ὑπερδολῇ
1424 1796 1528 1863 τῆς
1558 1794 1791 1857 θλίψεως

1892 615 2011 667 est;
2047 606 2187 660 unde
2218 617 2272 660 et
2304 606 2537 678 JEgeum
2570 610 2705 663 mari
2741 622 2937 662 nomen
2958 608 3173 677 obtigit.
3196 607 3467 662 Caeterum

1894 695 2167 757 Theseus,
2204 697 2367 752 Creta
2435 698 2660 764 omissa,
2724 707 2911 769 spreta
2965 698 3128 753 etiam
3201 698 3467 758 Ariadna.

1898 801 2061 855 quam
2106 784 2290 840 ferunt
2321 788 2373 841 in
2413 790 2531 843 aede
2557 787 2708 843 Jovis
2742 790 3011 859 virginem
3054 788 3335 842 desedisse
3367 787 3470 841 ibi-

1891 893 1998 947 que
2028 889 2325 940 mortuam.
2358 879 2658 936 TbesSaliae
2704 894 2941 951 regnum
2973 880 3189 948 accepit
3216 892 3470 932 uxorem-

1891 986 2000 1039 que
2031 971 2187 1025 duxit
2217 971 2524 1026 Phaedram.
2559 972 2686 1028 llaec
2719 975 2861 1043 apud
2904 971 3083 1041 ipsum
3119 969 3259 1023 falso
3289 967 3469 1021 delata

1892 1063 1998 1117 fuit
2038 1082 2160 1118 cum
2203 1063 2498 1135 Hippolyto
2546 1066 2801 1136 privigno
2844 1080 2972 1130 suo,
3020 1062 3114 1133 qui
3149 1060 3364 1116 Theseo
3402 1075 3468 1115 ex

1893 1156 2089 1227 pellice
2134 1164 2300 1212 natus
2338 1156 2542 1219 fuerat,
2591 1172 2797 1227 corpus
2830 1172 2927 1227 per
2967 1156 3301 1210 adulterium
3337 1154 3473 1208 mis-

1893 1250 2094 1305 cuisse.
2146 1250 2225 1303 Ac
2277 1247 2604 1321 Hippolytus
2652 1250 2871 1318 quidem
2904 1264 3028 1311 cum
3069 1262 3239 1318 eques
3276 1260 3471 1316 aprum

1893 1341 2296 1411 insequeretur,
2329 1357 2472 1411 equo
2494 1357 2787 1405 excussus,
2808 1340 3037 1395 habenis
3061 1354 3258 1392 manus
3286 1337 3473 1408 digitis

1893 1432 2215 1501 implicatis,
2269 1432 2337 1487 ab
2366 1437 2508 1500 'equo
2543 1442 2794 1501 raptatus
2827 1440 2985 1488 sexto
3024 1437 3146 1499 post
3175 1429 3263 1483 die
3304 1429 3469 1481 vitam

1895 1524 2115 1581 clausit.
2147 1522 2265 1589 Qua
2308 1538 2366 1578 re
2396 1538 2520 1576 cum
2548 1523 2601 1576 in
2628 1523 2926 1576 maximum
2958 1521 3205 1575 venisset
3228 1519 3471 1572 dolorem

1896 1614 2163 1679 Theseus,
2196 1614 2788 1684 Phaedraquanquam
2813 1612 3110 1681 dejeranti,
3142 1610 3473 1665 adulterium

1895 1708 2265 1775 exprobravit.
2299 1720 2534 1775 eamque
2567 1721 2597 1760 e
2629 1713 2928 1774 conspectu
2963 1719 3064 1759 suo
3089 1703 3344 1757 removit.
3377 1701 3472 1763 Ea,

1895 1797 2208 1850 calamitate
2238 1798 2529 1850 immodica
2556 1796 2778 1861 afﬂicta,
2813 1810 3049 1851 maerore
3071 1795 3347 1849 exstincta
3368 1802 3473 1847 est.

204 1883 645 1953 δεινοπαθήσασα
674 1884 975 1955 ἐτεθνήκει.
1011 1886 1144 1939 Τότε
1171 1886 1265 1939 καὶ
1294 1887 1602 1955 Εὐρυσθεὺς
1625 1888 1792 1957 ἐκρά-

1898 1887 2054 1943 Tunc
2081 1889 2248 1942 etiam
2284 1886 2624 1958 Eurystheus
2655 1901 2884 1958 regnum
2924 1887 3089 1957 216
3134 1887 3186 1940 in
3224 1885 3478 1940 Laco-da:-

206 1993 283 2027 τει
314 1976 426 2028 τῶν
456 1978 901 2046 Λακεδαιμονίων
931 1978 1027 2045 έτη
1061 1976 1147 2047 μβ¹
1198 1980 1293 2031 καὶ
1341 1977 1493 2033 ἄλλοι
1538 1978 1655 2047 μετ’
1694 1978 1791 2029 αύ-

206 2070 293 2121 τὸν
320 2076 391 2137 η’.
418 2070 500 2121 Τά
523 2070 578 2122 δὲ
612 2070 791 2123 πάντα
816 2070 911 2141 ἐτη
932 2070 1200 2139 κατέσχεν
1224 2073 1255 2140 ἡ
1280 2071 1460 2123 αὐτῶν
1488 2056 1634 2141 ἀρχῆ
1658 2077 1791 2125 τκε⁹.

281 2161 407 2214 Ὀτι
446 2163 505 2214 ἐν
530 2163 645 2225 τοῖς
676 2161 892 2231 χρόνοις
924 2162 1099 2216 Σαοὺλ
1134 2162 1352 2233 πρῶτον
1395 2161 1584 2230 ἀγῶνα
1615 2163 1664 2215 οἱ
1699 2163 1794 2214 Πι-

214 2256 352 2305 σαῖοι
386 2255 446 2305 ἐν
491 2254 766 2325 Ὀλυμπίᾳ
829 2255 1187 2309 κατεϐάλοντο
1224 2257 1320 2307 καὶ
1375 2257 1459 2307 Διὶ
1515 2255 1793 2324 Ὀλυμπίῳ

209 2349 487 2417 κοσμικὴν
539 2348 765 2419 πρώτην
831 2348 1159 2401 ἐπετέλεσαν
1232 2349 1450 2419 ἑορτήν.
1514 2346 1795 2400 Ἐντεῦθεν

208 2443 349 2493 κατὰ
384 2441 631 2508 τέσσαρα
660 2440 757 2510 ἔτη
785 2439 873 2492 τὸν
906 2440 1097 2507 ἀγῶνα
1137 2440 1234 2493 καὶ
1260 2440 1362 2510 τὴν
1395 2439 1590 2509 ἑορτὴν
1614 2439 1796 2490 ἐπιτε-

514 2532 887 2601 Ὀλυμπιάδας
934 2532 1033 2595 τὰς
1080 2533 1506 2601 τετραετηρίδας
1559 2531 1796 2601 καθεξῆς

209 2625 512 2693 εἱιρίθμουν.
560 2626 649 2677 Ἐν
680 2619 761 2685 οἷς
795 2625 1010 2696 χρόνοις
1039 2626 1133 2680 καὶ
1181 2625 1462 2692 Κορίνθιοι
1498 2625 1638 2695 μετὰ
1668 2626 1793 2688 τοὺς

205 2713 677 2783 Λακεδαιμονίους
697 2716 1102 2786 τοπαρχοῦντες
1138 2716 1413 2785 Ἐλλήνων
1436 2716 1794 2769 ἐϐασίλευσαν

207 2808 269 2858 τά
307 2808 499 2859 πάντα
533 2806 628 2875 ἔτη
663 2813 792 2875 τιην.
837 2808 948 2859 Καὶ
999 2806 1139 2877 μετὰ
1169 2807 1462 2875 Δάρδανον,
1519 2807 1609 2860 τὸν
1641 2807 1784 2861 Ἰλου

208 2902 344 2961 υἱὸν,
374 2902 470 2952 καὶ
498 2901 588 2951 τὸν
623 2900 897 2971 Δαρδάνου
920 2902 1036 2954 υἱὸν
1060 2902 1429 2972 Λαομέδοντα,
1461 2902 1733 2972 Πρίαμος,
1766 2903 1795 2955 ό

208 2994 613 3061 Λαομέἱοντος,
648 2994 749 3061 τῆς
778 2993 1008 3063 Φρυγῶν
1038 2993 1222 3064 χώρας
1250 2993 1614 3065 ἀνηγορεύετο
1640 2994 1794 3064 βασι-

211 3082 361 3147 λεύς.
390 3085 528 3136 Τότε
556 3084 651 3137 καὶ
675 3086 737 3136 τδ
760 3084 1030 3155 Δάρδανον
1058 3085 1153 3138 καὶ
1179 3086 1240 3138 τὸ
1263 3086 1425 3139 Ἴλιον
1452 3086 1548 3139 καὶ
1575 3088 1607 3156 ἡ
1644 3085 1797 3157 Γροία

208 2533 453 2597 λοῦντες,

1895 1980 2111 2034 monios
2142 1980 2339 2049 gessit.
2376 1994 2549 2034 annos
2572 1979 2663 2042 42,
2701 1988 2753 2033 et
2787 1988 2909 2049 post
2940 1980 3091 2031 illum
3136 1976 3359 2031 fuerunt
3384 1976 3475 2029 alii

1892 2079 2019 2127 octo
2049 2085 2225 2139 reges.
2255 2070 2483 2125 Duravit
2509 2070 2562 2125 id
2598 2086 2823 2140 regnum
2857 2084 3033 2123 annos
3066 2067 3192 2124 5‘25.

1966 2161 2114 2216 Sauli
2151 2172 2393 2232 tempore
2419 2163 2653 2233 primum
2689 2170 2968 2216 certamen
3004 2160 3164 2215 Pisaei
3199 2158 3262 2213 ad
3295 2157 3480 2229 Olym—

1893 2255 2037 2324 piam
2063 2256 2442 2320 instituerunt,
2473 2254 2705 2325 Jovique
2730 2255 2981 2326 Olympio
3002 2256 3233 2325 primam
3266 2254 3475 2308 solem-

1896 2361 2017 2399 nem
2065 2346 2415 2401 festivitatem
2464 2348 2907 2401 celebraverunt.
2936 2346 3064 2399 lnde
3095 2344 3480 2414 quadrienniis

1895 2439 2128 2509 singulis
2179 2440 2231 2493 id
2277 2439 2611 2494 sacrificium
2666 2439 2950 2499 iterantes,
2994 2438 3167 2491 lustra
3198 2435 3478 2506 Olympia-

1896 2531 2025 2585 dum
2056 2533 2277 2585 nomine
2323 2532 2392 2586 ab
2424 2548 2491 2587 eo
2526 2532 2683 2585 initio
2709 2542 3155 2585 tnnueraverunt.
3192 2529 3311 2594 Quo
3344 2537 3481 2582 tem-

1896 2608 2028 2692 pore
2066 2626 2231 2679 etiam
2267 2623 2542 2681 Corinthii
2582 2634 2703 2695 post
2760 2623 3229 2688 Lacedmmonios,
3261 2621 3483 2692 regione

1896 2717 1951 2771 in
1985 2731 2142 2771 suam
2173 2726 2497 2787 potestatem
2531 2718 2772 2779 redacta,
2796 2716 3019 2772 Graeciaa
3052 2730 3277 2785 regnum
3308 2728 3483 2769 annos
3553 2789 3556 2791 Δ

1895 2810 2120 2863 omnino
2167 2810 2272 2863 518
2320 2812 2700 2865 obtinuerunt.
2763 2809 2828 2863 Et
2876 2816 2998 2879 post
3053 2807 3364 2861 Dardanum
3419 2805 3481 2859 lli

1899 2901 2095 2967 tilium,
2126 2915 2189 2955 ac
2234 2900 2662 2957 Laomedontem
2712 2900 2949 2955 Dardani
2988 2900 3184 2965 ﬁlium,
3232 2897 3483 2952 Priamus

1897 2991 2291 3047 Laomedontis
2354 2993 2500 3049 filius
2556 2993 2805 3064 Phrygiae
2857 3007 2953 3046 rex
3013 2991 3329 3045 declaratus
3373 2997 3479 3043 est.

1899 3082 2013 3138 Sub
2050 3098 2159 3153 quo
2203 3082 2515 3139 Dardanum
2542 3083 2723 3148 Ilium,
2760 3081 2930 3153 Troja
2984 3097 3048 3136 ac
3082 3090 3191 3136 tota
3247 3079 3483 3150 Phrygia

212 3180 303 3228 καὶ
340 3179 374 3245 ἡ
412 3179 566 3229 πᾶσα
624 3175 778 3248 χώρα
829 3176 1069 3247 Φρυγίας
1106 3177 1201 3229 ἐπὶ
1236 3178 1346 3230 τῶν
1379 3177 1603 3248 ἡμερῶν
1634 3181 1794 3232 ἐκπε-

1898 3176 2082 3231 excisa
2114 3183 2264 3230 sunt.
2284 3175 2519 3231 Causam
2540 3178 2587 3231 ei
2610 3176 2974 3232 devastationi
3007 3174 3485 3245 prazbuitAlexan-

213 3269 581 3336 πολιόρκηται
611 3269 889 3338 Πριάμου.
933 3266 998 3320 Ἥ
1020 3267 1074 3321 δὲ
1102 3268 1251 3321 αίτία
1272 3269 1371 3335 τῆς
1402 3270 1794 3341 καταδῃώσεως

1899 3268 2018 3333 der,
2082 3268 2193 3323 alio
2249 3270 2472 3324 nomine
2532 3267 2691 3324 Paris
2758 3269 2960 3324 dictus.
3030 3265 3083 3320 Is
3134 3281 3259 3319 cum
3323 3273 3485 3319 natus

224 3360 579 3428 Ἀλέξανδρος
611 3360 637 3411 ὁ
676 3359 769 3411 καὶ
800 3358 997 3429 Πάρις.
1052 3358 1257 3412 Τούτου
1308 3362 1413 3430 γάρ
1447 3362 1798 3429 γεννηθέντος

217 3453 323 3505 ὑπὸ
359 3452 618 3520 Πριάμου
677 3451 926 3520 χρησμὸς
976 3450 1124 3520 αὐτῷ
1171 3450 1486 3504 ἀναδέδοται
1525 3452 1794 3516 τοιοῦτος·

224 3562 240 3593 ι
272 3544 511 3613 Ἐτέχθη
545 3559 625 3595 σοι
674 3543 846 3613 Πάρις
878 3542 1181 3612 δύσπαρις·
1231 3543 1655 3614 τριακοντούτης
1692 3544 1797 3614 γάρ

216 3636 516 3703 γενόμενος
553 3634 732 3686 ὀλέσει
762 3632 1038 3702 βασιλείαν
1086 3632 1340 3702 Φρυγῶν.
1389 3652 1406 3684 ι
1441 3634 1618 3697 Εὐθὺς
1642 3630 1737 3686 οὖν
1773 3636 1800 3687 ὁ

225 3728 481 3795 Πρίαμος
558 3724 911 3796 Ἀλέξανδρον
974 3726 1351 3794 μετονομάσας
1420 3724 1664 3795 επεμψεν
1719 3727 1801 3789 είς

216 3819 407 3887 ἀγρὸν,
442 3816 685 3887 Μανδρῶ
735 3816 1052 3885 λεγόμενον,
1095 3816 1677 3886 γαλακτοτροφηοῆναι
1706 3816 1800 3869 καὶ

222 3911 530 3979 αὖξηθῆναι
564 3908 716 3979 παρὰ
736 3909 962 3979 γηπόνῳ
988 3909 1116 3973 τινὶ,
1139 3909 1299 3979 ἄχρις
1320 3902 1381 3963 οὗ
1410 3909 1479 3961 τὰ
1508 3908 1799 3978 τριάκοντα

218 4004 308 4067 ἐτη
350 4002 448 4055 τοῦ
507 4000 762 4071 χρησμοῦ
811 4000 1079 4071 παρέλθῃ.
1129 4001 1385 4069 Ἐποίησε
1413 4000 1469 4052 δὲ
1496 4000 1590 4053 καὶ
1621 4003 1798 4069 τεῖχος

220 4096 368 4161 μέγα
400 4096 459 4144 ἐν
491 4091 568 4161 τῷ
600 4090 778 4161 ἀγρῷ,
808 4090 837 4143 δ
878 4091 973 4144 καὶ
1004 4092 1207 4162 Πάριον
1252 4091 1561 4161 ὠνόμασεν.
1604 4093 1749 4144 Ἑκεί
1772 4090 1801 4143 ό

218 4189 393 4259 Πάρις
421 4188 650 4254 διάγων,
702 4185 950 4256 εὐμαθής
973 4203 1032 4239 τε
1068 4187 1197 4257 περ)⁵
1226 4188 1295 4239 τά
1313 4189 1617 4259 γράμματα
1648 4186 1799 4256 γενό-

220 4297 382 4347 μενος
438 4277 539 4331 καὶ
603 4276 855 4339 παιδείας
912 4276 974 4328 οὐ
1028 4277 1127 4345 τῆς
1183 4276 1454 4347 τυχούσης
1493 4277 1800 4346 μετασχὼν,

218 4369 663 4439 ἐγκωμιαστικὸν
694 4369 850 4436 λόγον
891 4367 987 4420 καὶ
1022 4366 1192 4437 ὕμνον
1227 4370 1306 4431 είς
1343 4369 1439 4440 τὴν
1481 4370 1801 4439 Ἀφροδίτην

214 4460 529 4527 διετάξατο,
570 4460 670 4530 τὴν
702 4459 997 4529 ἐπιθυμίαν
1028 4459 1196 4529 αὐτὴν
1225 4459 1399 4528 λέγων
1447 4456 1611 4525 εἶναι,
1635 4460 1693 4527 ἐξ
1732 4456 1801 4531 ἧς

1899 3360 2118 3416 Priamo
2170 3369 2337 3426 esset,
2371 3362 2478 3415 tale
2529 3360 2815 3416 oraculum
2875 3359 3015 3428 patri
3069 3365 3155 3412 est
3198 3356 3480 3411 allatum:

1906 3473 1925 3505 ι
1958 3455 2117 3509 Paris
2146 3453 2334 3509 infelix
2371 3453 2464 3507 tibi
2496 3463 2660 3507 natus
2693 3462 2795 3518 est,
2833 3452 2925 3521 qui
2967 3467 3112 3504 anno
3157 3451 3336 3503 aetatis
3371 3462 3487 3503 sua:

1903 3545 2184 3599 tricesimo
2213 3542 2466 3615 Phrygiae
2494 3559 2725 3614 regnum
2761 3546 2969 3613 perdet.
3010 3561 3028 3594 ι
3068 3541 3262 3595 Statim
3298 3540 3483 3610 itaque

1900 3635 2154 3691 Priamus
2213 3650 2338 3690 eum
2428 3636 2652 3689 nomine.
2709 3635 3004 3690 Alexandri
3064 3633 3362 3696 allectum,
3429 3634 3486 3686 in

1901 3727 2167 3797 prazdiutn
2235 3730 2325 3781 cui
2381 3727 2611 3781 Mandro
2680 3743 2904 3790 nomen,
2962 3725 3215 3796 agricolae
3267 3724 3487 3779 cuidam

1902 3820 2045 3875 lacte
2103 3821 2358 3875 alendum
2426 3828 2480 3874 et
2544 3820 2891 3875 educandum
2946 3819 3251 3882 mandavit,
3309 3817 3488 3872 donec

1899 3912 1968 3967 50
2031 3915 2161 3967 anni
2219 3912 2441 3967 oraculo
2521 3912 2792 3981 designati
2843 3912 3209 3981 pneterirent.
3289 3913 3485 3965 Arcem

1902 4019 2117 4075 quoque
2147 4006 2201 4059 in
2252 4020 2384 4075 agro
2420 4020 2672 4074 magnam
2717 4005 3012 4067 exstruxit,
3068 4002 3212 4071 quod
3264 4003 3483 4057 Parium

1902 4097 2214 4168 appellavit.
2256 4096 2329 4151 lbi
2367 4100 2570 4167 degens
2601 4098 2781 4160 Paris,
2815 4112 2940 4150 eum
2990 4106 3044 4150 et
3093 4096 3311 4166 ingenio
3339 4104 3488 4151 esset

1903 4188 2046 4243 felici
2079 4196 2137 4242 ct
2168 4187 2519 4243 institutione
2572 4203 2681 4241 non
2739 4188 2945 4258 vulgari
2986 4186 3337 4248 formaretur,
3365 4201 3487 4239 ora-

1902 4280 2103 4334 tionem
2134 4278 2494 4333 laudatoriant
2528 4288 2582 4333 et
2633 4280 2896 4350 bymnum
2933 4281 2985 4333 in
3040 4277 3308 4333 Venerem
3334 4293 3488 4331 com-

1903 4373 2108 4443 posuit,
2141 4370 2331 4427 dicens
2360 4386 2481 4426 eam
2519 4386 2644 4425 esse
2691 4371 3078 4441 cupiditatem,
3113 4386 3235 4448 qua;
3282 4371 3484 4425 liberos

1905 4464 2231 4532 sapientiam
2283 4470 2340 4518 et
2400 4471 2553 4517 artes
2597 4462 2740 4532 apud
2794 4462 3046 4518 homines
3079 4470 3134 4518 et
3162 4464 3319 4517 bruta
3355 4477 3483 4531 pro-

216 4559 308 4607 καὶ
363 4554 536 4605 τέκνα
584 4552 676 4604 καὶ
713 4550 907 4619 σοφίαν
953 4550 1051 4604 καὶ
1096 4550 1289 4619 τέχνας
1320 4554 1375 4605 ἐν
1420 4552 1656 4620 λογικοῖς
1702 4552 1794 4607 καὶ

1901 4563 2049 4609 creet
2078 4571 2092 4619 ;
2124 4555 2286 4624 217
2316 4568 2548 4624 eamque
2588 4554 2641 4608 in
2678 4554 3091 4624 comparatione
3114 4553 3390 4608 Minervae
3419 4568 3485 4607 ac

216 4647 437 4711 ἀλόγοις
495 4643 907 4706 ἀποτίκτεσθαι,
940 4644 1034 4695 καὶ
1072 4642 1241 4711 αὐτὴν
1278 4644 1345 4694 ὲν
1379 4642 1666 4711 συγκρίσει
1700 4644 1800 4712 τὴν

226 4735 559 4805 Ἀφροδίτην
590 4733 864 4795 Παλλάδος
895 4734 1187 4804 προέκρινε
1221 4735 1315 4787 καὶ
1348 4736 1549 4805 Ἳὶρας.
1586 4735 1680 4788 Διὸ
1706 4738 1801 4790 καὶ

218 4827 604 4897 ἐμυθεύσαντο
634 4824 821 4879 τοῦτον
849 4826 1042 4895 κριτὴν
1089 4825 1197 4878 τῶν
1221 4827 1389 4895 τριῶν
1421 4832 1708 4895 γενόμενον
1734 4830 1799 4900 τῇ

228 4918 528 4987 Ἀφροδίτῃ
558 4914 619 4967 τὸ
657 4915 828 4983 μῆλον
859 4916 1026 4985 ἤγουν
1058 4916 1156 4985 τὴν
1197 4921 1355 4985 νίκην
1386 4917 1461 4980 ὠς
1493 4917 1601 4969 τῶν
1627 4918 1801 4971 ἄλλων

219 5008 500 5079 κρείττονι
523 5003 845 5074 βραὸεὖσαι.
870 5006 1023 5059 Μετὰ
1046 5006 1102 5058 δὲ
1120 5008 1244 5069 τοὺς
1264 5009 1559 5077 τριάκοντα
1578 5008 1803 5079 χρόνους

220 5102 585 5168 λογισάμενος
629 5099 656 5150 ό
713 5098 959 5168 Πρίαμος
1010 5099 1103 5152 τὸν
1156 5102 1286 5169 περὶ
1338 5100 1500 5153 αὐτοῦ
1554 5101 1802 5171 χρησμὸν

225 5190 548 5261 παρελθεῖν,
570 5194 993 5262 καταφρονήσας
1017 5194 1399 5261 προσηγάγετο
1415 5194 1595 5250 αὐτόν.
1622 5195 1805 5265 Γράμ-

1904 4646 2105 4702 Junoni
2159 4646 2420 4715 praetulit.
2469 4646 2603 4701 lude
2633 4657 2753 4700 orta
2804 4657 2885 4700 est
2938 4646 3142 4711 fabula,
3177 4661 3299 4700 eum
3336 4645 3485 4699 arbi-

1905 4751 2046 4793 trum
2086 4739 2356 4795 delectum
2390 4739 2533 4793 inter
2559 4737 2692 4793 deas
2728 4737 2923 4793 Veneri
2953 4740 3029 4793 uti
3058 4740 3252 4808 potiori
3280 4739 3482 4792 malum

1903 4832 2145 4885 victoriae
2229 4832 2443 4899 signum
2515 4830 2883 4900 adjudicasse.
2962 4831 3181 4886 Exactis
3262 4830 3482 4898 triginta

1905 4923 2086 4985 annis,
2121 4922 2371 4976 Priamus
2402 4922 2609 4975 oraculi
2652 4922 2998 4991 tempusjam
3027 4921 3272 4975 exivisse
3305 4927 3482 4985 ratus,

1904 5027 2136 5067 securus
2177 5012 2345 5065 animi
2376 5010 2626 5065 Paridem
2680 5011 2957 5080 produxit,
2990 5025 3227 5079 eumque
3283 5009 3483 5062 additis

1904 5104 2010 5157 100
2041 5103 2345 5173 Phrygibus
2385 5103 2844 5166 adolescentibus,
2876 5117 3000 5155 cum
3036 5103 3254 5166 litteris,
3284 5114 3481 5154 mune-

1904 5195 2057 5249 ribus
2112 5203 2166 5247 et
2226 5194 2467 5248 victimis
2516 5193 2580 5246 ad
2659 5194 2877 5263 regulos
2931 5196 3161 5263 Europae
3226 5193 3482 5261 trajicere

226 5286 374 5353 ματά
400 5301 464 5336 τε
499 5282 597 5336 καὶ
657 5282 805 5352 δῶρα
859 5284 954 5337 καὶ
997 5284 1188 5347 θυσίας
1244 5285 1462 5348 ἐπιδοὺς
1520 5286 1658 5355 μετὰ
1710 5287 1794 5340 καὶ

1898 5287 2067 5355 jussit
2123 5294 2179 5341 et
2258 5286 2531 5353 Dapbnzeo
2599 5287 2831 5355 Apollini
2909 5286 3244 5340 sat-rilicare.
3302 5284 3483 5338 Primo

226 5376 424 5428 ἑκατὸν
454 5373 757 5428 νεανίσκων
797 5374 1025 5444 Φρυγῶν
1054 5376 1188 5445 πρὸς
1222 5376 1349 5438 τοὺς
1390 5376 1668 5447 τοπάρχας
1698 5378 1802 5429 Εὑ-

230 5467 421 5537 ρὼπης
460 5467 715 5535 διαϐῆναι
750 5468 960 5520 κελεύει
994 5469 1089 5521 καὶ
1118 5469 1193 5539 τῷ
1223 5470 1480 5541 Δαφναίῳ
1510 5471 1801 5524 Ἀπόλλωνι

230 5558 414 5623 θῦσαι,
439 5559 537 5611 καὶ
564 5559 778 5627 πρῶτον
803 5561 859 5610 ὲν
888 5561 953 5629 τῇ
988 5559 1210 5631 Σπάρτῃ
1238 5561 1389 5613 πόλει
1416 5562 1515 5628 τῆς
1559 5562 1801 5626 Ἑλλάδος

233 5651 427 5715 ἐλθεῖν,
463 5651 569 5702 ὑπὸ
601 5649 858 5719 Μενελάῳ
878 5651 997 5703 τότε
1035 5650 1450 5725 βασιλευομένῃ,
1477 5653 1534 5715 ὃς
1559 5656 1668 5715 υίὸς
1705 5656 1802 5723 μὲν

236 5744 586 5807 Πλεισθένους
616 5740 685 5815 ἦν
725 5743 961 5813 άληθῶς,
998 5745 1101 5796 ὑπο
1141 5745 1197 5798 δὲ
1236 5746 1416 5816 Ἀτρεῖ
1459 5745 1668 5815 βασιλεῖ
1693 5748 1800 5799 τῶν

250 5833 525 5905 Ἀργείων,
558 5839 675 5907 ’ἅμα
701 5837 768 5906 τῷ
786 5836 884 5907 υἱῷ
903 5837 1067 5890 αὑτοῦ
1095 5838 1457 5907 ’Λγαμέμνονι
1474 5841 1798 5909 ἀνατραφεὶς

1903 5378 2149 5432 omnium
2182 5376 2337 5431 Paris
2391 5378 2535 5430 venit
2576 5378 2829 5444 Spartam
2863 5375 3088 5429 Graecia:
3132 5376 3344 5439 urbem,
3386 5374 3480 5429 ubi

1903 5470 2164 5539 regnabat
2204 5470 2498 5523 Manelaus.
2534 5469 2582 5523 Is
2610 5469 2901 5522 Plisthenis
2936 5469 3077 5523 filius
3109 5485 3167 5523 re
3196 5483 3323 5522 vera
3354 5467 3478 5529 fuit,

1903 5563 1995 5617 sed
2033 5563 2101 5616 ab
2134 5566 2298 5616 Atreo
2350 5562 2678 5631 Argivorum
2723 5577 2845 5631 rege
2878 5577 2984 5615 una
3037 5577 3161 5615 cum
3195 5562 3314 5627 ejus
3366 5560 3480 5614 filio

1905 5653 2311 5723 Agamemnone
2387 5654 2655 5707 educatus
2712 5654 2923 5709 Atrides
2982 5653 3356 5723 appellabatur
3415 5667 3480 5707 ac

1906 5746 2071 5798 frater
2098 5745 2542 5814 Agamemnonis.
2576 5744 2852 5798 Menelaus
2902 5745 3147 5798 Paridem
3182 5743 3481 5812 perhuma-

1906 5840 2045 5893 niter
2100 5838 2336 5908 excepit,
2378 5838 2544 5908 inque
2592 5854 2691 5895 suo
2726 5837 2927 5907 palatio
2957 5836 3104 5891 omni
3147 5835 3328 5891 otllcio
3363 5842 3476 5892 stu-
