4214 6448
232 404 336 465 Ξ57

1335 397 1884 459 lIIbTORIARUM
1924 397 2451 460 COMPENDIUM.

3399 403 3504 466 258

239 513 525 565 Ἐντεῦθεν
567 511 825 581 χολωθεὶς
885 511 1162 582 Ἀχιλλεὺς
1208 511 1482 580 ἀπέσχετο
1523 511 1662 582 μετὰ
1706 510 1814 563 τῶν

1921 519 2038 565 stor
2069 513 2185 568 auri
2230 514 2461 566 multum
2498 513 2598 583 ipsi
2631 513 2802 574 dedit,
2856 522 3179 584 tantumque
3244 513 3503 570 frumenti

229 604 608 676 Μυρμιδόνων
639 603 736 656 τοῦ
767 605 878 666 τοῖς
909 604 1094 673 Τρωσὶ
1124 603 1405 674 πολεμεῖν,
1439 604 1544 666 ἕως
1576 605 1818 674 ἰσχυροῖς

227 700 491 766 πολέμοις
538 695 766 767 ὕστερον
793 696 843 749 οἱ
880 697 1010 766 περὶ
1040 698 1132 748 τὸν
1180 697 1565 766 Ἀγαμέμνονα
1594 716 1816 752 κατανι-

229 791 475 859 κὼμενοι
499 790 696 860 δώροις
723 788 940 851 πολλοῖς
968 791 1063 842 καὶ
1095 789 1508 859 παρακλήσεσιν
1539 789 1817 859 ἐδυσώπη-

229 903 328 936 σαν
359 885 523 936 αὐτὸν
557 883 799 947 ἐξελθεῖν
847 883 967 950 μετ’
989 881 1190 936 αὐτῶν.
1227 881 1360 944 Αἴας
1400 882 1457 935 δὲ
1499 886 1527 935 ὁ
1558 882 1817 951 Τελαμώ-

228 995 339 1039 νιος
372 976 512 1047 πρὸς
533 976 662 1039 τοὺς
686 977 743 1029 ὲν
772 976 1105 1046 Χερρονήσῳ
1127 975 1348 1046 Θρᾷκας
1368 975 1660 1046 γενόμενος
1686 981 1816 1029 ἐπο-

228 1069 438 1138 λιόρκει
458 1085 473 1097 θ
508 1067 568 1120 ὃν
590 1067 968 1136 Πολυμήστωρ
997 1067 1025 1117 ὀ
1049 1065 1253 1118 τούτων
1279 1066 1530 1136 βασιλεὺς
1559 1065 1814 1135 φοϐηθεὶς

227 1161 430 1230 χρυσον
462 1161 638 1212 ἐδίδου
673 1159 865 1222 πολὺν,
915 1158 1013 1211 καλ⁵
1060 1161 1204 1211 σῖτον
1254 1157 1509 1211 τοσοῦτον
1565 1158 1689 1210 ὅσον
1738 1156 1815 1226 τῷ

240 1252 483 1324 Ἀχαϊκῷ
519 1249 739 1321 στρατῷ
784 1253 865 1314 εἰς
915 1250 1162 1304 ἐνιαυτὸν
1213 1249 1526 1319 ἐξαρκέσαι.
1581 1245 1706 1319 Εἶχε
1760 1248 1817 1301 δὲ

232 1349 348 1398 ἐκεῖ
381 1344 704 1413 Πολύδωρον
737 1343 830 1396 τὸν
871 1341 1091 1394 πάντων
1123 1340 1230 1394 τῶν
1278 1342 1529 1411 Πριάμου
1563 1342 1695 1394 υἱῶν
1735 1359 1818 1411 μι-

229 1439 514 1508 κρότερον,
546 1438 605 1488 ὃν
639 1435 914 1506 παρέθετο
949 1435 1336 1504 Πολυμήστορι
1390 1437 1639 1506 Πρίαμος
1688 1437 1817 1487 άνα-

226 1528 536 1597 τραφῆναιο
586 1525 672 1597 ΙΡ.
719 1523 845 1596 127]
893 1523 1009 1576 ἀλλ’
1071 1524 1236 1587 αὐτὸς
1268 1523 1432 1576 αὑτὸν
1486 1521 1704 1576 ἔκδοτον
1739 1522 1816 1594 τῷ

226 1622 413 1673 Αἴαντι
436 1617 712 1680 δεδωκὼς,
737 1618 834 1670 καὶ
860 1616 1174 1687 ἐγγράφους
1198 1615 1469 1686 συνθήκας
1498 1615 1816 1685 πεποιηκὼς

232 1710 506 1778 μηδέποτε
534 1707 956 1776 ὑπερμαχήσειν
989 1705 1266 1776 Πριάμου,
1290 1705 1610 1758 ἀπέστειλεν
1628 1705 1811 1758 αὐτόν.

237 1799 296 1852 ὐ
345 1800 484 1859 Αἴας
521 1797 578 1848 δὲ
608 1798 820 1849 ἐκεῖθεν
849 1797 1100 1865 ὁρμήσας
1132 1797 1267 1866 πρὸς
1316 1795 1634 1864 Τεύθραντα
1679 1791 1812 1866 ἦλθε

224 1893 549 1960 τοπάρχην·
581 1889 641 1942 ὃν
685 1888 915 1954 ἀνελὼν,
948 1889 1048 1942 καὶ
1097 1889 1196 1958 τὴν
1233 1887 1401 1942 αὑτοῦ
1443 1889 1595 1941 πόλιν
1648 1889 1815 1942 ἔκπο-

225 1985 529 2054 λιερκήσας
565 1984 660 2035 καὶ
689 1982 787 2052 τὴν
831 1981 1109 2050 θυγατέρα
1158 1981 1493 2052 Τέκμησσαν
1527 1981 1813 2052 αἰχμαλω-

224 2078 383 2138 τὲσας
432 2076 612 2146 ἤγαγε
677 2077 858 2126 πάντα
909 2076 1002 2127 τὸν
1057 2073 1288 2128 πλοῦτον
1327 2075 1524 2138 νυκτὸς
1581 2077 1674 2127 ἐπὶ
1723 2075 1814 2128 τὸν

226 2168 486 2240 στρατόν.
520 2169 600 2238 Τῇ
636 2167 770 2235 γοῦν
803 2166 929 2239 ἑξῆς
959 2167 1150 2221 ἱστῶσι
1175 2168 1463 2221 κατέναντι
1487 2166 1578 2220 τοῦ
1602 2166 1815 2237 τείχους

224 2265 313 2314 τὶν
356 2261 703 2330 Πολύδωρον,
759 2263 856 2314 καὶ
906 2260 983 2330 τῷ
1038 2262 1276 2332 Πριάμῳ
1321 2261 1544 2329 δηλοῦσι
1597 2261 1812 2331 πέμψαι

223 2356 321 2423 τὴν
368 2353 594 2421 Ἑλένην
629 2356 723 2406 καὶ
773 2354 958 2406 λαϐεῖν
989 2353 1190 2406 αύτὸν·
1237 2354 1330 2407 καὶ
1362 2355 1586 2424 εἰρήνης
1636 2371 1816 2424 κυρω-

226 2448 418 2514 θείσης
455 2447 770 2516 άπαιρομεν
805 2445 1079 2499 ἐντεῦθεν.
1131 2447 1337 2499 Τούτου
1379 2447 1434 2499 δὲ
1465 2447 1540 2517 μὴ
1595 2448 1816 2516 γινομέ-

225 2560 344 2601 νου,
383 2541 696 2609 βλεπόντων
727 2541 792 2592 ἐκ
818 2539 911 2592 τοῦ
955 2539 1173 2610 τείχους
1227 2540 1468 2605 πάντων,
1515 2540 1605 2592 τὸν
1646 2541 1816 2593 Πολύ-

220 2635 400 2702 δωρον
437 2634 648 2687 ἀνεῖλον
681 2633 843 2702 ξίφει.
894 2633 1207 2704 Ἰδομενέως
1246 2632 1340 2687 τοῦ
1386 2636 1672 2704 προμάχου
1707 2633 1816 2686 τῶν

231 2725 514 2793 Ἑλλήνιον
545 2724 899 2795 ὑπογραφεὺς
927 2720 995 2794 ἦν
1022 2727 1048 2776 ό
1077 2723 1275 2787 Δίκτυς
1309 2725 1420 2793 (2),
1442 2723 1581 2794 ἀνὴρ
1607 2725 1816 2790 ἀξιόλο-

220 2836 315 2884 γος
346 2819 445 2870 κατ.
477 2818 717 2879 συνετος,
747 2816 807 2879 ὃς
843 2817 950 2869 ἀπὸ
979 2816 1080 2885 τῆς
1127 2818 1354 2886 Κρήτης
1384 2820 1496 2880 τοῖς
1528 2818 1620 2868 ἐπὶ
1653 2816 1814 2870 Ἴλιον

219 2913 425 2980 ἥκουσι
460 2908 942 2980 συνεστρατεύετο.
973 2903 1141 2972 Οὗτος
1171 2909 1261 2960 τὸν
1292 2909 1386 2962 τοῦ
1416 2910 1655 2979 πολέμου
1682 2902 1809 2981 χρό-

222 3023 314 3057 νον
346 3005 534 3055 πάντα
569 3002 743 3055 συνὼν
769 3003 847 3071 τῷ
881 3001 1145 3071 Ἰδομενεῖ
1166 3001 1231 3053 τὰ
1255 3002 1816 3072 παρακολουθήσαντα

223 3105 407 3148 tanta
447 3097 542 3147 ἀπ’
585 3097 758 3164 ἀρχῆς
804 3095 929 3164 ἄχρι
978 3094 1162 3158 τέλους
1213 3095 1354 3164 μετὰ
1384 3095 1644 3165 ἀληθείας
1689 3115 1814 3150 συν-

1921 615 2190 673 quantum
2242 605 2486 660 Achaico
2537 607 2802 660 exercitui
2855 608 2907 660 in
2951 622 3157 662 annum
3208 608 3501 663 sufﬁceret:

1919 695 2165 750 Ilabebat
2199 711 2386 752 secum
2443 695 2783 766 Polymestor
2827 693 3028 750 Priami
3059 697 3296 752 ﬁliorum
3345 709 3507 753 aetate

1919 786 2206 838 minimum
2257 785 2610 857 Polydorum,
2670 785 2775 842 sibi
2839 803 2867 840 a
2922 799 3074 858 patre
3152 791 3500 844 educandum

1916 875 2200 928 traditum.
2241 874 2399 930 Hunc
2446 892 2665 948 quoque
2698 874 2855 946 Ajaci
2911 877 3158 944 tradidit,
3210 878 3505 948 tardusque

1917 969 2181 1039 scriptum
2214 972 2439 1042 pepigit,
2472 987 2748 1042 nunquam
2785 985 2844 1024 se
2897 969 3115 1026 Priamo
3149 987 3306 1041 Opem
3359 973 3502 1025 latu-

1918 1075 2074 1115 rum:
2109 1064 2294 1132 itaque
2345 1064 2566 1132 Ajacem
2637 1071 2888 1133 pacatum
2945 1064 3174 1118 dimisit.
3208 1065 3345 1133 Ajax
3377 1066 3500 1118 inde

1917 1153 1983 1206 ad
2041 1153 2432 1208 Teuthranlem
2482 1155 2727 1222 regulum
2767 1170 2826 1209 se
2901 1156 3155 1221 contulit,
3209 1172 3369 1226 quem
3447 1165 3502 1211 et

1918 1247 2155 1312 necavit,
2176 1249 2366 1303 urbem
2408 1247 2528 1315 ejus
2561 1248 2916 1318 expugnavit,
2948 1247 3223 1318 ﬁliamque
3242 1250 3502 1306 Tecmes-

1918 1354 2035 1393 sam
2085 1341 2355 1408 captivam
2409 1341 2654 1404 abduxit,
2699 1355 2763 1394 ac
2824 1351 2990 1394 noetu
3038 1353 3394 1411 omnes'Opes
3442 1344 3498 1398 in

1917 1438 2100 1484 castra
2152 1430 2463 1486 Grzecorum
2519 1432 2759 1485 advexit.
2813 1430 3082 1485 Postridie
3132 1433 3294 1503 223
3325 1433 3498 1488 Graeci

1915 1521 2247 1594 Polydorum
2279 1541 2308 1578 e
2351 1526 2569 1595 regione
2599 1523 2742 1578 muri
2775 1525 3138 1587 constituunt,
3173 1527 3498 1598 Priamoque

1915 1615 2231 1685 signiﬁcant
2263 1625 2323 1669 ut
2372 1617 2626 1670 Helenam
2680 1615 2871 1670 reddat
2919 1615 3198 1686 liliumque
3236 1622 3496 1689 recipiat:

1915 1723 1981 1762 eo
2007 1707 2152 1763 facto
2191 1724 2249 1763 se
2280 1724 2415 1777 pace
2445 1708 2763 1763 conﬁrmata
2795 1707 3013 1762 demum
3038 1710 3332 1767 redituros.
3361 1715 3498 1767 Cum

1918 1799 1972 1852 id
2035 1814 2142 1852 non
2199 1808 2692 1868 consequerentur,
2733 1799 2990 1853 omnibus
3039 1801 3106 1855 de
3161 1783 3318 1858 muro
3369 1819 3502 1859 cou-

1919 1889 2280 1959 spicieutibus
2309 1890 2637 1961 Polydorum
2652 1893 2835 1961 gladio
2871 1893 3172 1948 trucidant.
3201 1893 3497 1962 Idomenei,

1919 1983 2010 2052 qui
2063 1999 2206 2039 unus
2235 1983 2302 2038 de
2337 1983 2570 2041 ducibus
2627 1986 2940 2044 Graecorum
2997 1989 3120 2056 fuit,
3150 1991 3330 2045 scriba
3396 1989 3501 2044 fuit

1920 2071 2126 2144 Dictys,
2161 2074 2248 2128 vir
2293 2077 2591 2144 praeclarus
2614 2086 2668 2132 et
2698 2080 2963 2147 prudens,
2998 2081 3143 2135 inter
3171 2097 3267 2136 eos
3312 2082 3404 2150 qui
3430 2097 3498 2134 ex

1917 2162 2078 2218 Creta
2112 2164 2180 2220 ad
2237 2165 2394 2220 Ilium
2427 2166 2551 2221 belli
2573 2182 2740 2224 causa
2793 2171 3023 2240 profecti
3083 2182 3232 2228 sunt.
3291 2170 3339 2227 Is
3385 2180 3500 2228 toto

1917 2257 2041 2311 belli
2068 2268 2310 2328 tempore
2364 2273 2488 2313 cum
2522 2259 2815 2317 Idomeneo
2842 2264 2965 2326 fuit,
2995 2273 3051 2318 et
3075 2266 3321 2318 omnium
3347 2281 3500 2334 qum-

1918 2367 2136 2421 cunque
2164 2353 2233 2407 ab
2263 2353 2421 2407 initio
2452 2354 2517 2408 ad
2545 2354 2706 2412 ﬁnem
2733 2372 2906 2426 usque
2943 2367 3093 2428 gesta
3138 2369 3287 2423 sunt,
3308 2375 3495 2413 veram

1918 2443 2201 2499 historiam
2249 2447 2603 2516 conscripsit.
2643 2447 2906 2504 Ductores
2951 2451 3115 2503 etiam
3158 2449 3497 2513 Grascorum,

1918 2551 2055 2604 quos
2085 2552 2278 2593 omnes
2311 2539 2540 2606 viderat,
2573 2543 2688 2595 suis
2720 2556 2991 2610 quemque
3050 2543 3196 2596 uotis
3235 2545 3500 2613 expressit

1917 2636 2286 2699 accurateque
2332 2631 2610 2700 depinxit;
2660 2640 2906 2702 tempora
2959 2648 3201 2703 quoque,
3251 2635 3366 2688 loca
3391 2634 3502 2688 cir—

1917 2722 2388 2791 cums4antiasque
2438 2739 2629 2779 onmes
2657 2727 2902 2778 omnium
2931 2743 3052 2795 quae
3084 2727 3177 2782 illo
3205 2728 3343 2782 bello
3374 2743 3506 2783 cve-

1918 2823 2139 2878 nerunt,
2169 2815 2456 2884 pet-Spicue
2492 2820 2792 2883 annotavit,
2823 2830 2876 2872 t-t
2909 2829 3042 2890 quot
3076 2824 3311 2892 quisque
3344 2824 3495 2894 prin-

1917 2906 2099 2974 cipum
2132 2920 2297 2961 naves
2320 2921 2505 2961 secum
2544 2909 2882 2974 adduxerit;
2923 2911 3068 2980 quod
3119 2912 3299 2982 ipsum
3332 2915 3494 2967 etiam

1917 3000 1985 3049 ab
2020 2997 2255 3052 Ilomero
2295 3009 2380 3054 est
2411 3001 2467 3053 in
2489 3002 2643 3055 libro
2669 3006 2915 3057 secundo
2948 3004 3131 3060 Iliadis
3161 3009 3495 3076 expositum.

1919 3089 2214 3143 Enimvero
2266 3107 2389 3144 eum
2441 3090 2643 3146 Hector
2692 3093 3004 3148 Graecorum
3060 3099 3248 3165 c0pias
3282 3106 3501 3168 urgeret

222 3189 462 3257 ἐγραζε,
497 3189 741 3250 καὶτοὺς
792 3189 1151 3258 χαρακτῆρας
1209 3189 1316 3240 τῶν
1363 3190 1682 3260 προμάχων,
1735 3192 1810 3255 ὡς

1920 3184 2229 3252 multosque
2281 3185 2633 3250 interﬁceret,
2666 3189 2841 3240 coacti
2893 3198 3022 3241 sunt
3062 3185 3232 3244 Graeci
3270 3190 3499 3246 Achillis

224 3285 439 3334 πανταε
470 3278 759 3350 ἑωρακὼς,
789 3279 1077 3350 ὑπέγραψε
1104 3281 1195 3332 καὶ
1217 3281 1458 3349 ἀκριὸιῦς
1483 3282 1808 3351 ὑπεμνημά-

222 3391 364 3426 τισε.
391 3373 534 3434 Τοὺς
581 3371 638 3423 δὲ
675 3371 901 3440 χρόνους
931 3372 1026 3422 καὶ
1060 3371 1259 3434 τόπους
1307 3371 1400 3423 καὶ
1448 3370 1685 3439 τρόπους
1719 3372 1811 3423 καὶ

225 3472 291 3521 τά
324 3468 540 3520 ἐκείνου
572 3464 667 3516 τοῦ
715 3463 956 3533 πολέμου
983 3463 1285 3532 διασαφῶν,
1345 3463 1485 3534 μετά
1523 3464 1811 3534 ἀκριϐείας

227 3555 694 3628 ἱστοριογραφῶν,
746 3558 842 3608 καὶ
889 3554 1010 3607 καθ’
1066 3554 1162 3606 ἕνα
1211 3553 1317 3606 τῶν
1361 3554 1640 3624 ἀρχόντων
1691 3553 1808 3624 μεθ’

225 3656 365 3705 ὅσων
395 3651 542 3720 νηῶν
571 3651 905 3717 παρεγένετο
937 3647 1218 3711 συνέταξε.
1245 3647 1416 3700 Τοῦτο
1442 3647 1498 3699 δὲ
1536 3647 1627 3699 καὶ
1657 3651 1712 3700 ἐν
1743 3647 1810 3717 τῇ

226 3741 463 3808 δευτέρα
492 3737 591 3806 τῆς
639 3738 858 3800 Ἰλιάδος
894 3737 1143 3808 ῥαψῳδία
1177 3738 1309 3806 παρ’
1351 3737 1574 3807 Ὁμήρῳ
1617 3734 1812 3804 δηλοῦ-

228 3853 337 3887 ται.
370 3832 482 3885 Τοῦ
531 3832 590 3884 δὲ
617 3830 883 3896 ’Έκτορος
924 3829 992 3882 τά
1022 3828 1132 3880 τῶν
1173 3829 1442 3897 Ἑλλήνων
1475 3827 1814 3898 στρατόπεδα

230 3924 661 3985 συνελαύνοντος
696 3925 790 3975 καὶ
819 3921 1048 3983 πολλοὺς
1075 3921 1426 3992 ἀναιροῦντος
1471 3921 1814 3991 ἠναγκάσθη⁹

229 4037 326 4071 σαν
385 4017 527 4086 πρὸς
597 4015 845 4084 Ἀχιλλέα
889 4014 1448 4087 διακηρυκεύσασθαι.
1503 4015 1673 4077 Μόλις
1722 4010 1815 4067 οὖν

228 4112 378 4175 εἴξας
431 4107 748 4176 Πάτροκλον
779 4107 962 4170 αὐτοῖς
994 4106 1083 4160 τὸν
1119 4107 1376 4176 φίλτατον
1419 4107 1633 4176 ἑταῖρον
1677 4105 1817 4175 μετὰ

227 4204 335 4253 τῶν
359 4199 732 4269 Μυρμιδόνων
758 4198 1111 4251 ἀποστέλλει·
1139 4197 1234 4250 καὶ
1258 4198 1314 4261 ὃς
1338 4197 1568 4262 ἐξελθὼν
1590 4197 1815 4260 πολλοὺς

231 4294 328 4361 μὲν
365 4292 590 4359 ἀναιρεῖ
637 4289 747 4341 τῶν
797 4288 1110 4358 βαρϐάρων,
1157 4291 1284 4351 τοὺς
1332 4290 1388 4342 δὲ
1421 4289 1629 4354 διώκει,
1680 4289 1816 4359 πρὸς

228 4385 423 4444 αὐτοῖς
453 4381 512 4434 δὲ
536 4381 735 4440 πύλαις
758 4377 861 4448 τῆς
889 4377 1097 4441 πόλεως
1123 4379 1228 4431 ὑπὸ
1261 4378 1522 4450 Ἕκτορος
1547 4381 1816 4432 κτείνεται

232 4474 570 4545 μαχόμενος.
622 4469 796 4524 Τοῦτο
847 4469 1033 4539 μαθὼν
1090 4469 1389 4539 Ἀχιλλεὺς,
1416 4472 1513 4524 καὶ
1541 4471 1701 4539 γνοὺς
1731 4471 1814 4523 ὅτι

1915 3289 2071 3343 opem
2094 3275 2275 3329 missis
2293 3275 2483 3344 legatis
2500 3277 2791 3345 implorare
2809 3294 2826 3346 ;
2843 3279 2996 3347 isque
3012 3295 3151 3350 a-gre
3169 3280 3500 3345 concedens,

1912 3362 2222 3417 Patroclum
2261 3380 2418 3418 suum
2453 3366 2834 3421 cbarissimum
2877 3369 3091 3423 socium
3119 3385 3243 3423 cum
3269 3371 3496 3441 Myrini-

1913 3455 2149 3509 donibus
2188 3457 2373 3512 mittit.
2403 3455 2687 3514 Patroclus
2714 3461 2900 3514 multis
2948 3460 3309 3517 Barbarorum
3345 3466 3496 3535 deje-

1914 3545 2041 3611 ctis,
2067 3546 2206 3601 alios
2234 3547 2505 3613 fugientes
2531 3563 2887 3619 persequens,
2916 3553 2980 3604 ad
3006 3553 3154 3622 ipsas
3185 3555 3334 3609 urbis
3370 3573 3499 3624 pur-

1917 3645 1999 3692 tas
2018 3653 2271 3708 pugnans
2307 3639 2374 3692 ab
2405 3638 2637 3695 Hectore
2665 3642 3021 3701 interimitur.
3053 3644 3108 3697 Id
3140 3645 3229 3699 ubi
3255 3645 3496 3702 Achilles

1915 3733 2204 3800 comperit,
2247 3747 2311 3786 ac
2362 3744 2625 3802 prteterea
2681 3737 2943 3790 statuisse
3004 3735 3289 3792 Hectorem
3326 3749 3495 3792 noctu

1917 3824 2116 3892 regina:
2166 3823 2526 3879 Penthesilea:
2573 3827 2788 3881 obviam
2859 3828 2958 3890 ire,
3015 3830 3154 3882 clam
3209 3840 3497 3898 amecapta

1915 3915 2329 3983 Opportunitate
2356 3931 2479 3969 cum
2513 3933 2614 3972 suo
2636 3919 2881 3972 exercitu
2904 3919 2958 3972 in
2992 3920 3208 3975 insidiis
3243 3938 3301 3974 se
3326 3923 3498 3986 abdit,

1919 4004 2319 4074 Hectoremqne
2344 4007 2566 4063 ﬂuvium
2601 4021 2972 4066 transeuntem
2998 4014 3133 4068 inter
3148 4014 3289 4079 licit;
3324 4029 3501 4082 neque

1919 4097 2093 4166 ipsum
2119 4099 2284 4172 224
2315 4102 2492 4165 modo,
2553 4105 2647 4157 sed
2677 4114 2733 4158 et
2765 4120 2955 4160 omnes
2997 4106 3109 4174 .qui
3143 4107 3192 4160 ei
3251 4107 3498 4170 aderant,

1921 4205 2030 4244 uno
2055 4191 2296 4259 dempto,
2325 4209 2486 4262 quem
2518 4195 2763 4262 praecisis
2797 4197 3048 4250 manibus
3078 4195 3294 4251 Priamo
3325 4199 3502 4251 cladis

1919 4284 2172 4337 nuntium
2197 4285 2382 4337 mittit.
2412 4285 2532 4354 Ipse
2562 4301 2762 4356 corpus
2793 4289 3043 4344 Hectoris
3084 4291 3270 4344 currui
3296 4305 3502 4360 appen-

1919 4391 2038 4431 Sum
2085 4385 2472 4446 raptatumque
2505 4388 2633 4433 ante
2688 4380 2865 4433 lucem
2899 4384 2950 4433 in
2975 4399 3135 4436 suum
3173 4385 3496 4452 tentorium,

1919 4469 2138 4524 nemine
2160 4469 2471 4524 Graecorum
2504 4472 2734 4536 sciente,
2770 4472 2996 4542 perfert.
3029 4474 3302 4531 Posu'idie
3344 4477 3504 4534 Pria-

231 4566 396 4635 βουλή
435 4565 555 4616 ἐστι
582 4561 665 4632 τῷ
705 4563 935 4632 Ἕκτορι
964 4562 1158 4625 νυκτὸς
1198 4565 1264 4632 τῇ
1303 4561 1531 4633 βασιλίδι
1563 4562 1814 4615 Πενθεσι-

1924 4577 2046 4617 mus
2079 4561 2268 4616 habitu
2304 4563 2518 4632 lugubri
2586 4573 2825 4632 sumptu,
2851 4580 3036 4620 secum
3080 4567 3262 4624 ferens
3304 4586 3500 4627 aurum

227 4657 347 4728 λείᾳ
390 4656 739 4724 ἀπαντῆσαι,
791 4655 969 4726 λάθρα
1031 4655 1356 4725 προφθάσας
1407 4655 1522 4724 ἃμα
1567 4653 1644 4723 τῷ
1703 4653 1817 4723 ἰδίῳ

230 4750 451 4818 στρατῴ
485 4751 577 4801 καὶ
607 4748 937 4818 ἀποκρύψας
962 4748 1154 4800 ἑαυτὸν
1176 4747 1266 4798 τὸν
1291 4747 1535 4816 ποταμὸν
1561 4745 1818 4816 περῶντα

230 4844 479 4912 Ἕκτορα
525 4843 751 4908 κτείνει,
787 4844 848 4894 οὐ
884 4843 1044 4912 μόνον
1070 4842 1254 4905 αὐτὸν,
1298 4842 1432 4895 ἀλλὰ
1466 4843 1560 4894 καὶ
1606 4842 1816 4904 πάντας

229 4941 352 5000 τοὺς
387 4937 690 5003 ἑπομένους
732 4934 902 5003 αύτῷ,
963 4933 1102 5001 πλὴν
1143 4933 1260 4995 ἑνὸς
1301 4933 1361 4985 ὃν
1413 4935 1816 5003 χειροκοπήσας

230 5030 466 5093 (ἰοί-,εἷσον
521 5025 735 5094 έπεμψε
787 5027 1053 5096 Πριάμῳ·
1089 5027 1250 5088 αὺτεις
1306 5025 1363 5077 δὲ
1413 5026 1472 5078 τὸ
1523 5025 1681 5094 σῶμα
1714 5026 1808 5077 τοῦ

233 5122 504 5188 Ἕκτορος
537 5119 732 5188 δίφρου
765 5117 1080 5188 ὲξηρτηκὼς
1135 5117 1360 5188 μηδενὸς
1389 5117 1497 5169 τῶν
1541 5117 1812 5186 Ἑλλήνων

231 5216 454 5280 γνόν;ο;
513 5215 595 5273 εὶς
651 5212 752 5279 τὴν
808 5211 972 5263 αὑτοῦ
1025 5213 1231 5282 σκηνὴν
1265 5213 1389 5279 ἄγει
1445 5212 1551 5282 πρὸ
1598 5212 1814 5282 ἡμέρας

234 5305 616 5357 καταικισθέν.
651 5303 710 5356 '0
737 5304 794 5354 δὲ
822 5304 1065 5374 Πρίαμος
1088 5306 1151 5373 τῇ
1185 5304 1312 5371 ἑξῆς
1336 5305 1521 5373 σχῆμα
1552 5301 1811 5370 πένθιμον

235 5397 624 5467 περιθέμενος,
657 5397 857 5467 χρυσόν
903 5413 964 5449 τε
1013 5397 1109 5450 καὶ
1161 5397 1399 5466 ἄργυρον
1456 5396 1551 5447 καὶ
1609 5395 1811 5463 ἐσθῆτα

1923 4667 2206 4725 argentum
2242 4672 2306 4708 ac
2337 4662 2602 4724 pretiosas
2630 4657 2830 4714 vestes‘.
2861 4660 3065 4713 ducens
3103 4661 3271 4714 etiam
3309 4678 3497 4717 secum

1923 4748 2086 4799 tiliam
2136 4745 2487 4817 Pol3xenam,
2550 4751 2843 4801 l‘orrnOsam
2905 4752 3195 4819 virginem,
3263 4762 3318 4806 et
3394 4756 3506 4808 An-

1921 4839 2273 4892 dromacham
2318 4839 2568 4894 Hectoris
2633 4857 2883 4907 uxorem,
2942 4845 3310 4914 parvulosque
3386 4849 3506 4914 ejus

1925 4933 2120 4986 ﬁliolos
2162 4933 2548 5004 Astyanactem
2580 4943 2633 4988 et
2682 4932 3128 4998 Laomedontem.
3195 4953 3365 4993 ausus
3423 4953 3507 4990 νει

1921 5028 2061 5080 inter
2114 5027 2322 5080 medios
2387 5025 2698 5081 Graecorum
2780 5030 3055 5097 principes
3106 5045 3167 5083 se
3228 5031 3500 5101 ingerere.

1919 5131 2124 5185 eosque
2179 5118 2402 5185 supplex
2462 5131 2622 5170 orare
2661 5118 2738 5169 uti
2807 5133 2904 5186 pro
2931 5134 2988 5173 se
3037 5121 3181 5189 apud
3232 5121 3496 5176 Achillem

1920 5211 2304 5280 deprecatores
2331 5209 2543 5274 ﬁerent,
2567 5220 2622 5263 ut
2653 5210 2699 5264 is
2723 5210 2977 5266 Hectoris
3001 5228 3203 5282 corpus
3221 5214 3500 5269 redimen-

1918 5302 2046 5355 dum
2067 5301 2242 5356 daret.
2295 5301 2497 5356 Illiserti
2534 5311 2664 5356 sunt
2711 5304 2884 5366 senis,
2934 5318 3057 5357 cum
3118 5313 3344 5376 stupore
3398 5307 3495 5359 ad.

1921 5394 2102 5447 mirati
2139 5395 2444 5460 audaciam,
2481 5393 2677 5449 Nestor
2713 5407 2766 5450 et
2807 5394 3165 5465 Idomeneus;
3193 5413 3257 5453 ac
3284 5399 3493 5468 priores

1400 5513 1758 5568 XYLANDRI
1791 5513 1880 5568 ET
1909 5513 2120 5568 GOARI
2156 5511 2382 5568 ΝΟΤΕ.

306 5632 381 5697 (ii
409 5633 464 5685 In
499 5633 746 5701 margine
776 5654 787 5686 :
836 5633 1050 5697 Δίκτυς,
1083 5633 1140 5697 ἐξ
1173 5627 1234 5687 οὗ
1270 5635 1518 5700 Ὄμηρος
1559 5632 1815 5702 ἀφορμήν

237 5703 470 5771 εἶληςρὼς
491 5705 591 5770 τὴν
626 5703 818 5756 Ἰλιάδα
840 5705 1148 5769 συνέταξεν,
1173 5705 1310 5774 μετὰ
1335 5704 1416 5772 ρον
1438 5704 1530 5772 ἔτη
1553 5703 1650 5770 τῆς
1674 5701 1812 5754 ἀλώ-

243 5788 373 5846 ςίως
401 5774 622 5846 Τροίας.
649 5774 757 5844 Ego
790 5788 846 5828 ω
877 5791 982 5828 nm.
1015 5773 1203 5844 "ego".
1228 5773 1417 5845 Dii-tyn
1453 5784 1614 5842 atque
1646 5774 1808 5846 etiam

244 5841 478 5900 Dare-tein
531 5841 814 5900 historiam
869 5847 991 5902 belli
1033 5841 1253 5916 Trojaui
1301 5841 1696 5916 composuisSC,
1734 5842 1804 5895 ita

1920 5631 2236 5701 persuaderi
2265 5631 2396 5684 mihi
2431 5646 2706 5700 nunquam
2745 5633 2921 5700 patiar
2949 5641 3006 5684 ut
3040 5633 3133 5700 qui
3178 5632 3335 5688 hodie
3368 5632 3490 5688 istis

1920 5705 2091 5757 titulis
2115 5703 2580 5754 circumferuntur
2613 5702 2801 5766 libelli,
2837 5718 2934 5770 pro
2964 5704 3216 5768 genuinis
3256 5711 3346 5756 aut
3383 5705 3490 5760 licio

1921 5777 1999 5829 \el
2032 5775 2193 5830 etiam
2221 5773 2360 5829 lectu
2401 5773 2578 5842 dignis
2615 5773 2859 5827 habeam.
2901 5773 3027 5825 λιι.
