4214 6448
229 415 338 481 301

1299 415 1844 476 IIISTORIARUM
1884 416 2418 478 COMPENDIUM.

3407 430 3512 492 303

228 530 525 586 εκτοῦντα.
560 531 650 596 Ὠς
692 532 799 602 γὰρ
822 532 1091 598 Δέξιππος
1135 531 1362 602 ἱστορεῖ,
1385 534 1564 584 πᾶσαν
1602 535 1823 602 ἄσκησιι

1938 534 2017 586 hit
2060 536 2318 591 omnibus
2366 538 2611 604 corporis
2645 542 3128 600 exercitationibus
3182 544 3352 601 fuisse
3388 562 3512 603 cum

228 623 455 692 ἠσκήθη
486 624 824 692 σωματικὴν,
844 623 1254 691 Ἀριστοτέλους
1281 622 1653 691 γνησιώτατος
1679 639 1836 688 γεγο-

226 714 337 777 νὼς
382 713 664 782 φοιτητὴςς
709 714 791 774 εἰς
832 729 890 764 τε
938 711 1130 778 λόγους
1176 711 1397 781 ἀριστος
1443 715 1534 764 καὶ
1581 715 1658 774 εἷς
1698 711 1836 780 ἔρῃ

228 804 628 872 ἐπαινούμενος
676 804 898 873 εὑρέθη.
941 803 1022 856 Τὸ.
1069 804 1125 856 δὲ
1176 804 1448 870 πολεμικά
1501 805 1830 872 θαυμαστῶς

230 895 489 948 ὑπελθὼν
529 895 751 958 πειθοῦς
793 895 917 959 ἄξια
953 894 1301 963 διεπράξατο.
1347 895 1682 958 Βασιλεύσας
1724 896 1831 965 γάρ

227 991 460 1059 χρόνους
483 989 626 1041 ὀκτὼ
644 992 766 1051 τοὺς
791 989 1109 1051 Μακεδόνας
1135 991 1228 1042 καὶ
1256 988 1544 1057 Ἰλλυρ.οὺς
1572 989 1665 1039 καὶ
1687 988 1833 1057 Θρᾷ-

228 1100 331 1144 κας
365 1083 601 1146 ὑπέταξε
621 1123 635 1145 ,
663 1081 759 1151 τὴν
793 1081 1023 1134 Ἑλλάδα
1053 1080 1391 1148 κατέστρεψε
1413 1121 1425 1139 ,
1461 1081 1553 1132 καὶ
1581 1081 1705 1140 τοὺς
1737 1081 1830 1132 τοῦ

227 1176 442 1242 πατρὸς
469 1176 664 1243 φονέας
689 1175 1143 1243 τιμωρησάμενος
1168 1174 1260 1223 καὶ
1285 1175 1408 1234 τους
1438 1173 1671 1224 Παίονας
1698 1173 1833 1225 ὑπο-

225 1266 399 1328 τάξας
436 1267 529 1317 ἐπὶ
557 1265 656 1334 τὴν
686 1265 870 1318 Ἀσίαν
898 1265 1152 1336 διαπερᾷ.
1184 1265 1289 1316 Καὶ
1319 1270 1414 1334 την
1450 1265 1700 1334 Πριάμου
1736 1265 1832 1316 πύ-

226 1359 309 1408 λιν
340 1358 437 1409 καὶ
468 1358 566 1421 τὰς
598 1360 654 1410 ἐν
686 1359 856 1428 Λυδίᾳ
889 1359 1111 1428 Σάρδεις
1144 1358 1416 1422 ὑποτάξας
1449 1359 1538 1408 ἐπὶ
1576 1358 1831 1412 Κιλικίαν

225 1451 575 1517 άςικνεῖται,
606 1453 700 1504 καὶ
731 1451 820 1502 τὸν
851 1454 1074 1521 Δαρεῖον
1104 1449 1568 1518 καταπολεμήσας
1602 1449 1694 1501 καὶ
1730 1452 1826 1519 ἡτ-

226 1546 404 1611 τιςσας
455 1545 737 1612 ἀμύθητον
785 1545 944 1612 φόνον
992 1543 1307 1613 ἐργάζεται.
1361 1543 1470 1603 Τάς
1530 1542 1830 1609 παραλίους

225 1638 488 1704 Φοινίκης
533 1637 952 1707 παραλαμϐάνει
1001 1637 1204 1697 πόλεις.
1236 1636 1406 1686 Ἔνθα
1451 1634 1546 1687 καὶ
1589 1635 1831 1704 Σάτυρον

229 1727 422 1796 βλέπει
457 1728 580 1779 καθ’
605 1728 828 1790 ὒπνους,
859 1729 918 1779 ὲν
942 1731 1007 1798 τῇ
1043 1726 1306 1796 πορθήσει
1329 1725 1528 1794 Τύρου,
1557 1728 1830 1793 φήσαντος

224 1819 380 1888 αὐτῷ
415 1819 508 1870 τοῦ
554 1820 948 1889 ὁνειροκρίτου·
995 1820 1072 1871 Σά
1114 1818 1321 1886 Τύρος,
1361 1817 1696 1886 Ἀλέξανδρε.
1727 1817 1828 1867 "HV

228 1909 347 1976 ἃμα
396 1907 589 1959 Σιδῶνι
637 1908 872 1978 δῃώσας,
925 1909 1020 1961 ἐπὶ
1066 1908 1166 1977 τὴν
1201 1906 1461 1960 Ἰουδαίαν
1510 1905 1681 1957 ἐλθὼν
1733 1909 1823 1958 καὶ

223 2001 434 2066 ταύτην
484 1998 652 2064 ἐλὼν,
707 2001 811 2052 ὑπὸ
855 2001 950 2052 τοῦ
1001 2001 1303 2070 ἀρχιερέως
1333 1998 1496 2052 ’Λδδὼ
1539 1999 1818 2068 τιμηθεὶς,

225 2094 398 2155 (λύσας
428 2093 506 2162 τῷ
534 2092 651 2162 Θεῷ
677 2095 751 2155 ὠς
779 2093 909 2163 παρ’
930 2095 1096 2146 αὑτοῦ
1123 2093 1222 2162 τὴν
1249 2093 1574 2163 οἰκουμένην
1603 2108 1823 2159 προσει-

225 2187 439 2255 ληφὼς,
464 2189 832 2259 Ἀνδρόμαχον
857 2189 964 2240 τῶν
989 2189 1170 2241 τόπων
1193 2188 1529 2258 ἐπιμελητὴν
1554 2188 1822 2256 κατέστη-

227 2296 359 2332 σενο
420 2281 486 2332 ὃν
535 2280 763 2349 ὕστερον
813 2281 1150 2350 Σαμαρεῖται
1199 2281 1619 2342 ἀποκτείναντες
1667 2281 1821 2342 δίκας

226 2376 434 2429 ἔτισαν.
471 2374 592 2428 Ἐπὶ
635 2375 878 2440 τούτοις,
923 2377 1105 2440 Γάζαν
1146 2377 1239 2429 καὶ
1284 2377 1542 2445 Κυρήνην
1583 2374 1676 2426 καὶ
1723 2376 1821 2442 τὴν

223 2464 520 2518 Γαλιλαίαν
546 2465 704 2529 ἐλὼν,
734 2469 811 2528 εἰς
835 2467 932 2536 τὴν
956 2469 1227 2534 Αἴγυπτον
1252 2467 1498 2534 ἀφίκετο.
1523 2466 1689 2517 Ἐνοα
1717 2467 1817 2535 τήν

221 2571 278 2608 τε
317 2555 554 2625 ἄνυδρον
587 2557 774 2626 χώραν
809 2560 902 2611 καὶ
937 2559 1033 2629 τὴν
1067 2559 1405 2629 πικροτάτην
1439 2559 1634 2628 λίμνην
1667 2558 1725 2610 τό
1760 2575 1817 2608 τε

224 2648 374 2716 ίεῖλν
403 2650 707 2717 Ἄμμωνος
755 2652 850 2703 καὶ
896 2653 997 2704 ὅσα
1041 2653 1174 2721 παρ’
1198 2651 1476 2718 Αἴγυπτον
1527 2649 1822 2718 μυθεύεται

226 2742 598 2808 Θεασάμενος,
627 2742 723 2794 καὶ
759 2744 922 2810 ἱεροῖς
954 2743 1268 2813 ἀναθήμασι
1296 2745 1556 2813 τιμήσας,
1585 2743 1718 2810 πρὶς
1746 2741 1822 2809 τῷ

222 2832 318 2895 τῆς
367 2830 653 2901 θαλάσσης
703 2833 930 2900 στόματι
978 2834 1132 2886 πόλιν
1177 2834 1467 2902 ἐπώνυμον
1507 2833 1684 2900 ἑαυτῷ
1726 2833 1820 2900 τὴν

235 2923 653 2993 Ἀλεξάνδρειαν
687 2926 888 2988 κτίζει,
922 2926 999 2995 τῷ
1031 2925 1242 2994 ἑϐδόμῳ
1275 2926 1384 2977 ἕτει
1413 2925 1512 2993 τῆς
1545 2923 1820 2993 βασιλείας

224 3015 416 3068 αὑτοῦ.
445 3018 555 3069 Καὶ
581 3017 669 3069 διὰ
698 3018 797 3086 τῆς
827 3019 920 3070 τοῦ
954 3019 1149 3070 Νείλου
1179 3018 1445 3088 διώρυγος
1474 3020 1565 3069 ἐπὶ
1592 3018 1688 3084 τὴν
1714 3016 1820 3067 τῶν

235 3108 542 3176 Ἀσσυρίων
575 3108 675 3176 γῆν
706 3109 944 3178 ἔρχεται,
974 3111 1066 3162 καὶ
1099 3109 1416 3179 πολεμήσας
1443 3111 1666 3178 Δαρεῖον
1691 3110 1821 3160 ἐκα-

225 3202 312 3250 τον
353 3197 397 3251 λ’
417 3200 663 3270 χιλιάδας
701 3202 1003 3271 Ἀσσυρίων
1040 3203 1362 3272 διαφθείρει.
1408 3204 1579 3264 Αὐτὸς
1620 3202 1677 3254 δὲ
1719 3206 1822 3252 Δα-
1850 3245 1891 3272 ι,

227 3294 373 3360 ρεῖος
411 3291 632 3359 φεύγων
664 3293 769 3344 ὑπὸ
807 3293 934 3345 ίδίου
973 3295 1253 3363 σατράπου
1291 3294 1482 3364 (ὄνομα
1517 3295 1689 3362 τούτῳ
1723 3295 1820 3346 Βέ-

230 3387 339 3450 σος)
389 3384 499 3453 τὴν
543 3385 789 3453 κεφαλὴν
833 3385 1155 3452 ἀφαιρεθεὶς
1192 3387 1437 3456 τελευτᾷ.
1483 3387 1674 3440 Ἀλλ“ὁ
1724 3390 1820 3455 μὲν

229 3475 518 3541 σατράπης
550 3475 708 3536 δίκας
745 3475 910 3534 ἔτισε,
943 3477 1002 3526 τὸ
1036 3475 1091 3528 δὲ
1124 3475 1351 3545 Δαρείου
1388 3476 1546 3543 σῶμα
1585 3477 1818 3545 ἐντίμως

227 3568 534 3636 κηδεύεται.
569 3567 680 3636 Τήν
709 3584 767 3618 τε
803 3567 1137 3637 Περσέπολιν
1165 3568 1374 3630 διαϐάς,
1411 3568 1538 3620 ἔνθα
1572 3572 1639 3622 τά
1679 3572 1820 3636 [ιερ-

227 3660 333 3710 σῶν
367 3658 641 3726 βασ.λεια,
673 3661 841 3729 αὑτήν
872 3676 931 3711 τε
960 3653 1070 3711 εἷλε
1102 3661 1197 3712 καὶ
1226 3659 1436 3712 Σοῦσαν
1465 3662 1559 3712 καὶ
1590 3661 1686 3724 τάς
1714 3664 1818 3713 Δα-

229 3756 376 3820 ρείου
407 3755 718 3824 θυγατέρας
752 3754 868 3821 ἅμα
898 3757 961 3822 τῇ
997 3755 1163 3824 μητρὶ
1198 3756 1289 3806 καὶ
1326 3755 1546 3825 μάμμῃ.
1583 3757 1692 3808 Καὶ
1722 3755 1804 3825 [Ρ.

229 3846 353 3916 152]
385 3846 701 3909 καταλύσας
729 3849 824 3914 τὴν
854 3847 1077 3915 “apert-3v
1105 3846 1281 3915 ἀρχὴν
1308 3846 1676 3913 διαρκέσασαν
1705 3847 1811 3898 ἀπο

225 3941 414 4008 Κύρου
446 3939 544 4007 ἐτη
577 3938 672 4000 οϐ’,
704 3939 801 3999 τάς
830 3954 886 3989 τε
920 3936 1104 4000 πόλεις
1136 3937 1494 4006 πυρπολήσας
1526 3938 1616 3988 καὶ
1647 3937 1736 3988 τον
1764 3938 1821 3989 ἐν

226 4033 419 4092 αὐταῖς
451 4032 787 4099 ἀφελόμενος
824 4031 1087 4094 πλοῦτον,
1125 4033 1261 4100 πρὸς
1299 4031 1553 4097 Μάρδους
1587 4031 1681 4083 καὶ
1718 4033 1822 4083 Κε-

225 4123 510 4193 δρουσίους
553 4125 648 4174 καὶ
680 4122 983 4190 Ὑρκανοὺς
1020 4123 1113 4174 καὶ
1146 4123 1272 4183 τοὺς
1310 4121 1640 4189 λεγομένους
1676 4122 1822 4189 Ἀρι-

228 4214 515 4283 μασττοίις,
557 4211 618 4274 ἐξ
657 4205 732 4267 ὧν
770 4211 1044 4282 Θαλευτὴν
1087 4211 1184 4281 τὴν
1222 4211 1494 4281 Ἀμαζόνα
1536 4210 1824 4279 σύμμαχον

226 4306 466 4369 ἐδέξατο,
508 4304 921 4371 Παραπανίταις
950 4322 1009 4356 τε
1045 4307 1136 4357 καὶ
1170 4305 1443 4373 τοῖςπερὶ
1474 4303 1564 4355 τὸν
1591 4302 1818 4374 Θερμώ-

226 4397 387 4448 δοντα
412 4399 508 4448 καὶ
525 4394 626 4464 τὴν
648 4396 946 4464 λεγομένην
979 4398 1204 4464 Ἄορνον
1230 4397 1437 4464 πέτραν
1462 4397 1818 4464 ὲπεφοίτησε,

510 4489 610 4556 τὴν
641 4487 823 4540 Ἰνδῶν
863 4488 1070 4557 χώραν,
1108 4483 1174 4559 ἧς
1217 4489 1405 4557 Πῶρος
1449 4489 1818 4550 ἐϐασίλευσεν,

227 4505 296 4523 ’,ν

233 4491 365 4554 πρὸς
406 4504 464 4540 τε

1941 630 2242 682 cxereitatu
2271 648 2325 681 ιι.
2388 630 2702 686 Aristotelis
2735 634 3188 701 diligentissimus
3214 637 3310 691 fuit
3343 639 3511 694 disci~

1941 720 2120 787 pulus.
2149 720 2334 789 Neque
2369 725 2620 778 oratione
2650 737 2882 792 lanium,
2906 731 3001 784 sed
3031 741 3086 786 et
3111 733 3270 788 factis
3298 735 3513 790 laudem

1941 812 2160 868 meruit.
2210 815 2287 867 Ite
2313 814 2506 870 bellica
2568 820 2764 873 mirum
2799 820 2851 874 in
2901 825 3122 878 modum
3155 827 3367 895 polluit,
3393 847 3488 900 ges

1938 905 2119 972 sitque
2191 921 2278 960 res
2327 911 2645 977 stupendas.
2704 912 2972 970 Octennio
3017 919 3162 972 enim
3225 924 3306 975 sui
3360 928 3513 994 regni

1938 990 2285 1060 Macedonas,
2310 995 2520 1066 Illyrios
2537 1016 2596 1052 ac
2621 1001 2862 1056 Thraces
2889 1006 3220 1076 subjugavit,
3250 990 3512 1066 Gneciam

1937 1086 2168 1150 domuit,
2215 1089 2390 1156 patris
2418 1105 2770 1156 percussores
2799 1095 2945 1148 ultus
2967 1107 3069 1160 est,
3111 1097 3514 1170 Paeonibusque

1937 1176 2200 1237 subactis,
2231 1177 2282 1228 in
2330 1181 2515 1232 Asiam
2561 1184 2794 1250 trajecit.
2847 1185 2921 1238 lbi
2972 1187 3068 1241 Ilio
3129 1200 3183 1243 et
3244 1191 3512 1248 Sardibus

1942 1266 2119 1333 captis
2173 1266 2226 1319 iu
2269 1267 2517 1322 Ciliciam
2581 1273 2857 1340 profectus
2924 1275 3140 1330 Darium
3193 1281 3508 1347 debellavit,

1937 1353 2156 1417 ingcnte
2186 1353 2422 1405 hostium
2452 1357 2594 1410 edita
2626 1369 2821 1428 strage.
2849 1361 2986 1415 Tum
3017 1367 3319 1424 maritimas
3347 1371 3512 1423 Phai-

1937 1440 2091 1494 uicize
2127 1443 2290 1496 urbes
2325 1445 2487 1516 266
2527 1449 2812 1517 recipiens,
2854 1454 2903 1505 in
2941 1460 3347 1526 oppugnatione
3389 1463 3512 1530 Tyri

1936 1532 2185 1604 Satyrum
2223 1551 2319 1605 per
2347 1540 2584 1606 quietem
2615 1544 2749 1595 vidit
2784 1561 2797 1596 :
2837 1549 2981 1614 quod
3011 1550 3271 1604 insomnii
3315 1556 3503 1622 conje-

1935 1636 2054 1679 ('lOl'
2092 1628 2164 1680 ita
2193 1632 2443 1695 exposuit
2484 1651 2495 1685 :
2539 1633 2608 1685 Sa
2639 1634 2809 1704 Tyros
2839 1637 2974 1702 (Tua
3008 1650 3090 1693 est
3123 1641 3342 1711 Tyrus).
3367 1645 3510 1716 Tyro

1933 1730 2064 1784 ergo
2100 1731 2163 1769 ac
2197 1717 2400 1772 Sidone
2448 1725 2673 1777 vastatis
2721 1727 2773 1777 in
2811 1724 3051 1782 Juda-am
3117 1733 3286 1795 venit,
3335 1749 3511 1803 eaque

1935 1810 2140 1874 potitus
2203 1810 2272 1864 ab
2325 1811 2553 1868 Addone
2602 1818 2860 1884 pontiﬁce
2918 1823 3157 1877 maximo
3207 1823 3511 1879 honoriﬁce

1933 1911 2218 1970 exceptus,
2282 1902 2396 1959 Deo
2436 1922 2549 1960 rem
2598 1925 2813 1964 sacram
2851 1911 3002 1976 fecit,
3050 1915 3195 1984 quod
3252 1919 3508 1970 nimirum

1932 1991 2000 2042 ab
2033 1993 2151 2060 ipso
2197 1997 2385 2050 orbem
2415 2007 2687 2053 terrarum
2729 2004 2781 2054 in
2827 2018 2982 2057 suam
3051 2015 3377 2074 potestatem
3409 2023 3503 2061 ac-

1931 2085 2184 2153 cepisset.
2213 2086 2291 2141 Ac
2316 2085 2516 2144 Iudaea:
2550 2091 2994 2149 Andromachum
3028 2098 3302 2166 praefecit,
3337 2117 3503 2168 quem

1933 2176 2214 2232 Samaritae
2245 2193 2430 2250 postea
2468 2199 2593 2238 cum
2646 2187 3010 2255 occidissent,
3064 2190 3288 2268 impune
3320 2194 3373 2248 id
3423 2193 3506 2246 fa-

1931 2280 2074 2325 ctum
2131 2289 2238 2328 non
2301 2277 2566 2331 tulerunt.
2630 2280 2756 2334 Post
2833 2282 2945 2336 hasc
3005 2282 3406 2356 Gaza,C_vrene
3451 2297 3508 2341 ct

1931 2363 2152 2419 Galilzea
2217 2372 2503 2437 occupatis
2563 2373 2616 2424 in
2674 2373 2968 2444 Aigyptum
3032 2392 3090 2430 se
3129 2379 3380 2433 contulit.
3432 2380 3506 2434 lbi

1933 2465 2134 2510 terram
2185 2473 2340 2528 aquae
2393 2473 2696 2531 expertem,
2776 2469 3175 2522 amarissimam
3230 2471 3502 2541 paludem,

1934 2550 2193 2618 templum
2246 2557 2546 2614 Ammonis,
2597 2565 2650 2608 et
2681 2573 2799 2625 qua:
2840 2561 2945 2612 alia
2987 2562 3040 2613 in
3078 2561 3311 2633 zEgypto
3340 2562 3500 2618 fabu-

1932 2643 2045 2697 losa
2082 2648 2626 2714 suntcoutcmplatus
2652 2688 2665 2710 ,
2701 2665 2764 2702 ac
2797 2650 2936 2705 fauis
2985 2653 3214 2707 donaria
3240 2656 3496 2725 largitus,

1929 2735 1994 2788 ad
2032 2735 2218 2790 fauces
2244 2737 2412 2792 maris
2466 2738 2654 2791 urbem
2689 2741 2790 2794 sibi
2859 2745 3237 2812 cognominem
3267 2746 3507 2799 Alexan-

1930 2829 2108 2880 driam
2153 2830 2374 2897 posuit,
2409 2845 2555 2882 anno
2592 2833 2676 2884 sui
2744 2834 2894 2902 regni
2942 2837 3193 2903 septimo.
3234 2837 3372 2892 llinc
3406 2855 3504 2908 per

1930 2917 2032 2971 Nili
2088 2917 2291 2972 fossam
2363 2921 2417 2974 in
2474 2923 2756 2990 Assyriam
2817 2925 3100 2991 advectus,
3155 2944 3333 2999 pugna
3377 2946 3502 2985 cum

1932 3010 2094 3063 Dario
2120 3011 2286 3075 facta,
2347 3012 2446 3066 150
2485 3016 2652 3067 millia
2717 3015 3071 3087 Assyriorum
3143 3021 3359 3075 delevit.
3395 3021 3504 3075 Da-

1931 3105 2046 3158 rius
2091 3106 2143 3158 in
2189 3105 2313 3175 fuga
2349 3121 2376 3158 a
2417 3106 2583 3162 Besso
2615 3117 2833 3179 satrapa
2879 3126 2979 3166 suo
3003 3113 3180 3182 capite
3212 3123 3504 3170 truncatus

1932 3197 2111 3263 periit.
2169 3196 2272 3251 Sed
2334 3196 2536 3252 Bessus
2600 3215 2792 3268 pmnas
2852 3202 3077 3258 sceleris
3127 3205 3296 3269 dedit,
3352 3206 3497 3260 Darii

1925 3306 2126 3358 corpus
2160 3291 2470 3346 Alexander
2498 3293 2798 3347 honoriﬁce
2859 3296 3123 3365 sepelivit.
3171 3298 3342 3352 Porro
3374 3298 3501 3353 Pe:-

1925 3383 2159 3452 sepolin,
2194 3384 2280 3436 ubi
2312 3386 2459 3453 regia
2492 3394 2611 3438 erat
2659 3385 2970 3454 Persarum,
3022 3389 3321 3458 profectus,
3380 3407 3500 3446 eam

1926 3477 2138 3538 urbem,
2194 3490 2258 3529 ac
2313 3474 2453 3530 Susa
2485 3480 2648 3530 etiam
2705 3488 2759 3532 et
2787 3481 2926 3534 tilias
2957 3493 3185 3535 matrem
3211 3486 3500 3554 aviumque

1925 3566 2068 3618 Darii
2095 3568 2263 3634 cepit.
2309 3568 2378 3622 lis
2437 3570 2666 3622 urbibus
2699 3569 2958 3635 incensis,
2993 3572 3392 3644 Persarumque
3418 3593 3501 3631 re-

1927 3674 2053 3728 gno,
2081 3661 2227 3728 quod
2283 3679 2311 3712 a
2345 3660 2486 3731 Cyro
2545 3678 2720 3718 annos
2768 3664 2874 3716 τοι
2931 3665 3246 3730 duraverat,
3285 3682 3498 3729 everso.

1926 3751 2197 3804 thesauris
2221 3793 2235 3816 ,
2269 3752 2489 3806 urbium
2535 3769 2725 3808 earum
2758 3757 3004 3822 .ablatis,
3045 3759 3098 3812 in
3136 3757 3501 3825 Mardos,Ge-

1925 3843 2166 3907 drosios,
2216 3841 2577 3914 llyrcauos'et
2602 3847 2923 3916 Arimaspos
2979 3849 3168 3905 duxit;
3203 3866 3266 3904 ex
3303 3853 3501 3921 quibus

1925 3934 2231 3990 Thaleutan
2266 3941 2592 3992 Amazonem
2651 3941 2856 3992 sociam
2909 3942 3037 3995 belli
3073 3943 3325 3999 adscivit.
3368 3945 3500 4000 lude

1925 4024 2304 4094 Paropanitas,
2335 4038 2386 4081 et
2408 4044 2502 4082 eos
2531 4030 2622 4097 qui
2681 4031 2744 4082 ad
2784 4029 3244 4086 Thermodontem
3275 4033 3499 4089 ﬂuvium

1926 4134 1988 4171 ac
2037 4134 2230 4172 saxum
2303 4119 2542 4172 Aornum
2611 4123 2876 4185 habitant,
2947 4126 3122 4192 petiit.
3168 4126 3249 4179 Ab
3306 4127 3393 4180 his
3440 4130 3495 4181 in

1926 4209 2128 4263 Indiam
2187 4211 2489 4277 contendit,
2519 4214 2606 4268 tibi
2646 4215 2819 4268 Porus
2856 4216 3139 4285 regnabat,
3198 4218 3279 4271 vir
3323 4219 3499 4274 forma

1927 4301 2193 4369 factisque
2252 4318 2525 4358 summus.
2585 4305 2634 4357 ls
2683 4320 2806 4358 cum
2864 4307 3176 4361 Alexandro
3239 4321 3498 4366 conserto

1928 4394 2146 4463 pradio,
2205 4395 2392 4447 multis
2419 4397 2672 4449 Indorum
2707 4413 2931 4452 suorum
2982 4401 3232 4461 amissis,
3273 4413 3499 4472 accepto

1928 4485 1980 4535 in
2030 4484 2277 4537 cubitum
2324 4485 2551 4538 vulnere
2601 4503 2726 4539 cum
2759 4488 3053 4557 elephanto
3086 4491 3350 4553 concidit,
3379 4494 3501 4548 dili-

225 4580 363 4649 ά.-ίι;ρ
402 4578 533 4631 εῖδει
565 4594 623 4630 τε
659 4580 752 4630 καὶ
788 4577 932 4647 ἔργῳ
974 4581 1265 4645 μέγιστος,
1299 4579 1355 4640 ὃς
1393 4581 1484 4632 καὶ
1521 4581 1598 4640 εἰς
1634 4581 1820 4647 χεῖρας

1927 4584 2226 4643 gentcrque
2279 4583 2504 4630 curatus
2569 4593 2690 4631 cum
2735 4581 3040 4634 Alexandro
3075 4582 3255 4638 foedus
3305 4593 3358 4638 et
3403 4601 3497 4639 sn-

227 4674 399 4725 ἐλθὼν
425 4671 805 4740 Ἀλεξάνδρου,
839 4671 1067 4732 πολλούς
1094 4688 1153 4722 τε
1182 4671 1288 4721 τῶν
1313 4671 1488 4722 Ἱνδὼν
1519 4670 1816 4738 ζημιωθεὶς

227 4769 321 4815 καὶ
349 4763 589 4828 τρωθεὶς
615 4762 705 4812 τὸν
736 4759 980 4826 ἀγκῶνα,
1011 4761 1107 4812 σὺν
1134 4759 1209 4827 τῷ
1240 4759 1491 4824 ἐλέφαντι
1523 4761 1814 4820 κατέπεσε,

230 4855 435 4922 πολλῆς
479 4869 538 4905 τε
586 4851 883 4920 θεραπείας
929 4850 1108 4919 τυχὼν
1153 4850 1438 4919 σύμμαχος
1470 4851 1814 4920 Ἀλεξάνδρου

229 4946 476 5012 γέγονεν.
508 4944 747 4996 Ἐκεὶθὲν
775 4959 831 4996 τε
863 4943 1053 5004 διαϐὰς
1083 4945 1162 5005 είς
1192 4943 1259 4994 τὰ
1289 4943 1476 5012 πρόσω
1505 4946 1602 5012 τῆς
1625 4943 1813 5005 Ἰνδίας

232 5041 376 5106 μέρη
422 5038 520 5098 καξι
557 5037 657 5104 τὴν
702 5033 978 5102 βασιλείαν
1021 5034 1310 5102 Κανδάκης
1350 5035 1445 5102 τῆς
1489 5036 1682 5105 χήρας,
1725 5035 1812 5087 ὑπ’

231 5132 400 5196 ait-7;;
429 5127 741 5196 συνελήφθη
765 5128 949 5197 τρόπῳ
973 5127 1180 5195 τοιῷδεο
1206 5127 1364 5189 Ἐθος
1393 5123 1459 5196 ἦν
1485 5126 1818 5197 Ἀλεξάνδρῳ

231 5222 556 5275 ἀλλάσσοντι
582 5220 642 5270 τὸ
670 5217 948 5285 βασιλικὸν
976 5220 1162 5288 σχῆμα
1189 5218 1288 5281 τὰς
1322 5217 1617 5289 πρεσϐείας
1651 5223 1820 5270 ποιεῖ-

237 5312 357 5363 σθαι
391 5311 510 5378 ἃμα
537 5311 648 5370 τοῖς
681 5308 828 5370 ἰδίοις
861 5309 1128 5378 ὲξάρχοις,
1161 5311 1256 5362 καὶ
1287 5309 1724 5377 καταμανθάνειν
1751 5310 1817 5362 τὰ

235 5403 345 5471 εῶη
379 5405 474 5454 καὶ
501 5401 600 5470 ἔθη
631 5400 724 5453 καὶ
751 5400 984 5469 τρόπους
1010 5401 1119 5454 τῶν
1149 5403 1206 5454 ὲν
1230 5404 1349 5464 ταῖς
1379 5401 1582 5472 χώραις
1612 5400 1815 5471 βαρϐά-

238 5494 570 5562 ρων.”οπερ
612 5493 893 5546 ἀκούσασα
936 5496 969 5562 ἡ
1014 5493 1295 5562 Κανδάκη,
1341 5494 1433 5546 καὶ
1476 5496 1677 5561 σημεῖα
1721 5494 1812 5544 τού

239 5585 530 5653 προσώπου
581 5585 842 5647 λαϐοῦσα,
890 5587 1144 5654 συνέσχεν
1188 5586 1351 5637 αὑτὸν
1398 5585 1454 5636 ἐν
1499 5587 1608 5646 τοῖς
1662 5584 1814 5652 βασι-

237 5677 421 5736 λείοις,
468 5676 565 5728 καὶ
608 5669 781 5726 εἷπεψ
821 5674 1134 5741 Ἀλέξανδρε
1187 5675 1428 5742 βασιλεύ,
1475 5675 1564 5726 τὸν
1613 5677 1815 5743 κόσμον

237 5768 573 5836 παρέλαϐες,
609 5767 703 5819 καὶ
731 5768 865 5834 γυνή
903 5783 959 5819 σε
990 5768 1312 5836 ἐκράτησεν.
1350 5767 1408 5819 Ὀ
1438 5768 1491 5820 δὲ
1529 5770 1811 5820 καταπλα-

239 5863 351 5925 τιίς
396 5860 490 5911 ἐπὶ
531 5862 596 5930 τῇ
639 5859 841 5929 ταύτης
887 5860 1146 5929 φρονήσει
1194 5860 1418 5929 εἰρήνην
1465 5861 1599 5930 πρὸς
1649 5862 1816 5931 αὐτὴν

1920 4667 2170 4718 cietatem
2198 4668 2416 4735 pepigit.
2445 4669 2599 4736 267
2630 4671 2930 4725 Alexander
2953 4673 3007 4725 in
3038 4674 3348 4730 ulteriorem
3373 4692 3500 4746 pro-

1923 4774 2141 4821 gressus
2178 4759 2384 4812 Indiam
2435 4773 2482 4812 et
2526 4778 2748 4829 regnum
2795 4763 3064 4818 Candaca!
3108 4766 3300 4827 vidua»,
3333 4769 3394 4821 aL
3431 4783 3496 4821 ea

1927 4857 2010 4901 est
2069 4849 2172 4902 hoc
2224 4857 2381 4917 pacto
2434 4860 2651 4918 captus.
2737 4850 2851 4905 Mos
2907 4863 3021 4906 erat
3077 4855 3387 4908 Alexandro
3438 4867 3498 4910 ut

1933 4941 2082 5010 regio
2117 4940 2306 4995 habitu
2365 4951 2574 4995 mutato
2614 4946 3093 5012 cum-proceribus
3127 4948 3242 5014 ipse
3270 4949 3494 5019 legatio-

1931 5047 2026 5086 nes
2059 5032 2259 5094 obiret,
2304 5035 2490 5102 sicque
2519 5033 2743 5098 formas,
2778 5038 3205 5092 consuetudines
3231 5047 3283 5092 et
3312 5055 3496 5095 mores

1926 5124 2282 5178 barbarorum
2346 5126 2398 5178 in
2443 5127 2758 5193 regionibus
2817 5127 3062 5198 ipsorum
3115 5139 3495 5198 cognosceret.

1929 5216 1986 5269 ld
2051 5232 2174 5270 cum
2211 5217 2513 5270 audivisset
2562 5217 2815 5273 (Jandace
2856 5235 2918 5274 ac
2967 5230 3126 5274 notas
3161 5221 3317 5276 faciei
3375 5222 3496 5289 eius

1933 5310 2302 5377 concepisset,
2349 5311 2401 5360 in
2442 5325 2538 5363 sua
2596 5325 2719 5363 eum
2764 5313 2931 5380 regia,
2959 5312 3211 5373 detinuit,
3254 5314 3443 5368 dicens
3481 5332 3493 5366 :

1929 5398 1972 5454 0
2006 5416 2094 5454 rex
2144 5399 2472 5464 Alexander,
2527 5411 2583 5453 tu
2635 5403 2920 5465 mundum,
2971 5411 3023 5455 te
3071 5405 3265 5457 mulier
3322 5404 3488 5471 cepit.

1931 5491 2060 5561 Ejus
2099 5491 2754 5561 prudentiamadmiratus
2790 5495 3096 5548 Alexander
3119 5509 3306 5563 pacem
3341 5509 3492 5547 com-

1927 5587 2127 5653 posuit,
2185 5593 2236 5637 et
2297 5599 2458 5638 omne
2541 5584 2868 5637 malelicium
2924 5587 2988 5638 ab
3037 5587 3212 5654 ipsius
3257 5587 3495 5640 dictione

1928 5673 2214 5728 abstinuit.
2249 5675 2378 5728 Inde
2413 5677 2478 5729 ad
2531 5674 2754 5737 Phasin,
2803 5676 2980 5730 Gades
3039 5689 3091 5732 et
3154 5678 3496 5731 Britannicas

1927 5777 2118 5835 gentes
2162 5769 2428 5836 pervenit,
2499 5771 2841 5838 navibusque
2913 5771 3058 5823 mille
3107 5771 3311 5836 paratis
3375 5771 3493 5838 ipse

1927 5861 2174 5914 dextram
2223 5860 2390 5913 lndici
2447 5859 2592 5913 ﬂuvii
2648 5872 2850 5928 partem
2907 5863 3198 5930 nav‘gavit,
3268 5862 3491 5916 sinistra
